3970 6368
586 299 684 360 705
697 304 701 308 ’

1037 300 1240 358 BEDIE
1282 295 1724 354 VENERADILIS
1759 293 1912 349 OPP.
1952 290 2126 348 PARS
2160 290 2224 348 ll.
2264 290 2456 349 SECT.
2491 291 2553 348 11.
2580 320 2645 332 -
2688 288 2892 345 DUBIA
2936 285 3019 343 ET
3057 285 3324 343 SPURIA.

3713 287 3808 346 704

581 415 648 468 ad
678 406 822 469 illum
853 412 1073 476 fontem,
1099 415 1184 467 ubi
1217 414 1310 466 hoc
1350 410 1559 463 mortale
1586 409 1762 462 induat
1787 407 2143 460 immortalita-
2175 407 2227 465 Α
2251 407 2342 460 sed
2367 405 2548 471 e/fudi,
2573 406 2693 472 quia
2723 419 2844 458 vere
2872 404 3172 476 perveniam
3202 403 3266 476 ad
3295 416 3538 476 magnam
3558 401 3804 472 gloriam;

583 495 704 548 tem,
731 494 776 537 et
801 485 1125 552 corruptibile
1145 484 1596 549 incorruptionem.
1627 479 1834 552 'l'itulus
1868 485 2042 552 autem
2069 477 2145 530 sic

589 547 872 620 exponitur
904 573 914 606 :
951 547 1189 608 l'salmus
1240 555 1335 606 iste
1358 547 1365 549 “
1391 553 1611 604 refertur
1641 549 1704 601 ad
1753 549 1939 620 linem,
1965 547 2012 600 id
2042 555 2142 620 est,

593 616 978 687 ad'Christuui,
1010 625 1159 690 cujus
1188 639 1287 676 vox
1334 631 1444 683 est;
1474 629 1712 674 cantatus
1754 618 1874 690 (iliis
1903 616 2145 690 Core,_id

592 703 700 757 est,
733 695 980 746 imitatori
1012 688 1214 748 scilicet
1243 692 1499 760 passionis
1542 690 1704 757 ipsius
1734 689 1958 760 Christi;
1989 688 2038 738 in
2069 688 2148 760 iu-

594 765 882 827 tellectum,
915 764 964 816 id
1011 775 1116 823 est,
1148 775 1206 817 ut
1246 757 1609 827 intelligerent
1649 758 1787 828 quod
1835 766 1918 810 est
1965 757 2152 828 intelli-

543 891 546 894 _
591 835 840 900 gendum,
871 843 1069 900 quanto
1099 833 1300 887 scilicet
1331 830 1597 884 desiderio
1638 827 1690 881 et
1719 838 1914 900 quanto
1959 827 2152 900 ardore

592 897 655 956 ad
688 897 1236 971 fontemintelligendi
1267 901 1585 971 currendum
1617 900 1705 952 sit.
1730 897 1888 971 Nune
1909 897 1970 949 ad
2007 897 2151 971 littef

591 986 702 1025 ram
755 965 1110 1027 accedamus."
1142 974 1253 1025 Vox
1299 981 1381 1026 est
1426 969 1636 1037 capitis,
1687 979 1742 1020 ut
1785 968 2038 1031 diximus,
2088 965 2151 1017 ad

591 1053 822 1094 noSIrain
875 1045 1298 1098 exhortationem
1341 1042 1420 1095 sic
1467 1040 1602 1103 apud
1655 1039 1860 1092 Patrem
1917 1037 2149 1105 agentis:

596 1111 640 1164 0
666 1111 823 1177 Deus,
851 1115 1020 1166 anima
1051 1131 1178 1178 mea,
1215 1114 1260 1166 id
1289 1121 1389 1174 est,
1425 1110 1595 1163 vilitas
1624 1109 1967 1162 humanitatis
2000 1123 2152 1170 mea),

592 1183 844 1234 desiderat
871 1183 936 1236 ad
962 1193 1006 1235 te
1037 1185 1213 1237 venire
1255 1185 1448 1235 fontem
1482 1182 1602 1233 vitae
1627 1190 1682 1233 et
1713 1178 2034 1231 intellectus.
2083 1178 2155 1231 Ita

591 1255 1034 1322 quemadmodum,
1072 1254 1120 1306 id
1151 1265 1250 1318 est,
1279 1263 1476 1322 quanto
1523 1251 1716 1303 ardore
1747 1259 1798 1302 et
1826 1260 2020 1317 quanta
2041 1319 2050 1322 _
2071 1263 2157 1322 ve-

597 1321 813 1376 locitate
841 1339 1012 1376 cervus
1042 1340 1136 1391 per
1168 1319 1628 1388 coiisumptionetn
1677 1328 1983 1384 serpentum
2017 1319 2153 1370 desi-

595 1393 740 1444 derat
773 1396 952 1447 venire
993 1401 1055 1446 ad
1104 1393 1295 1458 fontes,
1337 1408 1438 1445 nou
1488 1391 1822 1458 simpliciter,
1873 1391 1993 1457 quia
2035 1399 2159 1441 sunt

594 1461 766 1516 fontes
805 1464 1019 1530 quidam
1063 1465 1386 1525 deﬁcientes,
1439 1461 1529 1514 sed
1576 1466 1641 1512 ad
1685 1464 1848 1530 fontes
1887 1476 2157 1526 aquarum,

598 1533 687 1585 ubi
736 1534 1022 1599 pleuariam
1073 1535 1406 1587 refectionem
1457 1531 1651 1584 habt-re
1701 1531 1890 1598 possit,
1939 1531 2074 1582 sicut
2106 1539 2162 1582 et

597 1617 698 1671 ego
729 1603 934 1657 habebo
963 1606 1097 1670 apud
1134 1614 1204 1657 te.
1257 1603 1431 1656 Voluit
1476 1601 1720 1671 quiddam
1774 1614 2023 1667 magnum
2078 1601 2160 1652 di-

598 1687 742 1738 cere,
789 1676 880 1726 scd
930 1689 1031 1727 non
1078 1674 1260 1728 habuit
1304 1672 1460 1727 verba
1509 1673 1699 1740 quibus
1751 1685 1842 1737 per
1893 1684 1951 1723 se
1983 1678 2164 1738 posset

2250 492 2371 530 nam
2419 478 2645 529 transibo
2678 489 2844 542 usque
2884 475 2944 524 ad
2976 475 3194 526 domum
3228 473 3344 537 Dei,
3374 473 3456 526 vel
3499 477 3807 537 supercmle-

2251 557 2408 611 stem,
2443 549 2493 599 in
2525 563 2623 613 qua
2673 545 3066 599 immortalitate
3107 554 3157 596 ct
3195 544 3615 610 unpassibilitate
3665 562 3808 599 coro-

2252 618 2460 680 nahor;
2493 618 2572 669 vel
2617 632 2783 680 usque
2809 615 2870 666 ad
2909 615 3215 675 ticali-siam,
3251 631 3368 680 qua:
3398 615 3582 667 domus
3615 615 3704 667 Dei
3733 618 3807 669 di-

2253 688 2422 748 citur,
2472 687 2916 740 constituendam.
2969 687 3116 738 Sicut
3148 686 3290 737 enim
3339 699 3399 738 ev
3458 685 3616 738 latere
3648 688 3804 738 Adam

2255 757 2571 811 dormientis
2615 766 2732 808 nata
2776 767 2856 809 est
2899 756 3021 817 EVa,
3075 755 3145 808 ita
3204 771 3266 807 ex
3325 755 3490 808 latere
3517 755 3710 810 Christi
3761 758 3805 810 in

2255 843 2414 880 cruce
2444 825 2754 880 dormientis
2798 825 3043 880 exierunt
3070 835 3422 885 sai-ramenta,
3483 829 3695 894 sanguis
3722 828 3806 880 sci-

2254 897 2378 950 licet
2400 907 2454 950 et
2497 913 2654 964 aqua,
2680 913 2742 948 ex
2776 897 2964 964 quibus
2992 897 3274 948 constituta
3305 907 3389 948 est
3420 895 3679 951 Ecclesia.
3713 898 3809 964 Ego

2254 967 2372 1019 dico
2403 967 2542 1034 prius
2575 968 2810 1020 existens
2852 967 2901 1019 in
2935 967 3069 1031 loco,
3104 967 3184 1019 vel
3215 966 3432 1019 veniens
3462 968 3512 1018 in
3543 969 3709 1019 locum
3740 977 3808 1020 ta-

2255 1037 2533 1104 bernaculi,
2566 1039 2614 1090 id
2646 1049 2747 1102 εει,
2780 1037 2829 1090 in
2861 1037 3286 1090 observationem
3334 1036 3579 1104 legalium
3615 1040 3810 1090 institu-

2258 1117 2429 1160 torum
2455 1126 2468 1170 ;
2499 1109 2642 1172 prius
2672 1109 2812 1161 enim
2846 1109 3031 1177 legalia
3067 1106 3340 1174 persolvit,
3370 1108 3490 1174 quia
3517 1118 3571 1161 et
3599 1108 3812 1161 circumo

2231 1178 2400 1234 .cisus
2429 1188 2527 1253 est,
2559 1189 2612 1253 et
2657 1178 2708 1231 in
2745 1180 2940 1253 templo
2974 1186 3400 1253 repraesentatus,
3436 1189 3485 1230 et
3518 1180 3812 1253 purificatns

2257 1250 2549 1301 secundum
2597 1251 2784 1317 legem.
2819 1249 3076 1314 Quoniam
3129 1264 3232 1298 non
3283 1248 3446 1314 legem
3498 1252 3710 1303 solvere
3739 1266 3810 1301 ve-

2260 1330 2438 1383 nerat,
2491 1318 2587 1372 sed
2634 1320 2953 1385 adimplere,
3000 1318 3190 1371 deinde
3236 1319 3536 1384 spiritualia
3583 1322 3811 1373 contulit.

2265 1388 2516 1442 Dicuntur
2546 1400 2720 1442 autem
2751 1390 2939 1458 legalia
2971 1389 3208 1440 instituta
3243 1388 3664 1448 tabernaculum.
3697 1396 3804 1459 quia

2261 1460 2399 1512 sicut
2427 1461 2760 1513 tabernacula
2795 1475 2896 1512 non
2930 1463 3214 1522 mansoria,
3244 1459 3338 1510 sed
3371 1460 3434 1510 ad
3467 1469 3679 1525 tempus
3710 1473 3810 1512 tau-

2265 1537 2372 1582 tum
2407 1533 2574 1597 posita
2628 1529 2857 1584 fuerunt.
2891 1529 3259 1583 Ecclesiastica
3289 1543 3413 1582 vero
3443 1529 3684 1582 instituta
3729 1534 3810 1582 do-

2265 1615 2383 1652 mus
2429 1603 2696 1666 dicuntur,
2744 1603 2862 1666 quia
2913 1600 3102 1652 domus
3148 1601 3408 1652 mansoria
3445 1599 3702 1652 habitatio
3727 1612 3813 1661 est,

2265 1681 2320 1722 et
2346 1672 2453 1738 ipsa
2487 1687 2693 1739 quoque
2722 1683 2842 1724 sunt
2893 1671 3180 1733 manentia,
3231 1669 3540 1722 tabernaculi
3585 1671 3706 1724 dico
3739 1671 3814 1723 ad-

598 1741 828 1819 edicere.
875 1753 928 1796 et
971 1745 1087 1819 ideo
1134 1745 1200 1798 ad
1253 1745 1390 1819 hanc
1437 1739 1833 1819 similitudinem
1884 1742 2160 1819 decervo
2195 1741 2531 1819 Bmirabilis,
2583 1743 3021 1819 nounsecundum
3072 1755 3151 1806 se,
3201 1739 3294 1794 sed
3341 1751 3554 1808 propter
3602 1742 3687 1794 illa
3717 1756 3815 1810 qua:

597 1814 816 1866 Contulit
845 1828 920 1866 se.
979 1815 1042 1868 Et
1087 1825 1333 1874 notantur
1364 1814 1467 1863 duo
1501 1813 1583 1864 hic
1634 1816 1682 1862 iu
1715 1826 1894 1875 cervo,
1945 1811 2156 1864 deside-

598 1882 734 1934 rium
768 1883 1010 1939 videlicet
1055 1894 1108 1936 et
1137 1885 1408 1938 velocitas.
1441 1883 1557 1948 Quo
1587 1881 1744 1934 modo
1789 1891 1964 1935 autem
2014 1881 2159 1934 desi-

601 1951 751 2004 derat
793 1955 892 2007 iste
923 1954 1104 2008 venire
1131 1956 1195 2007 ad
1227 1955 1388 2008 Deum
1422 1953 1653 2017 Patrem,
1689 1967 1716 2003 a
1749 1966 1858 2017 quo
1888 1967 2155 2019 nunquam

594 2021 870 2076 discedere
901 2024 1108 2089 potuit?
1149 2026 1284 2079 Deus
1331 2023 1472 2075 enini
1525 2033 1639 2074 erat
1689 2022 1737 2073 iu
1766 2021 1980 2074 Christo
2009 2037 2158 2074 uiuu-

597 2091 724 2144 dum
754 2093 853 2145 Sibi
886 2095 1251 2148 reconcilians.
1293 2093 1398 2148 Sed
1435 2093 1533 2146 hoc
1561 2094 1686 2144 dicit
1715 2093 2004 2144 secundum
2039 2108 2154 2144 nos.

597 2162 838 2228 Quandiu
871 2166 1008 2216 enim
1061 2165 1112 2217 in
1151 2165 1246 2218 hac
1291 2174 1469 2218 nostra
1523 2162 1831 2215 infirmitate
1863 2163 1976 2224 fuit,
2011 2164 2159 2216 vide-

596 2231 752 2286 batur
783 2247 1015 2287 remotus
1043 2251 1072 2288 a
1105 2236 1243 2299 Deo;
1292 2245 1567 2302 pustquatn
1599 2248 1725 2285 vero
1782 2234 2157 2285 immortalita-

596 2311 723 2372 tem,
767 2302 1218 2372 incorruptionem
1268 2307 1478 2359 indutus
1526 2313 1628 2372 est,
1663 2314 1784 2356 tunc
1835 2308 2062 2370 primum
2093 2303 2157 2356 ad

597 2369 762 2427 Deum
794 2369 1056 2440 pertinere
1082 2377 1224 2430 visus
1251 2386 1350 2430 est.

705 2444 875 2497 Sitivit
901 2447 1074 2500 animo
1102 2464 1229 2500 mea.
1284 2447 1492 2513 Repetit
1541 2445 1679 2497 idem
1708 2442 1848 2513 quod
1880 2441 2011 2496 dixit
2043 2460 2160 2512 gra-

598 2511 830 2586 vioribus
880 2518 1071 2582 verbis,
1124 2518 1275 2586 quasi
1320 2511 1461 2570 dicat
1496 2533 1507 2566 :
1545 2516 1667 2569 ideo
1709 2511 1871 2586 dico,
1916 2513 2160 2586 Domine,

597 2583 826 2637 animam
876 2602 1046 2641 meam
1096 2583 1160 2641 ad
1215 2598 1264 2640 te.
1314 2587 1637 2650 desiderare,
1669 2584 1790 2652 quia
1837 2583 2010 2635 anima
2056 2602 2164 2638 mea

596 2653 769 2725 sitivit,
803 2659 853 2708 in
885 2667 985 2721 est,
1019 2658 1104 2710 siti
1137 2658 1310 2725 magni
1341 2657 1592 2710 desiderii
1622 2661 1821 2709 exarsit
1863 2655 1926 2706 ad
1963 2664 2012 2707 te
2044 2670 2164 2724 per-

601 2722 820 2793 tingere,
855 2726 921 2778 ad
953 2737 1001 2780 te
1029 2728 1190 2780 Deum
1217 2722 1497 2782 videndum
1528 2737 1580 2778 et
1615 2725 2015 2792 intelligendum
2036 2722 2058 2790 ;“
2087 2735 2160 2793 ιε,

597 2791 738 2858 die",
769 2800 981 2863 fontem,
1024 2801 1143 2864 quia
1176 2799 1415 2852 devicisu
1466 2809 1690 2850 mortem
1744 2791 2018 2860 uestram;
2051 2804 2106 2849 et
2134 2791 2160 2848 a

599 2877 704 2928 quo
737 2865 865 2918 mihi
894 2877 947 2920 et
979 2871 1112 2922 meis
1140 2880 1218 2921 est
1249 2867 1421 2921 omnis
1467 2866 1723 2920 fortitudo
1773 2876 1972 2928 nostra,
2004 2880 2057 2919 et.
2086 2869 2161 2920 vi-

597 2946 734 3008 vum,
763 2937 883 3001 quia
920 2952 949 2990 a
974 2947 1029 3008 te
1059 2947 1139 2992 est
1165 2940 1268 2991 vita
1301 2939 1427 2991 mihi
1463 2949 1515 2992 et
1542 2939 1692 2992 meis.
1729 2936 1870 2990 Sicut
1909 2938 2043 2988 enim
2073 2955 2163 3008 ego

601 3004 706 3054 viro
741 3015 942 3075 prapter
963 3007 1190 3073 Patrem,
1221 3011 1290 3062 ita
1318 3011 1478 3061 omnis
1500 3010 1586 3075 qui
1623 3008 1892 3060 manducat
1930 3024 2006 3060 me
2047 3004 2162 3062 vivit

602 3087 807 3143 propter
852 3094 945 3130 ine.
981 3081 1152 3146 Quare
1200 3089 1376 3134 autem
1425 3079 1628 3132 sitivit?
1672 3079 1814 3141 Ideo,
1847 3078 2075 3142 scilicet,
2109 3089 2162 3133 ut

605 3147 812 3218 _v_eniam
845 3160 896 3200 et
919 3164 1203 3218 appaream
1236 3163 1356 3203 ante
1388 3150 1574 3204 faciem
1607 3157 1767 3211 tuam,
1791 3150 1878 3216 qui
1913 3164 1972 3201 es
2004 3149 2160 3204 Deus.

604 3214 670 3268 Et
703 3231 767 3269 ex
799 3214 966 3271 nimia
993 3214 1274 3274 affectione
1327 3221 1452 3274 dicit
1486 3236 1496 3270 :
1535 3220 1598 3273 Et
1627 3214 1835 3287 quando
1897 3221 2088 3272 veniant
2120 3231 2168 3274 et

607 3288 861 3354 apparebo
903 3300 1022 3343 ante
1045 3293 1226 3359 [aciem
1275 3302 1438 3343 tuam.
1469 3291 1768 3344 Constituto
1797 3289 2000 3342 scdicet
2032 3301 2166 3344 lem-

607 3369 734 3424 pore
769 3362 998 3427 veniam,
1028 3365 1146 3430 quia
1184 3361 1414 3430 perfecta
1466 3360 1761 3416 obedientia
1792 3363 2165 3426 conscendam,

605 3430 927 3482 teternahter
980 3446 1222 3485 sessurus
1273 3432 1338 3484 ad
1367 3434 1605 3485 dextram
1663 3443 1824 3483 tuam.
1881 3430 1988 3483 Non
2027 3435 2168 3485 enim

609 3506 691 3550 est
719 3496 802 3550 hic
835 3516 933 3552 vox
978 3503 1290 3565 dllilllallli~‘,
1323 3503 1415 3555 sed
1461 3502 1835 3556 desiderantis.
1876 3501 2026 3566 Quod
2072 3517 2166 3554 au-

607 3574 712 3645 tem
743 3567 909 3645 dicit;
930 3570 1159 3645 _Ven_ium
1181 3583 1224 3645 et
1245 3575 1522 3645 apparebo,
1557 3575 1681 3625 item
1710 3588 1774 3624 ex
1807 3580 1985 3645 nostra
2018 3572 2168 3645 infir-

606 3639 792 3690 mitate
840 3639 986 3692 dicit.
1040 3639 1481 3696 Duininus'enim
1535 3643 1849 3696 immortalis
1877 3655 1956 3693 εει
1981 3651 2034 3695 ει
2065 3644 2168 3694 iiii-

607 3707 890 3784 passibilis.
917 3712 1256 3784 _Quapr0pter
1285 3714 1408 3765 illud
1439 3713 1606 3765 solum
1637 3713 1795 3781 digne
1824 3711 2016 3784 dicitur
2045 3721 2170 3768 ante

606 3781 778 3856 ipsum
810 3781 1177 3856 venire,_quod
1213 3784 1510 3834 immortale
1537 3793 1590 3856 et
1621 3783 1956 3856 ittipassibile
1976 3792 2075 3835 est.

681 3844 911 3900 Fuerunt
933 3844 1317 3920 milii-lacrimula
1341 3869 1480 3907 metr.
1510 3853 1667 3918 Quasi
1697 3844 1838 3906 dicat
1871 3869 1883 3904 :
1920 3851 2054 3905 Vere
2081 3868 2166 3906 ve-

605 3914 742 3967 niant
779 3929 824 3969 et
838 3921 1102 3990 apparebo
1125 3914 1242 3976 ante
1272 3925 1454 3990 facient
1485 3914 1597 3983 Dei,
1630 3924 1747 3990 quia
1783 3938 1874 3989 pro
1905 3923 2170 3978 desiderio

601 3989 846 4064 veniendi
889 3990 1041 4055 illud,
1071 3989 1311 4062 lacryma:
1351 4008 1491 4054 mete,
1525 3993 1574 4044 id
1602 3989 1703 4054 est,
1737 3994 1980 4064 humana:
2013 3995 2169 4047 inise~

605 4063 718 4120 me,
759 4074 853 4131 pro
888 4064 1112 4127 quibus,
1162 4064 1282 4129 quia
1329 4073 1636 4129 exspectato
1684 4078 1779 4114 suo
1809 4063 2168 4131 contigerunt,

607 4141 819 4206 semper
842 4130 1147 4206 hominibus
1164 4133 1395 4187 ﬂendum
1419 4143 1518 4187 est.
1542 4135 1690 4196 Mem,
1717 4135 1764 4206 id
1791 4143 1890 4195 est.
1918 4149 2048 4200 quas
2071 4130 2170 4203 ego

610 4202 989 4275 inisericordizc
1020 4204 1300 4258 aitet-tione
1332 4208 1380 4257 in
1415 4221 1498 4258 me
1526 4205 1755 4268 suscepi,
1785 4216 1839 4256 ut
1871 4219 1964 4272 per
1993 4202 2164 4260 meam

608 4271 896 4333 miseriam,
931 4274 1035 4326 imo
1064 4291 1158 4343 per
1188 4293 1358 4329 meam
1410 4277 1826 4328 misrricordiam
1868 4271 2170 4329 destruatur

605 4351 789 4393 eorum
819 4343 1055 4415 miseria.
1091 4347 1218 4408 Illae,
1253 4348 1486 4415 inquam,
1519 4347 1758 4414 tacrymw
1800 4346 2003 4414 fuerunt
2045 4346 2169 4398 mihi

604 4423 779 4476 panes,
817 4413 865 4464 id
897 4426 999 4476 cst,
1035 4413 1338 4478 refectioni,
1364 4432 1467 4470 nou
1497 4413 1814 4479 defectioni;
1855 4427 1910 4469 et
1955 4417 2167 4470 luerunt

2269 1825 2361 1878 per
2397 1813 2521 1865 illud
2551 1812 2964 1879 significabatur.

2335 1881 2399 1934 In
2427 1899 2544 1934 voce
2581 1883 2930 1935 exsultationis
2956 1890 3003 1934 et
3035 1881 3384 1948 confessionis.
3427 1880 3556 1934 Dico
3588 1881 3814 1943 transibo,

2263 1954 2366 2005 hoc
2402 1965 2575 2006 autem
2614 1969 2718 2005 non
2761 1953 2862 2005 erit
2891 1966 2956 2006 ex
2987 1951 3224 2012 tristitia,
3257 1953 3337 2004 vel
3383 1953 3684 2015 coactione,
3711 1968 3812 2019 quia

2265 2039 2410 2075 nemo
2451 2022 2583 2076 tollit
2624 2039 2655 2075 a
2695 2039 2772 2074 me
2814 2025 3035 2075 animum
3077 2037 3260 2084 meam,
3303 2022 3392 2074 sed
3422 2037 3511 2091 ego
3540 2039 3679 2089 pono
3703 2039 3814 2074 eain

2266 2093 2330 2146 Et
2359 2094 2480 2162 quia
2515 2101 2828 2158 potestatem
2876 2094 3044 2146 habeo
3086 2091 3312 2159 ponendi
3358 2096 3590 2145 animam
3645 2109 3814 2154 meatu,

2264 2179 2368 2217 non
2401 2180 2465 2216 ex
2523 2163 2755 2225 tristitia,
2786 2163 2870 2217 vel
2913 2164 3212 2224 coactioue,
3262 2177 3400 2227 pono
3445 2178 3588 2227 eam,
3638 2165 3723 2216 sed
3764 2180 3816 2216 ex

2267 2234 2532 2287 hilaritate
2571 2233 2691 2298 erit,
2719 2245 2771 2287 et
2801 2233 3086 2296 voluntate,
3122 2235 3244 2301 quia
3273 2233 3358 2286 hic
3387 2237 3648 2288 transitus
3674 2237 3752 2286 fiet
3773 2236 3814 2285 in

2262 2321 2379 2358 voce
2415 2306 2764 2357 exsultationis
2798 2315 2842 2356 et
2875 2306 3226 2372 confessionis,
3272 2305 3322 2356 id
3371 2313 3470 2366 est,
3512 2305 3818 2357 exsultativie

2265 2375 2618 2429 confessionis
2648 2385 2700 2428 et
2724 2375 3039 2428 laudationis
3068 2385 3246 2439 tautae,
3274 2385 3486 2441 quantae
3515 2376 3814 2428 exsultatio-

2266 2447 2349 2498 nis
2375 2456 2428 2498 et
2457 2445 2775 2499 laudatioais
2801 2456 2883 2498 est
2912 2461 3066 2499 sonus
3095 2444 3431 2514 epulantium.
3490 2445 3678 2499 Solent
3701 2449 3815 2498 enim

2265 2517 2405 2583 apud
2457 2517 2714 2582 quosdam
2761 2516 3044 2584 epulantes
3109 2515 3426 2569 exsultativa
3472 2517 3744 2584 proferre,
3777 2527 3818 2572 et

2267 2587 2529 2651 hoSpitem
2559 2587 2792 2641 laudare.

2341 2658 2512 2721 Quare
2540 2659 2697 2710 tristis
2727 2673 2796 2721 es,
2824 2659 2995 2710 anima
3021 2657 3168 2710 utea?
3195 2656 3355 2724 Quasi
3383 2656 3525 2711 dicat
3554 2674 3566 2708 :
3599 2657 3820 2724 Quando-

2267 2728 2478 2796 quidem
2503 2728 2567 2781 ad
2583 2739 2778 2782 tantam
2797 2730 3018 2797 gloriam
3033 2739 3250 2780 ventura
3273 2742 3352 2791 es,
3368 2730 3541 2782 anima
3561 2745 3690 2787 mea,
3705 2727 3819 2795 quod

2268 2813 2361 2868 per
2393 2808 2441 2850 te
2469 2798 2660 2851 domus
2701 2798 2790 2851 Dei
2833 2799 3199 2861 constituetur,
3227 2814 3387 2868 quare
3428 2815 3554 2867 ergo
3593 2803 3819 2858 estristis,

2269 2880 2325 2922 ut
2352 2869 2565 2934 videris,
2596 2879 2645 2922 et
2683 2885 2840 2938 quare
2881 2869 3150 2922 conturbas
3200 2886 3294 2922 me.
3343 2871 3417 2923 Ac
3468 2887 3512 2923 SI
3559 2871 3819 2923 dieat:.-\d

2268 2955 2512 3008 magnam
2550 2940 2828 2993 utilitatem
2870 2957 3106 2994 meorum
3149 2941 3248 2992 hoc
3284 2943 3360 2993 fit.
3410 2940 3545 2995 Vere
3574 2945 3712 2994 enini
3741 2943 3818 2992 tri-

2267 3011 2366 3064 stis
2411 3010 2527 3075 fuit,
2571 3012 2690 3078 quia
2732 3011 2854 3064 dicit
2897 3011 2948 3064 in
2999 3013 3282 3076 Evangelio
3316 3009 3540 3063 :Tristis
3565 3022 3639 3064 est
3677 3014 3820 3063 anima

2193 3111 2238 3173 c
2270 3081 3270 3173 93‘??-.‘.“?.'.‘?--."“.33195}???I’Ef'lll.”_i.“
3299 3096 3362 3173 99
3388 3083 3716 3173 Ῑίὲίυῗῖἷυῗὲτ
3746 3083 3819 3173 ξιξιὲ

2273 3161 2448 3206 tamen
2490 3151 2628 3204 illam
2670 3153 2934 3205 tristitiam
2966 3166 3070 3204 non
3099 3168 3161 3204 ex
3193 3166 3273 3209 se.
3301 3151 3352 3204 id
3382 3163 3484 3218 est,
3523 3169 3628 3206 non
3662 3155 3821 3206 timore

2271 3223 2478 3286 tnortis,
2515 3223 2717 3285 habuit,
2747 3223 2839 3277 sed
2875 3224 3235 3276 infirmitatem
3288 3227 3654 3276 membrorum
3698 3225 3743 3276 in
3777 3238 3822 3275 se

2271 3293 2634 3359 transformat,
2665 3294 2730 3346 de
2760 3293 2949 3362 quibus
2987 3293 3186 3346 dictum
3217 3303 3297 3347 est
3327 3310 3339 3345 :
3376 3294 3602 3363 Spiritus
3646 3296 3820 3362 quidem

2268 3374 2532 3435 promptus
2551 3375 2644 3430 est,
2671 3379 2789 3417 caro
2811 3375 2980 3417 autem
3008 3365 3234 3432 inﬁrma,
3265 3373 3323 3417 ut
3353 3379 3448 3418 eos
3476 3369 3820 3418 consolaretur

2268 3446 2322 3488 et
2369 3438 2736 3488 exhortaretur
2783 3450 2851 3489 ne
2893 3436 3260 3504 desperarent,
3301 3435 3512 3490 etiamsi
3573 3438 3734 3491 titnidi
3769 3436 3820 3487 ad

2269 3514 2492 3558 mortem
2517 3507 2850 3560 accederent.

2342 3575 2506 3643 Spera
2537 3576 2591 3628 in
2615 3575 2740 3629 Deo.
2791 3576 2904 3630 Noli
2953 3575 3168 3645 quidem
3217 3578 3547 3643 contristari,
3580 3578 3686 3632 noli
3729 3589 3819 3632 tur-

2270 3647 2405 3703 bari.
2435 3646 2527 3699 sed
2559 3662 2709 3713 spera
2739 3647 2790 3700 in
2823 3646 3068 3700 Domino.
3119 3649 3309 3713 Spera,
3342 3651 3568 3712 scilicet,
3597 3649 3816 3703 ell'ectum

2270 3716 2380 3769 dari
2411 3716 2536 3768 illud
2565 3729 2776 3783 propter
2802 3716 2942 3785 quod
2974 3729 3026 3771 te
3051 3720 3216 3771 voluit
3240 3735 3268 3770 a
3303 3720 3476 3772 Verbo
3502 3736 3600 3774 suo
3628 3719 3820 3774 as~utni.

2273 3786 2422 3840 Unde
2451 3788 2574 3840 alibi
2604 3787 2799 3841 dicitur
2833 3805 2845 3839 :
2877 3787 2941 3841 Ut
2971 3800 3277 3857 cognoscant
3311 3800 3355 3842 te
3384 3788 3546 3842 Deum
3577 3807 3761 3856 verum,
3787 3799 3821 3840 ct

2269 3873 2414 3926 quem
2439 3859 2613 3910 misisti
2635 3857 2812 3910 .lesunt
2834 3858 3118 3921 Christum;
3146 3869 3199 3913 et
3225 3859 3352 3913 item
3377 3877 3390 3914 :
3419 3859 3486 3914 Ut
3511 3862 3822 3914 testimonium

2270 3927 2558 4000 per/ribcant
2599 3930 2814 3982 veritati.
2862 3930 2984 3983 llacc
3029 3931 3173 3983 enim
3203 3941 3324 3984 sunt
3365 3942 3583 4000 propter
3609 3949 3722 3999 qua:
3750 3948 3820 3984 ve-

2272 4001 2365 4050 nit.
2395 3998 2544 4065 Quod
2573 4000 2976 4068 a'quipollenter
3003 4001 3192 4065 innuit,
3226 4017 3346 4056 cum
3367 3998 3504 4056 dicit
3545 4021 3556 4055 :
3593 3998 3712 4055 Ideo
3746 4006 3820 4055 de-

2271 4068 2364 4122 bes
2411 4084 2624 4139 sperare
2670 4073 2720 4122 iii
2751 4071 2990 4133 Domino,
3041 4074 3290 4139 quoniam
3335 4083 3390 4126 et
3432 4077 3476 4126 si
3531 4075 3689 4126 modo
3737 4088 3821 4123 non

2270 4143 2528 4213 confiteor
2554 4138 2748 4206 adhuc,
2781 4151 2955 4194 tamen
2995 4138 3231 4213 futurum
3261 4153 3343 4197 est
3373 4144 3515 4211 quod
3561 4160 3659 4213 ego
3685 4144 3825 4208 Conﬁ-

2272 4211 2410 4262 tebor
2432 4211 2533 4273 illi,
2560 4213 2607 4262 id
2632 4221 2735 4276 est,
2767 4213 2870 4266 late
2899 4212 3288 4266 confessionem
3318 4215 3509 4267 faciam
3539 4211 3668 4269 ei'in
3697 4215 3825 4273 meis,

2273 4281 2666 4335 attendentibus
2712 4291 2766 4335 et
2811 4283 2982 4347 ipsum
3028 4299 3211 4337 verum
3240 4283 3442 4346 Deum,
3478 4295 3534 4339 et
3565 4302 3647 4339 me
3676 4288 3737 4339 ab
3777 4300 3828 4336 co

2271 4351 2513 4414 missum,
2545 4363 2596 4405 et
2622 4352 2919 4407 dicentibus
2947 4354 3015 4407 ita
3049 4369 3062 4405 :
3093 4353 3357 4422 Salutare,
3385 4357 3432 4408 id
3463 4368 3572 4422 est,
3605 4359 3824 4409 Salvator

2279 4423 2538 4485 Christus,
2577 4423 2795 4486 scilicet,
2823 4434 2923 4489 est,
2958 4427 3121 4478 vultus
3151 4425 3266 4489 mei,
3311 4426 3364 4478 id
3395 4435 3498 4489 est,
3557 4429 3712 4480 homo
3739 4436 3824 4488 est,

608 4466 733 4530 imm
766 4466 1138 4565 delectabile—5,—
1156 4466 1690 4565 1.5.."utquam...
1734 4466 1814 4538 δι’
1831 4466 2167 4565 assuage;
2204 4466 2253 4524 Ι)
2279 4466 3364 4565 ιῖἴέιξὸῗί]ἧξιέἶῖιίὐῗὶἶτᾶβὶἶέἶει’ὖῖὲῖι’ξ’
3378 4466 3827 4565 ἔρἷῖρίιῖἱὲᾜὲνῖἆξιὶ

607 4564 710 4600 non
751 4553 1085 4608 amaritudini
1137 4558 1218 4608 die
1258 4573 1316 4608 ac
1359 4553 1522 4622 nocte,
1558 4560 1605 4608 id
1649 4564 1751 4618 est,
1784 4553 2015 4622 assidue,
2047 4559 2171 4611 dum

606 4627 779 4673 lsuucu
811 4640 1051 4692 magnam
1081 4626 1131 4678 in
1165 4628 1239 4680 eis
1273 4629 1680 4680 amaritudinem
1720 4629 1908 4694 patior,
1942 4631 2058 4693 quia
2090 4629 2175 4680 di-

605 4693 736 4768 citur
780 4695 898 4768 milii
945 4699 1193 4762 quotidie,
1230 4699 1281 4749 id
1313 4712 1411 4760 est,
1447 4699 1655 4750 assidue
1687 4701 1748 4747 :id
1777 4710 2169 4763 contemptum.

609 4758 705 4810 ιδω
744 4774 813 4815 est
839 4758 974 4815 Deus
1015 4758 1404 4831 tuus?7Quare,
1437 4770 1579 4832 dicit,
1613 4768 1886 4834 dereliquit
1935 4758 2168 4830 le'Dcus,

609 4845 765 4905 quem
800 4833 1116 4888 familiarem
1151 4839 1240 4889 tibi
1272 4839 1422 4902 facis,
1448 4842 1567 4905 quia
1602 4833 1810 4891 nullum
1842 4839 2050 4892 confert
2079 4840 2172 4892 tibi

603 4903 902 4970 consilium,
939 4910 1016 4958 vel
1048 4910 1340 4961 auxuliuin?

679 4970 802 5024 [Itec
841 4978 1133 5030 recordatus
1171 4995 1302 5032 sum.
1356 4977 1454 5045 Ipsi
1501 4979 1708 5044 quidem
1757 4977 1933 5032 taliter
1963 4995 2046 5032 tne
2076 4980 2170 5034 de-

605 5054 912 5109 slv-ttet‘uut,
965 5064 1062 5113 ego
1103 5061 1278 5102 autem
1331 5065 1433 5101 non
1480 5051 1692 5103 oblitus.
1741 5051 1830 5101 sed
1880 5054 2173 5104 recordatus

605 5128 734 5173 δυηι,
769 5117 818 5167 id
851 5129 951 5182 est,
984 5121 1208 5172 firmiter
1255 5124 1304 5172 iu
1350 5121 1603 5172 memoria
1650 5121 1803 5172 habui
1848 5123 1980 5182 hinc,
2030 5123 2174 5175 scili-

601 5193 704 5242 Cct,
762 5201 864 5239 non
911 5205 1030 5243 esse
1069 5193 1136 5241 ab
1183 5191 1303 5254 illis,
1336 5193 1426 5243 sed
1474 5205 1592 5244 esse
1636 5194 1794 5241 fixum
1825 5203 1876 5242 et
1918 5202 2173 5244 constitu-

601 5261 715 5332 ldum.
744 5260 880 5332 apud
906 5269 976 5325 te,
1011 5275 1094 5312 me
1123 5265 1264 5314 nasci
1301 5271 1354 5312 ut
1384 5263 1504 5312 talia
1537 5273 1772 5326 paterer;
1801 5273 1854 5332 et
1884 5261 2001 5332 ideo
2031 5263 2172 5330 prius

603 5324 715 5388 fudi
747 5324 969 5396 animum
1007 5347 1167 5383 meum
1205 5335 1254 5383 in
1288 5348 1383 5396 me,
1419 5333 1465 5383 id
1496 5324 1597 5393 eat,
1632 5331 1922 5391 humiliaii,
1951 5344 2004 5384 et
2031 5324 2169 5386 atte-

602 5394 758 5447 nuavi
790 5400 1020 5452 animam
1053 5417 1225 5453 meam
1259 5420 1342 5455 me
1372 5394 1540 5469 ipsum
1587 5401 1990 5466 t-Oiisiderando,
2027 5404 2172 5457 scili-

601 5473 705 5540 cet,
732 5473 1052 5522 atteudenilo
1078 5474 1200 5539 quid
1233 5490 1328 5541 ego
1355 5475 1873 5541 creaturaueberem
1904 5475 2164 5537 Creatoii,

605 5547 780 5587 tumor
807 5542 1015 5606 majori,
1066 5557 1248 5596 schiis
1273 5539 1527 5596 'Doiuiuo.
1578 5539 1643 5594 Et
1693 5543 1881 5595 deinde
1911 5544 2087 5609 c/I'udi,
2121 5547 2170 5598 id

601 5614 702 5666 est,
726 5609 945 5661 animam
990 5628 1152 5664 meam
1180 5623 1329 5666 extra
1351 5630 1433 5666 ine
1456 5616 1688 5672 extendi,
1719 5615 1900 5665 altiora
1931 5617 2173 5668 conside-

603 5677 792 5742 ranilu,
821 5684 1183 5750 attendeudo,
1231 5685 1456 5744 scilicet,
1502 5685 1719 5750 gloriam
1770 5687 1994 5737 l'uturam
2044 5688 2172 5741 mihi

600 5758 664 5800 ex
715 5747 951 5818 perfecta
1001 5755 1328 5810 obedientia.
1362 5754 1432 5809 Et
1455 5747 1644 5810 merito
1687 5769 1790 5808 non
1819 5757 1992 5810 solum
2035 5760 2168 5826 ludi,

2277 4577 2564 4636 nostrarum
2586 4561 2862 4636 Dominus;
2897 4561 2998 4634 per
3032 4575 3233 4634 partem
3275 4561 3431 4619 enim
3451 4576 3623 4621 totum
3651 4571 3827 4636 signiti-

2277 4644 2394 4706 cat;
2426 4643 2479 4688 et
2509 4634 2632 4706 item
2663 4650 2676 4685 ς
2704 4634 2928 4703 Spiritus
2957 4649 3027 4687 est
3069 4647 3183 4688 ante
3213 4637 3392 4706 (nciam
3438 4634 3828 4691 nostrane—Ver-

2278 4703 2399 4756 bum
2435 4705 2576 4757 enim
2621 4711 2757 4772 quod
2789 4715 2903 4758 erat
2942 4707 3182 4772 spiritus,
3213 4703 3276 4759 'id
3315 4720 3416 4773 est,
3464 4711 3725 4764 invisibile
3754 4725 3828 4776 per

2276 4786 2608 4842 assumptum
2641 4777 3047 4837 humanitatem,
3080 4779 3232 4831 nobis
3277 4781 3542 4846 apparuit.
3583 4780 3825 4839 Salutarc,

2277 4848 2511 4912 inquam,
2543 4856 2624 4898 est
2659 4847 2826 4898 vultus
2864 4848 2978 4909 mei,
3008 4855 3054 4899 et
3083 4856 3260 4900 tamen
3288 4858 3369 4902 est
3399 4849 3534 4903 Deus
3581 4867 3737 4904 meus.
3767 4853 3828 4900 L‘x

2275 4930 2339 4967 eo
2371 4931 2510 4967 enim
2543 4919 2682 4982 quod
2715 4917 2874 4969 homo
2920 4916 3223 4972 incarnatus
3253 4919 3503 4974 Salvator
3531 4932 3618 4975 est
3647 4938 3660 4975 :
3685 4937 3745 4976 es
3775 4939 3827 4973 co

2276 5000 2402 5038 vero
2427 4986 2564 5053 quod
2593 4986 2844 5051 Verbum,
2881 4987 3018 5042 Deus
3045 4999 3254 5042 creator
3281 5001 3383 5043 est.

2347 5056 2423 5106 Ad
2452 5071 2528 5106 me
2556 5057 2720 5124 ipsum
2749 5061 2920 5110 anima
2950 5075 3075 5112 mea.
3113 5060 3240 5114 Dico
3269 5062 3435 5114 tristis
3463 5071 3520 5115 et
3547 5063 3830 5116 conturbata

2275 5137 2344 5199 est
2391 5125 2562 5199 anima
2604 5141 2736 5178 mea.
2779 5129 2928 5193 Quod
2961 5144 3134 5182 autem
3181 5132 3485 5183 conturbata
3528 5144 3620 5199 est,
3663 5139 3727 5186 ad
3769 5148 3834 5183 me

2274 5196 2439 5263 ipsum
2467 5197 2808 5272 referendum
2839 5209 2939 5272 est.
2969 5203 3126 5265 Quasi
3155 5201 3507 5256 dicatzNemo
3537 5196 3680 5272 putet
3713 5207 3832 5256 haut.

2275 5269 2729 5342 conturbationem
2775 5271 2902 5323 mihi
2941 5285 3276 5324 communem
3314 5286 3435 5325 esse
3469 5269 3590 5326 cuin
3621 5278 3830 5333 caneris,

2278 5339 2484 5413 timore,
2533 5339 2754 5403 scilicet,
2809 5343 3014 5413 mortis,
3044 5345 3184 5410 quod
3236 5357 3333 5410 ego
3368 5347 3679 5411 conturbor,
3723 5345 3829 5413 quia

2277 5407 2389 5460 lucc
2438 5416 2770 5462 conturbatio
2818 5412 2895 5483 ad
2923 5427 3008 5464 me
3059 5407 3228 5478 ipsum
3271 5407 3560 5468 referenda
3591 5407 3689 5480 est,
3723 5407 3830 5483 quia

2276 5495 2379 5531 nou
2409 5495 2470 5532 ex
2504 5484 2778 5535 coactione
2820 5482 2898 5555 vel
2923 5484 3252 5555 necessitate
3290 5495 3493 5537 natura:
3520 5495 3626 5555 est,
3661 5482 3750 5540 sed
3777 5501 3831 5536 ex

2277 5554 2489 5623 propria
2519 5555 2806 5623 voluntate.
2838 5551 3005 5605 Habet
3033 5554 3132 5614 alia
3152 5554 3451 5607 'l‘ranslatio
3482 5574 3494 5607 ε
3522 5554 3589 5608 1η
3609 5551 3684 5612 ius
3712 5560 3831 5623 ipso.

2278 5629 2414 5685 ιιιιυιι
2447 5621 2526 5673 sic
2555 5621 2954 5691 intelligendum
2995 5635 3114 5676 est:
3145 5624 3267 5676 llaec
3316 5628 3655 5681 conturbatio
3682 5621 3761 5680 est
3787 5629 3830 5676 in

2280 5708 2355 5743 me
2395 5693 2524 5758 ipso.
2561 5693 2609 5744 id
2649 5704 2751 5758 est,
2793 5693 2845 5746 in
2888 5709 2990 5757 me,
3027 5711 3130 5747 non
3157 5695 3444 5748 secundum
3480 5701 3720 5761 verbum,
3751 5699 3830 5750 sed

2281 5764 2571 5817 secundum
2613 5765 2714 5819 hoc
2751 5764 2888 5834 quod
2929 5766 3090 5820 homo
3129 5780 3268 5821 sum.
3309 5769 3375 5822 Et
3410 5778 3495 5823 est
3534 5771 3620 5824 hic
3656 5772 3830 5827 eadem
