3970 6368
105 345 235 404 Ἰζ¹5

117 458 331 513 solutio
368 469 488 523 quae
527 456 690 524 prius.
733 453 801 508 Et

115 522 541 584 stantiammilii
563 525 776 588 dedisti,
809 524 1032 588 scilicet,
1066 525 1200 592 quod
1234 540 1380 578 nemo
1406 522 1534 576 tollit
1567 542 1598 576 a
1628 542 1705 583 me

115 601 359 654 animam
389 613 571 661 meam,
595 595 682 648 sed
706 611 796 662 ego
820 611 949 655 pono
981 611 1111 658 eam,
1145 597 1280 661 quod
1308 595 1707 662 aequipollenter

117 670 202 724 sic
234 671 436 723 dictum
485 675 570 720 est
611 681 625 716 :
674 664 953 733 Propterea
994 667 1088 717 has
1134 667 1419 730 gratiarum
1469 675 1707 724 actiones

120 739 222 793 tibi
257 743 510 802 releram,
543 736 680 803 quod
710 751 796 787 ero
824 751 1013 787 memor
1045 736 1116 787 tui
1145 736 1206 786 de
1229 744 1363 787 terra
1383 734 1629 789 Iordanis
1657 747 1707 793 et

123 809 479 870 Hermoniim,
505 823 536 857 a
558 814 724 857 monte
746 805 960 857 modico.
982 805 1071 858 Vel
1095 805 1161 857 ita
1187 815 1358 867 potest
1375 805 1704 862 continuari:

117 882 243 946 Quo
268 878 444 931 fruetu
471 876 768 946 conturbata
789 887 859 927 est
886 875 1056 927 anima
1080 875 1228 928 mea?
1255 877 1538 941 Propterea
1570 879 1707 931 scili-

117 945 231 1010 cet,
267 961 322 1001 ut
372 947 626 1001 memoria
659 945 730 998 tui
764 946 1018 998 habeatur
1067 949 1118 996 iii
1150 955 1373 1011 utroque
1404 947 1619 1013 populo,
1653 959 1708 1003 et

119 1021 464 1082 Judamrum,
516 1017 739 1080 scilicet,
790 1026 843 1068 et
894 1015 1189 1082 gentilium.
1236 1015 1387 1079 Quod
1436 1016 1514 1067 sic
1546 1017 1702 1072 dicit:

121 1089 236 1142 Ero
269 1104 461 1142 memor
503 1088 599 1150 tui,
631 1085 681 1138 id
714 1095 818 1149 est,
851 1085 1036 1138 faciam
1069 1099 1186 1138 esse
1232 1099 1494 1137 memores
1527 1086 1621 1153 tui,
1654 1099 1708 1143 ei,

121 1160 252 1213 illos
278 1161 344 1212 de
370 1168 505 1211 terra
527 1155 800 1218 Jordanis;
831 1155 970 1223 quod
993 1157 1069 1208 vel
1097 1156 1438 1208 liistorialiter
1472 1156 1522 1207 in
1554 1158 1705 1211 desi-

121 1231 382 1298 gnatione
414 1237 585 1294 potest
617 1227 780 1298 accipi
813 1227 899 1298 qui
929 1226 1064 1298 circa
1108 1225 1398 1298 .Iordanem
1431 1225 1704 1298 habitave-

121 1294 253 1353 runt
287 1309 485 1352 terram
520 1296 905 1365 promissioois,
937 1297 1017 1348 vel
1056 1297 1213 1348 etiam
1241 1297 1483 1363 mystice.
1513 1294 1703 1350 Jorda-

119 1372 208 1424 nis
241 1369 386 1423 enim
419 1372 793 1434 interpretatur
821 1367 1110 1428 descensus,
1162 1374 1216 1418 et
1261 1367 1333 1418 illi
1383 1366 1478 1418 soli
1512 1365 1579 1420 de
1610 1383 1704 1434 po-

124 1443 258 1509 pulo
288 1443 382 1493 illo
412 1453 676 1490 memores
703 1439 796 1509 Dei
837 1447 977 1509 sunt,
1009 1435 1099 1509 qui
1140 1435 1486 1509 descendunt,
1521 1436 1568 1488 id
1599 1448 1702 1504 est,

121 1506 216 1576 qui
251 1525 311 1564 se
346 1509 624 1561 humiliant
652 1507 716 1558 ad
744 1506 960 1576 gratiam
1010 1507 1255 1576 baptismi
1282 1545 1295 1565 ,
1327 1516 1378 1558 et
1413 1509 1702 1562 mortilica-

124 1573 333 1633 tionem
367 1580 512 1632 illam
542 1594 658 1644 qua:
709 1576 778 1629 ibi
808 1575 1134 1643 designatur,
1162 1573 1310 1642 juxta
1343 1576 1500 1626 illud:
1538 1577 1694 1640 Quot-

120 1661 248 1718 quot
277 1652 414 1704 cnim
444 1649 687 1718 baptizati
717 1663 914 1706 sumus,
934 1647 1247 1718 rconsepulli‘
1264 1661 1440 1718 sumus
1465 1661 1579 1698 cum
1615 1647 1706 1700 illo

119 1714 175 1773 in
221 1730 405 1773 marte.
457 1714 518 1771 Ei
544 1731 630 1771 'ero
654 1733 839 1769 memor
868 1717 961 1780 tui,
998 1716 1044 1767 id
1075 1725 1176 1779 est,
1227 1714 1412 1767 faciam
1442 1731 1560 1770 esse
1588 1734 1702 1770 me-

121 1805 309 1844 mores
351 1793 420 1842 tui
456 1790 574 1842 illos
604 1792 667 1840 de
706 1799 836 1839 terra
860 1785 1196 1838 Hei-monitio.
1247 1785 1476 1838 Ilermon
1525 1798 1700 1841 autent

121 1861 512 1926 interpretatur
537 1857 1006 1917 anatheinutisatio,
1035 1856 1226 1922 quibus
1254 1859 1372 1921 quia
1417 1856 1698 1911 coluerunt

121 1947 236 1984 non
267 1931 603 1992 Creatorem,
630 1931 722 1982 sed
753 1938 1072 1988 creaturam,
1103 1936 1154 1979 et
1200 1935 1358 1978 etiam
1387 1940 1518 1992 Opus
1545 1942 1700 1980 crea-

123 2011 284 2060 turae,
321 2010 379 2054 ut
411 2000 547 2053 idola
582 1997 900 2060 manulacta,
929 2011 1062 2064 opus
1094 2004 1209 2048 erat
1257 2011 1359 2047 non
1397 1996 1566 2049 solum
1599 1998 1698 2052 liu-

121 2072 450 2132 :niliatione.
488 2070 581 2122 sed
613 2069 770 2123 etiam
819 2077 874 2118 ut
913 2068 1141 2118 maxime
1190 2067 1703 2123 anatliematizarent

122 2155 184 2195 se
219 2141 272 2193 iii
302 2142 464 2210 priori
499 2149 665 2210 statu,
692 2147 744 2190 et
772 2136 983 2210 diabolo
1010 2135 1464 2210 alireniiiitiarenl.
1501 2135 1701 2191 Mentor

123 2227 234 2274 ero,
261 2205 501 2278 inquam,
534 2210 605 2260 tui
634 2209 696 2260 de
731 2217 865 2260 terra
893 2205 1236 2278 Ilerinoniiin,
1269 2207 1471 2278 scilicet
1501 2223 1703 2263 memo-

124 2281 201 2333 ria
236 2277 559 2348 procedente
595 2295 627 2331 a
652 2287 818 2331 monte
856 2278 1053 2329 modico
1075 2318 1088 2339 ,
1123 2277 1173 2329 id
1201 2285 1307 2341 est,
1337 2277 1402 2330 ab
1431 2277 1534 2329 illis
1565 2278 1702 2332 inter

122 2353 358 2421 gentiles
386 2350 476 2420 qui
516 2351 758 2404 conversi
803 2355 1158 2421 eruntimous
1192 2363 1284 2421 per
1327 2348 1700 2421 excellentiam

123 2417 418 2486 virtutum,
443 2431 496 2474 et
528 2430 702 2473 tamen
733 2419 946 2479 modici,
976 2417 1028 2470 id
1059 2426 1162 2480 est,
1196 2417 1421 2470 humiles
1451 2428 1625 2472 erunt.

199 2492 434 2560 Abyssus
459 2492 698 2559 abyssum
733 2489 947 2560 invocat.
987 2488 1118 2560 Vere
1147 2497 1595 2560 eriiutAmeuiores
1628 2491 1702 2545 tui

124 2571 180 2617 et
222 2556 303 2614 illi
329 2572 383 2615 et
415 2556 541 2625 isti;
561 2563 679 2629 quia
719 2559 948 2627 abyssus,
985 2558 1034 2610 id
1068 2565 1167 2619 est,
1203 2556 1447 2625 profundi
1491 2560 1700 2616 intelle-

124 2642 310 2688 ctores
334 2633 401 2686 de
423 2631 622 2685 Juda'is
655 2632 932 2694 invocant,-
953 2630 1000 2679 id
1033 2639 1134 2690 est,
1170 2629 1220 2681 in
1249 2643 1307 2682 se
1339 2638 1547 2694 vocant,
1581 2633 1703 2696 quia

126 2706 482 2771 ineorporare
511 2711 563 2755 et
591 2699 878 2771 informare
909 2700 1028 2771 sibi
1049 2709 1290 2765 satagunt
1337 2699 1391 2752 in
1419 2702 1522 2751 lide
1547 2703 1701 2771 abys-

123 2770 375 2835 sum,’id
426 2780 528 2834 est,
573 2770 860 2838 profundos
907 2770 1264 2821 lllleileCIOI'US
1315 2771 1378 2823 de
1428 2770 1695 2836 gentibus.

127 2844 190 2896 Et
232 2845 335 2895 hoc
371 2843 424 2894 in
463 2857 599 2904 voce,
643 2841 692 2893 id
724 2849 826 2903 est,
855 2839 909 2891 in
951 2841 1376 2892 manileslatione
1407 2851 1459 2892 et
1494 2844 1704 2907 exposi-

127 2915 275 2966 tione
327 2921 705 2964 cataractarum
751 2919 972 2961 tuarum.
1032 2909 1116 2962 Vel
1153 2913 1250 2962 hoc
1281 2911 1418 2976 quod
1451 2911 1700 2980 abyssum

125 2985 366 3048 invocat,
403 2982 498 3035 luit
530 2981 837 3050 praedictum
870 2981 922 3031 in
944 2995 1060 3031 voce
1086 2989 1482 3043 cataractarum,
1516 2982 1567 3033 id
1597 2994 1699 3047 εει,

125 3053 533 3121 prephetaruni.
574 3053 873 3121 Cataracth
907 3050 1046 3104 enim
1077 3051 1282 3117 proprie
1321 3059 1444 3104 sunt
1477 3053 1700 3106 occulta:

125 3120 254 3189 vise,
280 3125 474 3189 quibus
509 3137 644 3191 aqua
670 3120 922 3175 decurrit.
950 3121 1014 3172 Et
1037 3121 1154 3172 ideo
1185 3135 1278 3188 per
1303 3129 1594 3175 cataractas
1619 3139 1703 3176 re-

123 3202 214 3246 cte
267 3193 638 3263 intelliguntur
666 3192 956 3260 prophetae,
989 3192 1076 3259 qui
1108 3191 1297 3263 occulti
1327 3199 1449 3243 sunt
1483 3194 1531 3244 in
1563 3195 1705 3247 Scri-

126 3265 301 3331 pturis
331 3261 467 3326 suis,
493 3266 577 3332 qui
611 3277 704 3331 per
733 3270 1032 3329 tegumenta
1066 3272 1117 3314 et
1155 3261 1431 3315 involucra
1461 3265 1704 3332 quadam

125 3333 373 3388 cmlestia
401 3335 791 3386 demonstrant.

201 3405 393 3456 Omnia
439 3404 636 3457 excelsa
680 3401 952 3473 tuaqldeo
976 3403 1176 3453 invocat
1205 3402 1416 3470 abyssus
1446 3404 1700 3473 abyssum,

129 3475 217 3529 vel
252 3475 376 3528 ideo
407 3475 658 3541 possibile
687 3485 769 3526 est
800 3470 900 3525 hoc
932 3472 1068 3533 lieri,
1101 3474 1219 3540 quia
1252 3488 1348 3540 ego
1387 3470 1557 3526 morie
1590 3470 1703 3528 mea

127 3556 362 3600 mortem
407 3559 645 3597 meorum
696 3543 971 3604 destruxi;
1004 3550 1144 3611 quod
1194 3557 1272 3595 SlC
1308 3546 1707 3611 aaquipolleuter

125 3617 302 3670 dicit:
351 3611 538 3666 Omnia
569 3614 771 3667 excelsa
803 3623 908 3674 tua,
962 3614 1012 3665 id
1043 3622 1141 3675 est,
1173 3615 1345 3664 omnis
1375 3624 1570 3666 aeterna
1598 3621 1706 3667 ila-

129 3687 362 3748 muatio,
409 3699 564 3752 quam
597 3696 813 3753 prepter
852 3697 1065 3748 peccata
1099 3684 1421 3735 hominibus
1447 3685 1698 3750 llllllIlSII;

128 3767 177 3809 et
208 3757 425 3824 ﬂuctus,
459 3755 511 3808 id
543 3767 644 3818 est,
675 3768 848 3823 poenae
876 3757 1032 3806 etiam
1065 3754 1267 3821 peCi-ati
1301 3754 1560 3806 venientia
1594 3759 1706 3822 qui-

127 3828 280 3890 dem,
309 3839 471 3892 super
501 3825 666 3878 Adam
714 3831 1044 3886 manserunt,
1079 3838 1230 3892 super
1278 3839 1356 3874 me
1387 3835 1563 3878 autem
1609 3841 1702 3878 ve-

128 3897 336 3951 nientia
359 3897 691 3963 reputatione
717 3895 1051 3946 inimicorum
1075 3909 1159 3961 qni
1187 3909 1270 3947 me
1293 3897 1620 3948 immundum
1655 3905 1708 3950 et

125 3965 459 4021 azterualiter
504 3967 812 4018 damnatum
863 3972 1218 4032 putaverunt,
1271 3965 1604 4029 transierunt,
1656 3967 1705 4018 id

127 4048 236 4104 est,
269 4037 546 4105 perierunt
591 4038 642 4089 in
673 4046 843 4089 morte
873 4050 992 4087 mea
1025 4034 1212 4102 partim
1255 4034 1466 4100 quidem
1495 4035 1603 4103 jam
1653 4037 1704 4089 iu

128 4123 211 4173 re,
265 4109 492 4171 scilicet,
535 4116 785 4173 quantum
829 4105 895 4157 ad
946 4115 1200 4171 peccata,
1249 4106 1439 4172 partim
1485 4120 1610 4158 vero
1655 4107 1704 4159 iii

128 4194 252 4246 spe,
278 4175 548 4241 videlicet,
575 4184 829 4244 quantum
859 4174 926 4228 ad
960 4189 1141 4242 pinnas
1175 4174 1394 4242 peceati.
1427 4173 1705 4230 rEternam

128 4259 314 4303 autem
364 4248 760 4300 damnationem
803 4255 857 4299 et
903 4255 1116 4312 peccata
1161 4246 1279 4299 ideo
1324 4246 1448 4298 dicit
1489 4249 1706 4313 excelsa,

130 4321 255 4386 quia
280 4321 464 4388 gravia
485 4326 627 4371 sunt.
655 4319 804 4388 Sicut
823 4317 1050 4388 quodab
1072 4316 1466 4388 excelsocadit,
1482 4319 1707 4384 gravius

131 4391 302 4442 laedit.
347 4388 411 4441 Et
448 4402 514 4440 ne
548 4387 669 4439 tuali
710 4387 823 4439 haec
861 4387 1170 4451 audientes,
1201 4387 1434 4451 scilicet,
1479 4389 1616 4455 quod
1655 4398 1708 4442 et

132 4470 355 4527 peceata
398 4459 738 4521 transierunt,
781 4466 836 4510 et
877 4472 1044 4522 ptBlliB
1074 4456 1294 4524 peccati,
1338 4459 1708 4524 promitterent

130 4532 236 4583 sibi
266 4543 445 4596 spem,
475 4527 728 4595 quidquid
759 4529 881 4579 mali
908 4535 1146 4596 agerent,
1180 4529 1383 4580 subdit:

206 4599 272 4651 Iit
299 4595 382 4652 die
425 4599 680 4649 mandavit
711 4595 979 4649 Dominus.
1021 4597 1177 4662 Quasi
1223 4597 1360 4649 dicat
1395 4614 1405 4648 :
1436 4595 1563 4650 Dico
1587 4600 1708 4667 quia

129 4672 466 4724 transierunt.
487 4669 685 4733 Quibus
701 4677 876 4720 autem
892 4668 972 4719 vel
990 4683 1088 4734 qua
1105 4668 1534 4732 compensatione
1550 4677 1712 4721 trans-

130 4746 295 4793 ierunt
321 4742 346 4792 Ρ
386 4741 504 4804 hac,
534 4739 755 4802 scilicet,
788 4738 832 4791 si
871 4742 1146 4791 attendunt
1177 4737 1572 4790 misericordium
1605 4739 1706 4790 Do-

131 4812 262 4862 mini
295 4811 349 4863 in
379 4812 460 4861 die
486 4823 622 4872 esse,
651 4818 697 4861 et
723 4811 1109 4879 canticumejus
1141 4808 1193 4858 in
1221 4816 1384 4879 nocte,
1434 4810 1571 4873 quod
1597 4808 1709 4876 ipse

129 4880 388 4932 Dominus
413 4880 666 4932 mandavit
697 4894 788 4947 per
818 4893 920 4932 me.
977 4877 1067 4931 vei
1098 4878 1166 4929 ita
1193 4877 1506 4944 simpliciter
1533 4881 1705 4932 conti-

131 4954 284 5002 nuari
319 4959 494 5017 potest
525 4965 540 5003 :
571 4947 900 5001 Transierunt
929 4948 1137 5014 quidem
1165 4950 1372 5001 excelsa
1397 4955 1452 5002 et
1492 4948 1704 5014 ﬂuctus,

128 5029 185 5074 et
216 5031 272 5074 ut
306 5021 608 5082 transirent,
639 5020 894 5072 mandavit
923 5019 1169 5071 Dominus
1203 5020 1359 5072 Pater
1390 5033 1482 5086 per
1517 5033 1621 5082 uie,
1654 5019 1706 5073 id

128 5101 238 5155 est,
284 5092 442 5158 hujus
473 5093 546 5144 rei
580 5092 838 5158 legatione
869 5091 1056 5156 Iungor
1077 5089 1212 5155 apud
1239 5089 1502 5155 homines,
1529 5097 1581 5141 et
1608 5092 1706 5144 hoc

126 5163 370 5216 innowit
390 5163 642 5214 Dominus
668 5175 757 5227 per
777 5175 882 5224 me,
901 5160 1124 5224 scilicet,
1145 5161 1541 5213 misericordium
1561 5176 1704 5212 suum

127 5247 255 5285 esse
285 5234 337 5284 in
368 5232 468 5293 die,
521 5232 569 5284 id
609 5242 710 5294 est,
764 5231 862 5284 lioc
886 5231 1024 5299 quod
1052 5231 1239 5298 aliquis
1287 5240 1368 5284 est
1394 5231 1447 5284 iii
1477 5233 1562 5283 die
1591 5233 1704 5284 sive

129 5308 184 5356 in
217 5304 458 5371 prol’ectu
484 5303 757 5365 virtutum,
777 5302 895 5355 sive
924 5302 974 5353 in
1004 5300 1160 5368 hujus
1189 5302 1307 5353 vita:
1331 5301 1700 5366 prosperitate,

129 5370 241 5427 non
273 5389 395 5428 esse
423 5388 485 5426 ex
509 5388 603 5426 suo
633 5383 842 5437 merito,
889 5371 980 5424 sed
1011 5383 1082 5424 ex
1103 5372 1219 5439 ejus
1261 5375 1375 5424 sola
1402 5370 1704 5424 niiSericor-

127 5448 255 5510 dia;
297 5455 354 5499 et
384 5446 502 5498 ideo
541 5459 644 5497 nou
683 5457 802 5496 esse
843 5444 908 5496 de
943 5455 1001 5496 se
1040 5444 1478 5510 pri-usumendum,
1520 5444 1611 5494 sed
1655 5441 1702 5494 ei

127 5519 234 5571 soli
267 5516 674 5570 humiliauiliim.
707 5515 771 5566 Et
792 5515 891 5566 hoc
911 5515 1070 5566 etiam
1103 5514 1330 5565 innotuit
1355 5527 1444 5579 per
1472 5526 1576 5574 me,
1602 5515 1703 5564 sci-

130 5590 279 5651 licet,
313 5588 569 5640 canticum
595 5587 704 5651 cjus
734 5587 1050 5638 cantandum
1079 5597 1199 5636 esse
1226 5584 1279 5635 in
1307 5594 1469 5645 nocte,
1520 5583 1570 5633 id
1599 5591 1700 5646 ast,

129 5661 184 5713 in
218 5659 564 5712 adversitate.
605 5653 695 5709 Ille
722 5657 982 5708 canticum
1009 5653 1214 5707 Domini
1241 5661 1418 5705 cantat
1445 5656 1494 5705 iii
1525 5663 1699 5719 nocte,

130 5731 221 5798 qui
250 5744 358 5782 non
384 5727 582 5793 delicit,
613 5725 708 5780 sed
729 5727 990 5798 gloriatur
1020 5730 1070 5777 in
1102 5727 1462 5798 tribulatione.

209 5800 366 5871 Apud
396 5814 474 5852 me
496 5799 676 5853 oratio.
717 5795 874 5862 Quasi
918 5796 1058 5849 dicat
1085 5813 1097 5848 :
1127 5796 1259 5860 Quia
1288 5795 1603 5850 cantandum
1623 5803 1704 5851 est

851 339 915 395 IN
956 336 1374 396 PSALMORUM
1414 335 1669 394 LIBRUM
1709 335 2171 405 EXEGESIS._--
2208 324 2453 394 PSALM.
2493 326 2647 390 XLII.

834 454 955 522 quia
996 463 1070 516 tu.
1108 454 1348 517 Domine,
1394 454 1528 506 hanc
1565 467 1695 507 con-
1724 455 1778 513 Α
1803 449 2027 504 Domino
2054 451 2305 504 canticum
2330 451 2381 504 in
2413 463 2574 512 nocte,
2638 450 2756 504 ideo
2797 450 3060 506 canticum
3113 458 3196 508 est
3237 455 3374 522 apud

3277 337 3379 390 70‘}

1810 536 1914 583 me,
1964 536 2067 574 non
2101 525 2352 576 recedens
2381 524 2587 577 scilicet
2615 536 2646 575 ε
2677 535 2759 574 me
2787 531 3057 576 cantatum
3099 523 3204 576 Deo
3235 521 3374 577 Patri

1808 593 2010 644 auctori
2040 592 2158 645 vita:
2185 608 2335 657 meae,
2368 593 2589 659 scilicet,
2622 590 2708 660 qui
2746 607 2828 646 uie
2857 592 2979 646 facit
3004 593 3136 646 adeo
3165 594 3216 645 in
3246 592 3376 645 cha-

1808 661 1963 715 ritate
1999 665 2273 728 perlicere,
2316 671 2372 714 ut
2401 664 2557 716 etiam
2601 677 2695 728 pro
2736 662 2959 716 inimicis
2998 679 3169 725 orem,
3210 671 3261 716 et
3299 666 3376 717 sic

1808 745 1931 784 vere
1955 733 2151 785 vivere.
2190 735 2336 786 Sicut
2361 733 2500 785 enim
2531 734 2653 785 odio
2683 732 2878 786 habere
2911 731 3204 794 inimicum,
3234 748 3376 788 mors

1807 809 1907 872 est,
1938 802 2057 869 quia
2089 802 2323 870 quisquis
2353 803 2465 855 odit
2505 801 2720 855 fratrem
2749 817 2926 866 Suum,
2971 804 3231 857 homicida
3272 816 3373 872 cst,

1807 870 1857 924 id
1890 881 1997 936 est,
2041 887 2098 925 se
2131 873 2299 939 ipsum
2333 872 2613 938 interﬁcit;
2657 876 2725 926 ita
2773 889 2978 940 quoque
3022 875 3239 933 diligere
3271 870 3374 928 inié

1808 943 2023 1013 inicum,
2053 952 2105 994 et
2137 958 2230 1010 pro
2260 944 2375 1009 ipso
2397 958 2572 1006 orare,
2598 943 2700 995 vita
2727 953 2827 996 est.
2859 945 2921 996 Et
2943 945 3065 1013 quid
3097 945 3130 998 il
3157 941 3222 998 ud
3253 960 3380 997 caii-

1809 1011 1965 1063 ticum
1996 1014 2065 1065 sit
2092 1013 2236 1073 dicit,
2265 1014 2488 1075 scilicet,
2512 1017 2680 1066 oratio
2706 1013 2838 1066 facta
2868 1030 2896 1067 a
2923 1011 3004 1068 uie
3030 1031 3121 1076 pro
3152 1016 3377 1069 inimicis

1806 1079 1996 1134 futuris
2027 1085 2182 1145 meis,
2214 1099 2334 1135 cum
2361 1085 2491 1136 dixit
2526 1099 2538 1136 :
2570 1082 2743 1146 Pater,
2777 1085 2980 1152 ignosce
3006 1086 3126 1138 illis.
3162 1086 3223 1138 Et
3256 1099 3378 1139 vere

1807 1152 1969 1226 oratio
1997 1162 2077 1205 est
2107 1152 2245 1219 apud
2275 1169 2373 1226 me,
2415 1155 2534 1221 quia
2564 1155 2683 1207 dico
2717 1153 2821 1206 Deo
2851 1157 3049 1208 orando
3082 1156 3211 1208 meis
3237 1173 3247 1226 ς
3279 1156 3382 1209 Do-

1808 1221 1971 1284 mine,
2032 1231 2085 1293 ιιι
2117 1239 2168 1274 es
2197 1221 2478 1288 susceptor,
2529 1237 2631 1277 non
2677 1227 2798 1277 dico
2841 1239 3100 1290 meorum,
3155 1225 3249 1278 sed
3283 1240 3376 1293 pro

1807 1293 1966 1362 nimia
1994 1291 2270 1344 affectione
2301 1309 2422 1362 erga
2474 1308 2641 1358 meos,
2685 1294 2858 1347 dicam
2905 1311 3064 1358 meus,
3097 1297 3239 1362 quod
3283 1291 3377 1349 est

1807 1361 2028 1414 dicere:
2067 1363 2300 1428 Uouiiue,
2350 1361 2492 1415 tuum
2523 1373 2604 1417 est
2644 1364 2910 1431 suscipere
2958 1361 3130 1430 meos,
3155 1375 3209 1420 et
3255 1366 3375 1420 ideo

1806 1431 2057 1497 suscipiat
2085 1433 2444 1485 misericordia
2481 1443 2535 1487 et
2564 1435 2756 1487 veritas
2789 1446 2875 1487 tua
2908 1451 3071 1489 meos.

1879 1502 2051 1564 Quare
2078 1502 2261 1554 oblitus
2285 1519 2354 1556 es.
2379 1505 2811 1571 Quandoquidem
2838 1515 3116 1574 susceptor
3138 1521 3374 1560 meorum

1805 1584 1862 1644 es
1887 1587 1900 1633 ;
1932 1588 2090 1640 quare
2115 1588 2241 1640 ergo
2271 1574 2451 1625 oblitus
2482 1589 2532 1626 es
2562 1574 2642 1642 (ut
2664 1574 2890 1644 videtur)
2922 1587 3131 1644 propter
3159 1577 3377 1632 tribula-

1807 1640 2002 1715 tionem
2032 1658 2187 1715 quam
2220 1640 2650 1715 patiuiiturtnou
2689 1646 2810 1697 dico
2843 1640 3101 1711 uie—orum,
3147 1648 3237 1700 sed
3270 1663 3375 1715 prie

1808 1710 1965 1782 i'iimia
2007 1712 2302 1774 aiiectioue,
2335 1715 2450 1767 mei.
2486 1713 2552 1766 Et
2578 1730 2730 1782 quare
2773 1715 2950 1767 incedo
2981 1710 3301 1772 contristatus
3324 1718 3376 1771 in

1809 1779 1959 1845 meis,
1992 1783 2113 1854 dum
2137 1784 2324 1854 aiﬂigit
2362 1799 2439 1836 nte
2467 1779 2616 1838 meus
2659 1785 2913 1849 inimicus,
2948 1797 3161 1853 propter
3193 1803 3377 1854 pecca-

1809 1859 1942 1923 t_um,
1983 1853 2206 1914 scilicet,
2235 1852 2384 1921 juxta
2438 1855 2564 1908 illud
2602 1855 2746 1907 Isaia:
2777 1857 2826 1907 iii
2863 1852 3086 1923 persona
3123 1852 3326 1911 Domini
3360 1875 3377 1913 :

1807 1918 2017 1974 Omnem
2045 1918 2249 1990 ﬂatum;
2294 1925 2342 1975 id
2372 1932 2471 1986 est,
2499 1941 2710 1998 omnem
2732 1918 2962 1998 animam
2989 1944 3080 1996 ego
3109 1932 3225 1997 feci,
3257 1944 3380 1998 pio-

1805 2001 1921 2058 pter
1949 2004 2423 2070 peccatuuiautem
2447 1996 2716 2070 modicum
2739 1997 2864 2064 quid
2893 1996 3148 2070 coiiirista
3161 1996 3374 2070 vieum,

1805 2063 2164 2136 non_pet_iitus
2212 2065 2475 2136 damnavi.
2519 2067 2584 2119 Et
2621 2067 2727 2134 jam
2758 2063 3112 2121 contristatus
3160 2080 3278 2136 est,
3321 2063 3376 2125 εἰ

1806 2130 1971 2209 tristis
1998 2133 2128 2209 abiit
2149 2135 2339 2209 in_viis
2369 2136 2511 2209 suis;
2545 2130 2681 2209 quod
2721 2147 2897 2209 autem
2927 2139 3054 2191 dicit
3084 2157 3094 2190 :
3129 2130 3374 2209 Dum'af-

1810 2202 1943 2270 ﬂigit
1984 2218 2060 2278 me
2089 2203 2340 2267 inimicus,
2371 2208 2451 2278 sic
2493 2202 2727 2275 iiitellige
2750 2224 2774 2278 7:
2811 2207 3054 2262 Inimicus
3084 2210 3288 2278 afﬂigit,
3316 2202 3373 2266 et

1803 2285 1953 2344 sirpe
1979 2275 2137 2326 miser
2171 2279 2328 2327 liomo
2350 2276 2547 2343 delicit,
2583 2283 2701 2344 quia
2729 2277 3036 2331 devocatiir.
3063 2282 3167 2333 Aut
3193 2275 3238 2335 si
3269 2296 3374 2335 non

1805 2342 2399 2418 deﬁcit,insistentibus
2432 2342 2612 2418 taiiieii
2639 2347 3066 2402 tribulationibus
3108 2359 3162 2404 et
3195 2366 3375 2418 perse-

1805 2413 2108 2467 cutionibus
2132 2415 2553 2482 opprimeiitibus
2576 2428 2627 2470 et
2656 2419 3039 2490 tentatimiibus
3075 2413 3223 2474 timet
3252 2438 3374 2490 pio-

1808 2493 1922 2560 ptet'
1977 2495 2262 2560 peccatum;
2307 2500 2523 2560 semper
2568 2489 2898 2554 periculum;
2943 2491 3094 2560 timet
3145 2489 3372 2560 lapsum,

1805 2554 2028 2655 sciiicet,
2081 2563 2136 2608 ut
2178 2557 2263 2624 qui
2290 2565 2409 2625 stat,
2440 2557 2605 2610 videat
2655 2575 2715 2611 ne
2753 2560 2922 2613 cadat.
2980 2559 3150 2624 Quare
3177 2554 3372 2617 centri;

1806 2631 1996 2675 status:

1883 2694 2017 2775 Dum
2062 2697 2452 2775 confringiintur
2481 2714 2617 2775 ossa.
2661 2700 2782 2775 Ideo
2813 2702 3004 2755 merito
3031 2704 3375 2760 contristatus

1807 2768 2187 2839 sumiumeis,
2220 2771 2342 2834 quia
2369 2771 2556 2823 inimici
2589 2772 2707 2834 mei,
2739 2773 2786 2823 id
2820 2781 2919 2836 est,
2955 2789 3218 2839 meorum,
3267 2790 3374 2830 non

1807 2835 1895 2900 qui
1927 2837 2262 2900 insidiantur,
2310 2840 2402 2892 sed
2433 2842 2520 2907 qui
2550 2843 2796 2893 tribulant
2821 2835 2916 2909 me,
2952 2844 3001 2895 id
3050 2855 3150 2906 est,
3201 2835 3371 2909 meos,

1807 2908 2038 2960 exterius
2065 2909 2513 2982 exprobrauerunt,
2561 2912 2610 2963 id
2637 2921 2736 2976 cst,
2785 2918 2945 2965 multa
2974 2916 3256 2982 opprobria
3288 2908 3371 2968 iné

1809 2983 2038 3053 tulerunt
2064 2979 2191 3030 mihi
2231 2980 2281 3032 in
2305 2981 2453 3035 meis.
2488 2984 2551 3034 Et
2583 2985 2680 3035 hoc
2725 2982 2864 3048 ideo,
2910 2979 3061 3046 dum,
3098 3001 3191 3052 pro
3223 2986 3366 3053 quia,

1806 3048 2198 3122 confringuntur
2230 3067 2356 3122 ossa
2387 3067 2520 3118 mea,
2567 3053 2618 3105 id
2648 3062 2750 3118 est,
2797 3055 2869 3105 illi
2902 3055 2987 3122 qui
3037 3048 3296 3109 lirniiores
3323 3048 3376 3110 et

1810 3120 2058 3171 IOI'IiUI‘eS
2079 3133 2200 3173 sunt
2228 3119 2365 3193 inter
2388 3138 2533 3176 meos
2556 3123 2612 3184 ,iii
2637 3119 3004 3179 tribulatione.
3033 3127 3254 3190 Quidam
3281 3141 3376 3193 per

1811 3197 2103 3263 peccatum,
2136 3201 2191 3244 ut
2227 3191 2437 3258 Petrus,
2467 3194 2554 3262 qui
2585 3195 2648 3245 ad
2685 3209 2864 3246 vocem
2897 3196 3104 3247 ancillae
3131 3191 3374 3263 negavit;

1807 3259 2021 3324 quidam
2049 3275 2184 3332 vero
2212 3271 2268 3315 et
2295 3264 2338 3315 si
2371 3278 2464 3329 per
2484 3259 2782 3331 'peccatuiu
2813 3280 2915 3316 non
2944 3259 3368 3332 coiilringuiitur,

1810 3338 1984 3404 tamen
2011 3330 2254 3385 videntur
2275 3330 2535 3402 coul'ringi
2563 3341 2779 3401 propter
2803 3333 3196 3389 tribulationem
3218 3330 3375 3404 quam

1810 3409 2098 3466 patiuntur.

1879 3468 2017 3544 Dium
2046 3471 2218 3524 dicunt
2250 3471 2373 3524 milii
2416 3489 2504 3543 per
2532 3474 2778 3544 singulos.
2836 3473 2972 3528 Vere
3015 3477 3370 3542 esprobmtur

1809 3542 1975 3614 mihi;
2025 3556 2145 3614 nam
2180 3544 2278 3614 hoc
2306 3542 2483 3609 modo,
2518 3542 2660 3612 dum,
2702 3560 2798 3614 pro
2826 3545 2964 3611 quia,
3011 3546 3184 3598 dicunt
3225 3549 3372 3612 mihi,

1808 3612 1856 3665 id
1884 3621 1985 3685 est,
2017 3613 2260 3685 iiie_i_s,4ad
2285 3625 2649 3680 contemptum
2681 3612 2768 3683 per
2792 3617 3018 3685 singulas
3040 3616 3163 3678 dies,
3192 3617 3240 3668 id
3264 3628 3367 3681 est,

1808 3682 2020 3736 assidue
2048 3697 2062 3734 :
2089 3681 2185 3735 Ubi
2211 3693 2285 3754 est
2311 3685 2444 3737 Deus
2476 3681 2744 3751 vester,id
2771 3681 3034 3754 estfquoil
3063 3687 3365 3754 CUIISIIIIIIII,

1809 3754 2218 3826 VCI_3IIXIII_tIIII,_
2257 3753 2393 3826 Deus
2442 3767 2634 3822 vester,
2673 3773 2830 3826 quem
2876 3753 3087 3824 semper
3133 3753 3368 3824 jactatis,

1807 3822 1954 3895 Vobis
1984 3823 2222 3895 confert?
2258 3825 2466 3879 Nullum
2497 3822 2893 3895 utique-Quare
2918 3822 3077 3880 tristis
3105 3822 3178 3890 es,
3200 3822 3371 3881 anima

1806 3893 1954 3947 mea?
1984 3894 2120 3949 Ecce
2152 3894 2287 3948 redit
2313 3897 2381 3949 ad
2407 3893 2667 3965 superius,
2713 3900 2866 3966 quasi
2908 3900 3045 3951 dicat
3074 3916 3088 3950 :
3121 3901 3370 3964 Quaiido~

1809 3966 2040 4030 quidem,
2073 3981 2105 4018 ο
2146 3968 2320 4018 anima
2343 3982 2480 4034 mea,
2510 3979 2650 4021 tanta
2684 3985 2774 4034 per
2806 3980 2854 4021 te
2883 3968 3053 4021 futura
3091 3978 3233 4030 sunt,
3265 3970 3372 4022 sci-

1809 4035 1950 4099 licet,
1983 4037 2121 4104 quod
2151 4047 2205 4089 et
2248 4037 2413 4089 Judaii
2445 4049 2497 4091 et
2534 4041 2758 4107 gentiles
2787 4052 3049 4090 memores
3078 4048 3233 4089 erunt
3263 4038 3370 4090 Do-

1810 4109 1958 4171 IltIIIi,
1987 4116 2041 4160 et
2068 4108 2209 4176 quod
2249 4108 2337 4160 alii
2368 4109 2500 4162 alios
2528 4113 2591 4161 ad
2643 4111 2838 4162 bonum
2868 4109 2971 4159 sint
3001 4110 3367 4174 corporaliter,

1807 4185 1863 4230 et
1900 4186 2090 4230 etetera
2122 4193 2240 4246 qua:
2278 4178 2527 4245 prtedicia
2572 4189 2715 4231 sunt.
2770 4179 2940 4242 Quare
2956 4191 3092 4246 ergo
3123 4179 3276 4229 tristis
3319 4194 3370 4231 es

1807 4249 2010 4312 anima,
2060 4258 2105 4298 et
2147 4263 2303 4315 quare
2350 4249 2622 4300 conturbas
2667 4265 2762 4300 me.
2809 4248 3030 4314 Propter
3071 4249 3366 4314 utilitatem,

1812 4321 2034 4380 scilicet,
2062 4333 2318 4380 nieorum,
2350 4329 2405 4370 ut
2429 4332 2587 4384 supra
2619 4319 2815 4372 dictum
2839 4330 2939 4371 est.
2967 4318 3104 4382 Noli,
3134 4323 3368 4386 inquam,

1809 4389 2130 4452 coiitristari,
2156 4389 2261 4440 noli
2291 4395 2564 4440 contui-bai
2582 4389 2618 4454 i,
2645 4393 2736 4442 sed
2755 4404 2905 4454 spera
2929 4390 2982 4441 in
3009 4388 3112 4440 Deo
3141 4399 3374 4455 tantum,

1812 4459 1940 4510 tiiliil
1975 4461 2063 4509 tibi
2094 4458 2427 4520 ascribeiido,
2473 4458 2599 4511 nihil
2629 4460 2695 4513 de
2729 4472 2778 4512 le
2810 4462 3204 4528 praesumendo,
3237 4477 3372 4526 quo-

1734 4518 1785 4577 D
1815 4533 1953 4581 nium
1980 4530 2146 4580 adhuc
2175 4518 2448 4595 confitebor
2483 4530 2579 4594 illi,
2628 4541 2681 4583 ει
2708 4518 2921 4582 caetera.
2953 4531 3102 4596 Quod
3133 4518 3262 4583 dicii
3305 4532 3370 4584 ad

1811 4601 2234 4653 exhortationem
2267 4614 2506 4662 suorum,
2554 4602 2700 4668 quasi
2749 4601 2889 4654 dicat
2922 4618 2934 4654 :
2971 4601 3074 4653 Vos
3121 4603 3222 4655 mei
3258 4601 3372 4652 imi—

1812 4672 1970 4723 tando
1995 4685 2080 4722 me
2115 4680 2326 4737 sperate
2367 4673 2416 4722 iii
2447 4671 2688 4736 Domino,
2729 4673 2776 4723 id
2807 4681 2908 4735 est,
2950 4672 3016 4724 de
3062 4673 3208 4723 vobis
3239 4671 3369 4723 nihil

1810 4743 1980 4794 velitis
2025 4756 2362 4808 praesumere,
2397 4756 2515 4810 quia
2551 4743 2675 4794 iiiliil
2717 4743 2767 4794 in
2800 4744 2947 4795 vob.s
2989 4742 3069 4794 vel
3103 4744 3169 4794 de
3217 4745 3367 4794 vobis

1808 4825 1909 4876 est,
1959 4816 2049 4864 sed
2098 4811 2265 4863 velitis
2311 4811 2361 4863 in
2395 4813 2502 4863 Deo
2534 4827 2748 4878 sperare
2782 4816 2920 4881 quod
2968 4828 3090 4865 vere
3139 4811 3368 4864 debetis.

1807 4882 2067 4946 Quoiiiaiu
2095 4883 2267 4934 adhuc
2314 4883 2543 4934 futurum
2575 4894 2655 4935 est
2683 4891 2737 4935 ul.
2767 4883 3146 4946 coiiIiteaiiiiui,
3192 4889 3246 4934 ct
3275 4897 3368 4948 per

1809 4967 1900 5005 vos
1927 4962 1980 5004 ει
2020 4968 2113 5020 per
2155 4955 2287 5004 alios
2317 4953 2414 5006 SlDl
2455 4956 2692 5006 dicentes
2721 4971 2731 5005 :
2766 4953 3007 5006 Salutare
3047 4955 3216 5006 vultus
3247 4953 3367 5019 mei,

1806 5034 1850 5077 et
1875 5021 2012 5076 Deus
2033 5038 2194 5089 meus,
2225 5032 2281 5076 ut
2307 5025 2548 5090 superius
2573 5024 2881 5090 expOsituui
2913 5033 3009 5077 est.

2276 5115 2339 5168 IN
2379 5113 2703 5169 PSALMUM
2747 5114 2900 5168 XLII.

2373 5208 2612 5261 Psalmus
2641 5207 2823 5260 David.

2391 5315 2780 5357 ABGUMENTUM.

1879 5395 2127 5466 Populus,
2159 5403 2214 5448 ut
2247 5394 2633 5466 supra.Aliter
2676 5409 2687 5445 :
2720 5391 2786 5466 ad
2810 5392 3024 5466 eos_qui
3055 5392 3213 5447 [idem
3251 5406 3376 5448 sunt

1809 5463 2081 5522 consecuti
2111 5475 2237 5520 sunt
2266 5483 2292 5518 a
2324 5465 2555 5525 Clit-isto,
2594 5479 2689 5516 vox
2717 5463 2990 5516 Ecclesiai.

2410 5571 2764 5609 EXPLANATIO.

1883 5650 2045 5705 David
2090 5651 2282 5702 indicat
2316 5647 2590 5712 Christum,
2635 5649 2700 5698 ad
2729 5663 2874 5716 quem
2906 5665 2967 5702 ea:
2994 5664 3208 5717 persona
3244 5648 3375 5716 ﬁde-

1806 5723 1986 5777 lissimi
2025 5720 2302 5776 Christiani
2344 5717 2569 5785 psalmus
2616 5718 2711 5770 iste
2757 5720 3013 5789 dirigitur.
3063 5718 3204 5773 Nam
3241 5721 3373 5770 sicut

1807 5793 2036 5865 superior
2061 5795 2120 5846 ob
2150 5805 2374 5843 antorem
2429 5789 2630 5841 nomini
2674 5791 2817 5842 docet
2883 5792 3053 5844 omnia
3101 5790 3376 5858 contemni,
