3970 6368
594 271 692 328 't'li

1057 269 1257 328 uenas
1297 264 1742 325 VENERABILIS
1778 269 1927 324 ore.
1970 265 2144 322 rans
2183 263 2247 322 ιι.
2288 264 2481 321 sscr.
2523 263 2586 320 ιι.
2623 291 2685 305 -
2723 265 2926 321 DUBlA
2969 267 3057 321 ET
3091 265 3358 323 ειηιιιιιι.
3702 270 3784 325 ita.

593 382 754 454 dasti)
794 383 1025 454 salutem,
1047 380 1227 446 Jacob,
1256 381 1306 434 id
1353 391 1453 444 est,
1481 381 1642 447 priori
1671 379 1862 448 populo
1887 377 2146 454 mandasti
2174 382 2226 437 Α
2251 373 2570 454 Christianis
2614 375 2772 431 nobis
2821 376 2872 430 in
2920 376 3024 454 fide
3049 377 3613 454 vocatis..Etposuisti
3641 396 3720 454 nos
3743 383 3786 454 in

597 451 925 522 corporalem
956 453 1202 518 salutem,
1232 467 1332 504 non
1367 467 1457 519 per
1485 460 1624 504 tuam
1657 451 2003 522 sutismntiatu
2035 463 2150 522 pro-

593 519 783 594 priam,
809 541 906 587 qua
929 522 1175 590 quidquid
1204 536 1262 594 es
1293 522 1528 575 occultus
1550 537 1627 584 es,
1656 520 1750 594 sed
1784 536 1876 586 per
1904 519 1993 594 tibi
2026 519 2151 574 sub-

589 590 782 662 iectam
813 603 1128 653 creaturam,
1154 593 1376 662 scilicet,
1405 607 1496 658 per
1520 591 1735 662 angelos
1763 601 1821 662 ct
1834 590 2145 662 prophetas.

593 660 723 720 Huic
758 679 884 716 vero
929 662 1202 729 posteriori
1243 660 1428 723 Jacob,
1463 660 1720 728 spirituali
1752 661 1972 722 scilicet,
2003 675 2152 712 man-

591 736 687 788 das
736 732 1058 800 spiritualem
1104 733 1327 784 salutem
1375 746 1468 796 per
1512 730 2049 800 tuamﬂsapientiam,
2097 729 2149 782 id

591 815 691 868 est,
727 799 820 870 per
850 803 1035 854 Filium
1081 813 1249 870 tuum,
1275 801 1420 866 juxta
1452 801 1574 852 illud
1600 817 1612 852 :
1647 799 1988 869 Multifariam
2017 800 2149 852 mul-

592 869 746 941 lisque
777 874 936 925 modis
962 872 1081 923 olim
1114 869 1250 924 Deus
1280 873 1476 923 locutus
1506 880 1577 922 est
1606 871 1831 941 patribus
1852 871 1908 922 in
1934 870 2150 938 prophe-

589 939 672 1009 tis,
696 943 961 996 novissime
984 950 1150 994 autem
1182 941 1322 994 nobis
1349 941 1544 993 locutus
1573 951 1646 993 est
1675 942 1727 992 in
1752 939 1908 992 Filio.

661 1013 725 1066 In
769 1023 814 1064 te
853 1013 1084 1065 inimicos
1128 1021 1343 1064 nostros.
1392 1011 1552 1076 Quasi
1601 1010 1777 1063 dicat:
1830 1009 1954 1063 Ηςεε
1989 1024 2150 1076 supra

589 1085 726 1138 dicta
757 1092 879 1135 sunt
915 1082 1053 1134 dicta
1083 1097 1112 1132 a
1144 1080 1378 1148 patribus
1418 1079 1568 1133 nobis
1598 1081 1665 1134 de
1695 1081 1959 1147 praeterito
1988 1097 2000 1142 ;
2036 1081 2150 1133 haec

589 1164 768 1208 autem
791 1161 1226 1226 qutesequuntur
1255 1150 1394 1203 dicta
1410 1158 1544 1226 \sunt
1569 1151 1731 1226 nobis
1759 1152 1826 1226 ab
1854 1150 2054 1203 eisdem
2085 1152 2150 1203 de

592 1226 787 1285 futuro,
811 1219 1039 1284 scilicet,
1072 1221 1209 1289 quod
1242 1235 1336 1273 nos
1374 1219 1747 1282 ventilabimus,
1779 1221 1827 1272 id
1859 1229 1961 1281 est,
1997 1235 2150 1284 sepa-

592 1295 824 1348 rabimus
871 1309 898 1344 a
945 1291 1097 1343 nobis
1148 1292 1199 1344 in
1254 1300 1486 1343 extrema
1530 1290 1872 1343 ventilatione
1916 1290 2150 1342 inimicos

589 1373 784 1417 nostros
816 1364 868 1414 in
912 1371 957 1412 te
997 1376 1175 1426 cornu,
1227 1361 1277 1412 id
1304 1371 1405 1420 est,
1443 1376 1535 1425 per
1566 1370 1938 1425 protectorem.
1969 1360 2150 1412 Solent

590 1435 728 1487 enim
754 1432 991 1498 quaedam
1019 1431 1264 1483 animalia
1290 1429 1538 1482 cornibus
1557 1443 1616 1481 se
1639 1439 1934 1497 protegere,
1956 1440 2007 1482 et
2032 1429 2150 1482 ideo

593 1505 804 1571 ponitur
851 1515 1014 1554 corntt
1050 1515 1143 1566 pro
1178 1501 1504 1561 defensioue,
1545 1499 1626 1552 vel
1670 1501 1722 1571 in
1756 1508 1802 1552 te
1839 1515 2016 1563 cornu,
2058 1513 2151 1571 per

591 1570 748 1641 quem
777 1580 831 1624 et
859 1585 954 1623 nos
978 1584 1158 1623 sumus
1187 1583 1372 1622 cornu.
1424 1571 1599 1641 cornu
1641 1570 1780 1641 enim
1804 1571 2053 1641 nascitur
2082 1570 2150 1641 de

591 1638 773 1705 carne,
803 1651 856 1693 et
886 1655 1042 1708 super
1078 1655 1289 1693 carnem
1319 1640 1528 1702 crescit,
1563 1648 1616 1693 et
1645 1639 1697 1692 in
1728 1638 1977 1707 quiddam
2006 1638 2147 1691 aliud

592 1726 767 1790 quam.
794 1725 917 1790 caro
960 1710 1030 1762 sit
1077 1710 1384 1790 indurescit.
1417 1710 1482 1790 Et.
1511 1709 1629 1790 ideo
1662 1724 1755 1777 per
1783 1723 1948 1790 cornu
1981 1709 2148 1790 sancti
2187 1732 2229 1790 Β

597 1780 698 1835 viri
737 1779 1098 1843 designantur,
1143 1781 1230 1848 qui
1280 1780 1644 1848 carnalitatem
1687 1779 1968 1843 excedunt,
2017 1780 2152 1832 etin

599 1851 759 1904 robur
787 1849 1060 1916 spirituale
1092 1847 1453 1902 indurescunt.
1499 1847 1883 1912 Ventilavimus,
1917 1849 2153 1916 inquam,

595 1920 848 1982 inimicos,
872 1927 925 1973 ει
957 1920 1160 1986 penitus
1207 1935 1539 1988 spernentus;
1593 1929 1716 1972 tunc
1755 1920 2066 1986 insurgenies
2106 1920 2158 1972 in

599 1991 762 2051 nobis,
794 1990 840 2041 id
874 1999 973 2053 est,
1010 1989 1127 2041 illos
1155 1992 1241 2057 qui
1274 1990 1431 2042 modo
1475 1989 1752 2054 insurgunt
1800 1999 1986 2041 contra
2037 2003 2156 2054 nos,

597 2061 666 2114 ita
699 2060 834 2126 quod
871 2058 1092 2111 formam
1125 2074 1270 2111 suam
1303 2060 1540 2111 nituntur
1570 2073 1768 2126 ponere
1801 2061 1849 2110 in
1880 2059 2070 2120 nobis;
2103 2067 2160 2113 et

595 2130 695 2182 hoc
724 2130 777 2182 in
804 2129 1004 2181 nomine
1034 2138 1120 2180 tuo
1147 2127 1471 2196 gloriﬁcabo.
1496 2127 1560 2180 Et
1579 2142 1706 2182 vere
1731 2129 1783 2180 in
1813 2130 2013 2181 nomine
2034 2139 2157 2192 tuo;

593 2214 717 2254 nam
762 2215 864 2251 non
915 2199 965 2252 in
1013 2198 1217 2251 meritis
1265 2200 1479 2250 nostris.
1535 2197 1688 2250 Enim
1739 2212 1831 2266 pro
1880 2199 2024 2267 quia,
2058 2216 2159 2252 non

595 2271 807 2336 sperabo
832 2271 882 2320 in
912 2284 1034 2320 arcu
1065 2285 1173 2320 meo
1207 2270 1382 2334 potius
1412 2283 1566 2335 quam
1611 2277 1757 2334 pater
1786 2269 1832 2319 in
1863 2269 2060 2336 gladio.
2096 2268 2160 2322 Et

596 2341 796 2409 gladius
825 2354 965 2390 meus
993 2354 1108 2409 non
1128 2337 1365 2399 saltabit,
1397 2341 1533 2404 quod
1567 2347 1649 2390 est
1676 2337 1855 2390 dicere
1881 2357 1892 2390 :
1916 2339 2028 2392 Non
2060 2354 2161 2408 per

593 2407 767 2475 aliqua
819 2425 935 2461 mea
983 2407 1167 2462 merita
1198 2409 1482 2478 salvabur;
1526 2423 1619 2473 per
1646 2423 1824 2478 arcum
1857 2411 2019 2473 enim,
2062 2407 2152 2478 qui

592 2482 764 2533 minus
789 2478 907 2531 ferit
927 2494 1080 2546 quam
1100 2479 1323 2547 gladius,
1349 2477 1552 2531 minora
1577 2481 1766 2532 merita
1791 2477 2156 2548 designantur,

592 2564 686 2619 per
711 2549 939 2617 gladium
973 2563 1102 2600 vero
1134 2548 1353 2619 tttaiora.

667 2619 889 2673 Salvasti
919 2620 1050 2670 enim
1081 2635 1189 2671 nos.
1226 2618 1360 2671 Vere
1381 2617 1578 2684 gladius
1617 2635 1756 2671 meus
1805 2634 1904 2671 non
1948 2619 2160 2674 salvabit

596 2703 697 2753 me,
721 2687 841 2746 ouia
887 2701 939 2740 tu
965 2688 1110 2759 solus
1139 2689 1344 2741 salvasti
1376 2690 1494 2759 (pro
1523 2690 1772 2755 salvahis)
1815 2704 1905 2741 nos
1945 2692 2007 2742 de
2035 2692 2161 2759 afﬂi-

633 2759 826 2810 entibus
855 2774 963 2809 nos.
992 2757 1140 2810 Sicut
1187 2773 1218 2811 e
1256 2757 1544 2828 contrario_
1565 2760 1841 2822 confudisti
1884 2761 2006 2828 (pro
2032 2757 2160 2815 con-

616 2829 804 2895 audes)
827 2828 1048 2893 odidtes
1062 2843 1176 2892 nos,
1190 2829 1373 2882 dicens
1393 2829 1470 2882 eis
1487 2845 1500 2882 :
1516 2826 1617 2895 Ite,
1641 2826 1902 2888 maledicti
1914 2826 1972 2883 in
1992 2832 2158 2900 ignem

590 2907 852 2951 wternum.

664 2965 730 3020 In
761 2967 868 3020 Deo
896 2967 1232 3020 laudabimur.
1261 2967 1419 3034 Quasi
1453 2969 1622 3022 dicat:
1649 2968 1761 3022 Hoc
1793 2969 1952 3024 modo
1979 2970 2158 3024 salva-

591 3037 672 3090 bis
703 3054 818 3102 nos,
859 3038 981 3106 quia
1013 3039 1358 3100 laudabimur,
1392 3037 1442 3091 id
1470 3039 1896 3103 estpiaudabiles
1925 3057 2151 3107 appare-

590 3107 787 3178 bimus,
815 3124 919 3160 non
951 3107 1002 3178 in
1033 3107 1232 3178 meritis
1257 3109 1471 3171 nostris,
1499 3110 1588 3164 sed
1619 3109 1671 3161 in
1696 3116 1749 3163 te
1780 3109 1887 3162 Deo
1916 3120 2019 3163 tota
2048 3113 2150 3178 die,

591 3176 700 3231 illic
727 3178 927 3232 scilicet
951 3177 1161 3247 ubicrit
1183 3189 1289 3232 tota
1319 3180 1456 3245 dies,
1482 3181 1531 3233 id
1563 3189 1664 3243 est,
1695 3180 1808 3233 dies
1840 3185 1952 3234 sine
1976 3176 2153 3247 nocte,

589 3248 711 3316 quia
739 3249 853 3302 sine
881 3249 1004 3302 line.
1039 3245 1106 3300 Et
1135 3250 1483 3316 conﬁtebimur
1525 3249 1642 3312 tibi,
1689 3251 1737 3303 id
1775 3258 1876 3314 est,
1916 3245 2154 3305 laudabi-l

593 3332 712 3371 mus
757 3329 831 3382 te,
876 3333 1042 3386 usque
1086 3319 1137 3370 in
1185 3323 1448 3384 stt/culum,
1484 3322 1532 3374 id
1562 3329 1666 3384 est,
1711 3323 2070 3385 atterualiter;
2104 3333 2158 3376 et

593 3386 695 3460 hoc
737 3389 1035 3460 in_nomine
1078 3398 1160 3441 tuo
1203 3391 1568 3458 glorilicando.
1602 3389 1756 3442 Nunc
1787 3401 1974 3457 autem,
2004 3393 2156 3460 quasi

595 3458 737 3532 dicat
763 3474 776 3509 :
804 3457 950 3532 Dicta
983 3468 1104 3512 sunt
1127 3457 1284 3532 nobis
1327 3461 1439 3532 haec
1465 3462 1755 3530 praeterita,
1796 3472 1849 3514 et
1887 3466 1985 3516 hoc
2022 3457 2159 3532 prae-

591 3531 831 3602 nuntiata
881 3527 1076 3602 futura.
1126 3530 1178 3581 ln
1224 3531 1410 3602 mediis
1440 3527 1618 3586 autem
1649 3532 1974 3599 temporibus
2025 3527 2159 3602 pati-

594 3597 918 3670 murﬂlonge
962 3597 1198 3662 diversa,
1230 3601 1350 3667 quia
1381 3613 1434 3652 tu
1465 3603 1714 3670 repulisti,
1747 3597 1796 3655 id
1828 3613 1931 3667 est,
1962 3597 2157 3657 videris

594 3667 851 3738 repulisse
894 3682 1024 3738 nos;
1077 3676 1122 3719 et
1168 3671 1463 3738 confudisti,
1495 3667 1546 3723 id
1571 3681 1673 3731 est.
1703 3673 2159 3726 coniusibilesnos

601 3734 768 3810 iecisti
794 3750 809 3800 ;
842 3745 888 3810 et
932 3737 1198 3810 hpcideo,
1225 3734 1345 3810 quia
1374 3734 1477 3792 non
1508 3743 1777 3810 egredieris
1808 3744 1860 3793 in
1891 3743 2156 3796 virtutibus

600 3806 810 3880 nostris.
834 3806 990 3871 Quasi
1019 3806 1160 3858 dicat
1190 3825 1201 3859 :
1236 3805 1341 3861 Nos
1371 3805 1577 3863 eximus
1607 3812 1668 3862 ad
1704 3811 1945 3880 praelium
1976 3825 2157 3866 contra

605 3876 886 3928 haereticos
925 3884 978 3929 et
1019 3890 1407 3943 persecutores,
1435 3890 1487 3932 et
1516 3895 1618 3932 non
1650 3876 1849 3934 videris
1882 3883 2156 3936 nobiscum

601 3945 803 4013 egredi,
850 3943 969 4019 quia
1024 3948 1216 4019 pateris
1259 3963 1358 4002 nos
1403 3951 1718 4019 incorpore
1746 3957 2024 4019 superari;
2066 3949 2162 4006 sed

605 4029 724 4087 cum
756 4016 992 4087 patribus
1024 4017 1219 4071 nostris
1263 4016 1642 4086 egrediebaris,
1694 4016 1827 4087 quia
1864 4033 1966 4074 tam
1995 4016 2160 4074 mani-

595 4084 757 4138 festas
810 4086 1057 4157 victorias
1099 4088 1178 4141 eis
1212 4084 1546 4153 concessisti,
1592 4084 1730 4157 quod
1763 4105 1887 4145 vere
1933 4108 2051 4145 cum
2081 4093 2160 4148 eis

593 4169 840 4224 egressus
870 4155 1154 4210 videbaris.

670 4225 906 4299 Auertisti
949 4241 1060 4299 nos.
1095 4227 1216 4299 Ideo
1245 4226 1363 4281 dico
1390 4227 1530 4297 quod
1563 4230 1834 4284 nobiscum
1871 4233 2158 4299 egrederis,

601 4298 720 4362 quia
753 4296 972 4365 avertisti
1003 4311 1112 4360 nos,
1145 4296 1192 4349 id
1225 4308 1326 4361 εει,
1355 4296 1637 4365 permisisti
1682 4302 1846 4354 averti
1889 4296 2161 4358 retrorsum

595 4364 859 4437 quosdam
886 4373 1150 4437 Anostrum
1180 4365 1233 4419 in
1275 4379 1499 4432 tantum,
1547 4382 1602 4422 ιιι
1643 4371 1749 4422 sint
1787 4380 1894 4437 post
1929 4374 2160 4428 inimicos

2181 3083 2228 3145 C

2253 447 2717 513 subsannationem,
2750 455 2816 512 et,
2847 449 2986 515 quod
3011 448 3128 516 plus
3154 456 3252 511 est,
3292 447 3341 499 in
3369 450 3603 516 derisum,
3633 453 3702 502 his
3720 453 3788 517 qui

2253 525 2368 589 sunt
2398 517 2450 568 in
2481 517 2694 589 circuitu
2725 527 2921 583 nostra,
2951 517 3002 572 id
3031 528 3135 582 est,
3173 517 3417 586 gentibus
3457 532 3549 572 nos
3591 521 3788 589 undique

2253 587 2797 639 circumvallantibus.

2329 655 2552 708 Posuisti
2591 671 2681 709 nos
2709 657 2764 709 in
2797 656 3202 711 similitudinem.
3238 656 3377 712 Vere
3405 658 3456 710 in
3485 658 3692 711 derisum
3717 677 3790 726 po-

2253 727 2404 798 suisti
2431 727 2700 798 nos,rquia
2728 728 2946 798 posuisti
2976 745 3066 780 nos
3096 729 3325 798 gentibus
3354 728 3404 779 in
3427 729 3786 794 similitudinem,

2254 795 2305 866 id
2336 805 2438 866 est,
2471 797 2639 866 fecisti
2673 811 2785 866 nos,
2809 797 2947 864 apud
2978 795 3162 866 gentes
3195 798 3360 850 videri
3395 800 3729 852 exsecrabiles
3748 812 3788 854 et

2251 865 2658 936 abominabiles.
2702 865 2892 919 Solent
2932 865 3071 920 enim
3123 867 3500 921 maledicentes
3539 869 3650 921 illos
3685 884 3788 936 quos

2252 934 2450 988 habent
2476 935 2860 989 abominabiles
2891 937 2955 990 ad
2997 936 3399 990 similitudinem
3435 934 3786 999 inducere,di-

2251 1015 2433 1059 centes
2475 1005 2628 1058 alicui
2666 1005 2780 1058 :lta
2813 1015 2866 1058 tu
2897 1021 3108 1073 pereas,
3148 1017 3203 1059 ut
3245 1009 3331 1060 ille
3362 1010 3617 1072 pessimus
3646 1009 3784 1074 periit.

2254 1074 2340 1146 Et,
2367 1075 2578 1140 posuisti
2627 1091 2716 1128 nos
2744 1075 2810 1146 Ain
2859 1079 3242 1130 commotionem
3294 1079 3474 1146 capitis
3520 1078 3569 1129 in
3597 1079 3784 1146 populis,

2252 1144 2476 1215 scilicet,
2523 1154 2579 1197 ut
2621 1144 2935 1200 insultantes
2981 1147 3048 1198 ita
3103 1159 3285 1201 contra
3317 1144 3414 1201 nos
3444 1144 3788 1215 caputcottcu-

2254 1215 2406 1276 tiant,
2435 1213 2573 1269 sicut
2623 1223 2678 1269 et
2719 1226 2900 1269 contra
2944 1215 3214 1270 Christum
3261 1228 3422 1286 caput
3461 1213 3688 1271 nostrum
3722 1220 3784 1272 le-

2249 1295 2453 1337 cerunt.

2322 1353 2453 1407 Tota
2501 1355 2585 1406 die
2619 1356 2955 1426 uerecundia.
3015 1356 3176 1422 Quasi
3231 1358 3653 1426 dicatzi’ropter
3694 1358 3784 1413 haec

2251 1426 2424 1476 omnia
2469 1425 2719 1492 praedicta
2763 1428 3067 1478 uerecundia
3110 1444 3220 1480 mea
3253 1439 3432 1482 contra
3472 1425 3573 1492 me,
3620 1429 3663 1482 id
3703 1440 3782 1494 est,

2250 1503 2372 1546 ante
2400 1510 2483 1546 me
2514 1496 2844 1562 reputatione
2870 1496 3100 1562 illorum,
3125 1509 3228 1550 tota
3249 1500 3351 1562 die,
3377 1500 3427 1552 id
3459 1510 3566 1560 est.
3591 1499 3783 1552 assidue.

2253 1563 2319 1615 Et
2349 1564 2578 1634 confusio
2627 1565 2772 1632 faciei
2818 1580 2943 1619 mea:
2971 1568 3234 1634 cooperuit
3280 1585 3382 1633 me,
3438 1569 3490 1622 id
3521 1579 3620 1633 est,
3658 1571 3785 1622 multa

2251 1633 2513 1699 confusio,
2544 1643 2602 1686 ut
2624 1635 2830 1706 videtur
2852 1637 2953 1701 eis,
2984 1633 3072 1689 est
3095 1638 3243 1691 mihi.
3263 1639 3302 1691 A
3328 1655 3469 1703 voce,
3505 1639 3555 1691 id
3579 1651 3666 1703 est,
3691 1654 3786 1706 pro—

2259 1713 2375 1771 pter
2424 1718 2608 1778 vocem
2653 1705 3002 1778 exprobrantis
3053 1708 3193 1778 mihi
3226 1710 3447 1762 crimina
3481 1711 3551 1762 de
3580 1705 3787 1778 illo,'per

2258 1788 2414 1847 quem
2457 1775 2772 1847 credo__mea
2817 1776 2995 1828 omnia
3035 1777 3199 1847 deleri
3231 1789 3470 1847 peccata.
3506 1775 3790 1846 improperat

2259 1844 2400 1896 enim
2445 1843 2570 1896 mihi
2610 1844 2878 1898 Christum
2927 1843 3260 1911 cruciﬁxum,
3293 1849 3534 1902 derisum
3564 1843 3612 1901 et
3637 1843 3788 1914 despc-

2259 1923 2422 1966 ctum.
2459 1914 2524 1967 Et
2551 1927 2580 1966 a
2611 1929 2741 1968 voce
2769 1915 3106 1983 obloquentis,
3155 1919 3204 1970 id
3247 1927 3349 1977 est.
3377 1921 3592 1972 veritati
3616 1929 3788 1972 contra-

2261 1983 2511 2037 dicentis.
2532 1983 2575 2035 Α
2607 1987 2754 2053 facie,
2787 1987 2926 2048 dico,
2956 1986 3147 2038 inimici
3187 2003 3290 2040 non
3328 1997 3535 2042 tantum
3569 1989 3789 2042 contradi-

2263 2055 2456 2120 centis,
2484 2054 2534 2107 id
2563 2066 2666 2120 est,
2700 2056 2907 2108 veritati
2938 2057 3370 2124 contradicentis,
3401 2060 3496 2111 sed
3530 2061 3674 2113 etiam
3697 2073 3787 2125 per-

2261 2125 2509 2188 sequentis
2535 2164 2549 2188 ,
2578 2125 2626 2177 id
2651 2133 2755 2188 est,
2787 2140 2998 2178 manum
3022 2126 3071 2178 in
3103 2142 3187 2180 me
3213 2128 3583 2182 extendentis.

2335 2192 2463 2246 [lare
2506 2197 2962 2266 omniarvenerunt.
2997 2195 3242 2250 Narravit
3269 2198 3406 2251 dicta
3439 2199 3510 2252 de
3545 2201 3784 2266 praterito,

2262 2265 2613 2330 prmnuntiata
2660 2265 2725 2318 de
2776 2266 2969 2329 luturo,
3019 2274 3074 2319 et
3117 2283 3232 2334 qua:
3283 2271 3514 2334 patiatur
3546 2265 3593 2322 in
3623 2272 3784 2330 medio;

2268 2348 2413 2386 nunc
2441 2348 2571 2387 vero
2603 2334 2833 2387 ostendit
2857 2335 2996 2402 quod
3021 2339 3214 2404 patitur
3240 2340 3350 2391 tieri
3379 2341 3443 2390 ad
3481 2342 3785 2400 inleiieCIUm,

2264 2405 2450 2458 dicens
2495 2405 2562 2456 ita
2591 2421 2602 2456 :
2635 2407 2821 2458 Omnia
2863 2420 2980 2473 quae
3024 2408 3268 2470 pra:dicta
3297 2419 3418 2461 sunt
3449 2410 3502 2461 in
3536 2411 3614 2462 his
3643 2410 3788 2461 mediis

2264 2475 2614 2541 temporibus,
2647 2485 2886 2528 venerunt
2917 2492 3068 2542 super
3101 2492 3213 2543 nos,
3259 2488 3310 2530 et
3349 2489 3530 2532 tamen
3561 2497 3651 2532 non
3679 2479 3786 2531 obliti

2261 2561 2436 2617 sumus
2484 2555 2566 2617 te,
2617 2545 3157 2617 Domine,__propter
3215 2559 3357 2601 tanta
3407 2565 3529 2616 quae
3579 2552 3784 2617 patimur,

2261 2615 2488 2686 scientes
2511 2616 2598 2686 _(ut
2629 2617 2678 2668 in
2706 2615 2856 2668 titulo
2884 2615 3080 2669 dictum
3103 2618 3207 2686 est)
3234 2618 3386 2671 nobis
3412 2615 3528 2671 tolli
3554 2615 3660 2685 qua:
3686 2619 3789 2672 male

2261 2684 2717 2747 desiderabamus,
2773 2694 2830 2738 ut
2857 2686 2979 2752 Quid
3013 2687 3145 2740 bene
3174 2684 3545 2743 desideremus
3573 2684 3791 2756 intelliga-

2262 2756 2495 2828 mus._Et
2523 2769 2645 2809 vere
2674 2770 2787 2828 non
2841 2771 3032 2828 sumus
3068 2758 3217 2810 obliti
3267 2761 3362 2820 ttti,
3414 2762 3539 2825 quia
3586 2777 3674 2812 non
3711 2761 3790 2828 egi-

2275 2839 2374 2876 nus
2416 2824 2606 2893 inique,
2635 2826 2684 2878 id
2713 2835 2812 2888 est,
2858 2823 3143 2881 inﬁdeliter
3178 2828 3231 2880 in
3273 2823 3578 2882 testamento
3619 2823 3788 2891 tum-id

2264 2903 2365 2964 est,
2393 2894 2444 2947 in
2463 2898 2740 2964 pactoﬁtuo.
2759 2894 2930 2949 Habet
2948 2898 3088 2949 ettim
3113 2899 3682 2953 rationabiliscreatura
3697 2913 3788 2952 cum

2260 2963 2531 3038 Creatore,
2566 2963 2733 3018 lidelis
2764 2981 2950 3038 servus
2989 2980 3107 3020 cum
3154 2970 3376 3021 Domino
3408 2981 3639 3038 pactum,
3670 2969 3783 3023 scili-

2259 3045 2364 3096 cet,
2393 3036 2655 3102 abnegare
2679 3050 2738 3090 se
2763 3034 2862 3106 sibi
2903 3047 3158 3102 quantum
3189 3047 3381 3106 potest,
3409 3034 3469 3094 et
3497 3041 3696 3094 diabolo
3717 3040 3785 3092 ab-

2259 3106 2583 3177 renuntiare,
2632 3116 2791 3174 atque
2841 3104 2956 3160 haec
3002 3104 3209 3163 terrena
3239 3119 3607 3177 contemnere,
3636 3123 3684 3166 et
3704 3124 3788 3164 cm-

2257 3174 2401 3228 lestia
2432 3189 2628 3229 amare.

2326 3243 2392 3322 Et
2424 3260 2522 3297 non
2547 3245 2748 3322 recessit
2796 3257 2950 3302 retro.
3003 3247 3140 3302 Vere
3189 3251 3534 3322 nongegimus
3576 3253 3626 3306 in
3664 3260 3786 3318 pacto

2257 3315 2598 3387 inique,_quia
2630 3332 2715 3368 cor
2752 3327 2980 3370 nostrum
3009 3335 3109 3370 non
3137 3320 3339 3372 recessit
3360 3315 3396 3373 ξι
3431 3332 3508 3387 ιε,
3564 3323 3629 3376 ita
3656 3315 3701 3374 ut
3722 3336 3787 3375 rc-

2261 3395 2341 3438 tro
2371 3385 2510 3457 ierit,
2536 3387 2657 3451 quia
2684 3403 2787 3439 non
2818 3389 3034 3457 respicit
3063 3388 3112 3440 in
3143 3392 3460 3457 posteriora,
3487 3385 3586 3447 sed
3615 3407 3790 3456 semper

2258 3456 2558 3530 extenditur
2583 3457 2632 3508 in
2660 3456 2922 3511 anteriora
2950 3475 2966 3523 ;
3011 3469 3064 3512 et
3113 3456 3213 3514 hoc
3260 3462 3398 3527 ideo,
3429 3463 3556 3530 quia
3590 3475 3637 3517 tu
3662 3462 3790 3514 decli-

2259 3529 2390 3579 nasti
2433 3528 2632 3602 semitas
2677 3536 2874 3602 nostras
2902 3545 2934 3581 a
2957 3530 3037 3581 via
3079 3538 3186 3593 tua,
3219 3530 3269 3583 id
3296 3544 3400 3597 est,
3435 3528 3608 3587 iecisti
3636 3533 3791 3602 pra-ci-

2259 3599 2382 3650 dere
2413 3606 2462 3650 et
2488 3596 2715 3649 derivari
2740 3600 2848 3649 vias
2876 3610 3084 3652 nostras
3113 3616 3142 3653 a
3173 3615 3256 3653 Vta
3289 3596 3396 3654 tua.
3428 3596 3648 3657 Semitai
3669 3606 3782 3655 enim

2261 3675 2453 3738 nostra:
2496 3673 2646 3719 erant
2684 3669 2733 3719 in
2779 3667 3217 3723 delectationibus
3245 3674 3561 3736 carnalium,
3594 3686 3644 3728 et
3669 3673 3788 3738 cupi-

2260 3736 2527 3810 ditatibus
2549 3747 2898 3810 tetrenorum.
2945 3739 3008 3792 Et
3057 3741 3173 3793 ideo
3202 3757 3293 3808 per
3325 3744 3484 3796 latam
3519 3747 3671 3807 viam,
3697 3736 3790 3810 quae

2261 3805 2326 3882 ad
2350 3807 2645 3882 _ittteritmn
2677 3807 2840 3882 ducit,
2873 3818 2927 3863 et
2956 3825 3048 3878 per
3078 3805 3234 3879 quam
3267 3814 3417 3866 tuulti
3447 3805 3667 3876 vadunt,
3691 3805 3787 3882 gis-7

2262 3876 2566 3950 diebamur;
2600 3878 2690 3930 sed
2721 3885 2772 3930 ιιι
2817 3893 2910 3946 per
2953 3876 3150 3932 arctam
3199 3883 3357 3950 viam,
3403 3899 3522 3950 qua:
3574 3876 3714 3938 ducii
3742 3881 3793 3935 ad

2261 3948 2460 4020 vitam,
2489 3950 2734 4001 incedere
2765 3963 2859 4002 nes
2889 3950 3132 4004 docuisti.
3167 3953 3324 4016 Quas:
3345 3948 3500 4007 dicat
3530 3972 3541 4006 :
3571 3957 3677 4020 Qua
3704 3956 3788 4017 itis,

2263 4018 2368 4088 itur
2399 4018 2462 4070 ad
2497 4020 2761 4072 mortem?
2792 4020 2856 4073 Et
2901 4023 3017 4074 ideo
3063 4022 3223 4074 nolite
3265 4023 3392 4077 illuc
3441 4031 3543 4088 ire,
3593 4018 3680 4080 sed
3715 4025 3794 4076 bac

2262 4087 2355 4160 i_t_e,
2389 4089 2527 4160 quia
2551 4090 2649 4141 hac
2678 4090 2751 4160 ad
2787 4091 2943 4142 vitam
2995 4091 3117 4144 itur.
3171 4091 3379 4145 Habent
3411 4087 3630 4160 quidam
3662 4093 3796 4148 libri:

2263 4157 2388 4230 Non
2419 4159 2704 4223 decltnusti,
2747 4161 2884 4228 quod
2915 4160 2990 4213 sic
3019 4161 3362 4230 intelligitur:
3398 4157 3478 4218 Tu
3509 4183 3613 4219 non
3639 4166 3794 4218 detor-

2263 4228 2374 4280 sisti
2396 4230 2597 4279 semitas
2619 4238 2820 4283 nastras
2841 4246 2872 4281 a
2892 4231 2968 4283 via
2992 4241 3101 4293 tua,
3129 4228 3232 4284 imo
3257 4234 3496 4288 direxisti
3525 4252 3614 4289 eas
3634 4250 3796 4289 secun-

2265 4301 2388 4350 dum
2429 4300 2564 4350 viam
2600 4309 2759 4352 tuam.
2783 4301 2868 4367 ,Ει
2902 4315 3025 4356 vere
3053 4303 3292 4356 direxisti
3337 4307 3450 4359 vias
3493 4318 3697 4360 nostras
3733 4320 3801 4358 se-

2265 4368 2493 4420 cundum
2541 4368 2678 4421 viam
2711 4380 2874 4424 tuam.
2905 4371 3158 4436 Quoniam
3189 4374 3469 4428 humiliasti
3501 4394 3612 4441 nos,
3645 4378 3692 4429 id
3715 4387 3796 4436 est,

589 4446 812 4509 nostros,
848 4434 899 4487 id
927 4443 1024 4497 est,
1042 4443 1114 4509 _ut
1142 4435 1338 4509 inimici
1369 4441 1691 4506 praecedant,
1725 4434 1901 4509 ct'ipsi
1928 4457 2157 4508 sequan-
2190 4436 2242 4494 D
2267 4440 2493 4509 docuisti
2546 4453 2639 4492 uos
2674 4434 2958 4506 humiliari,
3001 4446 3137 4496 sicut
3184 4451 3238 4497 et
3267 4456 3318 4496 tu
3352 4434 3656 4501 humiliatus
3683 4460 3736 4500 es
3759 4434 3800 4497 ut

591 4513 694 4569 tur,
727 4505 846 4572 quia
878 4512 1000 4557 sunt
1025 4504 1285 4570 devocati,
1335 4504 1388 4561 εἰ
1430 4509 1656 4562 inimicis
1708 4504 2043 4566 conformati.
2093 4512 2158 4566 Et

588 4575 708 4628 ideo
751 4573 837 4639 qui
879 4573 1092 4649 oderunt
1138 4592 1250 4649 nos,
1285 4579 1610 4646 diripiebant,
1659 4581 1710 4633 id
1760 4592 1860 4647 est,
1905 4585 2161 4649 quosdam

587 4652 827 4715 nostrum
859 4645 1010 4712 quasi
1050 4646 1278 4712 praedam
1310 4645 1621 4715 rapiebant,
1672 4659 1728 4702 ttt
1765 4645 2163 4708 conio—rtnarent

589 4715 707 4787 sibi.
736 4713 845 4768 Nec
874 4717 1086 4787 mirum,
1121 4717 1241 4782 quia
1282 4713 1582 4783 tu'dettisti,
1630 4720 1680 4771 id
1724 4729 1823 4782 est,
1878 4725 2163 4787 permisiSti

589 4784 702 4836 dari
747 4798 845 4837 nos
887 4786 1113 4858 inimicis
1143 4787 1215 4858 ad
1236 4788 1594 4840 devorandum
1627 4784 2023 4858 tanquam'oues,
2057 4811 2160 4847 non

586 4855 976 4929 reservatasad
1011 4855 1405 4921 fecunditatem,
1433 4858 1524 4910 sed
1557 4855 1809 4929 escarum,
1861 4862 1908 4914 id
1933 4855 2032 4929 est,
2069 4866 2163 4918 de-

585 4928 818 5000 stinatas
852 4925 916 4976 ad
947 4939 1132 5000 escam
1177 4936 1231 4979 et
1271 4929 1635 5000 occisionenn
1667 4928 1730 4981 Et
1761 4925 2043 5000 dispersisti
2070 4950 2160 4987 nos

587 4998 641 5070 in
662 4994 913 5070 gentibus,
945 4995 994 5048 id
1024 5007 1128 5063 est,
1156 4998 1439 5064 permisisti
1477 5012 1575 5070 nos
1607 4994 1861 5069 dispergi,
1905 5005 2160 5070 quosdam

583 5064 949 5139 devocatione,
995 5072 1264 5139 quosdam
1319 5064 1709 5136 persecutione,
1755 5064 2000 5139 gentibus
2041 5075 2162 5130 inde

585 5149 741 5188 causa
765 5135 1130 5189 existentibus.

656 5202 724 5282 Et
749 5206 1020 5282 uendidisti
1062 5207 1441 5282 populumgsine
1463 5210 1642 5282 pretio.
1679 5209 1730 5282 id
1754 5219 1856 5275 est,
1878 5227 2155 5282 compara-

587 5273 886 5350 bilis__l'_u_is_ti
921 5275 1083 5350 alicui
1108 5277 1324 5350 aliquid
1348 5273 1788 5350 advendendum
1823 5273 2154 5350 proponenti,

589 5353 641 5396 et
673 5344 820 5419 nihil
847 5345 966 5398 inde
1009 5346 1310 5412 accipienti.
1348 5347 1584 5419 Vidimus
1612 5350 1752 5402 enim
1783 5344 2153 5419 qitos'dcdisti,

589 5428 694 5488 non
719 5414 960 5488 vidimus
977 5430 1108 5488 quos
1133 5419 1406 5488 accepiSti.
1437 5417 1502 5470 Et
1527 5421 1570 5472 si
1593 5435 1727 5488 quos
1756 5414 2029 5486 accepisu,
2058 5414 2158 5477 non

585 5482 680 5549 fuit
722 5482 1005 5537 multitudo
1033 5486 1086 5536 in
1136 5487 1233 5558 hac
1265 5482 1676 5554 commutatione,
1709 5491 1831 5558 quia
1864 5482 2153 5558 pattci'lue-

585 5563 708 5629 runt
745 5569 876 5629 quos
913 5557 1198 5629 accepisti;
1233 5561 1518 5624 pretiosum
1544 5564 1684 5613 enim
1714 5557 2000 5629 martyrem
2032 5563 2153 5617 Ste—

585 5624 818 5698 phimum
843 5623 1053 5691 dedisti,
1093 5635 1148 5679 et
1175 5623 1396 5698 nullum
1436 5631 1704 5698 accepisti.
1757 5631 1818 5684 Et
1854 5623 1966 5684 'hoc
1997 5635 2156 5687 modo

584 5693 795 5764 posuisti
822 5709 913 5749 nos
942 5697 1272 5767 opprobrium
1309 5700 1485 5753 vicinis
1528 5693 1735 5766 nostris,
1767 5699 1923 5772 .falsis
1949 5703 2154 5759 scilicet

2267 4511 2376 4586 loco
2401 4508 2702 4579 aﬂlicttonis,
2731 4512 2780 4564 id
2815 4513 3000 4586 est,_in
3019 4515 3463 4586 peregrinatione
3493 4519 3652 4586 hujus
3679 4516 3800 4579 vitae,

2265 4577 2453 4647 inqua
2479 4593 2682 4656 tempus
2713 4592 2811 4656 est
2850 4577 3189 4656 aingliitiliS:
3218 4592 3335 4652 post
3383 4603 3543 4656 quant
3565 4577 3801 4655 'seqttitur

2269 4659 2474 4726 tempus
2514 4651 2867 4726 exaltatipnis.
2900 4651 3338 4726 Humiliasti’nos,
3368 4651 3612 4726 inquam,
3643 4651 3693 4710 et
3724 4661 3805 4709 hoc

2267 4719 2319 4772 in
2350 4731 2575 4797 tantum,
2608 4723 2748 4787 quod
2787 4721 2946 4775 etiam
2982 4725 3160 4797 occidi
3191 4740 3286 4777 uos
3315 4719 3552 4793 voluisti,
3595 4719 3714 4797 quia
3734 4743 3802 4777 ιο-

2266 4792 2477 4859 operuit,
2524 4790 2574 4842 id
2609 4800 2710 4854 cst,
2755 4794 3020 4858 oppressit
3065 4809 3158 4845 nos
3200 4797 3372 4848 umbra
3412 4790 3628 4860 mortis;
3644 4799 3692 4850 id
3720 4807 3801 4855 est.

2267 4875 2508 4926 pra'sens
2539 4874 2703 4925 mors,
2755 4877 2873 4928 qua:
2918 4872 3000 4916 est
3049 4867 3259 4930 umbra,
3313 4869 3363 4919 id
3409 4878 3492 4921 est
3538 4867 3806 4920 similitudo

2263 4941 2477 5005 auertite
2525 4931 2728 4982 mortis.
2759 4931 2882 4985 Haec
2935 4948 3163 5005 namque
3200 4941 3461 5003 separatio
3512 4941 3745 5005 c0tpuris
3778 4950 3799 4985 ει

2263 5000 2371 5051 vita
2413 5000 2518 5072 hac,
2552 5011 2900 5072 repraesentat
2946 5000 3097 5056 nobis
3141 5000 3530 5072 separationem
3559 5000 3803 5061 malorum

2260 5083 2288 5120 a
2322 5085 2442 5143 vera
2475 5070 2601 5132 vita,
2631 5070 2811 5143 idest,
2846 5071 2977 5137 Deo,
3025 5074 3105 5126 vel
3151 5070 3464 5143 simpliciter
3489 5080 3560 5130 ita
3586 5096 3599 5130 :
3629 5077 3806 5130 Umbra

2260 5142 2436 5192 mortis
2468 5141 2724 5206 cooperuit
2748 5157 2859 5203 nos,
2885 5144 2934 5194 id
2958 5153 3058 5208 est,
3086 5144 3230 5209 mali,
3259 5141 3495 5202 volentes
3518 5162 3612 5201 nos
3635 5149 3809 5202 obum-

2260 5208 2435 5276 brare,
2467 5213 2531 5264 ad
2557 5222 2778 5263 mortem
2803 5222 3181 5279 oppresserunt
3211 5208 3325 5268 nos.

2332 5281 2392 5332 Si
2421 5282 2559 5334 obliti
2586 5296 2780 5334 sumus.
2819 5282 2906 5335 Sic
2935 5284 2998 5335 ad
3027 5287 3269 5350 superius
3294 5287 3636 5343 continuatur
3661 5306 3674 5339 :
3703 5287 3811 5342 Ideo

2262 5366 2364 5404 non
2394 5366 2576 5404 sumus
2598 5352 2742 5404 obliti
2779 5351 2890 5418 Det,
2915 5351 3037 5422 quia
3066 5359 3110 5407 si
3142 5355 3241 5410 ltoc
3271 5355 3598 5420 fecissemus,
3632 5360 3810 5411 merito

2260 5424 2312 5475 in
2343 5438 2438 5474 nos
2467 5422 2829 5476 ulcisceretur.
2874 5423 3024 5488 Quod
3064 5427 3141 5478 sic
3182 5428 3312 5480 dicit
3340 5445 3350 5479 :
3380 5427 3440 5482 Si
3489 5430 3628 5481 obliti
3654 5443 3812 5482 minus

2259 5507 2438 5544 nomen
2487 5489 2583 5543 Dei
2627 5493 2806 5567 nostri,
2826 5503 2898 5567 get
2935 5495 2986 5546 in
3043 5506 3242 5550 tantum
3294 5499 3433 5565 quod
3488 5502 3810 5567 expandtmus

2258 5579 2438 5636 manus
2490 5571 2685 5636 nostras
2715 5563 2780 5614 ad
2812 5563 2975 5636 Deum
3015 5566 3257 5632 alienant,
3301 5563 3351 5621 id
3379 5579 3478 5630 est,
3511 5563 3651 5636 quod
3684 5569 3810 5622 idola

2258 5635 2566 5706 adoremus.
2616 5630 2800 5685 Nonne
2838 5633 2975 5687 Deus
3023 5630 3252 5704 requiret
3266 5639 3405 5706 justa
3439 5630 3638 5692 ultione
3668 5641 3764 5693 ista
3789 5653 3813 5690 ει

2257 5702 2430 5758 nobis.
2487 5700 2676 5772 Utique
2721 5706 2966 5774 requiret,
3019 5700 3142 5776 quia
3188 5700 3296 5780 ipse
3341 5712 3480 5765 novit
3524 5711 3814 5765 abscondita
