  <div class='ocr_page' id='page_1' title='image "/cluster/home/n/w/nwhite01/storage/ocr_20150623/93/hvd.32044015471196/362.png"; bbox 0 0 3970 6368; ppageno 0'>
   <div class='ocr_carea' id='block_1_1' title="bbox 242 352 363 408">
    <p class='ocr_par' dir='ltr' id='par_1_1' title="bbox 242 352 363 408">
     <span class='ocr_line' id='line_1_1' title="bbox 242 352 363 408; baseline 0 0"><span class='ocrx_word' id='word_1_1' title='bbox 242 352 363 408; x_wconf 70' lang='grc'><strong>713</strong></span> 
     </span>
    </p>
   </div>
   <div class='ocr_carea' id='block_1_2' title="bbox 952 348 2794 414">
    <p class='ocr_par' dir='ltr' id='par_1_2' title="bbox 952 348 2794 414">
     <span class='ocr_line' id='line_1_2' title="bbox 952 348 2794 414; baseline -0.001 -5"><span class='ocrx_word' id='word_1_2' title='bbox 952 350 1020 409; x_wconf 82' lang='grc' dir='ltr'><strong>ΙΝ</strong></span> <span class='ocrx_word' id='word_1_3' title='bbox 1056 351 1469 410; x_wconf 78' lang='lat' dir='ltr'><strong>PSALMORUM</strong></span> <span class='ocrx_word' id='word_1_4' title='bbox 1507 351 1767 414; x_wconf 75' lang='lat' dir='ltr'><strong>LIBRUM</strong></span> <span class='ocrx_word' id='word_1_5' title='bbox 1810 348 2169 409; x_wconf 81' lang='lat' dir='ltr'><strong>EXEGESIS.</strong></span> <span class='ocrx_word' id='word_1_6' title='bbox 2209 383 2282 398; x_wconf 89' lang='lat'><strong>—-</strong></span> <span class='ocrx_word' id='word_1_7' title='bbox 2320 350 2562 409; x_wconf 60' lang='lat' dir='ltr'><strong>PSAL‘I.</strong></span> <span class='ocrx_word' id='word_1_8' title='bbox 2606 352 2794 410; x_wconf 84' lang='lat' dir='ltr'><strong>XLIV.</strong></span> 
     </span>
    </p>
   </div>
   <div class='ocr_carea' id='block_1_3' title="bbox 3389 358 3493 414">
    <p class='ocr_par' dir='ltr' id='par_1_3' title="bbox 3389 358 3493 414">
     <span class='ocr_line' id='line_1_3' title="bbox 3389 358 3493 414; baseline 0.01 -2"><span class='ocrx_word' id='word_1_9' title='bbox 3389 358 3493 414; x_wconf 70' lang='grc' dir='ltr'><strong>7Ιᾷ</strong></span> 
     </span>
    </p>
   </div>
   <div class='ocr_carea' id='block_1_4' title="bbox 242 465 3492 539">
    <p class='ocr_par' dir='ltr' id='par_1_4' title="bbox 242 465 3492 539">
     <span class='ocr_line' id='line_1_4' title="bbox 242 465 3492 539; baseline -0.001 -14"><span class='ocrx_word' id='word_1_10' title='bbox 242 470 445 535; x_wconf 88' lang='lat' dir='ltr'><strong>cordis,</strong></span> <span class='ocrx_word' id='word_1_11' title='bbox 476 468 526 523; x_wconf 88' lang='lat' dir='ltr'><strong>id</strong></span> <span class='ocrx_word' id='word_1_12' title='bbox 566 476 670 535; x_wconf 90' lang='lat' dir='ltr'><strong>est,</strong></span> <span class='ocrx_word' id='word_1_13' title='bbox 699 467 881 524; x_wconf 82' lang='lat' dir='ltr'><strong>omnia</strong></span> <span class='ocrx_word' id='word_1_14' title='bbox 919 469 1124 524; x_wconf 88' lang='lat' dir='ltr'><strong>occulta</strong></span> <span class='ocrx_word' id='word_1_15' title='bbox 1170 471 1442 539; x_wconf 75' lang='lat' dir='ltr'><strong>cognoscit</strong></span> <span class='ocrx_word' id='word_1_16' title='bbox 1490 470 1544 524; x_wconf 88' lang='lat' dir='ltr'><strong>in</strong></span> <span class='ocrx_word' id='word_1_17' title='bbox 1584 477 1808 537; x_wconf 86' lang='lat' dir='ltr'><strong>tantum,</strong></span> <span class='ocrx_word' id='word_1_18' title='bbox 1843 470 2133 534; x_wconf 70' lang='lat' dir='ltr'><strong>Aluntur,</strong></span> <span class='ocrx_word' id='word_1_19' title='bbox 2182 468 2271 537; x_wconf 86' lang='lat' dir='ltr'><strong>qui</strong></span> <span class='ocrx_word' id='word_1_20' title='bbox 2319 466 2541 536; x_wconf 75' lang='lat' dir='ltr'><strong>perfecti</strong></span> <span class='ocrx_word' id='word_1_21' title='bbox 2584 476 2723 522; x_wconf 91' lang='lat' dir='ltr'><strong>sunt.</strong></span> <span class='ocrx_word' id='word_1_22' title='bbox 2770 465 2981 537; x_wconf 72' lang='lat' dir='ltr'><strong>Exurge</strong></span> <span class='ocrx_word' id='word_1_23' title='bbox 3027 480 3154 537; x_wconf 88' lang='lat' dir='ltr'><strong>ergo</strong></span> <span class='ocrx_word' id='word_1_24' title='bbox 3179 506 3194 533; x_wconf 93' lang='lat'><strong>,</strong></span> <span class='ocrx_word' id='word_1_25' title='bbox 3245 466 3492 539; x_wconf 81' lang='lat' dir='ltr'><strong>Domine,</strong></span> 
     </span>
    </p>
   </div>
   <div class='ocr_carea' id='block_1_5' title="bbox 240 540 1809 611">
    <p class='ocr_par' dir='ltr' id='par_1_5' title="bbox 240 540 1809 611">
     <span class='ocr_line' id='line_1_5' title="bbox 240 540 1809 611; baseline 0.001 -18"><span class='ocrx_word' id='word_1_26' title='bbox 240 541 394 609; x_wconf 84' lang='lat' dir='ltr'><strong>quod</strong></span> <span class='ocrx_word' id='word_1_27' title='bbox 438 540 596 611; x_wconf 89' lang='lat' dir='ltr'><strong>etiam</strong></span> <span class='ocrx_word' id='word_1_28' title='bbox 628 550 711 594; x_wconf 88' lang='lat' dir='ltr'><strong>est</strong></span> <span class='ocrx_word' id='word_1_29' title='bbox 738 548 1000 594; x_wconf 86' lang='lat' dir='ltr'><strong>scrutator</strong></span> <span class='ocrx_word' id='word_1_30' title='bbox 1038 540 1387 595; x_wconf 78' lang='lat' dir='ltr'><strong>medullarum</strong></span> <span class='ocrx_word' id='word_1_31' title='bbox 1430 552 1483 596; x_wconf 90' lang='lat' dir='ltr'><strong>et</strong></span> <span class='ocrx_word' id='word_1_32' title='bbox 1528 542 1809 611; x_wconf 86' lang='lat' dir='ltr'><strong>cogitatio-</strong></span> 
     </span>
    </p>
   </div>
   <div class='ocr_carea' id='block_1_6' title="bbox 242 610 1809 680">
    <p class='ocr_par' dir='ltr' id='par_1_6' title="bbox 242 610 1809 680">
     <span class='ocr_line' id='line_1_6' title="bbox 242 610 1809 680; baseline -0.001 -15"><span class='ocrx_word' id='word_1_33' title='bbox 242 627 402 665; x_wconf 88' lang='lat' dir='ltr'><strong>num.</strong></span> <span class='ocrx_word' id='word_1_34' title='bbox 436 611 539 666; x_wconf 85' lang='lat' dir='ltr'><strong>Sed</strong></span> <span class='ocrx_word' id='word_1_35' title='bbox 584 610 637 664; x_wconf 93' lang='lat' dir='ltr'><strong>in</strong></span> <span class='ocrx_word' id='word_1_36' title='bbox 680 612 780 664; x_wconf 88' lang='lat' dir='ltr'><strong>hoc</strong></span> <span class='ocrx_word' id='word_1_37' title='bbox 809 620 1032 680; x_wconf 91' lang='lat' dir='ltr'><strong>apparet</strong></span> <span class='ocrx_word' id='word_1_38' title='bbox 1076 611 1215 677; x_wconf 89' lang='lat' dir='ltr'><strong>quod</strong></span> <span class='ocrx_word' id='word_1_39' title='bbox 1260 627 1363 665; x_wconf 90' lang='lat' dir='ltr'><strong>non</strong></span> <span class='ocrx_word' id='word_1_40' title='bbox 1408 610 1809 677; x_wconf 30' lang='lat' dir='ltr'><strong>sumns’obliti,</strong></span> 
     </span>
    </p>
   </div>
   <div class='ocr_carea' id='block_1_7' title="bbox 240 681 1813 752">
    <p class='ocr_par' dir='ltr' id='par_1_7' title="bbox 240 681 1813 752">
     <span class='ocr_line' id='line_1_7' title="bbox 240 681 1813 752; baseline 0.002 -18"><span class='ocrx_word' id='word_1_41' title='bbox 240 682 377 750; x_wconf 86' lang='lat' dir='ltr'><strong>quia</strong></span> <span class='ocrx_word' id='word_1_42' title='bbox 422 681 789 749; x_wconf 78' lang='lat' dir='ltr'><strong>mortiﬁcamur</strong></span> <span class='ocrx_word' id='word_1_43' title='bbox 817 691 1021 752; x_wconf 81' lang='lat' dir='ltr'><strong>propter</strong></span> <span class='ocrx_word' id='word_1_44' title='bbox 1044 690 1091 735; x_wconf 91' lang='lat' dir='ltr'><strong>te</strong></span> <span class='ocrx_word' id='word_1_45' title='bbox 1125 692 1230 735; x_wconf 82' lang='lat' dir='ltr'><strong>tota</strong></span> <span class='ocrx_word' id='word_1_46' title='bbox 1268 682 1368 735; x_wconf 89' lang='lat' dir='ltr'><strong>die.</strong></span> <span class='ocrx_word' id='word_1_47' title='bbox 1399 682 1578 737; x_wconf 83' lang='lat' dir='ltr'><strong>Potest</strong></span> <span class='ocrx_word' id='word_1_48' title='bbox 1602 697 1813 752; x_wconf 91' lang='lat' dir='ltr'><strong>quoque</strong></span> 
     </span>
    </p>
   </div>
   <div class='ocr_carea' id='block_1_8' title="bbox 240 752 1811 821">
    <p class='ocr_par' dir='ltr' id='par_1_8' title="bbox 240 752 1811 821">
     <span class='ocr_line' id='line_1_8' title="bbox 240 752 1811 821; baseline 0 -15"><span class='ocrx_word' id='word_1_49' title='bbox 240 752 495 818; x_wconf 81' lang='lat' dir='ltr'><strong>superior</strong></span> <span class='ocrx_word' id='word_1_50' title='bbox 524 766 729 819; x_wconf 88' lang='lat' dir='ltr'><strong>versus,</strong></span> <span class='ocrx_word' id='word_1_51' title='bbox 759 753 980 818; x_wconf 87' lang='lat' dir='ltr'><strong>scilicet,</strong></span> <span class='ocrx_word' id='word_1_52' title='bbox 1025 752 1085 806; x_wconf 89' lang='lat' dir='ltr'><strong>Si</strong></span> <span class='ocrx_word' id='word_1_53' title='bbox 1125 752 1267 806; x_wconf 79' lang='lat' dir='ltr'><strong>obliti</strong></span> <span class='ocrx_word' id='word_1_54' title='bbox 1295 769 1493 817; x_wconf 88' lang='lat' dir='ltr'><strong>sumus,</strong></span> <span class='ocrx_word' id='word_1_55' title='bbox 1543 767 1638 821; x_wconf 89' lang='lat' dir='ltr'><strong>per</strong></span> <span class='ocrx_word' id='word_1_56' title='bbox 1680 768 1811 821; x_wconf 87' lang='lat' dir='ltr'><strong>apo-</strong></span> 
     </span>
    </p>
   </div>
   <div class='ocr_carea' id='block_1_9' title="bbox 242 821 1813 892">
    <p class='ocr_par' dir='ltr' id='par_1_9' title="bbox 242 821 1813 892">
     <span class='ocr_line' id='line_1_9' title="bbox 242 821 1813 892; baseline 0.001 -15"><span class='ocrx_word' id='word_1_57' title='bbox 242 823 487 892; x_wconf 88' lang='lat' dir='ltr'><strong>siopesin</strong></span> <span class='ocrx_word' id='word_1_58' title='bbox 535 822 607 876; x_wconf 87' lang='lat' dir='ltr'><strong>ita</strong></span> <span class='ocrx_word' id='word_1_59' title='bbox 656 821 981 892; x_wconf 84' lang='lat' dir='ltr'><strong>legi:Vere,</strong></span> <span class='ocrx_word' id='word_1_60' title='bbox 1027 823 1270 887; x_wconf 89' lang='lat' dir='ltr'><strong>Domine,</strong></span> <span class='ocrx_word' id='word_1_61' title='bbox 1321 838 1425 878; x_wconf 92' lang='lat' dir='ltr'><strong>non</strong></span> <span class='ocrx_word' id='word_1_62' title='bbox 1457 824 1605 877; x_wconf 90' lang='lat' dir='ltr'><strong>obliti</strong></span> <span class='ocrx_word' id='word_1_63' title='bbox 1630 837 1813 878; x_wconf 90' lang='lat' dir='ltr'><strong>sumus</strong></span> 
     </span>
    </p>
   </div>
   <div class='ocr_carea' id='block_1_10' title="bbox 245 892 1814 957">
    <p class='ocr_par' dir='ltr' id='par_1_10' title="bbox 245 892 1814 957">
     <span class='ocr_line' id='line_1_10' title="bbox 245 892 1814 957; baseline 0 -10"><span class='ocrx_word' id='word_1_64' title='bbox 245 901 325 947; x_wconf 82' lang='lat' dir='ltr'><strong>te.</strong></span> <span class='ocrx_word' id='word_1_65' title='bbox 371 892 503 946; x_wconf 80' lang='lat' dir='ltr'><strong>Nam</strong></span> <span class='ocrx_word' id='word_1_66' title='bbox 542 893 587 947; x_wconf 92' lang='lat' dir='ltr'><strong>si</strong></span> <span class='ocrx_word' id='word_1_67' title='bbox 621 892 762 947; x_wconf 84' lang='lat' dir='ltr'><strong>obliti</strong></span> <span class='ocrx_word' id='word_1_68' title='bbox 808 908 981 946; x_wconf 88' lang='lat' dir='ltr'><strong>sumus</strong></span> <span class='ocrx_word' id='word_1_69' title='bbox 1017 908 1198 946; x_wconf 83' lang='lat' dir='ltr'><strong>nomen</strong></span> <span class='ocrx_word' id='word_1_70' title='bbox 1239 893 1331 946; x_wconf 88' lang='lat' dir='ltr'><strong>Dei</strong></span> <span class='ocrx_word' id='word_1_71' title='bbox 1364 894 1549 957; x_wconf 81' lang='lat' dir='ltr'><strong>nostri,</strong></span> <span class='ocrx_word' id='word_1_72' title='bbox 1582 904 1627 947; x_wconf 90' lang='lat' dir='ltr'><strong>et</strong></span> <span class='ocrx_word' id='word_1_73' title='bbox 1653 895 1697 947; x_wconf 91' lang='lat' dir='ltr'><strong>si</strong></span> <span class='ocrx_word' id='word_1_74' title='bbox 1726 909 1814 947; x_wconf 75' lang='lat' dir='ltr'><strong>ea:-</strong></span> 
     </span>
    </p>
   </div>
   <div class='ocr_carea' id='block_1_11' title="bbox 242 962 1814 1033">
    <p class='ocr_par' dir='ltr' id='par_1_11' title="bbox 242 962 1814 1033">
     <span class='ocr_line' id='line_1_11' title="bbox 242 962 1814 1033; baseline 0.001 -17"><span class='ocrx_word' id='word_1_75' title='bbox 242 962 527 1033; x_wconf 83' lang='lat' dir='ltr'><strong>pandimus</strong></span> <span class='ocrx_word' id='word_1_76' title='bbox 572 978 755 1016; x_wconf 87' lang='lat' dir='ltr'><strong>manus</strong></span> <span class='ocrx_word' id='word_1_77' title='bbox 802 973 1000 1018; x_wconf 90' lang='lat' dir='ltr'><strong>nostras</strong></span> <span class='ocrx_word' id='word_1_78' title='bbox 1040 964 1108 1015; x_wconf 89' lang='lat' dir='ltr'><strong>ad</strong></span> <span class='ocrx_word' id='word_1_79' title='bbox 1160 962 1323 1017; x_wconf 87' lang='lat' dir='ltr'><strong>Deum</strong></span> <span class='ocrx_word' id='word_1_80' title='bbox 1364 965 1611 1017; x_wconf 89' lang='lat' dir='ltr'><strong>alienum.</strong></span> <span class='ocrx_word' id='word_1_81' title='bbox 1652 963 1814 1030; x_wconf 87' lang='lat' dir='ltr'><strong>Quasi</strong></span> 
     </span>
    </p>
   </div>
   <div class='ocr_carea' id='block_1_12' title="bbox 243 1032 1813 1103">
    <p class='ocr_par' dir='ltr' id='par_1_12' title="bbox 243 1032 1813 1103">
     <span class='ocr_line' id='line_1_12' title="bbox 243 1032 1813 1103; baseline 0 -17"><span class='ocrx_word' id='word_1_82' title='bbox 243 1033 432 1087; x_wconf 88' lang='lat' dir='ltr'><strong>dicat:</strong></span> <span class='ocrx_word' id='word_1_83' title='bbox 460 1032 684 1088; x_wconf 87' lang='lat' dir='ltr'><strong>Veniant</strong></span> <span class='ocrx_word' id='word_1_84' title='bbox 707 1048 865 1101; x_wconf 87' lang='lat' dir='ltr'><strong>super</strong></span> <span class='ocrx_word' id='word_1_85' title='bbox 893 1048 989 1089; x_wconf 87' lang='lat' dir='ltr'><strong>nos</strong></span> <span class='ocrx_word' id='word_1_86' title='bbox 1017 1034 1192 1088; x_wconf 86' lang='lat' dir='ltr'><strong>omnia</strong></span> <span class='ocrx_word' id='word_1_87' title='bbox 1232 1036 1392 1088; x_wconf 89' lang='lat' dir='ltr'><strong>mala.</strong></span> <span class='ocrx_word' id='word_1_88' title='bbox 1425 1035 1492 1087; x_wconf 86' lang='lat' dir='ltr'><strong>Et</strong></span> <span class='ocrx_word' id='word_1_89' title='bbox 1520 1035 1672 1103; x_wconf 90' lang='lat' dir='ltr'><strong>quasi</strong></span> <span class='ocrx_word' id='word_1_90' title='bbox 1712 1033 1813 1086; x_wconf 85' lang='lat' dir='ltr'><strong>ali-</strong></span> 
     </span>
    </p>
   </div>
   <div class='ocr_carea' id='block_1_13' title="bbox 241 1102 1815 1173">
    <p class='ocr_par' dir='ltr' id='par_1_13' title="bbox 241 1102 1815 1173">
     <span class='ocr_line' id='line_1_13' title="bbox 241 1102 1815 1173; baseline 0.001 -17"><span class='ocrx_word' id='word_1_91' title='bbox 241 1103 373 1172; x_wconf 85' lang='lat' dir='ltr'><strong>quis</strong></span> <span class='ocrx_word' id='word_1_92' title='bbox 397 1104 634 1158; x_wconf 90' lang='lat' dir='ltr'><strong>diceret:</strong></span> <span class='ocrx_word' id='word_1_93' title='bbox 660 1102 849 1158; x_wconf 87' lang='lat' dir='ltr'><strong>Nonne</strong></span> <span class='ocrx_word' id='word_1_94' title='bbox 885 1118 1013 1173; x_wconf 90' lang='lat' dir='ltr'><strong>ergo</strong></span> <span class='ocrx_word' id='word_1_95' title='bbox 1042 1103 1181 1158; x_wconf 90' lang='lat' dir='ltr'><strong>Deus</strong></span> <span class='ocrx_word' id='word_1_96' title='bbox 1212 1104 1459 1172; x_wconf 90' lang='lat' dir='ltr'><strong>injustus,</strong></span> <span class='ocrx_word' id='word_1_97' title='bbox 1491 1102 1579 1173; x_wconf 86' lang='lat' dir='ltr'><strong>qui</strong></span> <span class='ocrx_word' id='word_1_98' title='bbox 1611 1118 1707 1159; x_wconf 90' lang='lat' dir='ltr'><strong>nos</strong></span> <span class='ocrx_word' id='word_1_99' title='bbox 1737 1104 1815 1159; x_wconf 85' lang='lat' dir='ltr'><strong>sic</strong></span> 
     </span>
    </p>
   </div>
   <div class='ocr_carea' id='block_1_14' title="bbox 239 1173 1815 1242">
    <p class='ocr_par' dir='ltr' id='par_1_14' title="bbox 239 1173 1815 1242">
     <span class='ocr_line' id='line_1_14' title="bbox 239 1173 1815 1242; baseline 0.001 -15"><span class='ocrx_word' id='word_1_100' title='bbox 239 1187 519 1229; x_wconf 86' lang='lat' dir='ltr'><strong>memores</strong></span> <span class='ocrx_word' id='word_1_101' title='bbox 558 1176 639 1229; x_wconf 90' lang='lat' dir='ltr'><strong>sui</strong></span> <span class='ocrx_word' id='word_1_102' title='bbox 682 1188 789 1228; x_wconf 87' lang='lat' dir='ltr'><strong>non</strong></span> <span class='ocrx_word' id='word_1_103' title='bbox 829 1174 1099 1229; x_wconf 88' lang='lat' dir='ltr'><strong>ulciscitur</strong></span> <span class='ocrx_word' id='word_1_104' title='bbox 1126 1174 1194 1228; x_wconf 90' lang='lat' dir='ltr'><strong>ab</strong></span> <span class='ocrx_word' id='word_1_105' title='bbox 1222 1173 1479 1237; x_wconf 88' lang='lat' dir='ltr'><strong>inimicis,</strong></span> <span class='ocrx_word' id='word_1_106' title='bbox 1527 1174 1815 1242; x_wconf 89' lang='lat' dir='ltr'><strong>respondet</strong></span> 
     </span>
    </p>
   </div>
   <div class='ocr_carea' id='block_1_15' title="bbox 239 1242 1817 1315">
    <p class='ocr_par' dir='ltr' id='par_1_15' title="bbox 239 1242 1817 1315">
     <span class='ocr_line' id='line_1_15' title="bbox 239 1242 1817 1315; baseline 0.001 -18"><span class='ocrx_word' id='word_1_107' title='bbox 239 1242 353 1315; x_wconf 77' lang='lat' dir='ltr'><strong>iste</strong></span> <span class='ocrx_word' id='word_1_108' title='bbox 380 1262 392 1296; x_wconf 91' lang='lat'><strong>:</strong></span> <span class='ocrx_word' id='word_1_109' title='bbox 425 1244 607 1315; x_wconf 86' lang='lat' dir='ltr'><strong>utique</strong></span> <span class='ocrx_word' id='word_1_110' title='bbox 636 1259 743 1299; x_wconf 90' lang='lat' dir='ltr'><strong>non</strong></span> <span class='ocrx_word' id='word_1_111' title='bbox 788 1254 870 1299; x_wconf 89' lang='lat' dir='ltr'><strong>est</strong></span> <span class='ocrx_word' id='word_1_112' title='bbox 906 1246 1148 1311; x_wconf 90' lang='lat' dir='ltr'><strong>injustus,</strong></span> <span class='ocrx_word' id='word_1_113' title='bbox 1182 1246 1300 1313; x_wconf 84' lang='lat' dir='ltr'><strong>quia</strong></span> <span class='ocrx_word' id='word_1_114' title='bbox 1330 1246 1546 1315; x_wconf 84' lang='lat' dir='ltr'><strong>requiret</strong></span> <span class='ocrx_word' id='word_1_115' title='bbox 1574 1260 1670 1315; x_wconf 90' lang='lat' dir='ltr'><strong>per</strong></span> <span class='ocrx_word' id='word_1_116' title='bbox 1688 1260 1817 1300; x_wconf 88' lang='lat' dir='ltr'><strong>con—</strong></span> 
     </span>
    </p>
   </div>
   <div class='ocr_carea' id='block_1_16' title="bbox 242 1312 1815 1438">
    <p class='ocr_par' dir='ltr' id='par_1_16' title="bbox 242 1312 1815 1438">
     <span class='ocr_line' id='line_1_16' title="bbox 242 1312 1815 1438; baseline 0.003 -71"><span class='ocrx_word' id='word_1_117' title='bbox 242 1312 467 1438; x_wconf 63' lang='lat' dir='ltr'><strong>dignam</strong></span> <span class='ocrx_word' id='word_1_118' title='bbox 496 1312 749 1369; x_wconf 89' lang='lat' dir='ltr'><strong>ultionem</strong></span> <span class='ocrx_word' id='word_1_119' title='bbox 792 1316 857 1369; x_wconf 89' lang='lat' dir='ltr'><strong>ab</strong></span> <span class='ocrx_word' id='word_1_120' title='bbox 897 1316 1122 1396; x_wconf 79' lang='lat' dir='ltr'><strong>inimicis</strong></span> <span class='ocrx_word' id='word_1_121' title='bbox 1157 1312 1260 1397; x_wconf 73' lang='lat' dir='ltr'><strong>ista</strong></span> <span class='ocrx_word' id='word_1_122' title='bbox 1285 1312 1590 1397; x_wconf 68' lang='lat' dir='ltr'><strong>quai_nobis</strong></span> <span class='ocrx_word' id='word_1_123' title='bbox 1614 1316 1815 1399; x_wconf 76' lang='lat' dir='ltr'><strong>scilicet</strong></span> 
     </span>
     <span class='ocr_line' id='line_1_17' title="bbox 242 1384 1815 1438; baseline 0 0"><span class='ocrx_word' id='word_1_124' title='bbox 242 1397 301 1438; x_wconf 86' lang='lat' dir='ltr'><strong>In</strong></span> <span class='ocrx_word' id='word_1_125' title='bbox 331 1395 508 1438; x_wconf 88' lang='lat' dir='ltr'><strong>erunt.</strong></span> <span class='ocrx_word' id='word_1_126' title='bbox 538 1394 591 1438; x_wconf 92' lang='lat' dir='ltr'><strong>et</strong></span> <span class='ocrx_word' id='word_1_127' title='bbox 617 1401 782 1438; x_wconf 84' lang='lat' dir='ltr'><strong>nonne</strong></span> <span class='ocrx_word' id='word_1_128' title='bbox 800 1386 1059 1438; x_wconf 82' lang='lat' dir='ltr'><strong>reautret?</strong></span> <span class='ocrx_word' id='word_1_129' title='bbox 1086 1384 1277 1438; x_wconf 82' lang='lat' dir='ltr'><strong>Utique</strong></span> <span class='ocrx_word' id='word_1_130' title='bbox 1318 1386 1494 1438; x_wconf 82' lang='lat' dir='ltr'><strong>faetet.</strong></span> <span class='ocrx_word' id='word_1_131' title='bbox 1544 1401 1668 1438; x_wconf 84' lang='lat' dir='ltr'><strong>auia</strong></span> <span class='ocrx_word' id='word_1_132' title='bbox 1706 1402 1815 1438; x_wconf 78' lang='lat' dir='ltr'><strong>ipse</strong></span> 
     </span>
    </p>
   </div>
   <div class='ocr_carea' id='block_1_17' title="bbox 240 1383 1816 1457">
    <p class='ocr_par' dir='ltr' id='par_1_17' title="bbox 240 1383 1816 1457">
     <span class='ocr_line' id='line_1_18' title="bbox 240 1383 1816 1457; baseline 0.002 -19"><span class='ocrx_word' id='word_1_133' title='bbox 240 1383 508 1457; x_wconf 87' lang='lat' dir='ltr'><strong>inferunt,</strong></span> <span class='ocrx_word' id='word_1_134' title='bbox 538 1394 591 1440; x_wconf 92' lang='lat' dir='ltr'><strong>et</strong></span> <span class='ocrx_word' id='word_1_135' title='bbox 617 1401 782 1457; x_wconf 84' lang='lat' dir='ltr'><strong>nonne</strong></span> <span class='ocrx_word' id='word_1_136' title='bbox 800 1386 1059 1457; x_wconf 87' lang='lat' dir='ltr'><strong>requiret?</strong></span> <span class='ocrx_word' id='word_1_137' title='bbox 1086 1384 1277 1457; x_wconf 88' lang='lat' dir='ltr'><strong>Utique</strong></span> <span class='ocrx_word' id='word_1_138' title='bbox 1318 1386 1494 1452; x_wconf 81' lang='lat' dir='ltr'><strong>faciet,</strong></span> <span class='ocrx_word' id='word_1_139' title='bbox 1544 1387 1668 1455; x_wconf 90' lang='lat' dir='ltr'><strong>quia</strong></span> <span class='ocrx_word' id='word_1_140' title='bbox 1706 1388 1816 1455; x_wconf 87' lang='lat' dir='ltr'><strong>ipse</strong></span> 
     </span>
    </p>
   </div>
   <div class='ocr_carea' id='block_1_18' title="bbox 240 1456 1816 1521">
    <p class='ocr_par' dir='ltr' id='par_1_18' title="bbox 240 1456 1816 1521">
     <span class='ocr_line' id='line_1_19' title="bbox 240 1456 1816 1521; baseline 0.003 -14"><span class='ocrx_word' id='word_1_141' title='bbox 240 1456 387 1509; x_wconf 86' lang='lat' dir='ltr'><strong>novit</strong></span> <span class='ocrx_word' id='word_1_142' title='bbox 418 1457 597 1511; x_wconf 90' lang='lat' dir='ltr'><strong>omnia</strong></span> <span class='ocrx_word' id='word_1_143' title='bbox 625 1456 828 1512; x_wconf 89' lang='lat' dir='ltr'><strong>occulta</strong></span> <span class='ocrx_word' id='word_1_144' title='bbox 858 1456 1055 1521; x_wconf 88' lang='lat' dir='ltr'><strong>cordis,</strong></span> <span class='ocrx_word' id='word_1_145' title='bbox 1095 1456 1234 1511; x_wconf 91' lang='lat' dir='ltr'><strong>unde</strong></span> <span class='ocrx_word' id='word_1_146' title='bbox 1262 1465 1313 1512; x_wconf 91' lang='lat' dir='ltr'><strong>et</strong></span> <span class='ocrx_word' id='word_1_147' title='bbox 1341 1457 1689 1513; x_wconf 88' lang='lat' dir='ltr'><strong>intentionem</strong></span> <span class='ocrx_word' id='word_1_148' title='bbox 1720 1472 1816 1511; x_wconf 87' lang='lat' dir='ltr'><strong>no-</strong></span> 
     </span>
    </p>
   </div>
   <div class='ocr_carea' id='block_1_19' title="bbox 240 1526 1816 1595">
    <p class='ocr_par' dir='ltr' id='par_1_19' title="bbox 240 1526 1816 1595">
     <span class='ocr_line' id='line_1_20' title="bbox 240 1526 1816 1595; baseline 0.001 -16"><span class='ocrx_word' id='word_1_149' title='bbox 240 1535 416 1580; x_wconf 85' lang='lat' dir='ltr'><strong>stram</strong></span> <span class='ocrx_word' id='word_1_150' title='bbox 459 1526 625 1592; x_wconf 86' lang='lat' dir='ltr'><strong>novit,</strong></span> <span class='ocrx_word' id='word_1_151' title='bbox 660 1526 779 1595; x_wconf 84' lang='lat' dir='ltr'><strong>quia</strong></span> <span class='ocrx_word' id='word_1_152' title='bbox 811 1541 916 1581; x_wconf 91' lang='lat' dir='ltr'><strong>non</strong></span> <span class='ocrx_word' id='word_1_153' title='bbox 946 1537 1159 1595; x_wconf 89' lang='lat' dir='ltr'><strong>propter</strong></span> <span class='ocrx_word' id='word_1_154' title='bbox 1203 1527 1363 1583; x_wconf 89' lang='lat' dir='ltr'><strong>inane</strong></span> <span class='ocrx_word' id='word_1_155' title='bbox 1410 1542 1625 1591; x_wconf 89' lang='lat' dir='ltr'><strong>nomen,</strong></span> <span class='ocrx_word' id='word_1_156' title='bbox 1672 1528 1816 1583; x_wconf 86' lang='lat' dir='ltr'><strong>scili-</strong></span> 
     </span>
    </p>
   </div>
   <div class='ocr_carea' id='block_1_20' title="bbox 241 1597 1814 1667">
    <p class='ocr_par' dir='ltr' id='par_1_20' title="bbox 241 1597 1814 1667">
     <span class='ocr_line' id='line_1_21' title="bbox 241 1597 1814 1667; baseline 0.001 -17"><span class='ocrx_word' id='word_1_157' title='bbox 241 1606 357 1665; x_wconf 87' lang='lat' dir='ltr'><strong>cet,</strong></span> <span class='ocrx_word' id='word_1_158' title='bbox 392 1597 488 1651; x_wconf 90' lang='lat' dir='ltr'><strong>sed</strong></span> <span class='ocrx_word' id='word_1_159' title='bbox 521 1606 733 1666; x_wconf 86' lang='lat' dir='ltr'><strong>propter</strong></span> <span class='ocrx_word' id='word_1_160' title='bbox 766 1612 887 1651; x_wconf 92' lang='lat' dir='ltr'><strong>eum</strong></span> <span class='ocrx_word' id='word_1_161' title='bbox 933 1598 1031 1651; x_wconf 93' lang='lat' dir='ltr'><strong>hoc</strong></span> <span class='ocrx_word' id='word_1_162' title='bbox 1069 1598 1319 1667; x_wconf 90' lang='lat' dir='ltr'><strong>patimur.</strong></span> <span class='ocrx_word' id='word_1_163' title='bbox 1351 1599 1417 1653; x_wconf 88' lang='lat' dir='ltr'><strong>Et</strong></span> <span class='ocrx_word' id='word_1_164' title='bbox 1446 1607 1529 1653; x_wconf 89' lang='lat' dir='ltr'><strong>est</strong></span> <span class='ocrx_word' id='word_1_165' title='bbox 1552 1599 1700 1666; x_wconf 90' lang='lat' dir='ltr'><strong>quasi</strong></span> <span class='ocrx_word' id='word_1_166' title='bbox 1728 1598 1814 1652; x_wconf 89' lang='lat' dir='ltr'><strong>di-</strong></span> 
     </span>
    </p>
   </div>
   <div class='ocr_carea' id='block_1_21' title="bbox 241 1667 1814 1738">
    <p class='ocr_par' dir='ltr' id='par_1_21' title="bbox 241 1667 1814 1738">
     <span class='ocr_line' id='line_1_22' title="bbox 241 1667 1814 1738; baseline 0.002 -19"><span class='ocrx_word' id='word_1_167' title='bbox 241 1675 339 1720; x_wconf 89' lang='lat' dir='ltr'><strong>cat</strong></span> <span class='ocrx_word' id='word_1_168' title='bbox 364 1684 378 1721; x_wconf 90' lang='lat'>:</span> <span class='ocrx_word' id='word_1_169' title='bbox 408 1667 524 1721; x_wconf 87' lang='lat' dir='ltr'><strong>Non</strong></span> <span class='ocrx_word' id='word_1_170' title='bbox 566 1667 864 1730; x_wconf 89' lang='lat' dir='ltr'><strong>defuerunt,</strong></span> <span class='ocrx_word' id='word_1_171' title='bbox 897 1668 1137 1733; x_wconf 88' lang='lat' dir='ltr'><strong>Domine,</strong></span> <span class='ocrx_word' id='word_1_172' title='bbox 1170 1670 1257 1737; x_wconf 91' lang='lat' dir='ltr'><strong>qui</strong></span> <span class='ocrx_word' id='word_1_173' title='bbox 1286 1677 1501 1738; x_wconf 86' lang='lat' dir='ltr'><strong>propter</strong></span> <span class='ocrx_word' id='word_1_174' title='bbox 1526 1669 1814 1738; x_wconf 88' lang='lat' dir='ltr'><strong>gloriosum</strong></span> 
     </span>
    </p>
   </div>
   <div class='ocr_carea' id='block_1_22' title="bbox 243 1739 1816 1807">
    <p class='ocr_par' dir='ltr' id='par_1_22' title="bbox 243 1739 1816 1807">
     <span class='ocr_line' id='line_1_23' title="bbox 243 1739 1816 1807; baseline 0.001 -17"><span class='ocrx_word' id='word_1_175' title='bbox 243 1752 453 1792; x_wconf 89' lang='lat' dir='ltr'><strong>nomen</strong></span> <span class='ocrx_word' id='word_1_176' title='bbox 484 1739 664 1792; x_wconf 68' lang='lat' dir='ltr'><strong>saaculi</strong></span> <span class='ocrx_word' id='word_1_177' title='bbox 695 1746 921 1792; x_wconf 90' lang='lat' dir='ltr'><strong>mortem</strong></span> <span class='ocrx_word' id='word_1_178' title='bbox 947 1739 1213 1801; x_wconf 86' lang='lat' dir='ltr'><strong>subirent;</strong></span> <span class='ocrx_word' id='word_1_179' title='bbox 1248 1748 1303 1793; x_wconf 94' lang='lat' dir='ltr'><strong>tu</strong></span> <span class='ocrx_word' id='word_1_180' title='bbox 1323 1749 1498 1793; x_wconf 90' lang='lat' dir='ltr'><strong>autem</strong></span> <span class='ocrx_word' id='word_1_181' title='bbox 1524 1740 1661 1793; x_wconf 88' lang='lat' dir='ltr'><strong>nosti</strong></span> <span class='ocrx_word' id='word_1_182' title='bbox 1687 1756 1816 1807; x_wconf 85' lang='lat' dir='ltr'><strong>quo-</strong></span> 
     </span>
    </p>
   </div>
   <div class='ocr_carea' id='block_1_23' title="bbox 242 1808 1906 1901">
    <p class='ocr_par' dir='ltr' id='par_1_23' title="bbox 242 1808 1906 1901">
     <span class='ocr_line' id='line_1_24' title="bbox 242 1808 1906 1901; baseline 0.001 -41"><span class='ocrx_word' id='word_1_183' title='bbox 242 1808 394 1901; x_wconf 59' lang='lat' dir='ltr'><strong>nia&#39;m</strong></span> <span class='ocrx_word' id='word_1_184' title='bbox 420 1824 517 1863; x_wconf 87' lang='lat' dir='ltr'><strong>nos</strong></span> <span class='ocrx_word' id='word_1_185' title='bbox 543 1809 977 1890; x_wconf 80' lang='lat' dir='ltr'><strong>mortilicabimur</strong></span> <span class='ocrx_word' id='word_1_186' title='bbox 1014 1816 1119 1891; x_wconf 78' lang='lat' dir='ltr'><strong>tota</strong></span> <span class='ocrx_word' id='word_1_187' title='bbox 1145 1809 1244 1890; x_wconf 72' lang='lat' dir='ltr'><strong>die,</strong></span> <span class='ocrx_word' id='word_1_188' title='bbox 1272 1825 1377 1864; x_wconf 90' lang='lat' dir='ltr'><strong>non</strong></span> <span class='ocrx_word' id='word_1_189' title='bbox 1409 1818 1623 1901; x_wconf 60' lang='lat' dir='ltr'><strong>prouter</strong></span> <span class='ocrx_word' id='word_1_190' title='bbox 1652 1810 1814 1891; x_wconf 81' lang='lat' dir='ltr'><strong>aliud,</strong></span> <span class='ocrx_word' id='word_1_191' title='bbox 1855 1841 1906 1901; x_wconf 71' lang='grc' dir='ltr'><strong>Β</strong></span> 
     </span>
    </p>
   </div>
   <div class='ocr_carea' id='block_1_24' title="bbox 241 1878 1828 1947">
    <p class='ocr_par' dir='ltr' id='par_1_24' title="bbox 241 1878 1828 1947">
     <span class='ocr_line' id='line_1_25' title="bbox 241 1878 1828 1947; baseline 0.001 -15"><span class='ocrx_word' id='word_1_192' title='bbox 241 1878 347 1932; x_wconf 87' lang='lat' dir='ltr'><strong>sed</strong></span> <span class='ocrx_word' id='word_1_193' title='bbox 374 1888 578 1947; x_wconf 86' lang='lat' dir='ltr'><strong>prapter</strong></span> <span class='ocrx_word' id='word_1_194' title='bbox 608 1890 673 1943; x_wconf 90' lang='lat' dir='ltr'><strong>te,</strong></span> <span class='ocrx_word' id='word_1_195' title='bbox 714 1889 767 1933; x_wconf 92' lang='lat' dir='ltr'><strong>et</strong></span> <span class='ocrx_word' id='word_1_196' title='bbox 792 1880 949 1933; x_wconf 90' lang='lat' dir='ltr'><strong>etiam</strong></span> <span class='ocrx_word' id='word_1_197' title='bbox 991 1880 1235 1934; x_wconf 66' lang='lat' dir='ltr'><strong>aestimati</strong></span> <span class='ocrx_word' id='word_1_198' title='bbox 1261 1878 1447 1935; x_wconf 83' lang='lat' dir='ltr'><strong>sumus</strong></span> <span class='ocrx_word' id='word_1_199' title='bbox 1488 1882 1553 1934; x_wconf 92' lang='lat' dir='ltr'><strong>ad</strong></span> <span class='ocrx_word' id='word_1_200' title='bbox 1600 1880 1828 1935; x_wconf 91' lang='lat' dir='ltr'><strong>inimicis</strong></span> 
     </span>
    </p>
   </div>
   <div class='ocr_carea' id='block_1_25' title="bbox 242 1947 1831 2015">
    <p class='ocr_par' dir='ltr' id='par_1_25' title="bbox 242 1947 1831 2015">
     <span class='ocr_line' id='line_1_26' title="bbox 242 1947 1831 2015; baseline 0.003 -14"><span class='ocrx_word' id='word_1_201' title='bbox 242 1947 325 2001; x_wconf 82' lang='lat' dir='ltr'><strong>ita</strong></span> <span class='ocrx_word' id='word_1_202' title='bbox 358 1949 491 2005; x_wconf 90' lang='lat' dir='ltr'><strong>viles</strong></span> <span class='ocrx_word' id='word_1_203' title='bbox 523 1950 589 2003; x_wconf 89' lang='lat' dir='ltr'><strong>ad</strong></span> <span class='ocrx_word' id='word_1_204' title='bbox 618 1950 1060 2015; x_wconf 90' lang='lat' dir='ltr'><strong>interliciendum,</strong></span> <span class='ocrx_word' id='word_1_205' title='bbox 1094 1953 1232 2005; x_wconf 91' lang='lat' dir='ltr'><strong>sicut</strong></span> <span class='ocrx_word' id='word_1_206' title='bbox 1254 1966 1381 2005; x_wconf 90' lang='lat' dir='ltr'><strong>oves</strong></span> <span class='ocrx_word' id='word_1_207' title='bbox 1407 1965 1513 2006; x_wconf 93' lang='lat' dir='ltr'><strong>non</strong></span> <span class='ocrx_word' id='word_1_208' title='bbox 1542 1960 1831 2006; x_wconf 57' lang='lat' dir='ltr'><strong>reservata;</strong></span> 
     </span>
    </p>
   </div>
   <div class='ocr_carea' id='block_1_26' title="bbox 241 2020 1349 2085">
    <p class='ocr_par' dir='ltr' id='par_1_26' title="bbox 241 2020 1349 2085">
     <span class='ocr_line' id='line_1_27' title="bbox 241 2020 1349 2085; baseline 0.003 -12"><span class='ocrx_word' id='word_1_209' title='bbox 241 2021 315 2073; x_wconf 87' lang='lat' dir='ltr'><strong>ad</strong></span> <span class='ocrx_word' id='word_1_210' title='bbox 354 2020 758 2085; x_wconf 88' lang='lat' dir='ltr'><strong>fecunditatem,</strong></span> <span class='ocrx_word' id='word_1_211' title='bbox 788 2021 883 2075; x_wconf 91' lang='lat' dir='ltr'><strong>sed</strong></span> <span class='ocrx_word' id='word_1_212' title='bbox 912 2023 976 2074; x_wconf 92' lang='lat' dir='ltr'><strong>ad</strong></span> <span class='ocrx_word' id='word_1_213' title='bbox 1004 2021 1349 2077; x_wconf 90' lang='lat' dir='ltr'><strong>occisionem.</strong></span> 
     </span>
    </p>
   </div>
   <div class='ocr_carea' id='block_1_27' title="bbox 323 2098 1827 2172">
    <p class='ocr_par' dir='ltr' id='par_1_27' title="bbox 323 2098 1827 2172">
     <span class='ocr_line' id='line_1_28' title="bbox 323 2098 1827 2172; baseline 0.003 -21"><span class='ocrx_word' id='word_1_214' title='bbox 323 2098 761 2172; x_wconf 74' lang='lat' dir='ltr'><strong>Exsurge,_quare</strong></span> <span class='ocrx_word' id='word_1_215' title='bbox 786 2100 1041 2153; x_wconf 88' lang='lat' dir='ltr'><strong>obdormis</strong></span> <span class='ocrx_word' id='word_1_216' title='bbox 1065 2140 1081 2166; x_wconf 95' lang='lat'><strong>,</strong></span> <span class='ocrx_word' id='word_1_217' title='bbox 1127 2099 1395 2155; x_wconf 82' lang='lat' dir='ltr'><strong>Domine?</strong></span> <span class='ocrx_word' id='word_1_218' title='bbox 1436 2101 1599 2169; x_wconf 86' lang='lat' dir='ltr'><strong>Quasi</strong></span> <span class='ocrx_word' id='word_1_219' title='bbox 1646 2102 1827 2156; x_wconf 87' lang='lat' dir='ltr'><strong>dicat:</strong></span> 
     </span>
    </p>
   </div>
   <div class='ocr_carea' id='block_1_28' title="bbox 243 2169 1826 2242">
    <p class='ocr_par' dir='ltr' id='par_1_28' title="bbox 243 2169 1826 2242">
     <span class='ocr_line' id='line_1_29' title="bbox 243 2169 1826 2242; baseline 0.002 -19"><span class='ocrx_word' id='word_1_220' title='bbox 243 2169 693 2237; x_wconf 80' lang='lat' dir='ltr'><strong>Quandoquidem</strong></span> <span class='ocrx_word' id='word_1_221' title='bbox 738 2180 1032 2242; x_wconf 10' lang='lat' dir='ltr'><strong>propterrte</strong></span> <span class='ocrx_word' id='word_1_222' title='bbox 1060 2172 1456 2239; x_wconf 77' lang='lat' dir='ltr'><strong>mortificamur,</strong></span> <span class='ocrx_word' id='word_1_223' title='bbox 1516 2187 1661 2241; x_wconf 89' lang='lat' dir='ltr'><strong>ergo,</strong></span> <span class='ocrx_word' id='word_1_224' title='bbox 1715 2172 1826 2226; x_wconf 89' lang='lat' dir='ltr'><strong>Do—</strong></span> 
     </span>
    </p>
   </div>
   <div class='ocr_carea' id='block_1_29' title="bbox 242 2241 1823 2311">
    <p class='ocr_par' dir='ltr' id='par_1_29' title="bbox 242 2241 1823 2311">
     <span class='ocr_line' id='line_1_30' title="bbox 242 2241 1823 2311; baseline 0.008 -21"><span class='ocrx_word' id='word_1_225' title='bbox 242 2242 409 2311; x_wconf 72' lang='lat' dir='ltr'><strong>mine,</strong></span> <span class='ocrx_word' id='word_1_226' title='bbox 442 2256 653 2311; x_wconf 78' lang='lat' dir='ltr'><strong>exsurge</strong></span> <span class='ocrx_word' id='word_1_227' title='bbox 677 2241 921 2311; x_wconf 77' lang='lat' dir='ltr'><strong>gentibus</strong></span> <span class='ocrx_word' id='word_1_228' title='bbox 950 2241 1004 2296; x_wconf 91' lang='lat' dir='ltr'><strong>in</strong></span> <span class='ocrx_word' id='word_1_229' title='bbox 1031 2243 1310 2308; x_wconf 84' lang='lat' dir='ltr'><strong>notitiam;</strong></span> <span class='ocrx_word' id='word_1_230' title='bbox 1343 2242 1482 2311; x_wconf 93' lang='lat' dir='ltr'><strong>quod</strong></span> <span class='ocrx_word' id='word_1_231' title='bbox 1514 2252 1595 2296; x_wconf 89' lang='lat' dir='ltr'><strong>est</strong></span> <span class='ocrx_word' id='word_1_232' title='bbox 1615 2244 1823 2302; x_wconf 85' lang='lat' dir='ltr'><strong>dicere:</strong></span> 
     </span>
    </p>
   </div>
   <div class='ocr_carea' id='block_1_30' title="bbox 243 2308 1821 2380">
    <p class='ocr_par' dir='ltr' id='par_1_30' title="bbox 243 2308 1821 2380">
     <span class='ocr_line' id='line_1_31' title="bbox 243 2308 1821 2380; baseline 0.003 -17"><span class='ocrx_word' id='word_1_233' title='bbox 243 2308 861 2378; x_wconf 55' lang='lat' dir='ltr'><strong>Dormivisti,&#39;Do&#39;mine,</strong></span> <span class='ocrx_word' id='word_1_234' title='bbox 896 2313 945 2366; x_wconf 89' lang='lat' dir='ltr'><strong>in</strong></span> <span class='ocrx_word' id='word_1_235' title='bbox 985 2327 1179 2379; x_wconf 89' lang='lat' dir='ltr'><strong>cruce;</strong></span> <span class='ocrx_word' id='word_1_236' title='bbox 1221 2308 1544 2378; x_wconf 80' lang='lat' dir='ltr'><strong>dorniivisti,</strong></span> <span class='ocrx_word' id='word_1_237' title='bbox 1576 2312 1821 2380; x_wconf 89' lang='lat' dir='ltr'><strong>Domine,</strong></span> 
     </span>
    </p>
   </div>
   <div class='ocr_carea' id='block_1_31' title="bbox 243 2380 1816 2447">
    <p class='ocr_par' dir='ltr' id='par_1_31' title="bbox 243 2380 1816 2447">
     <span class='ocr_line' id='line_1_32' title="bbox 243 2380 1816 2447; baseline 0.003 -13"><span class='ocrx_word' id='word_1_238' title='bbox 243 2380 303 2434; x_wconf 87' lang='lat' dir='ltr'><strong>in</strong></span> <span class='ocrx_word' id='word_1_239' title='bbox 362 2391 572 2447; x_wconf 89' lang='lat' dir='ltr'><strong>morte;</strong></span> <span class='ocrx_word' id='word_1_240' title='bbox 625 2382 720 2435; x_wconf 89' lang='lat' dir='ltr'><strong>sed</strong></span> <span class='ocrx_word' id='word_1_241' title='bbox 773 2382 926 2437; x_wconf 91' lang='lat' dir='ltr'><strong>nobis</strong></span> <span class='ocrx_word' id='word_1_242' title='bbox 973 2382 1317 2439; x_wconf 88' lang='lat' dir='ltr'><strong>credentibus</strong></span> <span class='ocrx_word' id='word_1_243' title='bbox 1369 2384 1816 2439; x_wconf 88' lang='lat' dir='ltr'><strong>resurrectionem</strong></span> 
     </span>
    </p>
   </div>
   <div class='ocr_carea' id='block_1_32' title="bbox 246 2452 1827 2522">
    <p class='ocr_par' dir='ltr' id='par_1_32' title="bbox 246 2452 1827 2522">
     <span class='ocr_line' id='line_1_33' title="bbox 246 2452 1827 2522; baseline 0.004 -19"><span class='ocrx_word' id='word_1_244' title='bbox 246 2459 400 2505; x_wconf 88' lang='lat' dir='ltr'><strong>tuam</strong></span> <span class='ocrx_word' id='word_1_245' title='bbox 428 2452 538 2521; x_wconf 91' lang='lat' dir='ltr'><strong>jam</strong></span> <span class='ocrx_word' id='word_1_246' title='bbox 570 2452 942 2521; x_wconf 81' lang='lat' dir='ltr'><strong>exsurrexisti,</strong></span> <span class='ocrx_word' id='word_1_247' title='bbox 974 2456 1220 2522; x_wconf 77' lang='lat' dir='ltr'><strong>gentibus</strong></span> <span class='ocrx_word' id='word_1_248' title='bbox 1251 2464 1430 2510; x_wconf 90' lang='lat' dir='ltr'><strong>autem</strong></span> <span class='ocrx_word' id='word_1_249' title='bbox 1465 2468 1569 2507; x_wconf 92' lang='lat' dir='ltr'><strong>non</strong></span> <span class='ocrx_word' id='word_1_250' title='bbox 1609 2454 1827 2509; x_wconf 88' lang='lat' dir='ltr'><strong>creden-</strong></span> 
     </span>
    </p>
   </div>
   <div class='ocr_carea' id='block_1_33' title="bbox 247 2522 1819 2593">
    <p class='ocr_par' dir='ltr' id='par_1_33' title="bbox 247 2522 1819 2593">
     <span class='ocr_line' id='line_1_34' title="bbox 247 2522 1819 2593; baseline 0.002 -17"><span class='ocrx_word' id='word_1_251' title='bbox 247 2522 397 2593; x_wconf 75' lang='lat' dir='ltr'><strong>tibus</strong></span> <span class='ocrx_word' id='word_1_252' title='bbox 423 2533 476 2577; x_wconf 92' lang='lat' dir='ltr'><strong>et</strong></span> <span class='ocrx_word' id='word_1_253' title='bbox 506 2536 601 2575; x_wconf 91' lang='lat' dir='ltr'><strong>nos</strong></span> <span class='ocrx_word' id='word_1_254' title='bbox 628 2524 1071 2593; x_wconf 88' lang='lat' dir='ltr'><strong>persequentibus</strong></span> <span class='ocrx_word' id='word_1_255' title='bbox 1111 2526 1285 2579; x_wconf 90' lang='lat' dir='ltr'><strong>adhuc</strong></span> <span class='ocrx_word' id='word_1_256' title='bbox 1326 2525 1546 2580; x_wconf 88' lang='lat' dir='ltr'><strong>dormis.</strong></span> <span class='ocrx_word' id='word_1_257' title='bbox 1574 2524 1639 2577; x_wconf 85' lang='lat' dir='ltr'><strong>Et</strong></span> <span class='ocrx_word' id='word_1_258' title='bbox 1678 2524 1819 2592; x_wconf 88' lang='lat' dir='ltr'><strong>ideo,</strong></span> 
     </span>
    </p>
   </div>
   <div class='ocr_carea' id='block_1_34' title="bbox 245 2590 1825 2663">
    <p class='ocr_par' dir='ltr' id='par_1_34' title="bbox 245 2590 1825 2663">
     <span class='ocr_line' id='line_1_35' title="bbox 245 2590 1825 2663; baseline 0.002 -16"><span class='ocrx_word' id='word_1_259' title='bbox 245 2590 500 2658; x_wconf 87' lang='lat' dir='ltr'><strong>Domine,</strong></span> <span class='ocrx_word' id='word_1_260' title='bbox 533 2590 641 2647; x_wconf 86' lang='lat' dir='ltr'><strong>illis</strong></span> <span class='ocrx_word' id='word_1_261' title='bbox 667 2590 877 2663; x_wconf 75' lang='lat' dir='ltr'><strong>exsurge</strong></span> <span class='ocrx_word' id='word_1_262' title='bbox 904 2594 958 2648; x_wconf 90' lang='lat' dir='ltr'><strong>in</strong></span> <span class='ocrx_word' id='word_1_263' title='bbox 987 2597 1251 2662; x_wconf 90' lang='lat' dir='ltr'><strong>notitiam,</strong></span> <span class='ocrx_word' id='word_1_264' title='bbox 1285 2596 1485 2650; x_wconf 89' lang='lat' dir='ltr'><strong>scilicet</strong></span> <span class='ocrx_word' id='word_1_265' title='bbox 1512 2603 1570 2649; x_wconf 92' lang='lat' dir='ltr'><strong>ut</strong></span> <span class='ocrx_word' id='word_1_266' title='bbox 1607 2590 1825 2650; x_wconf 86' lang='lat' dir='ltr'><strong>credant</strong></span> 
     </span>
    </p>
   </div>
   <div class='ocr_carea' id='block_1_35' title="bbox 246 2664 1825 2734">
    <p class='ocr_par' dir='ltr' id='par_1_35' title="bbox 246 2664 1825 2734">
     <span class='ocr_line' id='line_1_36' title="bbox 246 2664 1825 2734; baseline 0.003 -17"><span class='ocrx_word' id='word_1_267' title='bbox 246 2673 307 2719; x_wconf 85' lang='lat' dir='ltr'><strong>te</strong></span> <span class='ocrx_word' id='word_1_268' title='bbox 358 2665 745 2730; x_wconf 77' lang='lat' dir='ltr'><strong>resurrexisse,</strong></span> <span class='ocrx_word' id='word_1_269' title='bbox 792 2664 912 2734; x_wconf 91' lang='lat' dir='ltr'><strong>quia</strong></span> <span class='ocrx_word' id='word_1_270' title='bbox 958 2669 1003 2719; x_wconf 89' lang='lat' dir='ltr'><strong>si</strong></span> <span class='ocrx_word' id='word_1_271' title='bbox 1038 2668 1119 2722; x_wconf 89' lang='lat' dir='ltr'><strong>eis</strong></span> <span class='ocrx_word' id='word_1_272' title='bbox 1158 2667 1545 2731; x_wconf 81' lang='lat' dir='ltr'><strong>exsurrexeris,</strong></span> <span class='ocrx_word' id='word_1_273' title='bbox 1593 2667 1825 2721; x_wconf 90' lang='lat' dir='ltr'><strong>cessabit</strong></span> 
     </span>
    </p>
   </div>
   <div class='ocr_carea' id='block_1_36' title="bbox 247 2734 1823 2807">
    <p class='ocr_par' dir='ltr' id='par_1_36' title="bbox 247 2734 1823 2807">
     <span class='ocr_line' id='line_1_37' title="bbox 247 2734 1823 2807; baseline 0.001 -21"><span class='ocrx_word' id='word_1_274' title='bbox 247 2743 442 2807; x_wconf 89' lang='lat' dir='ltr'><strong>n_ostra</strong></span> <span class='ocrx_word' id='word_1_275' title='bbox 486 2734 840 2807; x_wconf 81' lang='lat' dir='ltr'><strong>mortificatio.</strong></span> <span class='ocrx_word' id='word_1_276' title='bbox 864 2806 867 2807; x_wconf 15' lang='grc' dir='ltr'><em>ν</em></span> <span class='ocrx_word' id='word_1_277' title='bbox 891 2736 1061 2801; x_wconf 86' lang='lat' dir='ltr'><strong>Quare</strong></span> <span class='ocrx_word' id='word_1_278' title='bbox 1102 2752 1227 2805; x_wconf 87' lang='lat' dir='ltr'><strong>ergo</strong></span> <span class='ocrx_word' id='word_1_279' title='bbox 1256 2738 1507 2789; x_wconf 89' lang='lat' dir='ltr'><strong>obdormis</strong></span> <span class='ocrx_word' id='word_1_280' title='bbox 1531 2736 1823 2807; x_wconf 78' lang='lat' dir='ltr'><strong>gentibus?</strong></span> 
     </span>
    </p>
   </div>
   <div class='ocr_carea' id='block_1_37' title="bbox 245 2802 1821 2875">
    <p class='ocr_par' dir='ltr' id='par_1_37' title="bbox 245 2802 1821 2875">
     <span class='ocr_line' id='line_1_38' title="bbox 245 2802 1821 2875; baseline 0.003 -19"><span class='ocrx_word' id='word_1_281' title='bbox 245 2802 514 2875; x_wconf 74' lang='lat' dir='ltr'><strong>Exsurge,</strong></span> <span class='ocrx_word' id='word_1_282' title='bbox 544 2804 683 2875; x_wconf 89' lang='lat' dir='ltr'><strong>dico,</strong></span> <span class='ocrx_word' id='word_1_283' title='bbox 709 2814 765 2858; x_wconf 92' lang='lat' dir='ltr'><strong>ut</strong></span> <span class='ocrx_word' id='word_1_284' title='bbox 786 2806 873 2874; x_wconf 89' lang='lat' dir='ltr'><strong>qui</strong></span> <span class='ocrx_word' id='word_1_285' title='bbox 901 2808 1059 2862; x_wconf 90' lang='lat' dir='ltr'><strong>modo</strong></span> <span class='ocrx_word' id='word_1_286' title='bbox 1084 2802 1281 2862; x_wconf 71' lang='lat' dir='ltr'><strong>videris</strong></span> <span class='ocrx_word' id='word_1_287' title='bbox 1307 2823 1399 2875; x_wconf 90' lang='lat' dir='ltr'><strong>per</strong></span> <span class='ocrx_word' id='word_1_288' title='bbox 1430 2802 1821 2861; x_wconf 78' lang='lat' dir='ltr'><strong>tribulationem</strong></span> 
     </span>
    </p>
   </div>
   <div class='ocr_carea' id='block_1_38' title="bbox 245 2874 1822 2949">
    <p class='ocr_par' dir='ltr' id='par_1_38' title="bbox 245 2874 1822 2949">
     <span class='ocr_line' id='line_1_39' title="bbox 245 2874 1822 2949; baseline 0.004 -23"><span class='ocrx_word' id='word_1_289' title='bbox 245 2889 416 2949; x_wconf 83' lang='lat' dir='ltr'><strong>quam</strong></span> <span class='ocrx_word' id='word_1_290' title='bbox 450 2874 677 2949; x_wconf 83' lang='lat' dir='ltr'><strong>patimur</strong></span> <span class='ocrx_word' id='word_1_291' title='bbox 705 2877 965 2943; x_wconf 89' lang='lat' dir='ltr'><strong>repulisse</strong></span> <span class='ocrx_word' id='word_1_292' title='bbox 994 2893 1112 2944; x_wconf 92' lang='lat' dir='ltr'><strong>nos,</strong></span> <span class='ocrx_word' id='word_1_293' title='bbox 1159 2893 1267 2932; x_wconf 90' lang='lat' dir='ltr'><strong>non</strong></span> <span class='ocrx_word' id='word_1_294' title='bbox 1299 2874 1458 2932; x_wconf 87' lang='lat' dir='ltr'><strong>etiam</strong></span> <span class='ocrx_word' id='word_1_295' title='bbox 1491 2878 1703 2949; x_wconf 76' lang='lat' dir='ltr'><strong>repellas</strong></span> <span class='ocrx_word' id='word_1_296' title='bbox 1726 2892 1822 2933; x_wconf 89' lang='lat' dir='ltr'><strong>nos</strong></span> 
     </span>
    </p>
   </div>
   <div class='ocr_carea' id='block_1_39' title="bbox 244 2946 1820 3018">
    <p class='ocr_par' dir='ltr' id='par_1_39' title="bbox 244 2946 1820 3018">
     <span class='ocr_line' id='line_1_40' title="bbox 244 2946 1820 3018; baseline 0.003 -20"><span class='ocrx_word' id='word_1_297' title='bbox 244 2946 555 3018; x_wconf 15' lang='lat' dir='ltr'><strong>inm/inerit,</strong></span> <span class='ocrx_word' id='word_1_298' title='bbox 610 2947 662 2999; x_wconf 91' lang='lat' dir='ltr'><strong>id</strong></span> <span class='ocrx_word' id='word_1_299' title='bbox 712 2956 795 3001; x_wconf 91' lang='lat' dir='ltr'><strong>est</strong></span> <span class='ocrx_word' id='word_1_300' title='bbox 856 2950 1158 3003; x_wconf 90' lang='lat' dir='ltr'><strong>omnimoda</strong></span> <span class='ocrx_word' id='word_1_301' title='bbox 1207 2946 1554 3018; x_wconf 48' lang='lat' dir='ltr'><strong>repulsioneﬁ</strong></span> <span class='ocrx_word' id='word_1_302' title='bbox 1588 2947 1679 3002; x_wconf 91' lang='lat' dir='ltr'><strong>llle</strong></span> <span class='ocrx_word' id='word_1_303' title='bbox 1731 2963 1820 3003; x_wconf 88' lang='lat' dir='ltr'><strong>re-</strong></span> 
     </span>
    </p>
   </div>
   <div class='ocr_carea' id='block_1_40' title="bbox 248 3017 1819 3089">
    <p class='ocr_par' dir='ltr' id='par_1_40' title="bbox 248 3017 1819 3089">
     <span class='ocr_line' id='line_1_41' title="bbox 248 3017 1819 3089; baseline 0.002 -20"><span class='ocrx_word' id='word_1_304' title='bbox 248 3017 474 3089; x_wconf 79' lang='lat' dir='ltr'><strong>pellitur</strong></span> <span class='ocrx_word' id='word_1_305' title='bbox 529 3018 831 3089; x_wconf 87' lang='lat' dir='ltr'><strong>omnimoda</strong></span> <span class='ocrx_word' id='word_1_306' title='bbox 883 3019 1227 3089; x_wconf 88' lang='lat' dir='ltr'><strong>repulsione,</strong></span> <span class='ocrx_word' id='word_1_307' title='bbox 1273 3017 1415 3087; x_wconf 77' lang='lat' dir='ltr'><strong>qui,</strong></span> <span class='ocrx_word' id='word_1_308' title='bbox 1472 3019 1665 3074; x_wconf 88' lang='lat' dir='ltr'><strong>timens</strong></span> <span class='ocrx_word' id='word_1_309' title='bbox 1695 3033 1819 3072; x_wconf 86' lang='lat' dir='ltr'><strong>cor-</strong></span> 
     </span>
    </p>
   </div>
   <div class='ocr_carea' id='block_1_41' title="bbox 248 3087 1815 3158">
    <p class='ocr_par' dir='ltr' id='par_1_41' title="bbox 248 3087 1815 3158">
     <span class='ocr_line' id='line_1_42' title="bbox 248 3087 1815 3158; baseline 0.001 -18"><span class='ocrx_word' id='word_1_310' title='bbox 248 3087 472 3157; x_wconf 88' lang='lat' dir='ltr'><strong>porales</strong></span> <span class='ocrx_word' id='word_1_311' title='bbox 516 3103 723 3156; x_wconf 77' lang='lat' dir='ltr'><strong>ptenas,</strong></span> <span class='ocrx_word' id='word_1_312' title='bbox 762 3087 1080 3155; x_wconf 81' lang='lat' dir='ltr'><strong>devocatur,</strong></span> <span class='ocrx_word' id='word_1_313' title='bbox 1122 3098 1177 3146; x_wconf 87' lang='lat' dir='ltr'><strong>et</strong></span> <span class='ocrx_word' id='word_1_314' title='bbox 1205 3091 1357 3143; x_wconf 89' lang='lat' dir='ltr'><strong>malis</strong></span> <span class='ocrx_word' id='word_1_315' title='bbox 1384 3099 1815 3158; x_wconf 83' lang='lat' dir='ltr'><strong>concorporatur.</strong></span> 
     </span>
    </p>
   </div>
   <div class='ocr_carea' id='block_1_42' title="bbox 331 3158 1819 3229">
    <p class='ocr_par' dir='ltr' id='par_1_42' title="bbox 331 3158 1819 3229">
     <span class='ocr_line' id='line_1_43' title="bbox 331 3158 1819 3229; baseline 0.003 -19"><span class='ocrx_word' id='word_1_316' title='bbox 331 3158 504 3222; x_wconf 80' lang='lat' dir='ltr'><strong>Quare</strong></span> <span class='ocrx_word' id='word_1_317' title='bbox 531 3160 731 3227; x_wconf 78' lang='lat' dir='ltr'><strong>faciem.</strong></span> <span class='ocrx_word' id='word_1_318' title='bbox 759 3159 881 3213; x_wconf 91' lang='lat' dir='ltr'><strong>Ideo</strong></span> <span class='ocrx_word' id='word_1_319' title='bbox 911 3160 1028 3215; x_wconf 90' lang='lat' dir='ltr'><strong>dico</strong></span> <span class='ocrx_word' id='word_1_320' title='bbox 1062 3161 1143 3214; x_wconf 85' lang='lat' dir='ltr'><strong>Ne</strong></span> <span class='ocrx_word' id='word_1_321' title='bbox 1170 3160 1389 3229; x_wconf 79' lang='lat' dir='ltr'><strong>repellas</strong></span> <span class='ocrx_word' id='word_1_322' title='bbox 1413 3161 1466 3213; x_wconf 90' lang='lat' dir='ltr'><strong>in</strong></span> <span class='ocrx_word' id='word_1_323' title='bbox 1488 3161 1664 3229; x_wconf 71' lang='lat' dir='ltr'><strong>finem,</strong></span> <span class='ocrx_word' id='word_1_324' title='bbox 1696 3160 1819 3229; x_wconf 90' lang='lat' dir='ltr'><strong>quia</strong></span> 
     </span>
    </p>
   </div>
   <div class='ocr_carea' id='block_1_43' title="bbox 246 3207 1896 3303">
    <p class='ocr_par' dir='ltr' id='par_1_43' title="bbox 246 3207 1896 3303">
     <span class='ocr_line' id='line_1_44' title="bbox 246 3207 1896 3303; baseline 0.001 -21"><span class='ocrx_word' id='word_1_325' title='bbox 246 3207 465 3293; x_wconf 39' lang='lat' dir='ltr'><strong>accitis,</strong></span> <span class='ocrx_word' id='word_1_326' title='bbox 495 3207 548 3285; x_wconf 84' lang='lat' dir='ltr'><strong>id</strong></span> <span class='ocrx_word' id='word_1_327' title='bbox 577 3238 677 3295; x_wconf 84' lang='lat' dir='ltr'><strong>est,</strong></span> <span class='ocrx_word' id='word_1_328' title='bbox 708 3207 1202 3303; x_wconf 8' lang='lat' dir='ltr'><strong>avegrtisse&#39;v&#39;ideris,</strong></span> <span class='ocrx_word' id='word_1_329' title='bbox 1229 3207 1411 3303; x_wconf 54' lang='lat' dir='ltr'><strong>faciem</strong></span> <span class='ocrx_word' id='word_1_330' title='bbox 1435 3207 1575 3303; x_wconf 68' lang='lat' dir='ltr'><strong>tuam</strong></span> <span class='ocrx_word' id='word_1_331' title='bbox 1592 3246 1621 3285; x_wconf 93' lang='lat' dir='ltr'><strong>a</strong></span> <span class='ocrx_word' id='word_1_332' title='bbox 1645 3207 1818 3303; x_wconf 42' lang='lat' dir='ltr'><strong>no‘bis,</strong></span> <span class='ocrx_word' id='word_1_333' title='bbox 1848 3207 1896 3272; x_wconf 66' lang='grc' dir='ltr'><strong>θ</strong></span> 
     </span>
    </p>
   </div>
   <div class='ocr_carea' id='block_1_44' title="bbox 246 3300 1823 3371">
    <p class='ocr_par' dir='ltr' id='par_1_44' title="bbox 246 3300 1823 3371">
     <span class='ocr_line' id='line_1_45' title="bbox 246 3300 1823 3371; baseline 0 -16"><span class='ocrx_word' id='word_1_334' title='bbox 246 3308 308 3355; x_wconf 87' lang='grc' dir='ltr'><strong>ει</strong></span> <span class='ocrx_word' id='word_1_335' title='bbox 339 3315 499 3369; x_wconf 90' lang='lat' dir='ltr'><strong>quare</strong></span> <span class='ocrx_word' id='word_1_336' title='bbox 523 3302 744 3355; x_wconf 76' lang='lat' dir='ltr'><strong>avertis?</strong></span> <span class='ocrx_word' id='word_1_337' title='bbox 786 3301 849 3371; x_wconf 82' lang='lat' dir='ltr'><strong>Et</strong></span> <span class='ocrx_word' id='word_1_338' title='bbox 872 3305 1136 3371; x_wconf 90' lang='lat' dir='ltr'><strong>quomodo</strong></span> <span class='ocrx_word' id='word_1_339' title='bbox 1162 3300 1366 3357; x_wconf 84' lang='lat' dir='ltr'><strong>avertat</strong></span> <span class='ocrx_word' id='word_1_340' title='bbox 1393 3301 1647 3369; x_wconf 87' lang='lat' dir='ltr'><strong>ostendit,</strong></span> <span class='ocrx_word' id='word_1_341' title='bbox 1677 3300 1823 3357; x_wconf 87' lang='lat' dir='ltr'><strong>scili-</strong></span> 
     </span>
    </p>
   </div>
   <div class='ocr_carea' id='block_1_45' title="bbox 245 3370 1824 3443">
    <p class='ocr_par' dir='ltr' id='par_1_45' title="bbox 245 3370 1824 3443">
     <span class='ocr_line' id='line_1_46' title="bbox 245 3370 1824 3443; baseline 0.001 -17"><span class='ocrx_word' id='word_1_342' title='bbox 245 3379 365 3436; x_wconf 89' lang='lat' dir='ltr'><strong>cet,</strong></span> <span class='ocrx_word' id='word_1_343' title='bbox 408 3371 733 3438; x_wconf 88' lang='lat' dir='ltr'><strong>oblivisceris,</strong></span> <span class='ocrx_word' id='word_1_344' title='bbox 780 3370 833 3425; x_wconf 89' lang='lat' dir='ltr'><strong>id</strong></span> <span class='ocrx_word' id='word_1_345' title='bbox 863 3370 964 3438; x_wconf 83' lang='lat' dir='ltr'><strong>est,</strong></span> <span class='ocrx_word' id='word_1_346' title='bbox 1008 3374 1203 3428; x_wconf 89' lang='lat' dir='ltr'><strong>videris</strong></span> <span class='ocrx_word' id='word_1_347' title='bbox 1232 3373 1428 3427; x_wconf 86' lang='lat' dir='ltr'><strong>oblitus</strong></span> <span class='ocrx_word' id='word_1_348' title='bbox 1471 3388 1592 3429; x_wconf 88' lang='lat' dir='ltr'><strong>esse</strong></span> <span class='ocrx_word' id='word_1_349' title='bbox 1636 3374 1824 3443; x_wconf 68' lang='lat' dir='ltr'><strong>inopia!</strong></span> 
     </span>
    </p>
   </div>
   <div class='ocr_carea' id='block_1_46' title="bbox 247 3443 1825 3513">
    <p class='ocr_par' dir='ltr' id='par_1_46' title="bbox 247 3443 1825 3513">
     <span class='ocr_line' id='line_1_47' title="bbox 247 3443 1825 3513; baseline 0.003 -19"><span class='ocrx_word' id='word_1_350' title='bbox 247 3449 466 3507; x_wconf 75' lang='lat' dir='ltr'><strong>nostrae,</strong></span> <span class='ocrx_word' id='word_1_351' title='bbox 508 3443 569 3513; x_wconf 85' lang='lat' dir='ltr'><strong>id</strong></span> <span class='ocrx_word' id='word_1_352' title='bbox 609 3451 710 3506; x_wconf 91' lang='lat' dir='ltr'><strong>est,</strong></span> <span class='ocrx_word' id='word_1_353' title='bbox 754 3443 1068 3499; x_wconf 88' lang='lat' dir='ltr'><strong>humilitatis</strong></span> <span class='ocrx_word' id='word_1_354' title='bbox 1114 3453 1332 3513; x_wconf 58' lang='lat' dir='ltr'><strong>nostrai,</strong></span> <span class='ocrx_word' id='word_1_355' title='bbox 1360 3443 1451 3513; x_wconf 88' lang='lat' dir='ltr'><strong>qui</strong></span> <span class='ocrx_word' id='word_1_356' title='bbox 1482 3457 1699 3513; x_wconf 90' lang='lat' dir='ltr'><strong>prorsus</strong></span> <span class='ocrx_word' id='word_1_357' title='bbox 1727 3458 1825 3499; x_wconf 88' lang='lat' dir='ltr'><strong>nos</strong></span> 
     </span>
    </p>
   </div>
   <div class='ocr_carea' id='block_1_47' title="bbox 246 3512 1827 3583">
    <p class='ocr_par' dir='ltr' id='par_1_47' title="bbox 246 3512 1827 3583">
     <span class='ocr_line' id='line_1_48' title="bbox 246 3512 1827 3583; baseline 0.001 -16"><span class='ocrx_word' id='word_1_358' title='bbox 246 3514 445 3581; x_wconf 87' lang='lat' dir='ltr'><strong>inopes</strong></span> <span class='ocrx_word' id='word_1_359' title='bbox 492 3512 751 3577; x_wconf 84' lang='lat' dir='ltr'><strong>facimus,</strong></span> <span class='ocrx_word' id='word_1_360' title='bbox 803 3514 931 3567; x_wconf 86' lang='lat' dir='ltr'><strong>nihil</strong></span> <span class='ocrx_word' id='word_1_361' title='bbox 982 3514 1052 3569; x_wconf 92' lang='lat' dir='ltr'><strong>de</strong></span> <span class='ocrx_word' id='word_1_362' title='bbox 1094 3515 1245 3569; x_wconf 90' lang='lat' dir='ltr'><strong>nobis</strong></span> <span class='ocrx_word' id='word_1_363' title='bbox 1293 3512 1698 3583; x_wconf 62' lang='lat' dir='ltr'><strong>praesumentes.</strong></span> <span class='ocrx_word' id='word_1_364' title='bbox 1760 3514 1827 3569; x_wconf 87' lang='lat' dir='ltr'><strong>Et</strong></span> 
     </span>
    </p>
   </div>
   <div class='ocr_carea' id='block_1_48' title="bbox 247 3583 1827 3654">
    <p class='ocr_par' dir='ltr' id='par_1_48' title="bbox 247 3583 1827 3654">
     <span class='ocr_line' id='line_1_49' title="bbox 247 3583 1827 3654; baseline -0.001 -17"><span class='ocrx_word' id='word_1_365' title='bbox 247 3583 379 3637; x_wconf 90' lang='lat' dir='ltr'><strong>ideo</strong></span> <span class='ocrx_word' id='word_1_366' title='bbox 402 3583 707 3638; x_wconf 82' lang='lat' dir='ltr'><strong>Oblivisceris</strong></span> <span class='ocrx_word' id='word_1_367' title='bbox 729 3586 939 3650; x_wconf 72' lang='lat' dir='ltr'><strong>inopia,</strong></span> <span class='ocrx_word' id='word_1_368' title='bbox 962 3585 1014 3639; x_wconf 86' lang='lat' dir='ltr'><strong>id</strong></span> <span class='ocrx_word' id='word_1_369' title='bbox 1036 3596 1137 3651; x_wconf 89' lang='lat' dir='ltr'><strong>est,</strong></span> <span class='ocrx_word' id='word_1_370' title='bbox 1158 3586 1282 3654; x_wconf 88' lang='lat' dir='ltr'><strong>quia</strong></span> <span class='ocrx_word' id='word_1_371' title='bbox 1306 3584 1637 3640; x_wconf 88' lang='lat' dir='ltr'><strong>oblivisceris</strong></span> <span class='ocrx_word' id='word_1_372' title='bbox 1664 3584 1827 3637; x_wconf 89' lang='lat' dir='ltr'><strong>tribu-</strong></span> 
     </span>
    </p>
   </div>
   <div class='ocr_carea' id='block_1_49' title="bbox 247 3654 1825 3725">
    <p class='ocr_par' dir='ltr' id='par_1_49' title="bbox 247 3654 1825 3725">
     <span class='ocr_line' id='line_1_50' title="bbox 247 3654 1825 3725; baseline 0.002 -19"><span class='ocrx_word' id='word_1_373' title='bbox 247 3654 466 3725; x_wconf 84' lang='lat' dir='ltr'><strong>lationis</strong></span> <span class='ocrx_word' id='word_1_374' title='bbox 500 3664 706 3721; x_wconf 67' lang='lat' dir='ltr'><strong>nostrae,</strong></span> <span class='ocrx_word' id='word_1_375' title='bbox 753 3655 805 3709; x_wconf 90' lang='lat' dir='ltr'><strong>id</strong></span> <span class='ocrx_word' id='word_1_376' title='bbox 842 3666 943 3720; x_wconf 87' lang='lat' dir='ltr'><strong>est,</strong></span> <span class='ocrx_word' id='word_1_377' title='bbox 975 3671 1092 3725; x_wconf 78' lang='lat' dir='ltr'><strong>qua:</strong></span> <span class='ocrx_word' id='word_1_378' title='bbox 1136 3670 1349 3725; x_wconf 85' lang='lat' dir='ltr'><strong>semper</strong></span> <span class='ocrx_word' id='word_1_379' title='bbox 1394 3656 1639 3710; x_wconf 87' lang='lat' dir='ltr'><strong>imminet</strong></span> <span class='ocrx_word' id='word_1_380' title='bbox 1666 3655 1825 3709; x_wconf 89' lang='lat' dir='ltr'><strong>nobis</strong></span> 
     </span>
    </p>
   </div>
   <div class='ocr_carea' id='block_1_50' title="bbox 246 3724 595 3780">
    <p class='ocr_par' dir='ltr' id='par_1_50' title="bbox 246 3724 595 3780">
     <span class='ocr_line' id='line_1_51' title="bbox 246 3724 595 3780; baseline 0.003 -1"><span class='ocrx_word' id='word_1_381' title='bbox 246 3724 595 3780; x_wconf 87' lang='lat' dir='ltr'><strong>tribulationi.</strong></span> 
     </span>
    </p>
   </div>
   <div class='ocr_carea' id='block_1_51' title="bbox 330 3794 1826 3867">
    <p class='ocr_par' dir='ltr' id='par_1_51' title="bbox 330 3794 1826 3867">
     <span class='ocr_line' id='line_1_52' title="bbox 330 3794 1826 3867; baseline 0.001 -19"><span class='ocrx_word' id='word_1_382' title='bbox 330 3794 586 3859; x_wconf 86' lang='lat' dir='ltr'><strong>Quoniam</strong></span> <span class='ocrx_word' id='word_1_383' title='bbox 632 3798 900 3853; x_wconf 80' lang='lat' dir='ltr'><strong>humiliata</strong></span> <span class='ocrx_word' id='word_1_384' title='bbox 927 3807 999 3854; x_wconf 88' lang='lat' dir='ltr'><strong>est</strong></span> <span class='ocrx_word' id='word_1_385' title='bbox 1030 3800 1083 3852; x_wconf 87' lang='lat' dir='ltr'><strong>in</strong></span> <span class='ocrx_word' id='word_1_386' title='bbox 1114 3799 1337 3867; x_wconf 84' lang='lat' dir='ltr'><strong>pulvere.</strong></span> <span class='ocrx_word' id='word_1_387' title='bbox 1382 3796 1523 3853; x_wconf 76' lang='lat' dir='ltr'><strong>Vere</strong></span> <span class='ocrx_word' id='word_1_388' title='bbox 1564 3795 1826 3851; x_wconf 83' lang='lat' dir='ltr'><strong>oblivisce-</strong></span> 
     </span>
    </p>
   </div>
   <div class='ocr_carea' id='block_1_52' title="bbox 247 3867 1826 3939">
    <p class='ocr_par' dir='ltr' id='par_1_52' title="bbox 247 3867 1826 3939">
     <span class='ocr_line' id='line_1_53' title="bbox 247 3867 1826 3939; baseline 0.001 -20"><span class='ocrx_word' id='word_1_389' title='bbox 247 3867 326 3919; x_wconf 87' lang='lat' dir='ltr'><strong>ris</strong></span> <span class='ocrx_word' id='word_1_390' title='bbox 370 3868 557 3936; x_wconf 66' lang='lat' dir='ltr'><strong>inopia:</strong></span> <span class='ocrx_word' id='word_1_391' title='bbox 583 3879 787 3936; x_wconf 74' lang='lat' dir='ltr'><strong>nostrw,</strong></span> <span class='ocrx_word' id='word_1_392' title='bbox 816 3873 1054 3939; x_wconf 89' lang='lat' dir='ltr'><strong>quoniam</strong></span> <span class='ocrx_word' id='word_1_393' title='bbox 1079 3871 1251 3922; x_wconf 89' lang='lat' dir='ltr'><strong>anima</strong></span> <span class='ocrx_word' id='word_1_394' title='bbox 1274 3878 1467 3935; x_wconf 88' lang='lat' dir='ltr'><strong>nostra,</strong></span> <span class='ocrx_word' id='word_1_395' title='bbox 1510 3868 1559 3923; x_wconf 88' lang='lat' dir='ltr'><strong>id</strong></span> <span class='ocrx_word' id='word_1_396' title='bbox 1586 3878 1687 3933; x_wconf 88' lang='lat' dir='ltr'><strong>est,</strong></span> <span class='ocrx_word' id='word_1_397' title='bbox 1721 3869 1826 3921; x_wconf 88' lang='lat' dir='ltr'><strong>vita</strong></span> 
     </span>
    </p>
   </div>
   <div class='ocr_carea' id='block_1_53' title="bbox 249 3939 1827 4011">
    <p class='ocr_par' dir='ltr' id='par_1_53' title="bbox 249 3939 1827 4011">
     <span class='ocr_line' id='line_1_54' title="bbox 249 3939 1827 4011; baseline 0.001 -20"><span class='ocrx_word' id='word_1_398' title='bbox 249 3948 464 4004; x_wconf 88' lang='lat' dir='ltr'><strong>nostra,</strong></span> <span class='ocrx_word' id='word_1_399' title='bbox 502 3941 779 4011; x_wconf 13' lang='lat' dir='ltr'><strong>humiliatur</strong></span> <span class='ocrx_word' id='word_1_400' title='bbox 810 3950 881 3993; x_wconf 91' lang='lat' dir='ltr'><strong>est</strong></span> <span class='ocrx_word' id='word_1_401' title='bbox 924 3941 977 3993; x_wconf 88' lang='lat' dir='ltr'><strong>in</strong></span> <span class='ocrx_word' id='word_1_402' title='bbox 1022 3941 1254 4011; x_wconf 88' lang='lat' dir='ltr'><strong>pulvere,</strong></span> <span class='ocrx_word' id='word_1_403' title='bbox 1301 3940 1353 3994; x_wconf 88' lang='lat' dir='ltr'><strong>id</strong></span> <span class='ocrx_word' id='word_1_404' title='bbox 1392 3949 1492 4005; x_wconf 85' lang='lat' dir='ltr'><strong>est,</strong></span> <span class='ocrx_word' id='word_1_405' title='bbox 1537 3939 1677 3993; x_wconf 87' lang='lat' dir='ltr'><strong>inter</strong></span> <span class='ocrx_word' id='word_1_406' title='bbox 1709 3939 1827 4011; x_wconf 85' lang='lat' dir='ltr'><strong>illos</strong></span> 
     </span>
    </p>
   </div>
   <div class='ocr_carea' id='block_1_54' title="bbox 248 4010 1827 4079">
    <p class='ocr_par' dir='ltr' id='par_1_54' title="bbox 248 4010 1827 4079">
     <span class='ocr_line' id='line_1_55' title="bbox 248 4010 1827 4079; baseline -0.001 -18"><span class='ocrx_word' id='word_1_407' title='bbox 248 4011 345 4079; x_wconf 89' lang='lat' dir='ltr'><strong>qui</strong></span> <span class='ocrx_word' id='word_1_408' title='bbox 379 4019 502 4065; x_wconf 88' lang='lat' dir='ltr'><strong>sunt</strong></span> <span class='ocrx_word' id='word_1_409' title='bbox 530 4011 700 4078; x_wconf 82' lang='lat' dir='ltr'><strong>pulvis</strong></span> <span class='ocrx_word' id='word_1_410' title='bbox 728 4010 818 4065; x_wconf 88' lang='lat' dir='ltr'><strong>ille</strong></span> <span class='ocrx_word' id='word_1_411' title='bbox 843 4011 909 4066; x_wconf 90' lang='lat' dir='ltr'><strong>de</strong></span> <span class='ocrx_word' id='word_1_412' title='bbox 939 4010 1041 4079; x_wconf 86' lang='lat' dir='ltr'><strong>quo</strong></span> <span class='ocrx_word' id='word_1_413' title='bbox 1066 4013 1266 4067; x_wconf 88' lang='lat' dir='ltr'><strong>dictum</strong></span> <span class='ocrx_word' id='word_1_414' title='bbox 1294 4021 1378 4066; x_wconf 88' lang='lat' dir='ltr'><strong>est</strong></span> <span class='ocrx_word' id='word_1_415' title='bbox 1399 4014 1413 4063; x_wconf 72' lang='grc' dir='ltr'><em>ὲ</em></span> <span class='ocrx_word' id='word_1_416' title='bbox 1436 4011 1594 4076; x_wconf 84' lang='lat' dir='ltr'><strong>Quem</strong></span> <span class='ocrx_word' id='word_1_417' title='bbox 1622 4010 1827 4079; x_wconf 88' lang='lat' dir='ltr'><strong>projicit</strong></span> 
     </span>
    </p>
   </div>
   <div class='ocr_carea' id='block_1_55' title="bbox 248 4080 1826 4153">
    <p class='ocr_par' dir='ltr' id='par_1_55' title="bbox 248 4080 1826 4153">
     <span class='ocr_line' id='line_1_56' title="bbox 248 4080 1826 4153; baseline 0 -21"><span class='ocrx_word' id='word_1_418' title='bbox 248 4089 432 4133; x_wconf 82' lang='lat' dir='ltr'><strong>ventus</strong></span> <span class='ocrx_word' id='word_1_419' title='bbox 460 4096 493 4134; x_wconf 92' lang='lat' dir='ltr'><strong>a</strong></span> <span class='ocrx_word' id='word_1_420' title='bbox 520 4082 650 4151; x_wconf 83' lang='lat' dir='ltr'><strong>facie</strong></span> <span class='ocrx_word' id='word_1_421' title='bbox 684 4089 849 4153; x_wconf 61' lang='lat' dir='ltr'><strong>terraé.</strong></span> <span class='ocrx_word' id='word_1_422' title='bbox 897 4082 962 4135; x_wconf 90' lang='lat' dir='ltr'><strong>Et</strong></span> <span class='ocrx_word' id='word_1_423' title='bbox 992 4082 1212 4136; x_wconf 89' lang='lat' dir='ltr'><strong>multum</strong></span> <span class='ocrx_word' id='word_1_424' title='bbox 1239 4092 1332 4153; x_wconf 66' lang='lat' dir='ltr'><strong>gest</strong></span> <span class='ocrx_word' id='word_1_425' title='bbox 1377 4080 1674 4153; x_wconf 80' lang='lat' dir='ltr'><strong>humiliata,</strong></span> <span class='ocrx_word' id='word_1_426' title='bbox 1704 4080 1826 4149; x_wconf 91' lang='lat' dir='ltr'><strong>quia</strong></span> 
     </span>
    </p>
   </div>
   <div class='ocr_carea' id='block_1_56' title="bbox 250 4150 1827 4223">
    <p class='ocr_par' dir='ltr' id='par_1_56' title="bbox 250 4150 1827 4223">
     <span class='ocr_line' id='line_1_57' title="bbox 250 4150 1827 4223; baseline 0.001 -21"><span class='ocrx_word' id='word_1_427' title='bbox 250 4160 447 4223; x_wconf 11' lang='lat' dir='ltr'><strong>venter;</strong></span> <span class='ocrx_word' id='word_1_428' title='bbox 470 4150 639 4223; x_wconf 84' lang='lat' dir='ltr'><strong>noster</strong></span> <span class='ocrx_word' id='word_1_429' title='bbox 681 4152 1056 4223; x_wconf 88' lang='lat' dir='ltr'><strong>conglutinatus</strong></span> <span class='ocrx_word' id='word_1_430' title='bbox 1082 4164 1153 4207; x_wconf 87' lang='lat' dir='ltr'><strong>est</strong></span> <span class='ocrx_word' id='word_1_431' title='bbox 1180 4150 1415 4206; x_wconf 75' lang='lat' dir='ltr'><strong>interra.</strong></span> <span class='ocrx_word' id='word_1_432' title='bbox 1444 4150 1827 4223; x_wconf 15' lang='lat' dir='ltr'><strong>Quodidictum</strong></span> 
     </span>
    </p>
   </div>
   <div class='ocr_carea' id='block_1_57' title="bbox 250 4220 1829 4288">
    <p class='ocr_par' dir='ltr' id='par_1_57' title="bbox 250 4220 1829 4288">
     <span class='ocr_line' id='line_1_58' title="bbox 250 4220 1829 4288; baseline -0.001 -11"><span class='ocrx_word' id='word_1_433' title='bbox 250 4228 342 4277; x_wconf 87' lang='lat' dir='ltr'><strong>est</strong></span> <span class='ocrx_word' id='word_1_434' title='bbox 383 4221 452 4276; x_wconf 92' lang='lat' dir='ltr'><strong>ad</strong></span> <span class='ocrx_word' id='word_1_435' title='bbox 500 4220 921 4278; x_wconf 77' lang='lat' dir='ltr'><strong>similitudinem.</strong></span> <span class='ocrx_word' id='word_1_436' title='bbox 971 4224 1071 4288; x_wconf 85' lang='lat' dir='ltr'><strong>Qui</strong></span> <span class='ocrx_word' id='word_1_437' title='bbox 1114 4224 1254 4278; x_wconf 91' lang='lat' dir='ltr'><strong>enim</strong></span> <span class='ocrx_word' id='word_1_438' title='bbox 1304 4224 1382 4277; x_wconf 89' lang='lat' dir='ltr'><strong>sic</strong></span> <span class='ocrx_word' id='word_1_439' title='bbox 1432 4220 1739 4275; x_wconf 88' lang='lat' dir='ltr'><strong>humiliatur</strong></span> <span class='ocrx_word' id='word_1_440' title='bbox 1771 4230 1829 4275; x_wconf 93' lang='lat' dir='ltr'><strong>ut</strong></span> 
     </span>
    </p>
   </div>
   <div class='ocr_carea' id='block_1_58' title="bbox 249 4289 1828 4363">
    <p class='ocr_par' dir='ltr' id='par_1_58' title="bbox 249 4289 1828 4363">
     <span class='ocr_line' id='line_1_59' title="bbox 249 4289 1828 4363; baseline -0.001 -17"><span class='ocrx_word' id='word_1_441' title='bbox 249 4292 616 4363; x_wconf 88' lang='lat' dir='ltr'><strong>geniculetur,</strong></span> <span class='ocrx_word' id='word_1_442' title='bbox 658 4302 863 4348; x_wconf 88' lang='lat' dir='ltr'><strong>tantum</strong></span> <span class='ocrx_word' id='word_1_443' title='bbox 895 4293 1068 4348; x_wconf 89' lang='lat' dir='ltr'><strong>adhuc</strong></span> <span class='ocrx_word' id='word_1_444' title='bbox 1100 4294 1257 4349; x_wconf 87' lang='lat' dir='ltr'><strong>habet</strong></span> <span class='ocrx_word' id='word_1_445' title='bbox 1296 4308 1403 4362; x_wconf 87' lang='lat' dir='ltr'><strong>quo</strong></span> <span class='ocrx_word' id='word_1_446' title='bbox 1434 4296 1551 4363; x_wconf 92' lang='lat' dir='ltr'><strong>plus</strong></span> <span class='ocrx_word' id='word_1_447' title='bbox 1581 4289 1828 4345; x_wconf 86' lang='lat' dir='ltr'><strong>humilie-</strong></span> 
     </span>
    </p>
   </div>
   <div class='ocr_carea' id='block_1_59' title="bbox 252 4363 1829 4431">
    <p class='ocr_par' dir='ltr' id='par_1_59' title="bbox 252 4363 1829 4431">
     <span class='ocr_line' id='line_1_60' title="bbox 252 4363 1829 4431; baseline 0 -14"><span class='ocrx_word' id='word_1_448' title='bbox 252 4376 365 4418; x_wconf 89' lang='lat' dir='ltr'><strong>tur.</strong></span> <span class='ocrx_word' id='word_1_449' title='bbox 395 4364 499 4429; x_wconf 85' lang='lat' dir='ltr'><strong>Qui</strong></span> <span class='ocrx_word' id='word_1_450' title='bbox 532 4378 662 4419; x_wconf 85' lang='lat' dir='ltr'><strong>vero</strong></span> <span class='ocrx_word' id='word_1_451' title='bbox 706 4364 783 4419; x_wconf 89' lang='lat' dir='ltr'><strong>sic</strong></span> <span class='ocrx_word' id='word_1_452' title='bbox 828 4365 1135 4419; x_wconf 89' lang='lat' dir='ltr'><strong>humiliatur</strong></span> <span class='ocrx_word' id='word_1_453' title='bbox 1182 4374 1241 4418; x_wconf 94' lang='lat' dir='ltr'><strong>ut</strong></span> <span class='ocrx_word' id='word_1_454' title='bbox 1284 4374 1471 4419; x_wconf 88' lang='lat' dir='ltr'><strong>venter</strong></span> <span class='ocrx_word' id='word_1_455' title='bbox 1514 4363 1628 4431; x_wconf 86' lang='lat' dir='ltr'><strong>ejus</strong></span> <span class='ocrx_word' id='word_1_456' title='bbox 1672 4372 1829 4417; x_wconf 76' lang='lat' dir='ltr'><strong>terra:</strong></span> 
     </span>
    </p>
   </div>
   <div class='ocr_carea' id='block_1_60' title="bbox 252 4433 1828 4504">
    <p class='ocr_par' dir='ltr' id='par_1_60' title="bbox 252 4433 1828 4504">
     <span class='ocr_line' id='line_1_61' title="bbox 252 4433 1828 4504; baseline -0.001 -15"><span class='ocrx_word' id='word_1_457' title='bbox 252 4437 673 4504; x_wconf 79' lang='lat' dir='ltr'><strong>conglutinetur,</strong></span> <span class='ocrx_word' id='word_1_458' title='bbox 718 4436 770 4489; x_wconf 91' lang='lat' dir='ltr'><strong>id</strong></span> <span class='ocrx_word' id='word_1_459' title='bbox 816 4447 919 4499; x_wconf 90' lang='lat' dir='ltr'><strong>est,</strong></span> <span class='ocrx_word' id='word_1_460' title='bbox 970 4435 1341 4504; x_wconf 88' lang='lat' dir='ltr'><strong>conjungatur,</strong></span> <span class='ocrx_word' id='word_1_461' title='bbox 1390 4450 1495 4489; x_wconf 91' lang='lat' dir='ltr'><strong>non</strong></span> <span class='ocrx_word' id='word_1_462' title='bbox 1536 4433 1695 4504; x_wconf 89' lang='lat' dir='ltr'><strong>habet</strong></span> <span class='ocrx_word' id='word_1_463' title='bbox 1724 4447 1828 4502; x_wconf 93' lang='lat' dir='ltr'><strong>quo</strong></span> 
     </span>
    </p>
   </div>
   <div class='ocr_carea' id='block_1_61' title="bbox 253 4500 1822 4575">
    <p class='ocr_par' dir='ltr' id='par_1_61' title="bbox 253 4500 1822 4575">
     <span class='ocr_line' id='line_1_62' title="bbox 253 4500 1822 4575; baseline -0.002 -17"><span class='ocrx_word' id='word_1_464' title='bbox 253 4500 390 4575; x_wconf 68' lang='lat' dir='ltr'><strong>plus&quot;</strong></span> <span class='ocrx_word' id='word_1_465' title='bbox 428 4500 769 4572; x_wconf 84' lang='lat' dir='ltr'><strong>bumilietur;</strong></span> <span class='ocrx_word' id='word_1_466' title='bbox 816 4514 871 4560; x_wconf 92' lang='lat' dir='ltr'><strong>et</strong></span> <span class='ocrx_word' id='word_1_467' title='bbox 910 4506 1030 4561; x_wconf 89' lang='lat' dir='ltr'><strong>ideo</strong></span> <span class='ocrx_word' id='word_1_468' title='bbox 1056 4500 1269 4575; x_wconf 67' lang='lat' dir='ltr'><strong>ponitur</strong></span> <span class='ocrx_word' id='word_1_469' title='bbox 1298 4506 1383 4560; x_wconf 90' lang='lat' dir='ltr'><strong>hic</strong></span> <span class='ocrx_word' id='word_1_470' title='bbox 1411 4519 1507 4574; x_wconf 91' lang='lat' dir='ltr'><strong>pro</strong></span> <span class='ocrx_word' id='word_1_471' title='bbox 1535 4503 1695 4557; x_wconf 91' lang='lat' dir='ltr'><strong>nimia</strong></span> <span class='ocrx_word' id='word_1_472' title='bbox 1725 4500 1822 4556; x_wconf 84' lang='lat' dir='ltr'><strong>liu-</strong></span> 
     </span>
    </p>
   </div>
   <div class='ocr_carea' id='block_1_62' title="bbox 1920 537 3493 609">
    <p class='ocr_par' dir='ltr' id='par_1_62' title="bbox 1920 537 3493 609">
     <span class='ocr_line' id='line_1_63' title="bbox 1920 537 3493 609; baseline 0.001 -16"><span class='ocrx_word' id='word_1_473' title='bbox 1920 540 2166 608; x_wconf 87' lang='lat' dir='ltr'><strong>gentibus</strong></span> <span class='ocrx_word' id='word_1_474' title='bbox 2219 540 2616 602; x_wconf 68' lang='lat' dir='ltr'><strong>innocentiam,</strong></span> <span class='ocrx_word' id='word_1_475' title='bbox 2664 539 2783 609; x_wconf 88' lang='lat' dir='ltr'><strong>quia</strong></span> <span class='ocrx_word' id='word_1_476' title='bbox 2834 539 3169 605; x_wconf 82' lang='lat' dir='ltr'><strong>exsurgendo</strong></span> <span class='ocrx_word' id='word_1_477' title='bbox 3215 537 3493 607; x_wconf 82' lang='lat' dir='ltr'><strong>adjuvabis</strong></span> 
     </span>
    </p>
   </div>
   <div class='ocr_carea' id='block_1_63' title="bbox 1920 608 3493 678">
    <p class='ocr_par' dir='ltr' id='par_1_63' title="bbox 1920 608 3493 678">
     <span class='ocr_line' id='line_1_64' title="bbox 1920 608 3493 678; baseline 0.001 -14"><span class='ocrx_word' id='word_1_478' title='bbox 1920 624 2048 673; x_wconf 91' lang='lat' dir='ltr'><strong>nos;</strong></span> <span class='ocrx_word' id='word_1_479' title='bbox 2091 618 2146 663; x_wconf 91' lang='lat' dir='ltr'><strong>et</strong></span> <span class='ocrx_word' id='word_1_480' title='bbox 2192 609 2312 664; x_wconf 91' lang='lat' dir='ltr'><strong>ideo</strong></span> <span class='ocrx_word' id='word_1_481' title='bbox 2359 610 2547 678; x_wconf 87' lang='lat' dir='ltr'><strong>adjuva</strong></span> <span class='ocrx_word' id='word_1_482' title='bbox 2599 618 2644 661; x_wconf 91' lang='lat' dir='ltr'><strong>et</strong></span> <span class='ocrx_word' id='word_1_483' title='bbox 2685 608 2879 663; x_wconf 88' lang='lat' dir='ltr'><strong>redime</strong></span> <span class='ocrx_word' id='word_1_484' title='bbox 2918 624 3030 674; x_wconf 87' lang='lat' dir='ltr'><strong>nos,</strong></span> <span class='ocrx_word' id='word_1_485' title='bbox 3078 609 3191 664; x_wconf 92' lang='lat' dir='ltr'><strong>sive</strong></span> <span class='ocrx_word' id='word_1_486' title='bbox 3238 611 3408 663; x_wconf 80' lang='lat' dir='ltr'><strong>adhuc</strong></span> <span class='ocrx_word' id='word_1_487' title='bbox 3441 609 3493 665; x_wconf 89' lang='lat' dir='ltr'><strong>in</strong></span> 
     </span>
    </p>
   </div>
   <div class='ocr_carea' id='block_1_64' title="bbox 1920 679 3491 749">
    <p class='ocr_par' dir='ltr' id='par_1_64' title="bbox 1920 679 3491 749">
     <span class='ocr_line' id='line_1_65' title="bbox 1920 679 3491 749; baseline 0.001 -16"><span class='ocrx_word' id='word_1_488' title='bbox 1920 681 2278 749; x_wconf 88' lang='lat' dir='ltr'><strong>prosperitate</strong></span> <span class='ocrx_word' id='word_1_489' title='bbox 2306 682 2525 748; x_wconf 90' lang='lat' dir='ltr'><strong>positos,</strong></span> <span class='ocrx_word' id='word_1_490' title='bbox 2561 679 2611 733; x_wconf 91' lang='lat' dir='ltr'><strong>id</strong></span> <span class='ocrx_word' id='word_1_491' title='bbox 2641 688 2743 743; x_wconf 87' lang='lat' dir='ltr'><strong>est,</strong></span> <span class='ocrx_word' id='word_1_492' title='bbox 2776 679 3010 733; x_wconf 90' lang='lat' dir='ltr'><strong>nondum</strong></span> <span class='ocrx_word' id='word_1_493' title='bbox 3039 680 3347 742; x_wconf 87' lang='lat' dir='ltr'><strong>devocatos,</strong></span> <span class='ocrx_word' id='word_1_494' title='bbox 3376 680 3491 735; x_wconf 85' lang='lat' dir='ltr'><strong>sive</strong></span> 
     </span>
    </p>
   </div>
   <div class='ocr_carea' id='block_1_65' title="bbox 1921 749 3494 819">
    <p class='ocr_par' dir='ltr' id='par_1_65' title="bbox 1921 749 3494 819">
     <span class='ocr_line' id='line_1_66' title="bbox 1921 749 3494 819; baseline -0.001 -14"><span class='ocrx_word' id='word_1_495' title='bbox 1921 754 1973 805; x_wconf 90' lang='lat' dir='ltr'><strong>in</strong></span> <span class='ocrx_word' id='word_1_496' title='bbox 1997 752 2321 805; x_wconf 88' lang='lat' dir='ltr'><strong>adversitate</strong></span> <span class='ocrx_word' id='word_1_497' title='bbox 2350 749 2597 812; x_wconf 82' lang='lat' dir='ltr'><strong>afﬂictos,</strong></span> <span class='ocrx_word' id='word_1_498' title='bbox 2626 750 2678 804; x_wconf 89' lang='lat' dir='ltr'><strong>id</strong></span> <span class='ocrx_word' id='word_1_499' title='bbox 2705 758 2809 814; x_wconf 88' lang='lat' dir='ltr'><strong>est,</strong></span> <span class='ocrx_word' id='word_1_500' title='bbox 2830 750 2940 819; x_wconf 87' lang='lat' dir='ltr'><strong>jam</strong></span> <span class='ocrx_word' id='word_1_501' title='bbox 2966 750 3289 813; x_wconf 90' lang='lat' dir='ltr'><strong>devocatos;</strong></span> <span class='ocrx_word' id='word_1_502' title='bbox 3314 759 3368 804; x_wconf 91' lang='lat' dir='ltr'><strong>et</strong></span> <span class='ocrx_word' id='word_1_503' title='bbox 3393 751 3494 804; x_wconf 92' lang='lat' dir='ltr'><strong>hoe</strong></span> 
     </span>
    </p>
   </div>
   <div class='ocr_carea' id='block_1_66' title="bbox 1916 820 3493 891">
    <p class='ocr_par' dir='ltr' id='par_1_66' title="bbox 1916 820 3493 891">
     <span class='ocr_line' id='line_1_67' title="bbox 1916 820 3493 891; baseline 0.002 -18"><span class='ocrx_word' id='word_1_504' title='bbox 1916 821 2027 890; x_wconf 90' lang='lat' dir='ltr'><strong>jam</strong></span> <span class='ocrx_word' id='word_1_505' title='bbox 2075 836 2179 874; x_wconf 89' lang='lat' dir='ltr'><strong>non</strong></span> <span class='ocrx_word' id='word_1_506' title='bbox 2226 820 2389 875; x_wconf 88' lang='lat' dir='ltr'><strong>facias</strong></span> <span class='ocrx_word' id='word_1_507' title='bbox 2431 827 2648 887; x_wconf 89' lang='lat' dir='ltr'><strong>propter</strong></span> <span class='ocrx_word' id='word_1_508' title='bbox 2686 822 2875 875; x_wconf 86' lang='lat' dir='ltr'><strong>merita</strong></span> <span class='ocrx_word' id='word_1_509' title='bbox 2920 827 3125 889; x_wconf 89' lang='lat' dir='ltr'><strong>nostra,</strong></span> <span class='ocrx_word' id='word_1_510' title='bbox 3158 820 3253 877; x_wconf 88' lang='lat' dir='ltr'><strong>sed</strong></span> <span class='ocrx_word' id='word_1_511' title='bbox 3285 829 3493 891; x_wconf 76' lang='lat' dir='ltr'><strong>propter</strong></span> 
     </span>
    </p>
   </div>
   <div class='ocr_carea' id='block_1_67' title="bbox 1921 890 2733 961">
    <p class='ocr_par' dir='ltr' id='par_1_67' title="bbox 1921 890 2733 961">
     <span class='ocr_line' id='line_1_68' title="bbox 1921 890 2733 961; baseline 0 -17"><span class='ocrx_word' id='word_1_512' title='bbox 1921 907 2105 945; x_wconf 88' lang='lat' dir='ltr'><strong>nomen</strong></span> <span class='ocrx_word' id='word_1_513' title='bbox 2134 900 2277 945; x_wconf 88' lang='lat' dir='ltr'><strong>tuum</strong></span> <span class='ocrx_word' id='word_1_514' title='bbox 2304 890 2733 961; x_wconf 79' lang='lat' dir='ltr'><strong>gloriﬁcandum.</strong></span> 
     </span>
    </p>
   </div>
   <div class='ocr_carea' id='block_1_68' title="bbox 2377 1044 3037 1104">
    <p class='ocr_par' dir='ltr' id='par_1_68' title="bbox 2377 1044 3037 1104">
     <span class='ocr_line' id='line_1_69' title="bbox 2377 1044 3037 1104; baseline 0 -2"><span class='ocrx_word' id='word_1_515' title='bbox 2377 1046 2443 1102; x_wconf 81' lang='lat' dir='ltr'><strong>IN</strong></span> <span class='ocrx_word' id='word_1_516' title='bbox 2494 1044 2818 1102; x_wconf 63' lang='lat' dir='ltr'><strong>PSALMUM</strong></span> <span class='ocrx_word' id='word_1_517' title='bbox 2855 1047 3037 1104; x_wconf 81' lang='lat' dir='ltr'><strong>XLIV.</strong></span> 
     </span>
    </p>
   </div>
   <div class='ocr_carea' id='block_1_69' title="bbox 1922 1158 3497 1230">
    <p class='ocr_par' dir='ltr' id='par_1_69' title="bbox 1922 1158 3497 1230">
     <span class='ocr_line' id='line_1_70' title="bbox 1922 1158 3497 1230; baseline 0.004 -16"><span class='ocrx_word' id='word_1_518' title='bbox 1922 1158 1981 1214; x_wconf 84' lang='lat' dir='ltr'><strong>In</strong></span> <span class='ocrx_word' id='word_1_519' title='bbox 2015 1158 2172 1215; x_wconf 83' lang='lat' dir='ltr'><strong>ﬁnem</strong></span> <span class='ocrx_word' id='word_1_520' title='bbox 2217 1158 2425 1230; x_wconf 21' lang='lat' dir='ltr'><strong>prohiis</strong></span> <span class='ocrx_word' id='word_1_521' title='bbox 2453 1160 2543 1230; x_wconf 90' lang='lat' dir='ltr'><strong>qui</strong></span> <span class='ocrx_word' id='word_1_522' title='bbox 2572 1160 3041 1216; x_wconf 84' lang='lat' dir='ltr'><strong>commutabuntur</strong></span> <span class='ocrx_word' id='word_1_523' title='bbox 3083 1161 3205 1217; x_wconf 82' lang='lat' dir='ltr'><strong>ﬁliis</strong></span> <span class='ocrx_word' id='word_1_524' title='bbox 3246 1160 3386 1220; x_wconf 87' lang='lat' dir='ltr'><strong>Core</strong></span> <span class='ocrx_word' id='word_1_525' title='bbox 3427 1162 3497 1220; x_wconf 78' lang='lat' dir='ltr'><strong>ad</strong></span> 
     </span>
    </p>
   </div>
   <div class='ocr_carea' id='block_1_70' title="bbox 2212 1228 3209 1303">
    <p class='ocr_par' dir='ltr' id='par_1_70' title="bbox 2212 1228 3209 1303">
     <span class='ocr_line' id='line_1_71' title="bbox 2212 1228 3209 1303; baseline 0.003 -17"><span class='ocrx_word' id='word_1_526' title='bbox 2212 1228 2563 1301; x_wconf 86' lang='lat' dir='ltr'><strong>intellectum,</strong></span> <span class='ocrx_word' id='word_1_527' title='bbox 2588 1233 2851 1286; x_wconf 85' lang='lat' dir='ltr'><strong>canticum</strong></span> <span class='ocrx_word' id='word_1_528' title='bbox 2879 1247 2974 1303; x_wconf 91' lang='lat' dir='ltr'><strong>pro</strong></span> <span class='ocrx_word' id='word_1_529' title='bbox 2995 1232 3209 1289; x_wconf 87' lang='lat' dir='ltr'><strong>dilecto.</strong></span> 
     </span>
    </p>
   </div>
   <div class='ocr_carea' id='block_1_71' title="bbox 1995 1338 3494 1471">
    <p class='ocr_par' dir='ltr' id='par_1_71' title="bbox 1995 1338 3494 1471">
     <span class='ocr_line' id='line_1_72' title="bbox 2523 1338 2900 1377; baseline 0 0"><span class='ocrx_word' id='word_1_530' title='bbox 2523 1338 2900 1377; x_wconf 69' lang='lat' dir='ltr'><strong>ARGUMENTUM.</strong></span> 
     </span>
     <span class='ocr_line' id='line_1_73' title="bbox 1995 1391 3494 1471; baseline 0.004 -24"><span class='ocrx_word' id='word_1_531' title='bbox 1995 1393 2261 1471; x_wconf 86' lang='lat' dir='ltr'><strong>Proph_eta</strong></span> <span class='ocrx_word' id='word_1_532' title='bbox 2298 1391 2603 1471; x_wconf 78' lang='lat' dir='ltr'><strong>de_Chris_t_o</strong></span> <span class='ocrx_word' id='word_1_533' title='bbox 2650 1394 2715 1471; x_wconf 80' lang='lat' dir='ltr'><strong>ad</strong></span> <span class='ocrx_word' id='word_1_534' title='bbox 2750 1394 3061 1471; x_wconf 44' lang='grc' dir='ltr'><strong>ΔΕ-εειεείςιηι</strong></span> <span class='ocrx_word' id='word_1_535' title='bbox 3097 1396 3263 1471; x_wconf 73' lang='lat' dir='ltr'><strong>dicit,</strong></span> <span class='ocrx_word' id='word_1_536' title='bbox 3311 1406 3494 1471; x_wconf 82' lang='lat' dir='ltr'><strong>legen-</strong></span> 
     </span>
    </p>
   </div>
   <div class='ocr_carea' id='block_1_72' title="bbox 1928 1463 3281 1537">
    <p class='ocr_par' dir='ltr' id='par_1_72' title="bbox 1928 1463 3281 1537">
     <span class='ocr_line' id='line_1_74' title="bbox 1928 1463 3281 1537; baseline 0.004 -19"><span class='ocrx_word' id='word_1_537' title='bbox 1928 1463 2030 1518; x_wconf 91' lang='lat' dir='ltr'><strong>dus</strong></span> <span class='ocrx_word' id='word_1_538' title='bbox 2053 1466 2118 1519; x_wconf 91' lang='lat' dir='ltr'><strong>ad</strong></span> <span class='ocrx_word' id='word_1_539' title='bbox 2151 1463 2503 1535; x_wconf 88' lang='lat' dir='ltr'><strong>Evangelium</strong></span> <span class='ocrx_word' id='word_1_540' title='bbox 2533 1464 2761 1519; x_wconf 68' lang='lat' dir='ltr'><strong>Matthaai</strong></span> <span class='ocrx_word' id='word_1_541' title='bbox 2786 1465 2852 1521; x_wconf 93' lang='lat' dir='ltr'><strong>de</strong></span> <span class='ocrx_word' id='word_1_542' title='bbox 2879 1467 3056 1537; x_wconf 79' lang='lat' dir='ltr'><strong>regina</strong></span> <span class='ocrx_word' id='word_1_543' title='bbox 3082 1463 3281 1523; x_wconf 81' lang='lat' dir='ltr'><strong>Austri.</strong></span> 
     </span>
    </p>
   </div>
   <div class='ocr_carea' id='block_1_73' title="bbox 2529 1571 2880 1615">
    <p class='ocr_par' dir='ltr' id='par_1_73' title="bbox 2529 1571 2880 1615">
     <span class='ocr_line' id='line_1_75' title="bbox 2529 1571 2880 1615; baseline 0.003 -5"><span class='ocrx_word' id='word_1_544' title='bbox 2529 1571 2880 1615; x_wconf 66' lang='lat' dir='ltr'><strong>EXPLANLTIO.</strong></span> 
     </span>
    </p>
   </div>
   <div class='ocr_carea' id='block_1_74' title="bbox 1996 1626 3496 1701">
    <p class='ocr_par' dir='ltr' id='par_1_74' title="bbox 1996 1626 3496 1701">
     <span class='ocr_line' id='line_1_76' title="bbox 1996 1626 3496 1701; baseline 0.006 -22"><span class='ocrx_word' id='word_1_545' title='bbox 1996 1626 2060 1681; x_wconf 88' lang='lat' dir='ltr'><strong>In</strong></span> <span class='ocrx_word' id='word_1_546' title='bbox 2077 1628 2230 1701; x_wconf 84' lang='lat' dir='ltr'><strong>finem</strong></span> <span class='ocrx_word' id='word_1_547' title='bbox 2248 1629 2299 1681; x_wconf 89' lang='lat' dir='ltr'><strong>in</strong></span> <span class='ocrx_word' id='word_1_548' title='bbox 2321 1627 2593 1681; x_wconf 88' lang='lat' dir='ltr'><strong>Dominum</strong></span> <span class='ocrx_word' id='word_1_549' title='bbox 2614 1630 2909 1701; x_wconf 77' lang='lat' dir='ltr'><strong>salvatorem</strong></span> <span class='ocrx_word' id='word_1_550' title='bbox 2928 1630 3181 1701; x_wconf 81' lang='lat' dir='ltr'><strong>designat,</strong></span> <span class='ocrx_word' id='word_1_551' title='bbox 3202 1648 3292 1699; x_wconf 91' lang='lat' dir='ltr'><strong>pro</strong></span> <span class='ocrx_word' id='word_1_552' title='bbox 3314 1633 3389 1687; x_wconf 81' lang='lat' dir='ltr'><strong>his</strong></span> <span class='ocrx_word' id='word_1_553' title='bbox 3408 1636 3496 1701; x_wconf 86' lang='lat' dir='ltr'><strong>qui</strong></span> 
     </span>
    </p>
   </div>
   <div class='ocr_carea' id='block_1_75' title="bbox 1924 1700 3495 1771">
    <p class='ocr_par' dir='ltr' id='par_1_75' title="bbox 1924 1700 3495 1771">
     <span class='ocr_line' id='line_1_77' title="bbox 1924 1700 3495 1771; baseline 0.004 -20"><span class='ocrx_word' id='word_1_554' title='bbox 1924 1700 2365 1771; x_wconf 85' lang='lat' dir='ltr'><strong>commutabuntur</strong></span> <span class='ocrx_word' id='word_1_555' title='bbox 2386 1702 2447 1751; x_wconf 87' lang='lat' dir='ltr'><strong>de</strong></span> <span class='ocrx_word' id='word_1_556' title='bbox 2465 1714 2630 1751; x_wconf 88' lang='lat' dir='ltr'><strong>errore</strong></span> <span class='ocrx_word' id='word_1_557' title='bbox 2650 1700 2716 1751; x_wconf 84' lang='lat' dir='ltr'><strong>ad</strong></span> <span class='ocrx_word' id='word_1_558' title='bbox 2737 1700 2908 1771; x_wconf 85' lang='lat' dir='ltr'><strong>ﬁdem,</strong></span> <span class='ocrx_word' id='word_1_559' title='bbox 2926 1700 2988 1754; x_wconf 90' lang='lat' dir='ltr'><strong>de</strong></span> <span class='ocrx_word' id='word_1_560' title='bbox 3004 1701 3287 1771; x_wconf 89' lang='lat' dir='ltr'><strong>gentilitate</strong></span> <span class='ocrx_word' id='word_1_561' title='bbox 3307 1705 3373 1757; x_wconf 83' lang='lat' dir='ltr'><strong>ad</strong></span> <span class='ocrx_word' id='word_1_562' title='bbox 3397 1700 3495 1757; x_wconf 88' lang='lat' dir='ltr'><strong>Ec-</strong></span> 
     </span>
    </p>
   </div>
   <div class='ocr_carea' id='block_1_76' title="bbox 1928 1769 3492 1841">
    <p class='ocr_par' dir='ltr' id='par_1_76' title="bbox 1928 1769 3492 1841">
     <span class='ocr_line' id='line_1_78' title="bbox 1928 1769 3492 1841; baseline 0.004 -20"><span class='ocrx_word' id='word_1_563' title='bbox 1928 1769 2251 1841; x_wconf 81' lang='lat' dir='ltr'><strong>clesiam,de</strong></span> <span class='ocrx_word' id='word_1_564' title='bbox 2278 1771 2573 1841; x_wconf 83' lang='lat' dir='ltr'><strong>certamine</strong></span> <span class='ocrx_word' id='word_1_565' title='bbox 2598 1770 2830 1841; x_wconf 84' lang='lat' dir='ltr'><strong>martyrii</strong></span> <span class='ocrx_word' id='word_1_566' title='bbox 2872 1772 2940 1822; x_wconf 89' lang='lat' dir='ltr'><strong>ad</strong></span> <span class='ocrx_word' id='word_1_567' title='bbox 2982 1769 3202 1838; x_wconf 78' lang='lat' dir='ltr'><strong>palmam</strong></span> <span class='ocrx_word' id='word_1_568' title='bbox 3250 1774 3492 1841; x_wconf 75' lang='lat' dir='ltr'><strong>victoriw,</strong></span> 
     </span>
    </p>
   </div>
   <div class='ocr_carea' id='block_1_77' title="bbox 1932 1840 3496 1908">
    <p class='ocr_par' dir='ltr' id='par_1_77' title="bbox 1932 1840 3496 1908">
     <span class='ocr_line' id='line_1_79' title="bbox 1932 1840 3496 1908; baseline 0.005 -17"><span class='ocrx_word' id='word_1_569' title='bbox 1932 1841 1993 1892; x_wconf 91' lang='lat' dir='ltr'><strong>de</strong></span> <span class='ocrx_word' id='word_1_570' title='bbox 2044 1840 2247 1892; x_wconf 84' lang='lat' dir='ltr'><strong>tristitia</strong></span> <span class='ocrx_word' id='word_1_571' title='bbox 2296 1841 2469 1893; x_wconf 75' lang='lat' dir='ltr'><strong>swculi</strong></span> <span class='ocrx_word' id='word_1_572' title='bbox 2508 1840 2574 1891; x_wconf 80' lang='lat' dir='ltr'><strong>ad</strong></span> <span class='ocrx_word' id='word_1_573' title='bbox 2624 1840 2865 1907; x_wconf 87' lang='lat' dir='ltr'><strong>gaudium</strong></span> <span class='ocrx_word' id='word_1_574' title='bbox 2905 1842 3283 1908; x_wconf 86' lang='lat' dir='ltr'><strong>sempiternum.</strong></span> <span class='ocrx_word' id='word_1_575' title='bbox 3343 1840 3496 1899; x_wconf 86' lang='lat' dir='ltr'><strong>Filiis</strong></span> 
     </span>
    </p>
   </div>
   <div class='ocr_carea' id='block_1_78' title="bbox 1934 1908 3495 1980">
    <p class='ocr_par' dir='ltr' id='par_1_78' title="bbox 1934 1908 3495 1980">
     <span class='ocr_line' id='line_1_80' title="bbox 1934 1908 3495 1980; baseline 0.003 -16"><span class='ocrx_word' id='word_1_576' title='bbox 1934 1908 2063 1964; x_wconf 87' lang='lat' dir='ltr'><strong>Core</strong></span> <span class='ocrx_word' id='word_1_577' title='bbox 2091 1909 2159 1961; x_wconf 91' lang='lat' dir='ltr'><strong>ad</strong></span> <span class='ocrx_word' id='word_1_578' title='bbox 2186 1909 2514 1973; x_wconf 87' lang='lat' dir='ltr'><strong>intellectum,</strong></span> <span class='ocrx_word' id='word_1_579' title='bbox 2542 1908 2666 1980; x_wconf 81' lang='lat' dir='ltr'><strong>ﬁliis</strong></span> <span class='ocrx_word' id='word_1_580' title='bbox 2689 1910 2853 1980; x_wconf 78' lang='lat' dir='ltr'><strong>crucis</strong></span> <span class='ocrx_word' id='word_1_581' title='bbox 2879 1913 2944 1962; x_wconf 90' lang='lat' dir='ltr'><strong>ad</strong></span> <span class='ocrx_word' id='word_1_582' title='bbox 2975 1911 3357 1980; x_wconf 85' lang='lat' dir='ltr'><strong>intelligendum</strong></span> <span class='ocrx_word' id='word_1_583' title='bbox 3390 1916 3495 1980; x_wconf 81' lang='lat' dir='ltr'><strong>spi-</strong></span> 
     </span>
    </p>
   </div>
   <div class='ocr_carea' id='block_1_79' title="bbox 1932 1979 3493 2053">
    <p class='ocr_par' dir='ltr' id='par_1_79' title="bbox 1932 1979 3493 2053">
     <span class='ocr_line' id='line_1_81' title="bbox 1932 1979 3493 2053; baseline 0.004 -20"><span class='ocrx_word' id='word_1_584' title='bbox 1932 1980 2185 2033; x_wconf 87' lang='lat' dir='ltr'><strong>ritualiter</strong></span> <span class='ocrx_word' id='word_1_585' title='bbox 2226 1981 2499 2053; x_wconf 79' lang='lat' dir='ltr'><strong>psalmum,</strong></span> <span class='ocrx_word' id='word_1_586' title='bbox 2532 1996 2593 2033; x_wconf 88' lang='lat' dir='ltr'><strong>ne</strong></span> <span class='ocrx_word' id='word_1_587' title='bbox 2634 1979 2697 2053; x_wconf 79' lang='lat' dir='ltr'><strong>de</strong></span> <span class='ocrx_word' id='word_1_588' title='bbox 2738 1979 3014 2034; x_wconf 91' lang='lat' dir='ltr'><strong>Salomone</strong></span> <span class='ocrx_word' id='word_1_589' title='bbox 3060 1979 3493 2053; x_wconf 85' lang='lat' dir='ltr'><strong>interpretandum</strong></span> 
     </span>
    </p>
   </div>
   <div class='ocr_carea' id='block_1_80' title="bbox 1932 2050 3499 2121">
    <p class='ocr_par' dir='ltr' id='par_1_80' title="bbox 1932 2050 3499 2121">
     <span class='ocr_line' id='line_1_82' title="bbox 1932 2050 3499 2121; baseline 0.005 -18"><span class='ocrx_word' id='word_1_590' title='bbox 1932 2062 2095 2120; x_wconf 82' lang='lat' dir='ltr'><strong>putes,</strong></span> <span class='ocrx_word' id='word_1_591' title='bbox 2139 2052 2369 2119; x_wconf 84' lang='lat' dir='ltr'><strong>quamvis</strong></span> <span class='ocrx_word' id='word_1_592' title='bbox 2396 2061 2442 2103; x_wconf 88' lang='lat' dir='ltr'><strong>et</strong></span> <span class='ocrx_word' id='word_1_593' title='bbox 2474 2050 2825 2121; x_wconf 84' lang='lat' dir='ltr'><strong>ipse__dilectus</strong></span> <span class='ocrx_word' id='word_1_594' title='bbox 2854 2053 2944 2114; x_wconf 83' lang='lat' dir='ltr'><strong>sit,</strong></span> <span class='ocrx_word' id='word_1_595' title='bbox 2977 2050 3298 2121; x_wconf 65' lang='lat' dir='ltr'><strong>amplexatus</strong></span> <span class='ocrx_word' id='word_1_596' title='bbox 3336 2059 3499 2111; x_wconf 82' lang='lat' dir='ltr'><strong>canti-</strong></span> 
     </span>
    </p>
   </div>
   <div class='ocr_carea' id='block_1_81' title="bbox 1930 2116 3497 2189">
    <p class='ocr_par' dir='ltr' id='par_1_81' title="bbox 1930 2116 3497 2189">
     <span class='ocr_line' id='line_1_83' title="bbox 1930 2116 3497 2189; baseline 0.004 -14"><span class='ocrx_word' id='word_1_597' title='bbox 1930 2116 2047 2175; x_wconf 76' lang='lat' dir='ltr'><strong>cum</strong></span> <span class='ocrx_word' id='word_1_598' title='bbox 2078 2116 2169 2187; x_wconf 86' lang='lat' dir='ltr'><strong>pro</strong></span> <span class='ocrx_word' id='word_1_599' title='bbox 2204 2121 2408 2186; x_wconf 88' lang='lat' dir='ltr'><strong>dilecto,</strong></span> <span class='ocrx_word' id='word_1_600' title='bbox 2440 2136 2531 2189; x_wconf 91' lang='lat' dir='ltr'><strong>pro</strong></span> <span class='ocrx_word' id='word_1_601' title='bbox 2566 2116 2706 2173; x_wconf 84' lang='lat' dir='ltr'><strong>Filio</strong></span> <span class='ocrx_word' id='word_1_602' title='bbox 2733 2123 2813 2173; x_wconf 85' lang='lat' dir='ltr'><strong>cui</strong></span> <span class='ocrx_word' id='word_1_603' title='bbox 2840 2122 3024 2174; x_wconf 87' lang='lat' dir='ltr'><strong>dicitur</strong></span> <span class='ocrx_word' id='word_1_604' title='bbox 3047 2116 3071 2176; x_wconf 70' lang='grc' dir='ltr'><strong>ε’</strong></span> <span class='ocrx_word' id='word_1_605' title='bbox 3096 2122 3199 2175; x_wconf 82' lang='lat' dir='ltr'><strong>Hic</strong></span> <span class='ocrx_word' id='word_1_606' title='bbox 3224 2135 3296 2177; x_wconf 91' lang='lat' dir='ltr'><strong>est</strong></span> <span class='ocrx_word' id='word_1_607' title='bbox 3327 2123 3497 2181; x_wconf 83' lang='lat' dir='ltr'><strong>Filius</strong></span> 
     </span>
    </p>
   </div>
   <div class='ocr_carea' id='block_1_82' title="bbox 1929 2190 3495 2267">
    <p class='ocr_par' dir='ltr' id='par_1_82' title="bbox 1929 2190 3495 2267">
     <span class='ocr_line' id='line_1_84' title="bbox 1929 2190 3495 2267; baseline 0.005 -22"><span class='ocrx_word' id='word_1_608' title='bbox 1929 2208 2073 2245; x_wconf 88' lang='lat' dir='ltr'><strong>meus</strong></span> <span class='ocrx_word' id='word_1_609' title='bbox 2120 2190 2700 2267; x_wconf 71' lang='lat' dir='ltr'><strong>dilectus._Cwlestibus_</strong></span> <span class='ocrx_word' id='word_1_610' title='bbox 2731 2192 2893 2261; x_wconf 81' lang='lat' dir='ltr'><strong>epulis</strong></span> <span class='ocrx_word' id='word_1_611' title='bbox 2923 2193 3185 2267; x_wconf 75' lang='lat' dir='ltr'><strong>prop/icta</strong></span> <span class='ocrx_word' id='word_1_612' title='bbox 3231 2196 3495 2267; x_wconf 83' lang='lat' dir='ltr'><strong>saginatus</strong></span> 
     </span>
    </p>
   </div>
   <div class='ocr_carea' id='block_1_83' title="bbox 1932 2258 3491 2335">
    <p class='ocr_par' dir='ltr' id='par_1_83' title="bbox 1932 2258 3491 2335">
     <span class='ocr_line' id='line_1_85' title="bbox 1932 2258 3491 2335; baseline 0.004 -22"><span class='ocrx_word' id='word_1_613' title='bbox 1932 2262 2187 2335; x_wconf 10' lang='lat' dir='ltr'><strong>prrwconia</strong></span> <span class='ocrx_word' id='word_1_614' title='bbox 2242 2278 2293 2315; x_wconf 90' lang='lat' dir='ltr'><strong>se</strong></span> <span class='ocrx_word' id='word_1_615' title='bbox 2336 2258 3043 2335; x_wconf 53' lang='lat' dir='ltr'><strong>Dominicwdncarnatidnis&#39;</strong></span> <span class='ocrx_word' id='word_1_616' title='bbox 3095 2258 3324 2318; x_wconf 56' lang='lat' dir='ltr'><strong>eructari:</strong></span> <span class='ocrx_word' id='word_1_617' title='bbox 3374 2284 3491 2335; x_wconf 89' lang='lat' dir='ltr'><strong>pro-</strong></span> 
     </span>
    </p>
   </div>
   <div class='ocr_carea' id='block_1_84' title="bbox 1928 2330 3490 2403">
    <p class='ocr_par' dir='ltr' id='par_1_84' title="bbox 1928 2330 3490 2403">
     <span class='ocr_line' id='line_1_86' title="bbox 1928 2330 3490 2403; baseline 0.005 -20"><span class='ocrx_word' id='word_1_618' title='bbox 1928 2334 2105 2403; x_wconf 74' lang='lat' dir='ltr'><strong>mittit,</strong></span> <span class='ocrx_word' id='word_1_619' title='bbox 2148 2340 2203 2384; x_wconf 88' lang='lat' dir='ltr'><strong>ut</strong></span> <span class='ocrx_word' id='word_1_620' title='bbox 2241 2332 2374 2384; x_wconf 87' lang='lat' dir='ltr'><strong>unde</strong></span> <span class='ocrx_word' id='word_1_621' title='bbox 2420 2333 2529 2401; x_wconf 89' lang='lat' dir='ltr'><strong>ipse</strong></span> <span class='ocrx_word' id='word_1_622' title='bbox 2566 2330 2779 2403; x_wconf 87' lang='lat' dir='ltr'><strong>satiatus</strong></span> <span class='ocrx_word' id='word_1_623' title='bbox 2808 2334 3253 2403; x_wconf 10' lang='lat' dir='ltr'><strong>iparticiparentur</strong></span> <span class='ocrx_word' id='word_1_624' title='bbox 3292 2345 3339 2389; x_wconf 89' lang='lat' dir='ltr'><strong>et</strong></span> <span class='ocrx_word' id='word_1_625' title='bbox 3374 2330 3490 2391; x_wconf 75' lang='lat' dir='ltr'><strong>alii.</strong></span> 
     </span>
    </p>
   </div>
   <div class='ocr_carea' id='block_1_85' title="bbox 1928 2401 3492 2472">
    <p class='ocr_par' dir='ltr' id='par_1_85' title="bbox 1928 2401 3492 2472">
     <span class='ocr_line' id='line_1_87' title="bbox 1928 2401 3492 2472; baseline 0.004 -17"><span class='ocrx_word' id='word_1_626' title='bbox 1928 2401 2109 2457; x_wconf 88' lang='lat' dir='ltr'><strong>Prima</strong></span> <span class='ocrx_word' id='word_1_627' title='bbox 2148 2419 2265 2471; x_wconf 86' lang='lat' dir='ltr'><strong>pars</strong></span> <span class='ocrx_word' id='word_1_628' title='bbox 2312 2404 2466 2472; x_wconf 82' lang='lat' dir='ltr'><strong>hujus</strong></span> <span class='ocrx_word' id='word_1_629' title='bbox 2522 2401 2817 2469; x_wconf 80' lang='lat' dir='ltr'><strong>epit/ialami</strong></span> <span class='ocrx_word' id='word_1_630' title='bbox 2872 2401 3043 2471; x_wconf 79' lang='lat' dir='ltr'><strong>sponsi</strong></span> <span class='ocrx_word' id='word_1_631' title='bbox 3110 2406 3331 2459; x_wconf 77' lang='lat' dir='ltr'><strong>continet</strong></span> <span class='ocrx_word' id='word_1_632' title='bbox 3378 2408 3492 2462; x_wconf 86' lang='lat' dir='ltr'><strong>lau-</strong></span> 
     </span>
    </p>
   </div>
   <div class='ocr_carea' id='block_1_86' title="bbox 1929 2471 3497 2544">
    <p class='ocr_par' dir='ltr' id='par_1_86' title="bbox 1929 2471 3497 2544">
     <span class='ocr_line' id='line_1_88' title="bbox 1929 2471 3497 2544; baseline 0.004 -20"><span class='ocrx_word' id='word_1_633' title='bbox 1929 2472 2019 2526; x_wconf 86' lang='lat' dir='ltr'><strong>dcs</strong></span> <span class='ocrx_word' id='word_1_634' title='bbox 2047 2514 2063 2538; x_wconf 92' lang='lat'><strong>,</strong></span> <span class='ocrx_word' id='word_1_635' title='bbox 2122 2473 2177 2525; x_wconf 88' lang='lat' dir='ltr'><strong>id</strong></span> <span class='ocrx_word' id='word_1_636' title='bbox 2207 2481 2299 2544; x_wconf 82' lang='lat' dir='ltr'><strong>est,</strong></span> <span class='ocrx_word' id='word_1_637' title='bbox 2334 2471 2543 2525; x_wconf 85' lang='lat' dir='ltr'><strong>Domini</strong></span> <span class='ocrx_word' id='word_1_638' title='bbox 2565 2471 2843 2544; x_wconf 80' lang='lat' dir='ltr'><strong>Saluatoris</strong></span> <span class='ocrx_word' id='word_1_639' title='bbox 2871 2484 3089 2544; x_wconf 90' lang='lat' dir='ltr'><strong>quatuor</strong></span> <span class='ocrx_word' id='word_1_640' title='bbox 3118 2476 3300 2531; x_wconf 91' lang='lat' dir='ltr'><strong>modis.</strong></span> <span class='ocrx_word' id='word_1_641' title='bbox 3332 2476 3397 2531; x_wconf 90' lang='lat' dir='ltr'><strong>In</strong></span> <span class='ocrx_word' id='word_1_642' title='bbox 3418 2495 3497 2531; x_wconf 79' lang='lat' dir='ltr'><strong>se-</strong></span> 
     </span>
    </p>
   </div>
   <div class='ocr_carea' id='block_1_87' title="bbox 1929 2542 3493 2618">
    <p class='ocr_par' dir='ltr' id='par_1_87' title="bbox 1929 2542 3493 2618">
     <span class='ocr_line' id='line_1_89' title="bbox 1929 2542 3493 2618; baseline 0.006 -23"><span class='ocrx_word' id='word_1_643' title='bbox 1929 2545 2097 2618; x_wconf 77' lang='lat' dir='ltr'><strong>cunda</strong></span> <span class='ocrx_word' id='word_1_644' title='bbox 2127 2542 2283 2618; x_wconf 78' lang='lat' dir='ltr'><strong>simili</strong></span> <span class='ocrx_word' id='word_1_645' title='bbox 2303 2544 2631 2618; x_wconf 74' lang='lat' dir='ltr'><strong>mysticorum</strong></span> <span class='ocrx_word' id='word_1_646' title='bbox 2652 2542 2891 2597; x_wconf 85' lang='lat' dir='ltr'><strong>virtutum</strong></span> <span class='ocrx_word' id='word_1_647' title='bbox 2912 2560 3121 2599; x_wconf 87' lang='lat' dir='ltr'><strong>numero</strong></span> <span class='ocrx_word' id='word_1_648' title='bbox 3144 2561 3330 2616; x_wconf 85' lang='lat' dir='ltr'><strong>sponsa</strong></span> <span class='ocrx_word' id='word_1_649' title='bbox 3361 2564 3493 2618; x_wconf 79' lang='lat' dir='ltr'><strong>pra:-</strong></span> 
     </span>
    </p>
   </div>
   <div class='ocr_carea' id='block_1_88' title="bbox 1928 2614 2404 2673">
    <p class='ocr_par' dir='ltr' id='par_1_88' title="bbox 1928 2614 2404 2673">
     <span class='ocr_line' id='line_1_90' title="bbox 1928 2614 2404 2673; baseline 0 -6"><span class='ocrx_word' id='word_1_650' title='bbox 1928 2614 2129 2673; x_wconf 74' lang='lat' dir='ltr'><strong>dicatur</strong></span> <span class='ocrx_word' id='word_1_651' title='bbox 2154 2614 2404 2668; x_wconf 81' lang='lat' dir='ltr'><strong>Ecclesia.</strong></span> 
     </span>
    </p>
   </div>
   <div class='ocr_carea' id='block_1_89' title="bbox 2440 2732 2930 2775">
    <p class='ocr_par' dir='ltr' id='par_1_89' title="bbox 2440 2732 2930 2775">
     <span class='ocr_line' id='line_1_91' title="bbox 2440 2732 2930 2775; baseline 0.002 -2"><span class='ocrx_word' id='word_1_652' title='bbox 2440 2754 2453 2765; x_wconf 78' lang='grc' dir='ltr'><strong>ο</strong></span> <span class='ocrx_word' id='word_1_653' title='bbox 2507 2732 2930 2775; x_wconf 67' lang='grc' dir='ltr'><em>εοιιιειητιιιιυε.</em></span> 
     </span>
    </p>
   </div>
   <div class='ocr_carea' id='block_1_90' title="bbox 1998 2810 3493 2874">
    <p class='ocr_par' dir='ltr' id='par_1_90' title="bbox 1998 2810 3493 2874">
     <span class='ocr_line' id='line_1_92' title="bbox 1998 2810 3493 2874; baseline 0.007 -11"><span class='ocrx_word' id='word_1_654' title='bbox 1998 2810 2259 2864; x_wconf 88' lang='lat' dir='ltr'><strong>Eructavit</strong></span> <span class='ocrx_word' id='word_1_655' title='bbox 2290 2826 2378 2866; x_wconf 89' lang='lat' dir='ltr'><strong>cor</strong></span> <span class='ocrx_word' id='word_1_656' title='bbox 2406 2826 2574 2865; x_wconf 89' lang='lat' dir='ltr'><strong>meum</strong></span> <span class='ocrx_word' id='word_1_657' title='bbox 2616 2812 2819 2865; x_wconf 77' lang='lat' dir='ltr'><strong>verbum</strong></span> <span class='ocrx_word' id='word_1_658' title='bbox 2848 2811 3052 2865; x_wconf 88' lang='lat' dir='ltr'><strong>bonum.</strong></span> <span class='ocrx_word' id='word_1_659' title='bbox 3106 2811 3348 2871; x_wconf 88' lang='lat' dir='ltr'><strong>Psalmus</strong></span> <span class='ocrx_word' id='word_1_660' title='bbox 3392 2817 3493 2874; x_wconf 86' lang='lat' dir='ltr'><strong>iste</strong></span> 
     </span>
    </p>
   </div>
   <div class='ocr_carea' id='block_1_91' title="bbox 1926 2883 3494 2950">
    <p class='ocr_par' dir='ltr' id='par_1_91' title="bbox 1926 2883 3494 2950">
     <span class='ocr_line' id='line_1_93' title="bbox 1926 2883 3494 2950; baseline 0.005 -14"><span class='ocrx_word' id='word_1_661' title='bbox 1926 2890 2170 2937; x_wconf 89' lang='lat' dir='ltr'><strong>cantatur</strong></span> <span class='ocrx_word' id='word_1_662' title='bbox 2222 2883 2288 2936; x_wconf 91' lang='lat' dir='ltr'><strong>de</strong></span> <span class='ocrx_word' id='word_1_663' title='bbox 2333 2883 2529 2935; x_wconf 86' lang='lat' dir='ltr'><strong>sanctis</strong></span> <span class='ocrx_word' id='word_1_664' title='bbox 2576 2883 2792 2950; x_wconf 90' lang='lat' dir='ltr'><strong>nuptiis,</strong></span> <span class='ocrx_word' id='word_1_665' title='bbox 2839 2883 2905 2937; x_wconf 89' lang='lat' dir='ltr'><strong>de</strong></span> <span class='ocrx_word' id='word_1_666' title='bbox 2951 2896 3146 2948; x_wconf 82' lang='lat' dir='ltr'><strong>Sponso</strong></span> <span class='ocrx_word' id='word_1_667' title='bbox 3188 2884 3393 2941; x_wconf 90' lang='lat' dir='ltr'><strong>scilicet</strong></span> <span class='ocrx_word' id='word_1_668' title='bbox 3436 2900 3494 2944; x_wconf 91' lang='lat' dir='ltr'><strong>et</strong></span> 
     </span>
    </p>
   </div>
   <div class='ocr_carea' id='block_1_92' title="bbox 1926 2952 3492 3026">
    <p class='ocr_par' dir='ltr' id='par_1_92' title="bbox 1926 2952 3492 3026">
     <span class='ocr_line' id='line_1_94' title="bbox 1926 2952 3492 3026; baseline 0.004 -21"><span class='ocrx_word' id='word_1_669' title='bbox 1926 2965 2143 3026; x_wconf 77' lang='lat' dir='ltr'><strong>Sponsa,</strong></span> <span class='ocrx_word' id='word_1_670' title='bbox 2174 2953 2239 3007; x_wconf 90' lang='lat' dir='ltr'><strong>de</strong></span> <span class='ocrx_word' id='word_1_671' title='bbox 2268 2967 2392 3026; x_wconf 70' lang='lat' dir='ltr'><strong>rege</strong></span> <span class='ocrx_word' id='word_1_672' title='bbox 2421 2961 2474 3007; x_wconf 93' lang='lat' dir='ltr'><strong>et</strong></span> <span class='ocrx_word' id='word_1_673' title='bbox 2502 2952 2767 3026; x_wconf 68' lang='lat' dir='ltr'><strong>plebe,_d_e</strong></span> <span class='ocrx_word' id='word_1_674' title='bbox 2794 2952 3066 3026; x_wconf 63' lang='lat' dir='ltr'><strong>salvatore</strong></span> <span class='ocrx_word' id='word_1_675' title='bbox 3092 2964 3146 3009; x_wconf 90' lang='lat' dir='ltr'><strong>et</strong></span> <span class='ocrx_word' id='word_1_676' title='bbox 3168 2954 3248 3009; x_wconf 89' lang='lat' dir='ltr'><strong>his</strong></span> <span class='ocrx_word' id='word_1_677' title='bbox 3276 2957 3363 3026; x_wconf 89' lang='lat' dir='ltr'><strong>qui</strong></span> <span class='ocrx_word' id='word_1_678' title='bbox 3388 2960 3492 3012; x_wconf 85' lang='lat' dir='ltr'><strong>sal-</strong></span> 
     </span>
    </p>
   </div>
   <div class='ocr_carea' id='block_1_93' title="bbox 1926 3022 3492 3091">
    <p class='ocr_par' dir='ltr' id='par_1_93' title="bbox 1926 3022 3492 3091">
     <span class='ocr_line' id='line_1_95' title="bbox 1926 3022 3492 3091; baseline 0.005 -16"><span class='ocrx_word' id='word_1_679' title='bbox 1926 3024 2083 3076; x_wconf 77' lang='lat' dir='ltr'><strong>Vandi</strong></span> <span class='ocrx_word' id='word_1_680' title='bbox 2114 3033 2255 3078; x_wconf 90' lang='lat' dir='ltr'><strong>sunt.</strong></span> <span class='ocrx_word' id='word_1_681' title='bbox 2296 3024 2362 3076; x_wconf 83' lang='lat' dir='ltr'><strong>Et</strong></span> <span class='ocrx_word' id='word_1_682' title='bbox 2384 3031 2627 3077; x_wconf 88' lang='lat' dir='ltr'><strong>cantatur</strong></span> <span class='ocrx_word' id='word_1_683' title='bbox 2652 3022 2773 3076; x_wconf 82' lang='lat' dir='ltr'><strong>ﬁliis</strong></span> <span class='ocrx_word' id='word_1_684' title='bbox 2802 3025 2956 3088; x_wconf 91' lang='lat' dir='ltr'><strong>Core,</strong></span> <span class='ocrx_word' id='word_1_685' title='bbox 2989 3024 3040 3077; x_wconf 90' lang='lat' dir='ltr'><strong>id</strong></span> <span class='ocrx_word' id='word_1_686' title='bbox 3071 3034 3175 3091; x_wconf 90' lang='lat' dir='ltr'><strong>est,</strong></span> <span class='ocrx_word' id='word_1_687' title='bbox 3206 3022 3360 3081; x_wconf 76' lang='lat' dir='ltr'><strong>calvi.</strong></span> <span class='ocrx_word' id='word_1_688' title='bbox 3390 3028 3492 3083; x_wconf 83' lang='lat' dir='ltr'><strong>Ne-</strong></span> 
     </span>
    </p>
   </div>
   <div class='ocr_carea' id='block_1_94' title="bbox 1926 3093 3491 3162">
    <p class='ocr_par' dir='ltr' id='par_1_94' title="bbox 1926 3093 3491 3162">
     <span class='ocr_line' id='line_1_96' title="bbox 1926 3093 3491 3162; baseline 0.004 -15"><span class='ocrx_word' id='word_1_689' title='bbox 1926 3107 2029 3162; x_wconf 90' lang='lat' dir='ltr'><strong>que</strong></span> <span class='ocrx_word' id='word_1_690' title='bbox 2062 3093 2161 3147; x_wconf 90' lang='lat' dir='ltr'><strong>huc</strong></span> <span class='ocrx_word' id='word_1_691' title='bbox 2190 3104 2364 3148; x_wconf 88' lang='lat' dir='ltr'><strong>tamen</strong></span> <span class='ocrx_word' id='word_1_692' title='bbox 2392 3094 2457 3148; x_wconf 91' lang='lat' dir='ltr'><strong>ad</strong></span> <span class='ocrx_word' id='word_1_693' title='bbox 2488 3094 2803 3149; x_wconf 87' lang='lat' dir='ltr'><strong>derisionem</strong></span> <span class='ocrx_word' id='word_1_694' title='bbox 2825 3095 3185 3162; x_wconf 90' lang='lat' dir='ltr'><strong>accipiendum</strong></span> <span class='ocrx_word' id='word_1_695' title='bbox 3218 3106 3318 3161; x_wconf 89' lang='lat' dir='ltr'><strong>est,</strong></span> <span class='ocrx_word' id='word_1_696' title='bbox 3344 3114 3410 3152; x_wconf 91' lang='lat' dir='ltr'><strong>ne</strong></span> <span class='ocrx_word' id='word_1_697' title='bbox 3439 3100 3491 3153; x_wconf 90' lang='lat' dir='ltr'><strong>in</strong></span> 
     </span>
    </p>
   </div>
   <div class='ocr_carea' id='block_1_95' title="bbox 1927 3164 3491 3234">
    <p class='ocr_par' dir='ltr' id='par_1_95' title="bbox 1927 3164 3491 3234">
     <span class='ocr_line' id='line_1_97' title="bbox 1927 3164 3491 3234; baseline 0.003 -15"><span class='ocrx_word' id='word_1_698' title='bbox 1927 3178 2090 3219; x_wconf 86' lang='lat' dir='ltr'><strong>sensu</strong></span> <span class='ocrx_word' id='word_1_699' title='bbox 2121 3165 2305 3233; x_wconf 90' lang='lat' dir='ltr'><strong>puerili</strong></span> <span class='ocrx_word' id='word_1_700' title='bbox 2338 3165 2684 3229; x_wconf 88' lang='lat' dir='ltr'><strong>inveniamur,</strong></span> <span class='ocrx_word' id='word_1_701' title='bbox 2718 3166 2854 3219; x_wconf 88' lang='lat' dir='ltr'><strong>sicut</strong></span> <span class='ocrx_word' id='word_1_702' title='bbox 2897 3166 3042 3234; x_wconf 90' lang='lat' dir='ltr'><strong>pueri</strong></span> <span class='ocrx_word' id='word_1_703' title='bbox 3075 3164 3150 3218; x_wconf 92' lang='lat' dir='ltr'><strong>illi</strong></span> <span class='ocrx_word' id='word_1_704' title='bbox 3194 3170 3303 3234; x_wconf 90' lang='lat' dir='ltr'><strong>qui,</strong></span> <span class='ocrx_word' id='word_1_705' title='bbox 3331 3172 3491 3224; x_wconf 88' lang='lat' dir='ltr'><strong>stulte</strong></span> 
     </span>
    </p>
   </div>
   <div class='ocr_carea' id='block_1_96' title="bbox 1925 3235 3494 3304">
    <p class='ocr_par' dir='ltr' id='par_1_96' title="bbox 1925 3235 3494 3304">
     <span class='ocr_line' id='line_1_98' title="bbox 1925 3235 3494 3304; baseline 0.004 -17"><span class='ocrx_word' id='word_1_706' title='bbox 1925 3235 2238 3304; x_wconf 85' lang='lat' dir='ltr'><strong>garrientes,</strong></span> <span class='ocrx_word' id='word_1_707' title='bbox 2270 3245 2322 3289; x_wconf 92' lang='lat' dir='ltr'><strong>et</strong></span> <span class='ocrx_word' id='word_1_708' title='bbox 2370 3236 2421 3288; x_wconf 92' lang='lat' dir='ltr'><strong>in</strong></span> <span class='ocrx_word' id='word_1_709' title='bbox 2469 3236 2735 3303; x_wconf 87' lang='lat' dir='ltr'><strong>propriam</strong></span> <span class='ocrx_word' id='word_1_710' title='bbox 2790 3236 3073 3302; x_wconf 88' lang='lat' dir='ltr'><strong>perniciem</strong></span> <span class='ocrx_word' id='word_1_711' title='bbox 3117 3235 3494 3293; x_wconf 90' lang='lat' dir='ltr'><strong>maledicentes</strong></span> 
     </span>
    </p>
   </div>
   <div class='ocr_carea' id='block_1_97' title="bbox 1925 3305 3490 3376">
    <p class='ocr_par' dir='ltr' id='par_1_97' title="bbox 1925 3305 3490 3376">
     <span class='ocr_line' id='line_1_99' title="bbox 1925 3305 3490 3376; baseline 0.003 -18"><span class='ocrx_word' id='word_1_712' title='bbox 1925 3314 2043 3374; x_wconf 92' lang='lat' dir='ltr'><strong>post</strong></span> <span class='ocrx_word' id='word_1_713' title='bbox 2070 3315 2309 3376; x_wconf 74' lang='lat' dir='ltr'><strong>sanctum</strong></span> <span class='ocrx_word' id='word_1_714' title='bbox 2349 3305 2516 3359; x_wconf 90' lang='lat' dir='ltr'><strong>virum</strong></span> <span class='ocrx_word' id='word_1_715' title='bbox 2567 3306 2814 3360; x_wconf 64' lang='lat' dir='ltr'><strong>Elisaaum</strong></span> <span class='ocrx_word' id='word_1_716' title='bbox 2857 3306 3189 3361; x_wconf 88' lang='lat' dir='ltr'><strong>clamabant:</strong></span> <span class='ocrx_word' id='word_1_717' title='bbox 3246 3310 3490 3376; x_wconf 80' lang='lat' dir='ltr'><strong>Ascende,</strong></span> 
     </span>
    </p>
   </div>
   <div class='ocr_carea' id='block_1_98' title="bbox 1928 3373 3495 3434">
    <p class='ocr_par' dir='ltr' id='par_1_98' title="bbox 1928 3373 3495 3434">
     <span class='ocr_line' id='line_1_100' title="bbox 1928 3373 3495 3434; baseline 0.004 -7"><span class='ocrx_word' id='word_1_718' title='bbox 1928 3373 2085 3430; x_wconf 82' lang='lat' dir='ltr'><strong>calve.</strong></span> <span class='ocrx_word' id='word_1_719' title='bbox 2117 3373 2184 3427; x_wconf 82' lang='lat' dir='ltr'><strong>Et</strong></span> <span class='ocrx_word' id='word_1_720' title='bbox 2212 3376 2544 3434; x_wconf 74' lang='lat' dir='ltr'><strong>regredientes</strong></span> <span class='ocrx_word' id='word_1_721' title='bbox 2592 3377 2694 3428; x_wconf 89' lang='lat' dir='ltr'><strong>duo</strong></span> <span class='ocrx_word' id='word_1_722' title='bbox 2723 3376 2829 3429; x_wconf 88' lang='lat' dir='ltr'><strong>ursi</strong></span> <span class='ocrx_word' id='word_1_723' title='bbox 2876 3377 2940 3429; x_wconf 84' lang='lat' dir='ltr'><strong>de</strong></span> <span class='ocrx_word' id='word_1_724' title='bbox 2960 3376 3087 3430; x_wconf 88' lang='lat' dir='ltr'><strong>silva</strong></span> <span class='ocrx_word' id='word_1_725' title='bbox 3129 3373 3495 3434; x_wconf 78' lang='lat' dir='ltr'><strong>devoraverunt</strong></span> 
     </span>
    </p>
   </div>
   <div class='ocr_carea' id='block_1_99' title="bbox 1929 3394 3491 3515">
    <p class='ocr_par' dir='ltr' id='par_1_99' title="bbox 1929 3394 3491 3515">
     <span class='ocr_line' id='line_1_101' title="bbox 1929 3394 3491 3434; baseline 0.004 -7"><span class='ocrx_word' id='word_1_726' title='bbox 1929 3394 2085 3430; x_wconf 76' lang='lat' dir='ltr'><strong>calve.</strong></span> <span class='ocrx_word' id='word_1_727' title='bbox 2117 3394 2184 3427; x_wconf 74' lang='lat' dir='ltr'><strong>l‘Jl</strong></span> <span class='ocrx_word' id='word_1_728' title='bbox 2212 3394 2266 3429; x_wconf 73' lang='grc' dir='ltr'><em>τε</em></span> <span class='ocrx_word' id='word_1_729' title='bbox 2302 3394 2544 3429; x_wconf 72' lang='grc' dir='ltr'><em>νεαιεηιες</em></span> <span class='ocrx_word' id='word_1_730' title='bbox 2592 3394 2694 3428; x_wconf 91' lang='lat' dir='ltr'><strong>auo</strong></span> <span class='ocrx_word' id='word_1_731' title='bbox 2723 3394 2827 3429; x_wconf 70' lang='grc' dir='ltr'><strong>ωτι</strong></span> <span class='ocrx_word' id='word_1_732' title='bbox 2876 3394 2940 3429; x_wconf 87' lang='lat' dir='ltr'><strong>ae</strong></span> <span class='ocrx_word' id='word_1_733' title='bbox 2960 3394 3087 3430; x_wconf 74' lang='grc' dir='ltr'><em>ειιυα</em></span> <span class='ocrx_word' id='word_1_734' title='bbox 3129 3394 3491 3434; x_wconf 76' lang='lat' dir='ltr'><strong>devoraverunt</strong></span> 
     </span>
     <span class='ocr_line' id='line_1_102' title="bbox 1929 3394 3491 3515; baseline 0.002 -15"><span class='ocrx_word' id='word_1_735' title='bbox 1929 3463 2033 3501; x_wconf 91' lang='lat' dir='ltr'><strong>eos.</strong></span> <span class='ocrx_word' id='word_1_736' title='bbox 2088 3446 2143 3500; x_wconf 92' lang='lat' dir='ltr'><strong>ln</strong></span> <span class='ocrx_word' id='word_1_737' title='bbox 2174 3394 2362 3515; x_wconf 62' lang='lat' dir='ltr'><strong>quigus</strong></span> <span class='ocrx_word' id='word_1_738' title='bbox 2403 3450 2579 3514; x_wconf 89' lang='lat' dir='ltr'><strong>pueris</strong></span> <span class='ocrx_word' id='word_1_739' title='bbox 2624 3446 2880 3515; x_wconf 77' lang='lat' dir='ltr'><strong>designati</strong></span> <span class='ocrx_word' id='word_1_740' title='bbox 2930 3456 3052 3501; x_wconf 89' lang='lat' dir='ltr'><strong>sunt</strong></span> <span class='ocrx_word' id='word_1_741' title='bbox 3101 3446 3343 3505; x_wconf 87' lang='lat' dir='ltr'><strong>homines</strong></span> <span class='ocrx_word' id='word_1_742' title='bbox 3371 3466 3491 3504; x_wconf 88' lang='lat' dir='ltr'><strong>sen-</strong></span> 
     </span>
    </p>
   </div>
   <div class='ocr_carea' id='block_1_100' title="bbox 1928 3516 3491 3585">
    <p class='ocr_par' dir='ltr' id='par_1_100' title="bbox 1928 3516 3491 3585">
     <span class='ocr_line' id='line_1_103' title="bbox 1928 3516 3491 3585; baseline 0.003 -14"><span class='ocrx_word' id='word_1_743' title='bbox 1928 3531 2045 3572; x_wconf 90' lang='lat' dir='ltr'><strong>sum</strong></span> <span class='ocrx_word' id='word_1_744' title='bbox 2077 3516 2389 3585; x_wconf 71' lang='lat' dir='ltr'><strong>ignorantia:</strong></span> <span class='ocrx_word' id='word_1_745' title='bbox 2417 3518 2691 3578; x_wconf 89' lang='lat' dir='ltr'><strong>habentes,</strong></span> <span class='ocrx_word' id='word_1_746' title='bbox 2722 3518 2903 3585; x_wconf 90' lang='lat' dir='ltr'><strong>quales</strong></span> <span class='ocrx_word' id='word_1_747' title='bbox 2933 3532 3028 3570; x_wconf 91' lang='lat' dir='ltr'><strong>nos</strong></span> <span class='ocrx_word' id='word_1_748' title='bbox 3057 3519 3213 3572; x_wconf 89' lang='lat' dir='ltr'><strong>etiam</strong></span> <span class='ocrx_word' id='word_1_749' title='bbox 3244 3521 3352 3574; x_wconf 85' lang='lat' dir='ltr'><strong>vult</strong></span> <span class='ocrx_word' id='word_1_750' title='bbox 3372 3535 3491 3576; x_wconf 91' lang='lat' dir='ltr'><strong>esse</strong></span> 
     </span>
    </p>
   </div>
   <div class='ocr_carea' id='block_1_101' title="bbox 1930 3587 3492 3658">
    <p class='ocr_par' dir='ltr' id='par_1_101' title="bbox 1930 3587 3492 3658">
     <span class='ocr_line' id='line_1_104' title="bbox 1930 3587 3492 3658; baseline 0.003 -17"><span class='ocrx_word' id='word_1_751' title='bbox 1930 3588 2213 3654; x_wconf 85' lang='lat' dir='ltr'><strong>Apostolus</strong></span> <span class='ocrx_word' id='word_1_752' title='bbox 2258 3587 2343 3656; x_wconf 90' lang='lat' dir='ltr'><strong>qui</strong></span> <span class='ocrx_word' id='word_1_753' title='bbox 2370 3587 2500 3641; x_wconf 88' lang='lat' dir='ltr'><strong>dicit</strong></span> <span class='ocrx_word' id='word_1_754' title='bbox 2528 3604 2541 3641; x_wconf 90' lang='lat'><strong>:</strong></span> <span class='ocrx_word' id='word_1_755' title='bbox 2592 3587 2770 3641; x_wconf 87' lang='lat' dir='ltr'><strong>Nolite</strong></span> <span class='ocrx_word' id='word_1_756' title='bbox 2797 3589 2939 3658; x_wconf 82' lang='lat' dir='ltr'><strong>pueri</strong></span> <span class='ocrx_word' id='word_1_757' title='bbox 2966 3590 3093 3658; x_wconf 68' lang='lat' dir='ltr'><strong>eﬂici</strong></span> <span class='ocrx_word' id='word_1_758' title='bbox 3128 3592 3371 3657; x_wconf 87' lang='lat' dir='ltr'><strong>sensibus,</strong></span> <span class='ocrx_word' id='word_1_759' title='bbox 3403 3596 3492 3646; x_wconf 87' lang='lat' dir='ltr'><strong>sed</strong></span> 
     </span>
    </p>
   </div>
   <div class='ocr_carea' id='block_1_102' title="bbox 1928 3590 3489 3728">
    <p class='ocr_par' dir='ltr' id='par_1_102' title="bbox 1928 3590 3489 3728">
     <span class='ocr_line' id='line_1_105' title="bbox 1930 3590 3489 3658; baseline 0.003 -17"><span class='ocrx_word' id='word_1_760' title='bbox 1930 3590 2213 3654; x_wconf 85' lang='lat' dir='ltr'><strong>Apostolus</strong></span> <span class='ocrx_word' id='word_1_761' title='bbox 2258 3590 2343 3656; x_wconf 92' lang='lat' dir='ltr'><strong>qui</strong></span> <span class='ocrx_word' id='word_1_762' title='bbox 2370 3590 2500 3641; x_wconf 87' lang='lat' dir='ltr'><strong>dicit</strong></span> <span class='ocrx_word' id='word_1_763' title='bbox 2528 3604 2541 3641; x_wconf 90' lang='lat'><strong>:</strong></span> <span class='ocrx_word' id='word_1_764' title='bbox 2592 3590 2770 3641; x_wconf 87' lang='lat' dir='ltr'><strong>Nolite</strong></span> <span class='ocrx_word' id='word_1_765' title='bbox 2797 3590 2939 3658; x_wconf 82' lang='lat' dir='ltr'><strong>pueri</strong></span> <span class='ocrx_word' id='word_1_766' title='bbox 2966 3604 2993 3639; x_wconf 88' lang='lat' dir='ltr'><strong>e</strong></span> <span class='ocrx_word' id='word_1_767' title='bbox 3049 3590 3093 3640; x_wconf 88' lang='lat' dir='ltr'><strong>ci</strong></span> <span class='ocrx_word' id='word_1_768' title='bbox 3128 3592 3371 3657; x_wconf 88' lang='lat' dir='ltr'><strong>sensibus,</strong></span> <span class='ocrx_word' id='word_1_769' title='bbox 3403 3596 3489 3646; x_wconf 87' lang='lat' dir='ltr'><strong>sed</strong></span> 
     </span>
     <span class='ocr_line' id='line_1_106' title="bbox 1928 3590 3489 3728; baseline 0.005 -18"><span class='ocrx_word' id='word_1_770' title='bbox 1928 3658 2125 3728; x_wconf 82' lang='lat' dir='ltr'><strong>malitia</strong></span> <span class='ocrx_word' id='word_1_771' title='bbox 2154 3659 2297 3727; x_wconf 87' lang='lat' dir='ltr'><strong>pueri</strong></span> <span class='ocrx_word' id='word_1_772' title='bbox 2325 3666 2500 3725; x_wconf 83' lang='lat' dir='ltr'><strong>estote,</strong></span> <span class='ocrx_word' id='word_1_773' title='bbox 2551 3666 2606 3710; x_wconf 90' lang='lat' dir='ltr'><strong>ut</strong></span> <span class='ocrx_word' id='word_1_774' title='bbox 2632 3658 2855 3712; x_wconf 85' lang='lat' dir='ltr'><strong>sensibus</strong></span> <span class='ocrx_word' id='word_1_775' title='bbox 2884 3590 3091 3728; x_wconf 47' lang='lat' dir='ltr'><strong>per/enen</strong></span> <span class='ocrx_word' id='word_1_776' title='bbox 3118 3660 3246 3713; x_wconf 85' lang='lat' dir='ltr'><strong>sitis.</strong></span> <span class='ocrx_word' id='word_1_777' title='bbox 3288 3661 3489 3718; x_wconf 88' lang='lat' dir='ltr'><strong>Tamen</strong></span> 
     </span>
    </p>
   </div>
   <div class='ocr_carea' id='block_1_103' title="bbox 1931 3727 3490 3797">
    <p class='ocr_par' dir='ltr' id='par_1_103' title="bbox 1931 3727 3490 3797">
     <span class='ocr_line' id='line_1_107' title="bbox 1931 3727 3490 3797; baseline 0.004 -16"><span class='ocrx_word' id='word_1_778' title='bbox 1931 3727 2186 3782; x_wconf 89' lang='lat' dir='ltr'><strong>Dominus</strong></span> <span class='ocrx_word' id='word_1_779' title='bbox 2215 3728 2455 3782; x_wconf 80' lang='lat' dir='ltr'><strong>hortatur</strong></span> <span class='ocrx_word' id='word_1_780' title='bbox 2484 3742 2579 3783; x_wconf 92' lang='lat' dir='ltr'><strong>nos</strong></span> <span class='ocrx_word' id='word_1_781' title='bbox 2600 3730 2665 3781; x_wconf 90' lang='lat' dir='ltr'><strong>ad</strong></span> <span class='ocrx_word' id='word_1_782' title='bbox 2704 3727 3047 3783; x_wconf 75' lang='lat' dir='ltr'><strong>imitationem</strong></span> <span class='ocrx_word' id='word_1_783' title='bbox 3093 3745 3373 3797; x_wconf 87' lang='lat' dir='ltr'><strong>puerorum</strong></span> <span class='ocrx_word' id='word_1_784' title='bbox 3404 3734 3490 3788; x_wconf 91' lang='lat' dir='ltr'><strong>di-</strong></span> 
     </span>
    </p>
   </div>
   <div class='ocr_carea' id='block_1_104' title="bbox 1929 3798 3494 3872">
    <p class='ocr_par' dir='ltr' id='par_1_104' title="bbox 1929 3798 3494 3872">
     <span class='ocr_line' id='line_1_108' title="bbox 1929 3798 3494 3872; baseline 0.004 -20"><span class='ocrx_word' id='word_1_785' title='bbox 1929 3812 2058 3872; x_wconf 78' lang='lat' dir='ltr'><strong>cens</strong></span> <span class='ocrx_word' id='word_1_786' title='bbox 2102 3798 2155 3851; x_wconf 91' lang='lat' dir='ltr'><strong>in</strong></span> <span class='ocrx_word' id='word_1_787' title='bbox 2189 3798 2473 3872; x_wconf 81' lang='lat' dir='ltr'><strong>Evangelia</strong></span> <span class='ocrx_word' id='word_1_788' title='bbox 2517 3818 2541 3872; x_wconf 10' lang='lat'><strong>:7</strong></span> <span class='ocrx_word' id='word_1_789' title='bbox 2584 3798 2703 3852; x_wconf 88' lang='lat' dir='ltr'><strong>Nisi</strong></span> <span class='ocrx_word' id='word_1_790' title='bbox 2749 3799 3036 3872; x_wconf 74' lang='lat' dir='ltr'><strong>e/jiciamini</strong></span> <span class='ocrx_word' id='word_1_791' title='bbox 3075 3802 3205 3855; x_wconf 90' lang='lat' dir='ltr'><strong>sicut</strong></span> <span class='ocrx_word' id='word_1_792' title='bbox 3252 3803 3494 3870; x_wconf 82' lang='lat' dir='ltr'><strong>parvulus</strong></span> 
     </span>
    </p>
   </div>
   <div class='ocr_carea' id='block_1_105' title="bbox 1928 3868 3495 3945">
    <p class='ocr_par' dir='ltr' id='par_1_105' title="bbox 1928 3868 3495 3945">
     <span class='ocr_line' id='line_1_109' title="bbox 1928 3868 3495 3945; baseline 0.004 -24"><span class='ocrx_word' id='word_1_793' title='bbox 1928 3868 2044 3945; x_wconf 86' lang='lat' dir='ltr'><strong>i_st_e,</strong></span> <span class='ocrx_word' id='word_1_794' title='bbox 2093 3884 2195 3923; x_wconf 87' lang='lat' dir='ltr'><strong>non</strong></span> <span class='ocrx_word' id='word_1_795' title='bbox 2235 3870 2580 3945; x_wconf 65' lang='lat' dir='ltr'><strong>intrabitisin</strong></span> <span class='ocrx_word' id='word_1_796' title='bbox 2606 3868 2833 3945; x_wconf 63' lang='lat' dir='ltr'><strong>regnum</strong></span> <span class='ocrx_word' id='word_1_797' title='bbox 2861 3872 3118 3945; x_wconf 65' lang='lat' dir='ltr'><strong>sculorum.</strong></span> <span class='ocrx_word' id='word_1_798' title='bbox 3170 3868 3338 3945; x_wconf 83' lang='lat' dir='ltr'><strong>Quem</strong></span> <span class='ocrx_word' id='word_1_799' title='bbox 3369 3890 3495 3945; x_wconf 90' lang='lat' dir='ltr'><strong>ergo</strong></span> 
     </span>
    </p>
   </div>
   <div class='ocr_carea' id='block_1_106' title="bbox 1931 3938 3491 4011">
    <p class='ocr_par' dir='ltr' id='par_1_106' title="bbox 1931 3938 3491 4011">
     <span class='ocr_line' id='line_1_110' title="bbox 1931 3938 3491 4011; baseline 0.003 -17"><span class='ocrx_word' id='word_1_800' title='bbox 1931 3938 2158 3994; x_wconf 86' lang='lat' dir='ltr'><strong>delectat</strong></span> <span class='ocrx_word' id='word_1_801' title='bbox 2184 3956 2402 4007; x_wconf 89' lang='lat' dir='ltr'><strong>puerum</strong></span> <span class='ocrx_word' id='word_1_802' title='bbox 2426 3941 2642 4005; x_wconf 88' lang='lat' dir='ltr'><strong>imitari,</strong></span> <span class='ocrx_word' id='word_1_803' title='bbox 2664 3938 2781 3995; x_wconf 56' lang='lat' dir='ltr'><strong>&#39;non</strong></span> <span class='ocrx_word' id='word_1_804' title='bbox 2803 3940 3029 3997; x_wconf 81' lang='lat' dir='ltr'><strong>delectet</strong></span> <span class='ocrx_word' id='word_1_805' title='bbox 3058 3956 3177 3996; x_wconf 92' lang='lat' dir='ltr'><strong>eum</strong></span> <span class='ocrx_word' id='word_1_806' title='bbox 3195 3938 3491 4011; x_wconf 65' lang='lat' dir='ltr'><strong>imperitia,</strong></span> 
     </span>
    </p>
   </div>
   <div class='ocr_carea' id='block_1_107' title="bbox 1930 4011 3491 4083">
    <p class='ocr_par' dir='ltr' id='par_1_107' title="bbox 1930 4011 3491 4083">
     <span class='ocr_line' id='line_1_111' title="bbox 1930 4011 3491 4083; baseline 0.006 -20"><span class='ocrx_word' id='word_1_807' title='bbox 1930 4011 2025 4064; x_wconf 89' lang='lat' dir='ltr'><strong>sed</strong></span> <span class='ocrx_word' id='word_1_808' title='bbox 2067 4012 2391 4083; x_wconf 85' lang='lat' dir='ltr'><strong>innocentia.</strong></span> <span class='ocrx_word' id='word_1_809' title='bbox 2452 4012 2529 4083; x_wconf 71' lang='lat' dir='ltr'><strong>Ex</strong></span> <span class='ocrx_word' id='word_1_810' title='bbox 2562 4012 2827 4080; x_wconf 92' lang='lat' dir='ltr'><strong>imperitia</strong></span> <span class='ocrx_word' id='word_1_811' title='bbox 2868 4013 3206 4083; x_wconf 85' lang='lat' dir='ltr'><strong>enim_pueri</strong></span> <span class='ocrx_word' id='word_1_812' title='bbox 3256 4014 3331 4083; x_wconf 90' lang='lat' dir='ltr'><strong>illi</strong></span> <span class='ocrx_word' id='word_1_813' title='bbox 3375 4028 3491 4083; x_wconf 89' lang='lat' dir='ltr'><strong>post</strong></span> 
     </span>
    </p>
   </div>
   <div class='ocr_carea' id='block_1_108' title="bbox 1931 4080 3487 4145">
    <p class='ocr_par' dir='ltr' id='par_1_108' title="bbox 1931 4080 3487 4145">
     <span class='ocr_line' id='line_1_112' title="bbox 1931 4080 3487 4145; baseline 0.004 -12"><span class='ocrx_word' id='word_1_814' title='bbox 1931 4089 2172 4135; x_wconf 91' lang='lat' dir='ltr'><strong>sanctum</strong></span> <span class='ocrx_word' id='word_1_815' title='bbox 2227 4080 2398 4136; x_wconf 86' lang='lat' dir='ltr'><strong>virum</strong></span> <span class='ocrx_word' id='word_1_816' title='bbox 2439 4081 2831 4145; x_wconf 88' lang='lat' dir='ltr'><strong>clamaverunt,</strong></span> <span class='ocrx_word' id='word_1_817' title='bbox 2884 4091 2994 4136; x_wconf 85' lang='lat' dir='ltr'><strong>eta</strong></span> <span class='ocrx_word' id='word_1_818' title='bbox 3024 4081 3206 4136; x_wconf 90' lang='lat' dir='ltr'><strong>bestiis</strong></span> <span class='ocrx_word' id='word_1_819' title='bbox 3251 4080 3487 4140; x_wconf 81' lang='lat' dir='ltr'><strong>devorati</strong></span> 
     </span>
    </p>
   </div>
   <div class='ocr_carea' id='block_1_109' title="bbox 1931 4151 3490 4220">
    <p class='ocr_par' dir='ltr' id='par_1_109' title="bbox 1931 4151 3490 4220">
     <span class='ocr_line' id='line_1_113' title="bbox 1931 4151 3490 4220; baseline 0.003 -16"><span class='ocrx_word' id='word_1_820' title='bbox 1931 4160 2074 4206; x_wconf 91' lang='lat' dir='ltr'><strong>sunt.</strong></span> <span class='ocrx_word' id='word_1_821' title='bbox 2131 4152 2195 4206; x_wconf 86' lang='lat' dir='ltr'><strong>Et</strong></span> <span class='ocrx_word' id='word_1_822' title='bbox 2235 4153 2589 4220; x_wconf 84' lang='lat' dir='ltr'><strong>figuraverunt</strong></span> <span class='ocrx_word' id='word_1_823' title='bbox 2642 4151 2883 4206; x_wconf 88' lang='lat' dir='ltr'><strong>homines</strong></span> <span class='ocrx_word' id='word_1_824' title='bbox 2930 4152 3140 4218; x_wconf 84' lang='lat' dir='ltr'><strong>stultos,</strong></span> <span class='ocrx_word' id='word_1_825' title='bbox 3196 4153 3247 4207; x_wconf 93' lang='lat' dir='ltr'><strong>in</strong></span> <span class='ocrx_word' id='word_1_826' title='bbox 3304 4155 3490 4209; x_wconf 88' lang='lat' dir='ltr'><strong>eadem</strong></span> 
     </span>
    </p>
   </div>
   <div class='ocr_carea' id='block_1_110' title="bbox 1931 4222 3492 4292">
    <p class='ocr_par' dir='ltr' id='par_1_110' title="bbox 1931 4222 3492 4292">
     <span class='ocr_line' id='line_1_114' title="bbox 1931 4222 3492 4292; baseline 0.004 -18"><span class='ocrx_word' id='word_1_827' title='bbox 1931 4232 2111 4276; x_wconf 87' lang='lat' dir='ltr'><strong>mente</strong></span> <span class='ocrx_word' id='word_1_828' title='bbox 2150 4226 2300 4292; x_wconf 89' lang='lat' dir='ltr'><strong>pueri</strong></span> <span class='ocrx_word' id='word_1_829' title='bbox 2353 4222 2635 4277; x_wconf 90' lang='lat' dir='ltr'><strong>irridentes</strong></span> <span class='ocrx_word' id='word_1_830' title='bbox 2682 4222 2963 4289; x_wconf 91' lang='lat' dir='ltr'><strong>quemdam</strong></span> <span class='ocrx_word' id='word_1_831' title='bbox 3010 4222 3215 4277; x_wconf 90' lang='lat' dir='ltr'><strong>calvum</strong></span> <span class='ocrx_word' id='word_1_832' title='bbox 3267 4222 3318 4277; x_wconf 91' lang='lat' dir='ltr'><strong>in</strong></span> <span class='ocrx_word' id='word_1_833' title='bbox 3372 4224 3492 4281; x_wconf 92' lang='lat' dir='ltr'><strong>loco</strong></span> 
     </span>
    </p>
   </div>
   <div class='ocr_carea' id='block_1_111' title="bbox 1930 4292 3492 4367">
    <p class='ocr_par' dir='ltr' id='par_1_111' title="bbox 1930 4292 3492 4367">
     <span class='ocr_line' id='line_1_115' title="bbox 1930 4292 3492 4367; baseline 0.002 -20"><span class='ocrx_word' id='word_1_834' title='bbox 1930 4294 2175 4367; x_wconf 76' lang='lat' dir='ltr'><strong>calvaria:</strong></span> <span class='ocrx_word' id='word_1_835' title='bbox 2200 4292 2531 4367; x_wconf 79' lang='lat' dir='ltr'><strong>erucilixum,</strong></span> <span class='ocrx_word' id='word_1_836' title='bbox 2571 4302 2626 4346; x_wconf 92' lang='lat' dir='ltr'><strong>et</strong></span> <span class='ocrx_word' id='word_1_837' title='bbox 2651 4292 2770 4367; x_wconf 81' lang='lat' dir='ltr'><strong>ideo</strong></span> <span class='ocrx_word' id='word_1_838' title='bbox 2794 4306 2847 4367; x_wconf 91' lang='lat' dir='ltr'><strong>_a</strong></span> <span class='ocrx_word' id='word_1_839' title='bbox 2877 4293 3058 4367; x_wconf 87' lang='lat' dir='ltr'><strong>bestiis</strong></span> <span class='ocrx_word' id='word_1_840' title='bbox 3082 4293 3318 4349; x_wconf 89' lang='lat' dir='ltr'><strong>devorati</strong></span> <span class='ocrx_word' id='word_1_841' title='bbox 3348 4304 3492 4367; x_wconf 86' lang='lat' dir='ltr'><strong>sunt,</strong></span> 
     </span>
    </p>
   </div>
   <div class='ocr_carea' id='block_1_112' title="bbox 1932 4363 3492 4434">
    <p class='ocr_par' dir='ltr' id='par_1_112' title="bbox 1932 4363 3492 4434">
     <span class='ocr_line' id='line_1_116' title="bbox 1932 4363 3492 4434; baseline 0.003 -18"><span class='ocrx_word' id='word_1_842' title='bbox 1932 4364 1983 4434; x_wconf 87' lang='lat' dir='ltr'><strong>id</strong></span> <span class='ocrx_word' id='word_1_843' title='bbox 2012 4372 2117 4434; x_wconf 82' lang='lat' dir='ltr'><strong>est,</strong></span> <span class='ocrx_word' id='word_1_844' title='bbox 2146 4378 2175 4417; x_wconf 90' lang='lat' dir='ltr'><strong>a</strong></span> <span class='ocrx_word' id='word_1_845' title='bbox 2202 4363 2411 4434; x_wconf 88' lang='lat' dir='ltr'><strong>diabolo</strong></span> <span class='ocrx_word' id='word_1_846' title='bbox 2433 4363 2717 4434; x_wconf 78' lang='lat' dir='ltr'><strong>etangelis</strong></span> <span class='ocrx_word' id='word_1_847' title='bbox 2758 4363 2895 4432; x_wconf 87' lang='lat' dir='ltr'><strong>ejus,</strong></span> <span class='ocrx_word' id='word_1_848' title='bbox 2948 4366 3036 4432; x_wconf 90' lang='lat' dir='ltr'><strong>qui</strong></span> <span class='ocrx_word' id='word_1_849' title='bbox 3069 4375 3319 4434; x_wconf 88' lang='lat' dir='ltr'><strong>operatur</strong></span> <span class='ocrx_word' id='word_1_850' title='bbox 3347 4367 3398 4420; x_wconf 92' lang='lat' dir='ltr'><strong>in</strong></span> <span class='ocrx_word' id='word_1_851' title='bbox 3431 4363 3492 4421; x_wconf 55' lang='lat' dir='ltr'><strong>ll;</strong></span> 
     </span>
    </p>
   </div>
   <div class='ocr_carea' id='block_1_113' title="bbox 1932 4432 3492 4502">
    <p class='ocr_par' dir='ltr' id='par_1_113' title="bbox 1932 4432 3492 4502">
     <span class='ocr_line' id='line_1_117' title="bbox 1932 4432 3492 4502; baseline 0.004 -17"><span class='ocrx_word' id='word_1_852' title='bbox 1932 4432 2016 4487; x_wconf 87' lang='lat' dir='ltr'><strong>liis</strong></span> <span class='ocrx_word' id='word_1_853' title='bbox 2041 4432 2364 4488; x_wconf 68' lang='lat' dir='ltr'><strong>difﬁdentiae.</strong></span> <span class='ocrx_word' id='word_1_854' title='bbox 2418 4433 2572 4487; x_wconf 90' lang='lat' dir='ltr'><strong>Tales</strong></span> <span class='ocrx_word' id='word_1_855' title='bbox 2599 4434 2745 4501; x_wconf 90' lang='lat' dir='ltr'><strong>pueri</strong></span> <span class='ocrx_word' id='word_1_856' title='bbox 2774 4443 2925 4488; x_wconf 90' lang='lat' dir='ltr'><strong>erant</strong></span> <span class='ocrx_word' id='word_1_857' title='bbox 2949 4435 3037 4502; x_wconf 91' lang='lat' dir='ltr'><strong>qui</strong></span> <span class='ocrx_word' id='word_1_858' title='bbox 3066 4432 3190 4491; x_wconf 84' lang='lat' dir='ltr'><strong>ante</strong></span> <span class='ocrx_word' id='word_1_859' title='bbox 3231 4447 3492 4491; x_wconf 90' lang='lat' dir='ltr'><strong>sacratum</strong></span> 
     </span>
    </p>
   </div>
   <div class='ocr_carea' id='block_1_114' title="bbox 1933 4503 3490 4573">
    <p class='ocr_par' dir='ltr' id='par_1_114' title="bbox 1933 4503 3490 4573">
     <span class='ocr_line' id='line_1_118' title="bbox 1933 4503 3490 4573; baseline 0.004 -19"><span class='ocrx_word' id='word_1_860' title='bbox 1933 4503 2131 4573; x_wconf 77' lang='lat' dir='ltr'><strong>lignum</strong></span> <span class='ocrx_word' id='word_1_861' title='bbox 2158 4504 2331 4558; x_wconf 82' lang='lat' dir='ltr'><strong>crucis</strong></span> <span class='ocrx_word' id='word_1_862' title='bbox 2364 4512 2582 4571; x_wconf 89' lang='lat' dir='ltr'><strong>stantes,</strong></span> <span class='ocrx_word' id='word_1_863' title='bbox 2607 4514 2766 4573; x_wconf 89' lang='lat' dir='ltr'><strong>caput</strong></span> <span class='ocrx_word' id='word_1_864' title='bbox 2809 4506 3079 4573; x_wconf 88' lang='lat' dir='ltr'><strong>agitabant</strong></span> <span class='ocrx_word' id='word_1_865' title='bbox 3126 4516 3180 4559; x_wconf 90' lang='lat' dir='ltr'><strong>et</strong></span> <span class='ocrx_word' id='word_1_866' title='bbox 3208 4507 3453 4562; x_wconf 88' lang='lat' dir='ltr'><strong>dicebant</strong></span> <span class='ocrx_word' id='word_1_867' title='bbox 3479 4526 3490 4560; x_wconf 92' lang='lat'>:</span> 
     </span>
    </p>
   </div>
   <div class='ocr_carea' id='block_1_115' title="bbox 254 4566 3491 4643">
    <p class='ocr_par' dir='ltr' id='par_1_115' title="bbox 254 4566 3491 4643">
     <span class='ocr_line' id='line_1_119' title="bbox 254 4566 3491 4643; baseline 0.001 -16"><span class='ocrx_word' id='word_1_868' title='bbox 254 4566 507 4643; x_wconf 75' lang='lat' dir='ltr'><strong>iuilitate,</strong></span> <span class='ocrx_word' id='word_1_869' title='bbox 558 4577 641 4631; x_wconf 90' lang='lat' dir='ltr'><strong>vel</strong></span> <span class='ocrx_word' id='word_1_870' title='bbox 697 4566 1083 4631; x_wconf 64' lang='lat' dir='ltr'><strong>humiliatione&#39;.</strong></span> <span class='ocrx_word' id='word_1_871' title='bbox 1136 4577 1363 4630; x_wconf 89' lang='lat' dir='ltr'><strong>Possunt</strong></span> <span class='ocrx_word' id='word_1_872' title='bbox 1409 4566 1561 4629; x_wconf 75' lang='lat' dir='ltr'><strong>aliter</strong></span> <span class='ocrx_word' id='word_1_873' title='bbox 1608 4588 1820 4641; x_wconf 85' lang='lat' dir='ltr'><strong>quoque</strong></span> <span class='ocrx_word' id='word_1_874' title='bbox 1848 4566 1902 4626; x_wconf 90' lang='lat' dir='ltr'><strong>D</strong></span> <span class='ocrx_word' id='word_1_875' title='bbox 1932 4566 2081 4626; x_wconf 72' lang='lat' dir='ltr'><strong>Vah!</strong></span> <span class='ocrx_word' id='word_1_876' title='bbox 2106 4576 2191 4642; x_wconf 87' lang='lat' dir='ltr'><strong>qui</strong></span> <span class='ocrx_word' id='word_1_877' title='bbox 2231 4576 2422 4628; x_wconf 89' lang='lat' dir='ltr'><strong>detruis</strong></span> <span class='ocrx_word' id='word_1_878' title='bbox 2450 4566 2692 4643; x_wconf 78' lang='lat' dir='ltr'><strong>templum</strong></span> <span class='ocrx_word' id='word_1_879' title='bbox 2720 4566 2967 4638; x_wconf 56' lang='lat' dir='ltr'><strong>Deifet:</strong></span> <span class='ocrx_word' id='word_1_880' title='bbox 2994 4576 3054 4630; x_wconf 81' lang='lat' dir='ltr'><strong>Si</strong></span> <span class='ocrx_word' id='word_1_881' title='bbox 3081 4574 3245 4630; x_wconf 84' lang='lat' dir='ltr'><strong>Filius</strong></span> <span class='ocrx_word' id='word_1_882' title='bbox 3276 4575 3373 4629; x_wconf 89' lang='lat' dir='ltr'><strong>Dei</strong></span> <span class='ocrx_word' id='word_1_883' title='bbox 3400 4590 3491 4641; x_wconf 87' lang='lat' dir='ltr'><strong>est,</strong></span> 
     </span>
    </p>
   </div>
   <div class='ocr_carea' id='block_1_116' title="bbox 254 4645 1825 4715">
    <p class='ocr_par' dir='ltr' id='par_1_116' title="bbox 254 4645 1825 4715">
     <span class='ocr_line' id='line_1_120' title="bbox 254 4645 1825 4715; baseline -0.003 -14"><span class='ocrx_word' id='word_1_884' title='bbox 254 4648 367 4715; x_wconf 89' lang='lat' dir='ltr'><strong>legi</strong></span> <span class='ocrx_word' id='word_1_885' title='bbox 394 4646 447 4699; x_wconf 91' lang='lat' dir='ltr'><strong>hi</strong></span> <span class='ocrx_word' id='word_1_886' title='bbox 479 4649 585 4701; x_wconf 89' lang='lat' dir='ltr'><strong>duo</strong></span> <span class='ocrx_word' id='word_1_887' title='bbox 626 4661 833 4712; x_wconf 87' lang='lat' dir='ltr'><strong>versus,</strong></span> <span class='ocrx_word' id='word_1_888' title='bbox 890 4658 945 4701; x_wconf 93' lang='lat' dir='ltr'><strong>ut</strong></span> <span class='ocrx_word' id='word_1_889' title='bbox 985 4647 1063 4700; x_wconf 91' lang='lat' dir='ltr'><strong>sic</strong></span> <span class='ocrx_word' id='word_1_890' title='bbox 1091 4647 1335 4701; x_wconf 87' lang='lat' dir='ltr'><strong>dicatur:</strong></span> <span class='ocrx_word' id='word_1_891' title='bbox 1368 4645 1503 4700; x_wconf 85' lang='lat' dir='ltr'><strong>Vere</strong></span> <span class='ocrx_word' id='word_1_892' title='bbox 1530 4645 1713 4715; x_wconf 83' lang='lat' dir='ltr'><strong>avertis</strong></span> <span class='ocrx_word' id='word_1_893' title='bbox 1745 4648 1825 4711; x_wconf 81' lang='lat' dir='ltr'><strong>fa-</strong></span> 
     </span>
    </p>
   </div>
   <div class='ocr_carea' id='block_1_117' title="bbox 254 4714 1821 4785">
    <p class='ocr_par' dir='ltr' id='par_1_117' title="bbox 254 4714 1821 4785">
     <span class='ocr_line' id='line_1_121' title="bbox 254 4714 1821 4785; baseline 0 -16"><span class='ocrx_word' id='word_1_894' title='bbox 254 4714 388 4769; x_wconf 78' lang='lat' dir='ltr'><strong>ciem</strong></span> <span class='ocrx_word' id='word_1_895' title='bbox 434 4727 595 4784; x_wconf 90' lang='lat' dir='ltr'><strong>tuam,</strong></span> <span class='ocrx_word' id='word_1_896' title='bbox 641 4719 761 4785; x_wconf 90' lang='lat' dir='ltr'><strong>quia</strong></span> <span class='ocrx_word' id='word_1_897' title='bbox 807 4718 1107 4771; x_wconf 78' lang='lat' dir='ltr'><strong>Oblivisceris</strong></span> <span class='ocrx_word' id='word_1_898' title='bbox 1153 4717 1342 4785; x_wconf 76' lang='lat' dir='ltr'><strong>inapia:</strong></span> <span class='ocrx_word' id='word_1_899' title='bbox 1386 4726 1591 4781; x_wconf 61' lang='lat' dir='ltr'><strong>nostrae,</strong></span> <span class='ocrx_word' id='word_1_900' title='bbox 1636 4714 1821 4779; x_wconf 88' lang='lat' dir='ltr'><strong>idest,</strong></span> 
     </span>
    </p>
   </div>
   <div class='ocr_carea' id='block_1_118' title="bbox 256 4785 1823 4857">
    <p class='ocr_par' dir='ltr' id='par_1_118' title="bbox 256 4785 1823 4857">
     <span class='ocr_line' id='line_1_122' title="bbox 256 4785 1823 4857; baseline 0 -16"><span class='ocrx_word' id='word_1_901' title='bbox 256 4788 481 4857; x_wconf 88' lang='lat' dir='ltr'><strong>inopum</strong></span> <span class='ocrx_word' id='word_1_902' title='bbox 532 4798 855 4842; x_wconf 84' lang='lat' dir='ltr'><strong>nostrorum.</strong></span> <span class='ocrx_word' id='word_1_903' title='bbox 905 4790 1053 4843; x_wconf 84' lang='lat' dir='ltr'><strong>Sicut</strong></span> <span class='ocrx_word' id='word_1_904' title='bbox 1082 4787 1221 4841; x_wconf 90' lang='lat' dir='ltr'><strong>enim</strong></span> <span class='ocrx_word' id='word_1_905' title='bbox 1268 4789 1320 4840; x_wconf 92' lang='lat' dir='ltr'><strong>in</strong></span> <span class='ocrx_word' id='word_1_906' title='bbox 1366 4800 1590 4857; x_wconf 79' lang='lat' dir='ltr'><strong>corpore</strong></span> <span class='ocrx_word' id='word_1_907' title='bbox 1629 4785 1823 4841; x_wconf 82' lang='lat' dir='ltr'><strong>Christi</strong></span> 
     </span>
    </p>
   </div>
   <div class='ocr_carea' id='block_1_119' title="bbox 257 4856 1825 4927">
    <p class='ocr_par' dir='ltr' id='par_1_119' title="bbox 257 4856 1825 4927">
     <span class='ocr_line' id='line_1_123' title="bbox 257 4856 1825 4927; baseline -0.001 -16"><span class='ocrx_word' id='word_1_908' title='bbox 257 4856 418 4925; x_wconf 78' lang='lat' dir='ltr'><strong>copia</strong></span> <span class='ocrx_word' id='word_1_909' title='bbox 454 4860 698 4912; x_wconf 85' lang='lat' dir='ltr'><strong>dicuntur</strong></span> <span class='ocrx_word' id='word_1_910' title='bbox 723 4868 878 4926; x_wconf 87' lang='lat' dir='ltr'><strong>atque</strong></span> <span class='ocrx_word' id='word_1_911' title='bbox 906 4858 1101 4913; x_wconf 75' lang='lat' dir='ltr'><strong>divitia:</strong></span> <span class='ocrx_word' id='word_1_912' title='bbox 1130 4859 1351 4927; x_wconf 83' lang='lat' dir='ltr'><strong>perfecti</strong></span> <span class='ocrx_word' id='word_1_913' title='bbox 1382 4858 1502 4923; x_wconf 90' lang='lat' dir='ltr'><strong>viri,</strong></span> <span class='ocrx_word' id='word_1_914' title='bbox 1537 4856 1606 4909; x_wconf 87' lang='lat' dir='ltr'><strong>ita</strong></span> <span class='ocrx_word' id='word_1_915' title='bbox 1638 4871 1668 4909; x_wconf 92' lang='lat' dir='ltr'><strong>e</strong></span> <span class='ocrx_word' id='word_1_916' title='bbox 1698 4871 1825 4910; x_wconf 88' lang='lat' dir='ltr'><strong>con-</strong></span> 
     </span>
    </p>
   </div>
   <div class='ocr_carea' id='block_1_120' title="bbox 262 4927 1825 4998">
    <p class='ocr_par' dir='ltr' id='par_1_120' title="bbox 262 4927 1825 4998">
     <span class='ocr_line' id='line_1_124' title="bbox 262 4927 1825 4998; baseline -0.001 -17"><span class='ocrx_word' id='word_1_917' title='bbox 262 4938 346 4981; x_wconf 91' lang='lat' dir='ltr'><strong>tra</strong></span> <span class='ocrx_word' id='word_1_918' title='bbox 388 4930 580 4997; x_wconf 77' lang='lat' dir='ltr'><strong>inOpia:</strong></span> <span class='ocrx_word' id='word_1_919' title='bbox 611 4930 858 4983; x_wconf 89' lang='lat' dir='ltr'><strong>dicuntur</strong></span> <span class='ocrx_word' id='word_1_920' title='bbox 888 4928 941 4982; x_wconf 89' lang='lat' dir='ltr'><strong>in</strong></span> <span class='ocrx_word' id='word_1_921' title='bbox 964 4929 1151 4983; x_wconf 89' lang='lat' dir='ltr'><strong>eodem</strong></span> <span class='ocrx_word' id='word_1_922' title='bbox 1182 4943 1405 4998; x_wconf 90' lang='lat' dir='ltr'><strong>corpore</strong></span> <span class='ocrx_word' id='word_1_923' title='bbox 1438 4928 1489 4980; x_wconf 83' lang='lat' dir='ltr'><strong>lii</strong></span> <span class='ocrx_word' id='word_1_924' title='bbox 1534 4929 1621 4995; x_wconf 88' lang='lat' dir='ltr'><strong>qui</strong></span> <span class='ocrx_word' id='word_1_925' title='bbox 1647 4927 1825 4980; x_wconf 90' lang='lat' dir='ltr'><strong>devo-</strong></span> 
     </span>
    </p>
   </div>
   <div class='ocr_carea' id='block_1_121' title="bbox 256 4998 1825 5066">
    <p class='ocr_par' dir='ltr' id='par_1_121' title="bbox 256 4998 1825 5066">
     <span class='ocr_line' id='line_1_125' title="bbox 256 4998 1825 5066; baseline -0.001 -13"><span class='ocrx_word' id='word_1_926' title='bbox 256 4998 463 5053; x_wconf 84' lang='lat' dir='ltr'><strong>cabiles</strong></span> <span class='ocrx_word' id='word_1_927' title='bbox 491 5008 614 5053; x_wconf 89' lang='lat' dir='ltr'><strong>sunt</strong></span> <span class='ocrx_word' id='word_1_928' title='bbox 654 5009 707 5053; x_wconf 93' lang='lat' dir='ltr'><strong>et</strong></span> <span class='ocrx_word' id='word_1_929' title='bbox 739 5000 1092 5055; x_wconf 85' lang='lat' dir='ltr'><strong>revincibiles.</strong></span> <span class='ocrx_word' id='word_1_930' title='bbox 1116 5001 1351 5066; x_wconf 90' lang='lat' dir='ltr'><strong>Quorum</strong></span> <span class='ocrx_word' id='word_1_931' title='bbox 1384 4998 1525 5052; x_wconf 90' lang='lat' dir='ltr'><strong>Deus</strong></span> <span class='ocrx_word' id='word_1_932' title='bbox 1554 4998 1825 5053; x_wconf 89' lang='lat' dir='ltr'><strong>oblivisci-</strong></span> 
     </span>
    </p>
   </div>
   <div class='ocr_carea' id='block_1_122' title="bbox 261 5069 1826 5139">
    <p class='ocr_par' dir='ltr' id='par_1_122' title="bbox 261 5069 1826 5139">
     <span class='ocr_line' id='line_1_126' title="bbox 261 5069 1826 5139; baseline -0.001 -16"><span class='ocrx_word' id='word_1_933' title='bbox 261 5080 372 5134; x_wconf 93' lang='lat' dir='ltr'><strong>tur,</strong></span> <span class='ocrx_word' id='word_1_934' title='bbox 396 5085 515 5123; x_wconf 87' lang='lat' dir='ltr'><strong>cum</strong></span> <span class='ocrx_word' id='word_1_935' title='bbox 544 5072 902 5136; x_wconf 77' lang='lat' dir='ltr'><strong>devocantur;</strong></span> <span class='ocrx_word' id='word_1_936' title='bbox 944 5072 1037 5124; x_wconf 89' lang='lat' dir='ltr'><strong>sed</strong></span> <span class='ocrx_word' id='word_1_937' title='bbox 1064 5075 1185 5139; x_wconf 85' lang='lat' dir='ltr'><strong>quia</strong></span> <span class='ocrx_word' id='word_1_938' title='bbox 1220 5069 1439 5138; x_wconf 77' lang='lat' dir='ltr'><strong>perfecti</strong></span> <span class='ocrx_word' id='word_1_939' title='bbox 1473 5070 1569 5122; x_wconf 89' lang='lat' dir='ltr'><strong>viri</strong></span> <span class='ocrx_word' id='word_1_940' title='bbox 1614 5083 1711 5137; x_wconf 89' lang='lat' dir='ltr'><strong>pro</strong></span> <span class='ocrx_word' id='word_1_941' title='bbox 1744 5069 1826 5122; x_wconf 89' lang='lat' dir='ltr'><strong>his</strong></span> 
     </span>
    </p>
   </div>
   <div class='ocr_carea' id='block_1_123' title="bbox 258 5140 1824 5209">
    <p class='ocr_par' dir='ltr' id='par_1_123' title="bbox 258 5140 1824 5209">
     <span class='ocr_line' id='line_1_127' title="bbox 258 5140 1824 5209; baseline -0.001 -16"><span class='ocrx_word' id='word_1_942' title='bbox 258 5141 449 5195; x_wconf 89' lang='lat' dir='ltr'><strong>dolent</strong></span> <span class='ocrx_word' id='word_1_943' title='bbox 474 5150 528 5194; x_wconf 93' lang='lat' dir='ltr'><strong>et</strong></span> <span class='ocrx_word' id='word_1_944' title='bbox 553 5149 940 5209; x_wconf 79' lang='lat' dir='ltr'><strong>angusttantur,</strong></span> <span class='ocrx_word' id='word_1_945' title='bbox 976 5141 1093 5195; x_wconf 92' lang='lat' dir='ltr'><strong>ideo</strong></span> <span class='ocrx_word' id='word_1_946' title='bbox 1122 5141 1340 5196; x_wconf 85' lang='lat' dir='ltr'><strong>subdit:</strong></span> <span class='ocrx_word' id='word_1_947' title='bbox 1375 5140 1441 5193; x_wconf 84' lang='lat' dir='ltr'><strong>Et</strong></span> <span class='ocrx_word' id='word_1_948' title='bbox 1485 5140 1824 5193; x_wconf 85' lang='lat' dir='ltr'><strong>tribulationis</strong></span> 
     </span>
    </p>
   </div>
   <div class='ocr_carea' id='block_1_124' title="bbox 258 5209 1825 5279">
    <p class='ocr_par' dir='ltr' id='par_1_124' title="bbox 258 5209 1825 5279">
     <span class='ocr_line' id='line_1_128' title="bbox 258 5209 1825 5279; baseline -0.001 -16"><span class='ocrx_word' id='word_1_949' title='bbox 258 5222 451 5265; x_wconf 79' lang='lat' dir='ltr'><strong>nostra:</strong></span> <span class='ocrx_word' id='word_1_950' title='bbox 477 5211 825 5276; x_wconf 76' lang='lat' dir='ltr'><strong>oblivrsceris,</strong></span> <span class='ocrx_word' id='word_1_951' title='bbox 863 5214 912 5263; x_wconf 86' lang='lat' dir='ltr'><strong>id</strong></span> <span class='ocrx_word' id='word_1_952' title='bbox 936 5222 1035 5273; x_wconf 84' lang='lat' dir='ltr'><strong>est,</strong></span> <span class='ocrx_word' id='word_1_953' title='bbox 1069 5210 1423 5279; x_wconf 89' lang='lat' dir='ltr'><strong>perfectorum</strong></span> <span class='ocrx_word' id='word_1_954' title='bbox 1454 5211 1592 5265; x_wconf 90' lang='lat' dir='ltr'><strong>inter</strong></span> <span class='ocrx_word' id='word_1_955' title='bbox 1618 5226 1713 5263; x_wconf 87' lang='lat' dir='ltr'><strong>nos</strong></span> <span class='ocrx_word' id='word_1_956' title='bbox 1734 5209 1825 5277; x_wconf 91' lang='lat' dir='ltr'><strong>qui</strong></span> 
     </span>
    </p>
   </div>
   <div class='ocr_carea' id='block_1_125' title="bbox 260 5280 1825 5349">
    <p class='ocr_par' dir='ltr' id='par_1_125' title="bbox 260 5280 1825 5349">
     <span class='ocr_line' id='line_1_129' title="bbox 260 5280 1825 5349; baseline 0 -15"><span class='ocrx_word' id='word_1_957' title='bbox 260 5296 360 5349; x_wconf 90' lang='lat' dir='ltr'><strong>pro</strong></span> <span class='ocrx_word' id='word_1_958' title='bbox 378 5282 478 5335; x_wconf 79' lang='lat' dir='ltr'><strong>illis</strong></span> <span class='ocrx_word' id='word_1_959' title='bbox 495 5281 756 5335; x_wconf 79' lang='lat' dir='ltr'><strong>debilibus</strong></span> <span class='ocrx_word' id='word_1_960' title='bbox 772 5282 951 5336; x_wconf 92' lang='lat' dir='ltr'><strong>dolent</strong></span> <span class='ocrx_word' id='word_1_961' title='bbox 969 5282 1301 5336; x_wconf 84' lang='lat' dir='ltr'><strong>Oblivisceris</strong></span> <span class='ocrx_word' id='word_1_962' title='bbox 1316 5283 1475 5335; x_wconf 87' lang='lat' dir='ltr'><strong>etiam</strong></span> <span class='ocrx_word' id='word_1_963' title='bbox 1496 5298 1510 5344; x_wconf 94' lang='lat'><strong>;</strong></span> <span class='ocrx_word' id='word_1_964' title='bbox 1544 5280 1685 5349; x_wconf 91' lang='lat' dir='ltr'><strong>quod</strong></span> <span class='ocrx_word' id='word_1_965' title='bbox 1704 5281 1825 5335; x_wconf 91' lang='lat' dir='ltr'><strong>ideo</strong></span> 
     </span>
    </p>
   </div>
   <div class='ocr_carea' id='block_1_126' title="bbox 257 5350 1827 5422">
    <p class='ocr_par' dir='ltr' id='par_1_126' title="bbox 257 5350 1827 5422">
     <span class='ocr_line' id='line_1_130' title="bbox 257 5350 1827 5422; baseline -0.001 -17"><span class='ocrx_word' id='word_1_966' title='bbox 257 5357 408 5418; x_wconf 77' lang='lat' dir='ltr'><strong>dico,</strong></span> <span class='ocrx_word' id='word_1_967' title='bbox 437 5350 681 5422; x_wconf 88' lang='lat' dir='ltr'><strong>quoniam</strong></span> <span class='ocrx_word' id='word_1_968' title='bbox 709 5354 882 5405; x_wconf 91' lang='lat' dir='ltr'><strong>anima</strong></span> <span class='ocrx_word' id='word_1_969' title='bbox 906 5362 1107 5417; x_wconf 89' lang='lat' dir='ltr'><strong>nostra,</strong></span> <span class='ocrx_word' id='word_1_970' title='bbox 1134 5352 1187 5407; x_wconf 90' lang='lat' dir='ltr'><strong>id</strong></span> <span class='ocrx_word' id='word_1_971' title='bbox 1213 5362 1316 5417; x_wconf 89' lang='lat' dir='ltr'><strong>est,</strong></span> <span class='ocrx_word' id='word_1_972' title='bbox 1339 5351 1412 5406; x_wconf 88' lang='lat' dir='ltr'><strong>illi</strong></span> <span class='ocrx_word' id='word_1_973' title='bbox 1442 5351 1531 5422; x_wconf 89' lang='lat' dir='ltr'><strong>qui</strong></span> <span class='ocrx_word' id='word_1_974' title='bbox 1560 5360 1684 5404; x_wconf 90' lang='lat' dir='ltr'><strong>sunt</strong></span> <span class='ocrx_word' id='word_1_975' title='bbox 1711 5352 1827 5404; x_wconf 89' lang='lat' dir='ltr'><strong>ani-</strong></span> 
     </span>
    </p>
   </div>
   <div class='ocr_carea' id='block_1_127' title="bbox 258 5421 1824 5491">
    <p class='ocr_par' dir='ltr' id='par_1_127' title="bbox 258 5421 1824 5491">
     <span class='ocr_line' id='line_1_131' title="bbox 258 5421 1824 5491; baseline -0.001 -15"><span class='ocrx_word' id='word_1_976' title='bbox 258 5426 433 5477; x_wconf 89' lang='lat' dir='ltr'><strong>males</strong></span> <span class='ocrx_word' id='word_1_977' title='bbox 462 5421 907 5491; x_wconf 83' lang='lat' dir='ltr'><strong>imperfectiores,</strong></span> <span class='ocrx_word' id='word_1_978' title='bbox 948 5425 1175 5489; x_wconf 87' lang='lat' dir='ltr'><strong>scilicet,</strong></span> <span class='ocrx_word' id='word_1_979' title='bbox 1206 5432 1330 5477; x_wconf 91' lang='lat' dir='ltr'><strong>sunt</strong></span> <span class='ocrx_word' id='word_1_980' title='bbox 1356 5421 1635 5485; x_wconf 90' lang='lat' dir='ltr'><strong>humiliati,</strong></span> <span class='ocrx_word' id='word_1_981' title='bbox 1669 5422 1741 5473; x_wconf 90' lang='lat' dir='ltr'><strong>ita</strong></span> <span class='ocrx_word' id='word_1_982' title='bbox 1766 5430 1824 5475; x_wconf 92' lang='lat' dir='ltr'><strong>ut</strong></span> 
     </span>
    </p>
   </div>
   <div class='ocr_carea' id='block_1_128' title="bbox 253 5492 1824 5561">
    <p class='ocr_par' dir='ltr' id='par_1_128' title="bbox 253 5492 1824 5561">
     <span class='ocr_line' id='line_1_132' title="bbox 253 5492 1824 5561; baseline 0.001 -16"><span class='ocrx_word' id='word_1_983' title='bbox 253 5494 369 5561; x_wconf 90' lang='lat' dir='ltr'><strong>jam</strong></span> <span class='ocrx_word' id='word_1_984' title='bbox 394 5496 500 5547; x_wconf 87' lang='lat' dir='ltr'><strong>sint</strong></span> <span class='ocrx_word' id='word_1_985' title='bbox 527 5494 577 5547; x_wconf 90' lang='lat' dir='ltr'><strong>in</strong></span> <span class='ocrx_word' id='word_1_986' title='bbox 605 5494 840 5561; x_wconf 90' lang='lat' dir='ltr'><strong>pulvere,</strong></span> <span class='ocrx_word' id='word_1_987' title='bbox 866 5494 915 5546; x_wconf 91' lang='lat' dir='ltr'><strong>id</strong></span> <span class='ocrx_word' id='word_1_988' title='bbox 944 5502 1044 5558; x_wconf 89' lang='lat' dir='ltr'><strong>est,</strong></span> <span class='ocrx_word' id='word_1_989' title='bbox 1078 5497 1214 5547; x_wconf 86' lang='lat' dir='ltr'><strong>inter</strong></span> <span class='ocrx_word' id='word_1_990' title='bbox 1240 5495 1360 5546; x_wconf 89' lang='lat' dir='ltr'><strong>illos</strong></span> <span class='ocrx_word' id='word_1_991' title='bbox 1386 5508 1475 5561; x_wconf 78' lang='lat' dir='ltr'><strong>qui</strong></span> <span class='ocrx_word' id='word_1_992' title='bbox 1504 5503 1626 5544; x_wconf 87' lang='lat' dir='ltr'><strong>sunt</strong></span> <span class='ocrx_word' id='word_1_993' title='bbox 1648 5492 1824 5559; x_wconf 83' lang='lat' dir='ltr'><strong>pulvis</strong></span> 
     </span>
    </p>
   </div>
   <div class='ocr_carea' id='block_1_129' title="bbox 257 5561 1820 5633">
    <p class='ocr_par' dir='ltr' id='par_1_129' title="bbox 257 5561 1820 5633">
     <span class='ocr_line' id='line_1_133' title="bbox 257 5561 1820 5633; baseline 0 -16"><span class='ocrx_word' id='word_1_994' title='bbox 257 5566 350 5617; x_wconf 87' lang='lat' dir='ltr'><strong>ille</strong></span> <span class='ocrx_word' id='word_1_995' title='bbox 373 5580 519 5630; x_wconf 91' lang='lat' dir='ltr'><strong>quem</strong></span> <span class='ocrx_word' id='word_1_996' title='bbox 554 5565 754 5633; x_wconf 66' lang='lat' dir='ltr'><strong>proiicit</strong></span> <span class='ocrx_word' id='word_1_997' title='bbox 795 5576 1020 5616; x_wconf 76' lang='lat' dir='ltr'><strong>ventusa</strong></span> <span class='ocrx_word' id='word_1_998' title='bbox 1046 5566 1173 5632; x_wconf 78' lang='lat' dir='ltr'><strong>{acie</strong></span> <span class='ocrx_word' id='word_1_999' title='bbox 1212 5572 1378 5617; x_wconf 66' lang='lat' dir='ltr'><strong>terrm.</strong></span> <span class='ocrx_word' id='word_1_1000' title='bbox 1434 5561 1500 5615; x_wconf 86' lang='lat' dir='ltr'><strong>Et</strong></span> <span class='ocrx_word' id='word_1_1001' title='bbox 1539 5562 1658 5616; x_wconf 89' lang='lat' dir='ltr'><strong>ideo</strong></span> <span class='ocrx_word' id='word_1_1002' title='bbox 1702 5564 1820 5629; x_wconf 86' lang='lat' dir='ltr'><strong>hoc,</strong></span> 
     </span>
    </p>
   </div>
   <div class='ocr_carea' id='block_1_130' title="bbox 260 5633 1827 5704">
    <p class='ocr_par' dir='ltr' id='par_1_130' title="bbox 260 5633 1827 5704">
     <span class='ocr_line' id='line_1_134' title="bbox 260 5633 1827 5704; baseline -0.001 -17"><span class='ocrx_word' id='word_1_1003' title='bbox 260 5638 405 5704; x_wconf 91' lang='lat' dir='ltr'><strong>quod</strong></span> <span class='ocrx_word' id='word_1_1004' title='bbox 434 5644 601 5689; x_wconf 88' lang='lat' dir='ltr'><strong>venter</strong></span> <span class='ocrx_word' id='word_1_1005' title='bbox 628 5642 818 5698; x_wconf 87' lang='lat' dir='ltr'><strong>noster,</strong></span> <span class='ocrx_word' id='word_1_1006' title='bbox 865 5634 916 5687; x_wconf 91' lang='lat' dir='ltr'><strong>id</strong></span> <span class='ocrx_word' id='word_1_1007' title='bbox 960 5643 1061 5698; x_wconf 88' lang='lat' dir='ltr'><strong>est,</strong></span> <span class='ocrx_word' id='word_1_1008' title='bbox 1109 5633 1379 5689; x_wconf 88' lang='lat' dir='ltr'><strong>molliores</strong></span> <span class='ocrx_word' id='word_1_1009' title='bbox 1410 5633 1545 5687; x_wconf 89' lang='lat' dir='ltr'><strong>inter</strong></span> <span class='ocrx_word' id='word_1_1010' title='bbox 1575 5648 1673 5686; x_wconf 90' lang='lat' dir='ltr'><strong>nos</strong></span> <span class='ocrx_word' id='word_1_1011' title='bbox 1702 5641 1827 5704; x_wconf 86' lang='lat' dir='ltr'><strong>sunt</strong></span> 
     </span>
    </p>
   </div>
   <div class='ocr_carea' id='block_1_131' title="bbox 260 5702 1825 5775">
    <p class='ocr_par' dir='ltr' id='par_1_131' title="bbox 260 5702 1825 5775">
     <span class='ocr_line' id='line_1_135' title="bbox 260 5702 1825 5775; baseline -0.003 -16"><span class='ocrx_word' id='word_1_1012' title='bbox 260 5702 633 5775; x_wconf 74' lang='lat' dir='ltr'><strong>conglutinati,</strong></span> <span class='ocrx_word' id='word_1_1013' title='bbox 665 5708 717 5758; x_wconf 89' lang='lat' dir='ltr'><strong>id</strong></span> <span class='ocrx_word' id='word_1_1014' title='bbox 758 5712 859 5771; x_wconf 92' lang='lat' dir='ltr'><strong>est,</strong></span> <span class='ocrx_word' id='word_1_1015' title='bbox 902 5704 1167 5771; x_wconf 85' lang='lat' dir='ltr'><strong>conjuncti</strong></span> <span class='ocrx_word' id='word_1_1016' title='bbox 1214 5714 1392 5769; x_wconf 65' lang='lat' dir='ltr'><strong>terrae,</strong></span> <span class='ocrx_word' id='word_1_1017' title='bbox 1440 5705 1563 5773; x_wconf 90' lang='lat' dir='ltr'><strong>quia</strong></span> <span class='ocrx_word' id='word_1_1018' title='bbox 1608 5702 1825 5775; x_wconf 85' lang='lat' dir='ltr'><strong>confor-</strong></span> 
     </span>
    </p>
   </div>
   <div class='ocr_carea' id='block_1_132' title="bbox 261 5774 1826 5845">
    <p class='ocr_par' dir='ltr' id='par_1_132' title="bbox 261 5774 1826 5845">
     <span class='ocr_line' id='line_1_136' title="bbox 261 5774 1826 5845; baseline 0 -15"><span class='ocrx_word' id='word_1_1019' title='bbox 261 5774 394 5830; x_wconf 80' lang='lat' dir='ltr'><strong>mati</strong></span> <span class='ocrx_word' id='word_1_1020' title='bbox 420 5784 545 5831; x_wconf 91' lang='lat' dir='ltr'><strong>sunt</strong></span> <span class='ocrx_word' id='word_1_1021' title='bbox 583 5777 757 5842; x_wconf 89' lang='lat' dir='ltr'><strong>malis,</strong></span> <span class='ocrx_word' id='word_1_1022' title='bbox 798 5779 884 5845; x_wconf 89' lang='lat' dir='ltr'><strong>qui</strong></span> <span class='ocrx_word' id='word_1_1023' title='bbox 932 5786 1057 5828; x_wconf 89' lang='lat' dir='ltr'><strong>sunt</strong></span> <span class='ocrx_word' id='word_1_1024' title='bbox 1098 5786 1235 5830; x_wconf 90' lang='lat' dir='ltr'><strong>terra</strong></span> <span class='ocrx_word' id='word_1_1025' title='bbox 1282 5776 1391 5841; x_wconf 87' lang='lat' dir='ltr'><strong>illa,</strong></span> <span class='ocrx_word' id='word_1_1026' title='bbox 1422 5790 1541 5843; x_wconf 64' lang='lat' dir='ltr'><strong>quae</strong></span> <span class='ocrx_word' id='word_1_1027' title='bbox 1569 5784 1651 5845; x_wconf 89' lang='lat' dir='ltr'><strong>est</strong></span> <span class='ocrx_word' id='word_1_1028' title='bbox 1676 5774 1826 5830; x_wconf 88' lang='lat' dir='ltr'><strong>cibus</strong></span> 
     </span>
    </p>
   </div>
   <div class='ocr_carea' id='block_1_133' title="bbox 259 5844 1826 5917">
    <p class='ocr_par' dir='ltr' id='par_1_133' title="bbox 259 5844 1826 5917">
     <span class='ocr_line' id='line_1_137' title="bbox 259 5844 1826 5917; baseline -0.003 -14"><span class='ocrx_word' id='word_1_1029' title='bbox 259 5848 545 5917; x_wconf 79' lang='lat' dir='ltr'><strong>serpentis,</strong></span> <span class='ocrx_word' id='word_1_1030' title='bbox 579 5848 632 5901; x_wconf 87' lang='lat' dir='ltr'><strong>id</strong></span> <span class='ocrx_word' id='word_1_1031' title='bbox 656 5856 735 5901; x_wconf 88' lang='lat' dir='ltr'><strong>est</strong></span> <span class='ocrx_word' id='word_1_1032' title='bbox 762 5844 978 5901; x_wconf 86' lang='lat' dir='ltr'><strong>diaboli.</strong></span> <span class='ocrx_word' id='word_1_1033' title='bbox 1014 5845 1162 5903; x_wconf 90' lang='lat' dir='ltr'><strong>Unde</strong></span> <span class='ocrx_word' id='word_1_1034' title='bbox 1192 5847 1382 5902; x_wconf 83' lang='lat' dir='ltr'><strong>merito</strong></span> <span class='ocrx_word' id='word_1_1035' title='bbox 1414 5860 1509 5915; x_wconf 88' lang='lat' dir='ltr'><strong>pro</strong></span> <span class='ocrx_word' id='word_1_1036' title='bbox 1544 5844 1626 5901; x_wconf 86' lang='lat' dir='ltr'><strong>his</strong></span> <span class='ocrx_word' id='word_1_1037' title='bbox 1654 5846 1826 5900; x_wconf 88' lang='lat' dir='ltr'><strong>tribu-</strong></span> 
     </span>
    </p>
   </div>
   <div class='ocr_carea' id='block_1_134' title="bbox 538 5939 1072 6002">
    <p class='ocr_par' dir='ltr' id='par_1_134' title="bbox 538 5939 1072 6002">
     <span class='ocr_line' id='line_1_138' title="bbox 538 5939 1072 6002; baseline -0.007 0"><span class='ocrx_word' id='word_1_1038' title='bbox 538 5941 802 6002; x_wconf 75' lang='lat' dir='ltr'><strong>Pnnor..</strong></span> <span class='ocrx_word' id='word_1_1039' title='bbox 852 5939 1072 6000; x_wconf 75' lang='lat' dir='ltr'><strong>XCIII.</strong></span> 
     </span>
    </p>
   </div>
   <div class='ocr_carea' id='block_1_135' title="bbox 1930 4645 3494 4713">
    <p class='ocr_par' dir='ltr' id='par_1_135' title="bbox 1930 4645 3494 4713">
     <span class='ocr_line' id='line_1_139' title="bbox 1930 4645 3494 4713; baseline 0.004 -18"><span class='ocrx_word' id='word_1_1040' title='bbox 1930 4646 2200 4698; x_wconf 86' lang='lat' dir='ltr'><strong>descendat</strong></span> <span class='ocrx_word' id='word_1_1041' title='bbox 2244 4645 2309 4696; x_wconf 86' lang='lat' dir='ltr'><strong>de</strong></span> <span class='ocrx_word' id='word_1_1042' title='bbox 2347 4660 2513 4710; x_wconf 88' lang='lat' dir='ltr'><strong>cruce,</strong></span> <span class='ocrx_word' id='word_1_1043' title='bbox 2551 4653 2605 4700; x_wconf 85' lang='lat' dir='ltr'><strong>et</strong></span> <span class='ocrx_word' id='word_1_1044' title='bbox 2646 4645 2855 4701; x_wconf 87' lang='lat' dir='ltr'><strong>similia.</strong></span> <span class='ocrx_word' id='word_1_1045' title='bbox 2907 4646 3070 4713; x_wconf 81' lang='lat' dir='ltr'><strong>Hujus</strong></span> <span class='ocrx_word' id='word_1_1046' title='bbox 3112 4646 3252 4699; x_wconf 86' lang='lat' dir='ltr'><strong>irrisi</strong></span> <span class='ocrx_word' id='word_1_1047' title='bbox 3284 4647 3374 4701; x_wconf 90' lang='lat' dir='ltr'><strong>lilii</strong></span> <span class='ocrx_word' id='word_1_1048' title='bbox 3406 4663 3494 4702; x_wconf 85' lang='lat' dir='ltr'><strong>su-</strong></span> 
     </span>
    </p>
   </div>
   <div class='ocr_carea' id='block_1_136' title="bbox 1932 4714 3490 4785">
    <p class='ocr_par' dir='ltr' id='par_1_136' title="bbox 1932 4714 3490 4785">
     <span class='ocr_line' id='line_1_140' title="bbox 1932 4714 3490 4785; baseline 0.003 -17"><span class='ocrx_word' id='word_1_1049' title='bbox 1932 4732 2067 4781; x_wconf 86' lang='lat' dir='ltr'><strong>mus,</strong></span> <span class='ocrx_word' id='word_1_1050' title='bbox 2095 4717 2219 4785; x_wconf 88' lang='lat' dir='ltr'><strong>quia</strong></span> <span class='ocrx_word' id='word_1_1051' title='bbox 2248 4715 2339 4768; x_wconf 80' lang='lat' dir='ltr'><strong>filii</strong></span> <span class='ocrx_word' id='word_1_1052' title='bbox 2369 4714 2585 4779; x_wconf 87' lang='lat' dir='ltr'><strong>Christi,</strong></span> <span class='ocrx_word' id='word_1_1053' title='bbox 2630 4716 2682 4769; x_wconf 90' lang='lat' dir='ltr'><strong>id</strong></span> <span class='ocrx_word' id='word_1_1054' title='bbox 2711 4727 2812 4777; x_wconf 88' lang='lat' dir='ltr'><strong>est,</strong></span> <span class='ocrx_word' id='word_1_1055' title='bbox 2862 4716 3098 4770; x_wconf 79' lang='lat' dir='ltr'><strong>cruciﬁxi</strong></span> <span class='ocrx_word' id='word_1_1056' title='bbox 3151 4718 3241 4769; x_wconf 88' lang='lat' dir='ltr'><strong>lilii</strong></span> <span class='ocrx_word' id='word_1_1057' title='bbox 3288 4731 3490 4773; x_wconf 90' lang='lat' dir='ltr'><strong>sumus.</strong></span> 
     </span>
    </p>
   </div>
   <div class='ocr_carea' id='block_1_137' title="bbox 1929 4785 3494 4855">
    <p class='ocr_par' dir='ltr' id='par_1_137' title="bbox 1929 4785 3494 4855">
     <span class='ocr_line' id='line_1_141' title="bbox 1929 4785 3494 4855; baseline 0.002 -16"><span class='ocrx_word' id='word_1_1058' title='bbox 1929 4787 2000 4839; x_wconf 84' lang='lat' dir='ltr'><strong>Et</strong></span> <span class='ocrx_word' id='word_1_1059' title='bbox 2029 4787 2180 4839; x_wconf 90' lang='lat' dir='ltr'><strong>nobis</strong></span> <span class='ocrx_word' id='word_1_1060' title='bbox 2208 4785 2442 4853; x_wconf 91' lang='lat' dir='ltr'><strong>psalmus</strong></span> <span class='ocrx_word' id='word_1_1061' title='bbox 2468 4786 2567 4840; x_wconf 90' lang='lat' dir='ltr'><strong>iste</strong></span> <span class='ocrx_word' id='word_1_1062' title='bbox 2592 4796 2851 4851; x_wconf 84' lang='lat' dir='ltr'><strong>cantatur,</strong></span> <span class='ocrx_word' id='word_1_1063' title='bbox 2887 4786 3036 4855; x_wconf 89' lang='lat' dir='ltr'><strong>cujus</strong></span> <span class='ocrx_word' id='word_1_1064' title='bbox 3066 4786 3245 4840; x_wconf 78' lang='lat' dir='ltr'><strong>titulus</strong></span> <span class='ocrx_word' id='word_1_1065' title='bbox 3275 4797 3357 4841; x_wconf 88' lang='lat' dir='ltr'><strong>est</strong></span> <span class='ocrx_word' id='word_1_1066' title='bbox 3382 4805 3392 4841; x_wconf 89' lang='lat'>:</span> <span class='ocrx_word' id='word_1_1067' title='bbox 3429 4787 3494 4843; x_wconf 89' lang='lat' dir='ltr'><strong>In</strong></span> 
     </span>
    </p>
   </div>
   <div class='ocr_carea' id='block_1_138' title="bbox 1929 4855 3495 4924">
    <p class='ocr_par' dir='ltr' id='par_1_138' title="bbox 1929 4855 3495 4924">
     <span class='ocr_line' id='line_1_142' title="bbox 1929 4855 3495 4924; baseline 0.001 -15"><span class='ocrx_word' id='word_1_1068' title='bbox 1929 4856 2080 4924; x_wconf 81' lang='lat' dir='ltr'><strong>ﬁnem</strong></span> <span class='ocrx_word' id='word_1_1069' title='bbox 2124 4858 2245 4924; x_wconf 83' lang='lat' dir='ltr'><strong>[iliis</strong></span> <span class='ocrx_word' id='word_1_1070' title='bbox 2288 4855 2447 4919; x_wconf 88' lang='lat' dir='ltr'><strong>Core,</strong></span> <span class='ocrx_word' id='word_1_1071' title='bbox 2491 4858 2577 4924; x_wconf 84' lang='lat' dir='ltr'><strong>qui</strong></span> <span class='ocrx_word' id='word_1_1072' title='bbox 2606 4856 3047 4909; x_wconf 79' lang='lat' dir='ltr'><strong>commutabantur</strong></span> <span class='ocrx_word' id='word_1_1073' title='bbox 3089 4857 3156 4908; x_wconf 91' lang='lat' dir='ltr'><strong>ad</strong></span> <span class='ocrx_word' id='word_1_1074' title='bbox 3185 4858 3495 4911; x_wconf 88' lang='lat' dir='ltr'><strong>intellectum</strong></span> 
     </span>
    </p>
   </div>
   <div class='ocr_carea' id='block_1_139' title="bbox 1929 4927 3494 4994">
    <p class='ocr_par' dir='ltr' id='par_1_139' title="bbox 1929 4927 3494 4994">
     <span class='ocr_line' id='line_1_143' title="bbox 1929 4927 3494 4994; baseline 0.003 -15"><span class='ocrx_word' id='word_1_1075' title='bbox 1929 4930 2186 4980; x_wconf 88' lang='lat' dir='ltr'><strong>canticum</strong></span> <span class='ocrx_word' id='word_1_1076' title='bbox 2209 4942 2299 4993; x_wconf 89' lang='lat' dir='ltr'><strong>pro</strong></span> <span class='ocrx_word' id='word_1_1077' title='bbox 2329 4928 2531 4979; x_wconf 90' lang='lat' dir='ltr'><strong>dilecto.</strong></span> <span class='ocrx_word' id='word_1_1078' title='bbox 2588 4927 2735 4981; x_wconf 89' lang='lat' dir='ltr'><strong>llanc</strong></span> <span class='ocrx_word' id='word_1_1079' title='bbox 2779 4936 2953 4980; x_wconf 89' lang='lat' dir='ltr'><strong>autem</strong></span> <span class='ocrx_word' id='word_1_1080' title='bbox 3003 4930 3494 4994; x_wconf 87' lang='lat' dir='ltr'><strong>commutationem,</strong></span> 
     </span>
    </p>
   </div>
   <div class='ocr_carea' id='block_1_140' title="bbox 1929 4996 3494 5067">
    <p class='ocr_par' dir='ltr' id='par_1_140' title="bbox 1929 4996 3494 5067">
     <span class='ocr_line' id='line_1_144' title="bbox 1929 4996 3494 5067; baseline 0.001 -15"><span class='ocrx_word' id='word_1_1081' title='bbox 1929 4996 1997 5052; x_wconf 90' lang='lat' dir='ltr'><strong>de</strong></span> <span class='ocrx_word' id='word_1_1082' title='bbox 2022 5012 2123 5066; x_wconf 90' lang='lat' dir='ltr'><strong>qua</strong></span> <span class='ocrx_word' id='word_1_1083' title='bbox 2149 4998 2232 5050; x_wconf 82' lang='lat' dir='ltr'><strong>hic</strong></span> <span class='ocrx_word' id='word_1_1084' title='bbox 2261 5006 2523 5065; x_wconf 90' lang='lat' dir='ltr'><strong>cantatur,</strong></span> <span class='ocrx_word' id='word_1_1085' title='bbox 2556 4999 2777 5066; x_wconf 90' lang='lat' dir='ltr'><strong>quisque</strong></span> <span class='ocrx_word' id='word_1_1086' title='bbox 2806 5000 2943 5051; x_wconf 89' lang='lat' dir='ltr'><strong>lilius</strong></span> <span class='ocrx_word' id='word_1_1087' title='bbox 2985 4998 3121 5051; x_wconf 88' lang='lat' dir='ltr'><strong>Core</strong></span> <span class='ocrx_word' id='word_1_1088' title='bbox 3158 4998 3419 5067; x_wconf 79' lang='lat' dir='ltr'><strong>intelligit,</strong></span> <span class='ocrx_word' id='word_1_1089' title='bbox 3450 5002 3494 5053; x_wconf 91' lang='lat' dir='ltr'><strong>si</strong></span> 
     </span>
    </p>
   </div>
   <div class='ocr_carea' id='block_1_141' title="bbox 1929 5070 3500 5136">
    <p class='ocr_par' dir='ltr' id='par_1_141' title="bbox 1929 5070 3500 5136">
     <span class='ocr_line' id='line_1_145' title="bbox 1929 5070 3500 5136; baseline 0.003 -16"><span class='ocrx_word' id='word_1_1090' title='bbox 1929 5080 2276 5136; x_wconf 86' lang='lat' dir='ltr'><strong>recognoscat</strong></span> <span class='ocrx_word' id='word_1_1091' title='bbox 2302 5070 2471 5135; x_wconf 88' lang='lat' dir='ltr'><strong>qualis</strong></span> <span class='ocrx_word' id='word_1_1092' title='bbox 2504 5070 2649 5136; x_wconf 86' lang='lat' dir='ltr'><strong>prius</strong></span> <span class='ocrx_word' id='word_1_1093' title='bbox 2678 5071 2855 5135; x_wconf 81' lang='lat' dir='ltr'><strong>fuerit,</strong></span> <span class='ocrx_word' id='word_1_1094' title='bbox 2886 5078 2938 5122; x_wconf 89' lang='lat' dir='ltr'><strong>et</strong></span> <span class='ocrx_word' id='word_1_1095' title='bbox 2957 5071 3127 5136; x_wconf 81' lang='lat' dir='ltr'><strong>qualis</strong></span> <span class='ocrx_word' id='word_1_1096' title='bbox 3157 5082 3295 5123; x_wconf 90' lang='lat' dir='ltr'><strong>nunc</strong></span> <span class='ocrx_word' id='word_1_1097' title='bbox 3321 5070 3411 5132; x_wconf 86' lang='lat' dir='ltr'><strong>sit,</strong></span> <span class='ocrx_word' id='word_1_1098' title='bbox 3444 5077 3500 5125; x_wconf 86' lang='lat' dir='ltr'><strong>et</strong></span> 
     </span>
    </p>
   </div>
   <div class='ocr_carea' id='block_1_142' title="bbox 1932 5138 3496 5205">
    <p class='ocr_par' dir='ltr' id='par_1_142' title="bbox 1932 5138 3496 5205">
     <span class='ocr_line' id='line_1_146' title="bbox 1932 5138 3496 5205; baseline 0.001 -13"><span class='ocrx_word' id='word_1_1099' title='bbox 1932 5139 2103 5205; x_wconf 85' lang='lat' dir='ltr'><strong>primo</strong></span> <span class='ocrx_word' id='word_1_1100' title='bbox 2154 5140 2332 5192; x_wconf 86' lang='lat' dir='ltr'><strong>videat</strong></span> <span class='ocrx_word' id='word_1_1101' title='bbox 2390 5150 2554 5192; x_wconf 86' lang='lat' dir='ltr'><strong>totum</strong></span> <span class='ocrx_word' id='word_1_1102' title='bbox 2605 5140 2859 5191; x_wconf 92' lang='lat' dir='ltr'><strong>mundum</strong></span> <span class='ocrx_word' id='word_1_1103' title='bbox 2911 5138 3265 5203; x_wconf 86' lang='lat' dir='ltr'><strong>immutatum,</strong></span> <span class='ocrx_word' id='word_1_1104' title='bbox 3324 5155 3496 5205; x_wconf 87' lang='lat' dir='ltr'><strong>nuper</strong></span> 
     </span>
    </p>
   </div>
   <div class='ocr_carea' id='block_1_143' title="bbox 1932 5209 3494 5278">
    <p class='ocr_par' dir='ltr' id='par_1_143' title="bbox 1932 5209 3494 5278">
     <span class='ocr_line' id='line_1_147' title="bbox 1932 5209 3494 5278; baseline 0.001 -16"><span class='ocrx_word' id='word_1_1105' title='bbox 1932 5209 2069 5262; x_wconf 88' lang='lat' dir='ltr'><strong>idola</strong></span> <span class='ocrx_word' id='word_1_1106' title='bbox 2098 5209 2431 5275; x_wconf 91' lang='lat' dir='ltr'><strong>adorantem,</strong></span> <span class='ocrx_word' id='word_1_1107' title='bbox 2476 5209 2635 5262; x_wconf 92' lang='lat' dir='ltr'><strong>modo</strong></span> <span class='ocrx_word' id='word_1_1108' title='bbox 2661 5209 2966 5262; x_wconf 83' lang='lat' dir='ltr'><strong>Creatorem</strong></span> <span class='ocrx_word' id='word_1_1109' title='bbox 2996 5209 3255 5263; x_wconf 88' lang='lat' dir='ltr'><strong>colentem</strong></span> <span class='ocrx_word' id='word_1_1110' title='bbox 3283 5227 3293 5261; x_wconf 90' lang='lat'>:</span> <span class='ocrx_word' id='word_1_1111' title='bbox 3326 5226 3494 5278; x_wconf 89' lang='lat' dir='ltr'><strong>nuper</strong></span> 
     </span>
    </p>
   </div>
   <div class='ocr_carea' id='block_1_144' title="bbox 1930 5278 3491 5345">
    <p class='ocr_par' dir='ltr' id='par_1_144' title="bbox 1930 5278 3491 5345">
     <span class='ocr_line' id='line_1_148' title="bbox 1930 5278 3491 5345; baseline 0 -11"><span class='ocrx_word' id='word_1_1112' title='bbox 1930 5280 2188 5334; x_wconf 88' lang='lat' dir='ltr'><strong>creaturis</strong></span> <span class='ocrx_word' id='word_1_1113' title='bbox 2238 5278 2599 5345; x_wconf 86' lang='lat' dir='ltr'><strong>lamulautem,</strong></span> <span class='ocrx_word' id='word_1_1114' title='bbox 2650 5283 2807 5333; x_wconf 88' lang='lat' dir='ltr'><strong>modo</strong></span> <span class='ocrx_word' id='word_1_1115' title='bbox 2850 5279 3085 5333; x_wconf 87' lang='lat' dir='ltr'><strong>Creatori</strong></span> <span class='ocrx_word' id='word_1_1116' title='bbox 3138 5282 3491 5345; x_wconf 79' lang='lat' dir='ltr'><strong>servientem;</strong></span> 
     </span>
    </p>
   </div>
   <div class='ocr_carea' id='block_1_145' title="bbox 1930 5350 3493 5418">
    <p class='ocr_par' dir='ltr' id='par_1_145' title="bbox 1930 5350 3493 5418">
     <span class='ocr_line' id='line_1_149' title="bbox 1930 5350 3493 5418; baseline 0.001 -15"><span class='ocrx_word' id='word_1_1117' title='bbox 1930 5358 1984 5403; x_wconf 92' lang='lat' dir='ltr'><strong>et</strong></span> <span class='ocrx_word' id='word_1_1118' title='bbox 2008 5350 2200 5404; x_wconf 89' lang='lat' dir='ltr'><strong>deinde</strong></span> <span class='ocrx_word' id='word_1_1119' title='bbox 2229 5350 2402 5404; x_wconf 87' lang='lat' dir='ltr'><strong>videat</strong></span> <span class='ocrx_word' id='word_1_1120' title='bbox 2452 5352 2682 5418; x_wconf 90' lang='lat' dir='ltr'><strong>seipsum</strong></span> <span class='ocrx_word' id='word_1_1121' title='bbox 2722 5350 2789 5403; x_wconf 91' lang='lat' dir='ltr'><strong>de</strong></span> <span class='ocrx_word' id='word_1_1122' title='bbox 2824 5359 3001 5404; x_wconf 88' lang='lat' dir='ltr'><strong>vetere</strong></span> <span class='ocrx_word' id='word_1_1123' title='bbox 3041 5364 3232 5403; x_wconf 92' lang='lat' dir='ltr'><strong>novum</strong></span> <span class='ocrx_word' id='word_1_1124' title='bbox 3276 5352 3493 5418; x_wconf 84' lang='lat' dir='ltr'><strong>factum,</strong></span> 
     </span>
    </p>
   </div>
   <div class='ocr_carea' id='block_1_146' title="bbox 1930 5420 3501 5489">
    <p class='ocr_par' dir='ltr' id='par_1_146' title="bbox 1930 5420 3501 5489">
     <span class='ocr_line' id='line_1_150' title="bbox 1930 5420 3501 5489; baseline 0.001 -15"><span class='ocrx_word' id='word_1_1125' title='bbox 1930 5422 1997 5475; x_wconf 93' lang='lat' dir='ltr'><strong>de</strong></span> <span class='ocrx_word' id='word_1_1126' title='bbox 2028 5424 2230 5476; x_wconf 82' lang='lat' dir='ltr'><strong>incesto</strong></span> <span class='ocrx_word' id='word_1_1127' title='bbox 2260 5433 2485 5483; x_wconf 87' lang='lat' dir='ltr'><strong>castum,</strong></span> <span class='ocrx_word' id='word_1_1128' title='bbox 2531 5422 2597 5474; x_wconf 93' lang='lat' dir='ltr'><strong>de</strong></span> <span class='ocrx_word' id='word_1_1129' title='bbox 2627 5421 2789 5489; x_wconf 86' lang='lat' dir='ltr'><strong>impio</strong></span> <span class='ocrx_word' id='word_1_1130' title='bbox 2834 5422 2999 5489; x_wconf 88' lang='lat' dir='ltr'><strong>pium,</strong></span> <span class='ocrx_word' id='word_1_1131' title='bbox 3048 5420 3114 5475; x_wconf 94' lang='lat' dir='ltr'><strong>de</strong></span> <span class='ocrx_word' id='word_1_1132' title='bbox 3143 5420 3337 5475; x_wconf 86' lang='lat' dir='ltr'><strong>inlideli</strong></span> <span class='ocrx_word' id='word_1_1133' title='bbox 3369 5421 3501 5475; x_wconf 85' lang='lat' dir='ltr'><strong>ﬁde-</strong></span> 
     </span>
    </p>
   </div>
   <div class='ocr_carea' id='block_1_147' title="bbox 1931 5491 3496 5561">
    <p class='ocr_par' dir='ltr' id='par_1_147' title="bbox 1931 5491 3496 5561">
     <span class='ocr_line' id='line_1_151' title="bbox 1931 5491 3496 5561; baseline 0 -16"><span class='ocrx_word' id='word_1_1134' title='bbox 1931 5492 2055 5555; x_wconf 86' lang='lat' dir='ltr'><strong>lem,</strong></span> <span class='ocrx_word' id='word_1_1135' title='bbox 2086 5493 2152 5545; x_wconf 93' lang='lat' dir='ltr'><strong>de</strong></span> <span class='ocrx_word' id='word_1_1136' title='bbox 2180 5492 2379 5559; x_wconf 81' lang='lat' dir='ltr'><strong>raptori</strong></span> <span class='ocrx_word' id='word_1_1137' title='bbox 2403 5492 2726 5558; x_wconf 85' lang='lat' dir='ltr'><strong>largitorem.</strong></span> <span class='ocrx_word' id='word_1_1138' title='bbox 2756 5491 2821 5544; x_wconf 81' lang='lat' dir='ltr'><strong>Et</strong></span> <span class='ocrx_word' id='word_1_1139' title='bbox 2843 5493 2918 5545; x_wconf 89' lang='lat' dir='ltr'><strong>sic</strong></span> <span class='ocrx_word' id='word_1_1140' title='bbox 2940 5491 3182 5561; x_wconf 86' lang='lat' dir='ltr'><strong>intelligit</strong></span> <span class='ocrx_word' id='word_1_1141' title='bbox 3205 5494 3327 5561; x_wconf 91' lang='lat' dir='ltr'><strong>quia</strong></span> <span class='ocrx_word' id='word_1_1142' title='bbox 3355 5494 3496 5560; x_wconf 86' lang='lat' dir='ltr'><strong>psal-</strong></span> 
     </span>
    </p>
   </div>
   <div class='ocr_carea' id='block_1_148' title="bbox 1930 5561 3500 5631">
    <p class='ocr_par' dir='ltr' id='par_1_148' title="bbox 1930 5561 3500 5631">
     <span class='ocr_line' id='line_1_152' title="bbox 1930 5561 3500 5631; baseline -0.001 -16"><span class='ocrx_word' id='word_1_1143' title='bbox 1930 5576 2049 5615; x_wconf 90' lang='lat' dir='ltr'><strong>mus</strong></span> <span class='ocrx_word' id='word_1_1144' title='bbox 2074 5563 2173 5615; x_wconf 88' lang='lat' dir='ltr'><strong>iste</strong></span> <span class='ocrx_word' id='word_1_1145' title='bbox 2204 5570 2443 5615; x_wconf 84' lang='lat' dir='ltr'><strong>cantatur</strong></span> <span class='ocrx_word' id='word_1_1146' title='bbox 2470 5563 2592 5615; x_wconf 82' lang='lat' dir='ltr'><strong>filiis</strong></span> <span class='ocrx_word' id='word_1_1147' title='bbox 2622 5561 2758 5614; x_wconf 87' lang='lat' dir='ltr'><strong>Core</strong></span> <span class='ocrx_word' id='word_1_1148' title='bbox 2782 5578 2872 5629; x_wconf 89' lang='lat' dir='ltr'><strong>pro</strong></span> <span class='ocrx_word' id='word_1_1149' title='bbox 2900 5562 2977 5615; x_wconf 82' lang='lat' dir='ltr'><strong>his</strong></span> <span class='ocrx_word' id='word_1_1150' title='bbox 3010 5564 3093 5631; x_wconf 89' lang='lat' dir='ltr'><strong>qui</strong></span> <span class='ocrx_word' id='word_1_1151' title='bbox 3116 5564 3500 5616; x_wconf 82' lang='lat' dir='ltr'><strong>commutaburt-</strong></span> 
     </span>
    </p>
   </div>
   <div class='ocr_carea' id='block_1_149' title="bbox 1930 5631 3499 5700">
    <p class='ocr_par' dir='ltr' id='par_1_149' title="bbox 1930 5631 3499 5700">
     <span class='ocr_line' id='line_1_153' title="bbox 1930 5631 3499 5700; baseline -0.001 -15"><span class='ocrx_word' id='word_1_1152' title='bbox 1930 5644 2012 5686; x_wconf 87' lang='lat' dir='ltr'><strong>tur</strong></span> <span class='ocrx_word' id='word_1_1153' title='bbox 2038 5634 2103 5684; x_wconf 89' lang='lat' dir='ltr'><strong>ad</strong></span> <span class='ocrx_word' id='word_1_1154' title='bbox 2130 5632 2460 5684; x_wconf 82' lang='lat' dir='ltr'><strong>intellectum.</strong></span> <span class='ocrx_word' id='word_1_1155' title='bbox 2519 5631 2583 5684; x_wconf 87' lang='lat' dir='ltr'><strong>Et</strong></span> <span class='ocrx_word' id='word_1_1156' title='bbox 2612 5641 2692 5685; x_wconf 81' lang='lat' dir='ltr'><strong>est</strong></span> <span class='ocrx_word' id='word_1_1157' title='bbox 2739 5634 2993 5685; x_wconf 87' lang='lat' dir='ltr'><strong>canticum</strong></span> <span class='ocrx_word' id='word_1_1158' title='bbox 3032 5648 3124 5700; x_wconf 89' lang='lat' dir='ltr'><strong>pro</strong></span> <span class='ocrx_word' id='word_1_1159' title='bbox 3154 5634 3354 5691; x_wconf 86' lang='lat' dir='ltr'><strong>dilecto.</strong></span> <span class='ocrx_word' id='word_1_1160' title='bbox 3402 5633 3499 5685; x_wconf 90' lang='lat' dir='ltr'><strong>llic</strong></span> 
     </span>
    </p>
   </div>
   <div class='ocr_carea' id='block_1_150' title="bbox 1925 5702 3499 5772">
    <p class='ocr_par' dir='ltr' id='par_1_150' title="bbox 1925 5702 3499 5772">
     <span class='ocr_line' id='line_1_154' title="bbox 1925 5702 3499 5772; baseline -0.002 -15"><span class='ocrx_word' id='word_1_1161' title='bbox 1925 5703 2035 5772; x_wconf 84' lang='lat' dir='ltr'><strong>jam</strong></span> <span class='ocrx_word' id='word_1_1162' title='bbox 2062 5702 2379 5756; x_wconf 88' lang='lat' dir='ltr'><strong>determinat</strong></span> <span class='ocrx_word' id='word_1_1163' title='bbox 2411 5718 2505 5770; x_wconf 85' lang='lat' dir='ltr'><strong>per</strong></span> <span class='ocrx_word' id='word_1_1164' title='bbox 2534 5718 2692 5769; x_wconf 92' lang='lat' dir='ltr'><strong>quem</strong></span> <span class='ocrx_word' id='word_1_1165' title='bbox 2725 5702 2839 5757; x_wconf 58' lang='lat' dir='ltr'><strong>haec</strong></span> <span class='ocrx_word' id='word_1_1166' title='bbox 2867 5704 3209 5757; x_wconf 90' lang='lat' dir='ltr'><strong>commutatio</strong></span> <span class='ocrx_word' id='word_1_1167' title='bbox 3248 5707 3359 5772; x_wconf 54' lang='grc' dir='ltr'><em>εἰει,</em></span> <span class='ocrx_word' id='word_1_1168' title='bbox 3392 5702 3499 5757; x_wconf 88' lang='lat' dir='ltr'><strong>sei-</strong></span> 
     </span>
    </p>
   </div>
   <div class='ocr_carea' id='block_1_151' title="bbox 1931 5762 3501 5843">
    <p class='ocr_par' dir='ltr' id='par_1_151' title="bbox 1931 5762 3501 5843">
     <span class='ocr_line' id='line_1_155' title="bbox 1931 5762 3501 5843; baseline -0.003 -16"><span class='ocrx_word' id='word_1_1169' title='bbox 1931 5762 2076 5838; x_wconf 78' lang='lat' dir='ltr'><strong>licet,</strong></span> <span class='ocrx_word' id='word_1_1170' title='bbox 2108 5787 2203 5841; x_wconf 84' lang='lat' dir='ltr'><strong>per</strong></span> <span class='ocrx_word' id='word_1_1171' title='bbox 2232 5762 2503 5837; x_wconf 82' lang='lat' dir='ltr'><strong>dilectum,</strong></span> <span class='ocrx_word' id='word_1_1172' title='bbox 2523 5762 2588 5843; x_wconf 72' lang='lat' dir='ltr'><strong>id</strong></span> <span class='ocrx_word' id='word_1_1173' title='bbox 2612 5782 2715 5841; x_wconf 87' lang='lat' dir='ltr'><strong>est,</strong></span> <span class='ocrx_word' id='word_1_1174' title='bbox 2746 5786 3019 5843; x_wconf 87' lang='lat' dir='ltr'><strong>sponsum,</strong></span> <span class='ocrx_word' id='word_1_1175' title='bbox 3059 5775 3125 5829; x_wconf 89' lang='lat' dir='ltr'><strong>de</strong></span> <span class='ocrx_word' id='word_1_1176' title='bbox 3151 5762 3368 5843; x_wconf 69' lang='lat' dir='ltr'><strong>quo‘hic</strong></span> <span class='ocrx_word' id='word_1_1177' title='bbox 3393 5773 3501 5840; x_wconf 79' lang='lat' dir='ltr'><strong>agit</strong></span> 
     </span>
    </p>
   </div>
   <div class='ocr_carea' id='block_1_152' title="bbox 1930 5842 3499 5914">
    <p class='ocr_par' dir='ltr' id='par_1_152' title="bbox 1930 5842 3499 5914">
     <span class='ocr_line' id='line_1_156' title="bbox 1930 5842 3499 5914; baseline 0 -15"><span class='ocrx_word' id='word_1_1178' title='bbox 1930 5843 2233 5914; x_wconf 86' lang='lat' dir='ltr'><strong>specialiter</strong></span> <span class='ocrx_word' id='word_1_1179' title='bbox 2256 5857 2281 5895; x_wconf 83' lang='lat' dir='ltr'><strong>a</strong></span> <span class='ocrx_word' id='word_1_1180' title='bbox 2303 5843 2457 5897; x_wconf 86' lang='lat' dir='ltr'><strong>Patre</strong></span> <span class='ocrx_word' id='word_1_1181' title='bbox 2481 5842 2750 5900; x_wconf 89' lang='lat' dir='ltr'><strong>dilectum.</strong></span> <span class='ocrx_word' id='word_1_1182' title='bbox 2779 5842 2934 5901; x_wconf 85' lang='lat' dir='ltr'><strong>Hunc</strong></span> <span class='ocrx_word' id='word_1_1183' title='bbox 2962 5842 3211 5901; x_wconf 87' lang='lat' dir='ltr'><strong>dilectum</strong></span> <span class='ocrx_word' id='word_1_1184' title='bbox 3242 5844 3350 5913; x_wconf 88' lang='lat' dir='ltr'><strong>qui,</strong></span> <span class='ocrx_word' id='word_1_1185' title='bbox 3377 5856 3499 5899; x_wconf 85' lang='lat' dir='ltr'><strong>cum</strong></span> 
     </span>
    </p>
   </div>
   <div class='ocr_carea' id='block_1_153' title="bbox 2958 5936 3037 5996">
    <p class='ocr_par' dir='ltr' id='par_1_153' title="bbox 2958 5936 3037 5996">
     <span class='ocr_line' id='line_1_157' title="bbox 2958 5936 3037 5996; baseline 0 0"><span class='ocrx_word' id='word_1_1186' title='bbox 2958 5936 3037 5996; x_wconf 71' lang='lat'><strong>23</strong></span> 
     </span>
    </p>
   </div>
  </div>
