3970 6368
459 322 564 380 715

918 314 1124 376 ΒΕΟΔ
1164 313 1609 373 νΕΝειιΑΒιιιε
1646 313 1796 369 OPP.
1842 310 2019 369 PARS

2154 307 2345 369 SEC‘I‘.
2389 308 2451 366 ll.
2495 336 2565 350 --
2604 306 2813 367 DUBIA
2850 307 2940 365 ET
2976 304 3257 366 SPURIA.

3625 310 3739 372 716

394 428 418 441 ’”
456 438 864 504 crucihxerunt,
895 435 1143 489 viderunt
1163 474 1178 497 ,
1210 434 1301 489 sed
1333 435 1449 489 sine
1478 432 1769 493 intellectu,
1799 433 1920 500 quia
1951 431 2028 504 te;
2058 429 2113 493 Α
2137 443 2237 485 suo
2270 428 2410 484 bono
2439 438 2598 497 atque
2626 426 3016 504 beneﬁco,.per
3036 426 3181 504 quod
3200 426 3373 504 solqm
3400 425 3604 483 bonum
3632 444 3736 487 nos
3758 413 3773 439 ’

456 511 767 570 bricitantes
782 502 844 561 et"
858 506 1149 573 phrenetici
1176 506 1440 560 medicum
1462 520 1566 558 non
1584 505 1947 558 attenderunt.
1973 502 2032 557 Si

458 586 593 640 enim
617 578 984 649 cognouissent,
1033 593 1308 649 nunquam
1333 576 1607 649 Dominum
1648 574 1824 649 gloria:
1871 575 2032 627 cruci-

536 646 711 709 isscni.
763 647 1101 705 Gaudeamus
1141 663 1269 717 ergo
1300 648 1380 700 his
1408 646 1623 716 nuptiis,
1656 646 1777 715 quia
1810 660 1906 699 nos
1938 662 2035 699 ιιιι-

536 658 711 709 isscnt.
763 658 1101 705 Gaudeamus
1141 663 1269 717 ergo
1300 658 1380 700 nis
1408 658 1623 716 nuptiis,
1656 662 1777 715 quia
1810 660 1906 699 nos
1938 662 2035 699 ιιιι-

459 658 647 782 ςέηιεε
674 734 877 785 ειιιιιιιε,
908 734 1005 774 nos
1032 719 1096 773 ad
1128 719 1221 773 has
1250 718 1459 786 nuptias
1490 719 1773 771 invitamur
1792 760 1805 781 ,
1833 726 1887 771 et
1916 732 2035 784 per-

459 799 714 853 tinemus.
741 791 856 846 Non
885 791 1027 845 enim
1059 804 1243 844 sumus
1268 790 1356 857 qui
1383 798 1779 843 commutantur
1808 796 1861 843 et
1886 802 2035 842 com-

460 869 644 923 mutati
696 873 838 928 sunt,
892 862 1153 927 Ecclesia,
1204 875 1323 929 qua:
1356 859 1592 914 Ecclesia
1631 869 1712 914 est
1741 859 1794 913 in
1827 858 1909 912 his
1938 875 2035 912 nu-

458 940 584 1009 ptiis
612 950 827 1009 sponsa.
861 932 1013 1000 Quod
1040 943 1231 1009 a_utem_
1266 930 1500 1009 psalmus
1546 929 1650 1009 iste
1680 930 1877 984 dicitur
1903 945 2033 1009 can-

457 1000 656 1075 iicum,
691 1005 810 1079 ideo
828 1013 943 1079 est,
986 1004 1123 1079 quia
1158 1000 1760 1079 solebant.anti_quitus_
1790 1002 2034 1079 quredam

458 1071 693 1137 carmina
738 1075 842 1131 dici
892 1071 1209 1129 ducentibus
1256 1082 1309 1127 et
1350 1072 1689 1127 nubentibus.
1745 1071 1799 1125 ln
1845 1071 2034 1138 quibus

457 1148 712 1220 quidquid
742 1146 1022 1220 erat_laus_,
1056 1146 1230 1198 honor
1281 1142 1524 1220 et__gloria
1570 1142 1814 1220 ducentis
1858 1151 1915 1220 et
1942 1158 2037 1195 nu-

459 1212 636 1279 bentis
667 1228 802 1275 erat.
851 1217 915 1271 Et
947 1216 1048 1270 tale
1071 1230 1289 1269 carmen
1312 1212 1588 1268 dicebatur
1610 1212 2032 1281 epithalamium,

456 1309 524 1349 eo
545 1291 682 1362 quod
712 1296 856 1346 esset
900 1301 1060 1355 super
1107 1287 1419 1362 thalamum,
1452 1284 1537 1362 _id_
1570 1293 1673 1349 est,
1720 1285 2033 1362 denuptiis.

434 1354 717 1420 Similiter
764 1354 977 1428 quoque
1021 1357 1253 1425 psalmus
1301 1358 1404 1410 iste
1433 1354 1630 1428 dicitur
1672 1355 2037 1428 canticumnet

456 1425 965 1504 epithalamium,'id
993 1436 1109 1493 est,
1139 1442 1367 1504 carmen_
1383 1440 1546 1504 super
1579 1425 1891 1504 thalamum.
1942 1425 2038 1504 Est

458 1496 598 1560 enim
632 1502 717 1557 hic
746 1515 996 1570 sponsus,
1029 1512 1219 1570 sponsa
1248 1508 1301 1553 et
1332 1497 1615 1570 thalamus.
1640 1566 1652 1570 _
1676 1496 1915 1570 Sponsus
1938 1496 2036 1570 qui

458 1577 603 1631 venit
650 1574 717 1629 ad
748 1566 955 1640 nuptias
980 1566 1067 1625 est
1087 1568 1316 1640 Verbum
1359 1567 1485 1640 illud
1514 1566 1656 1636 quod
1688 1568 1754 1640 _in
1785 1568 2035 1635 principio

455 1654 565 1702 erat
594 1643 731 1710 apud
764 1637 948 1709 Deum,
1000 1648 1047 1693 et
1071 1638 1211 1693 Deus
1241 1648 1345 1710 erat
1393 1637 1635 1692 Verbum.
1682 1637 1888 1707 Sponsa
1920 1655 2038 1707 qua:

457 1716 611 1772 nubit
632 1709 868 1770 Ecclesia
898 1720 999 1774 est,
1032 1726 1187 1778 quam
1221 1709 1449 1764 Verbum
1484 1710 1609 1763 illud
1664 1725 1757 1776 per
1788 1711 2035 1762 humani-

2136 509 2404 569 utcunque
2435 496 2718 566 possumus
2742 513 2865 553 esse
2892 498 3050 564 boni,
3078 498 3208 569 dicit
3233 514 3245 569 ;
3280 496 3380 551 Cor
3408 514 3577 553 meum
3606 515 3734 554 eru-

2137 572 2291 625 ctavit
2321 567 2564 624 Verbum
2612 570 2833 637 bonum,
2896 583 2990 637 per
3036 568 3180 637 quod
3233 567 3433 624 bonum
3482 570 3730 626 additum

2136 642 2369 697 ostendit
2415 640 2516 696 sibi
2547 639 2932 706 substantiale,
2974 640 3251 709 coazquale
3292 649 3348 695 et
3371 651 3725 697 coaeternum.

2135 710 2306 767 Nemo
2330 712 2470 767 enim
2502 711 2697 776 bonus,
2726 709 2831 764 nisi
2860 711 3005 765 solus
3026 709 3187 765 Deus.
3219 710 3397 777 Quare
3424 710 3469 765 si
3499 712 3725 769 Verbum

2138 782 2339 837 bonum
2368 792 2475 846 est,
2506 793 2559 836 et
2588 780 2824 837 Vcrbunt
2873 781 3011 837 Deus
3041 792 3143 851 est,
3176 782 3291 836 dico
3315 798 3409 851 ego
3438 797 3594 851 opera
3622 802 3729 839 utea

2136 856 2278 923 regi;
2309 852 2557 923 repetitio
2596 851 2914 920 superioris.
2948 852 3122 919 Ipsum
3146 853 3290 907 enim
3326 853 3529 918 dicere,
3559 865 3726 911 estex

2136 922 2299 979 cerde
2350 922 2569 979 verbum
2621 938 2898 989 generare.
2952 922 3091 978 Dicit
3138 923 3193 977 in
3243 926 3342 979 hoc
3387 923 3511 979 loco
3544 925 3727 983 beatus

2140 997 2508 1063 Augustinus:
2568 1013 2587 1046 ι
2616 993 2819 1050 Vereor
2863 1010 2929 1049 ne
2958 1009 2986 1048 a
3020 994 3346 1049 tardioribus
3393 1010 3503 1049 non
3538 997 3728 1051 intelli-

2138 1078 2316 1136 gatur,
2346 1076 2713 1121 verumtamen
2746 1064 2942 1119 dicam.
2993 1064 3258 1132 Sequatur
3304 1065 3394 1135 qui
3429 1078 3642 1132 potest,
3669 1083 3732 1122 ne

2139 1152 2246 1191 non
2269 1138 2472 1193 dictum
2503 1152 2607 1191 non
2629 1145 2907 1208 sequatur,
2932 1144 2987 1190 et
3002 1138 3098 1208 qui
3125 1145 3317 1208 potest.
3350 1137 3588 1208 Attende
3608 1152 3733 1208 ergo

2145 1152 2246 1191 non
2269 1152 2472 1193 uictum
2503 1152 2607 1191 non
2629 1152 2907 1204 sequatur,
2932 1152 2987 1190 ει
3002 1152 3098 1259 θυι
3125 1152 3317 1204 pateat.
3350 1152 3588 1192 Attende
3608 1152 3731 1208 ergo

2145 1208 2414 1276 quomodo
2454 1208 2629 1275 ipsum
2660 1206 2862 1271 dicere,
2891 1218 2973 1261 εει
3047 1208 3235 1262 erbum
3280 1207 3347 1263 de
3375 1207 3544 1263 corde
3572 1223 3731 1277 gene-

2139 1294 2281 1334 rare.
2314 1279 2451 1343 Quid
2479 1287 2561 1332 est
2601 1276 2747 1332 enim
2787 1277 2930 1342 dico,
2981 1278 3204 1332 verbum
3238 1278 3478 1346 profero,
3531 1276 3593 1334 et
3615 1294 3731 1335 cum

2140 1349 2208 1403 de
2238 1365 2297 1405 se
2325 1349 2486 1404 Pater
2514 1348 2648 1403 dicit
2674 1367 2685 1401 :
2724 1348 2851 1403 Dico
2881 1348 3002 1410 hoc,
3036 1350 3158 1404 dico
3183 1357 3304 1405 est:
3340 1347 3577 1404 Verbum
3610 1365 3731 1417 pro-

2138 1417 2278 1473 fero.
2314 1420 2382 1475 Et
2411 1420 2456 1475 si
2487 1419 2648 1475 Pater
2679 1419 2881 1488 profert
2905 1417 3139 1474 Verbum
3162 1418 3228 1474 de
3250 1419 3434 1483 corde,
3467 1420 3519 1474 id
3542 1432 3647 1483 est,
3671 1422 3735 1477 de

2140 1490 2434 1555 intellectu,
2489 1504 2611 1545 cum
2643 1490 2757 1558 ipse
2804 1496 2950 1544 totus
3000 1491 3070 1544 sit
3116 1490 3205 1545 ille
3234 1490 3574 1553 intellectus,
3610 1490 3733 1547 illud

2140 1561 2362 1629 profert.
2396 1576 2517 1615 cum
2544 1570 2599 1615 et
2629 1575 2727 1616 nos
2760 1569 3004 1615 nostrum
3055 1562 3277 1615 verbum
3320 1563 3570 1629 quamvis
3600 1562 3730 1629 leve,

2138 1633 2383 1700 quamvis
2413 1631 2632 1686 volatile
2658 1631 2725 1686 de
2765 1632 2929 1685 corde
2975 1642 3161 1687 nostro
3205 1631 3555 1701 proferimus.
3582 1649 3601 1685 ι
3642 1632 3734 1689 Ve-

2141 1711 2443 1756 rumtamen
2493 1703 2715 1756 multum
2764 1701 2943 1757 diﬂ'crt
2991 1703 3131 1757 inter
3176 1711 3419 1758 nostrqu
3453 1703 3734 1767 dicere.et

457 1771 623 1843 tatem
670 1771 995 1861 assumptam
1043 1771 1143 1835 sibi
1191 1780 1517 1860 associavitz
1576 1771 1734 1849 hujus
1788 1779 2040 1860 nuptialis
2070 1799 2119 1861 Β
2147 1772 2319 1861 Patris
2347 1772 2550 1861 dicere.
2584 1771 2837 1861 Nostrum
2869 1772 3252 1861 [subadmota
3293 1774 3502 1861 incipit,
3543 1775 3734 1861 etcito

457 1855 809 1926 copulationis
859 1852 1119 1926 thalamus
1165 1860 1247 1905 est
1290 1850 1511 1919 virginis
1551 1858 1755 1917 uterus,
1806 1849 1860 1903 in
1911 1866 2037 1919 quo,

458 1922 541 1983 ut-
568 1928 762 1983 dictum
809 1934 911 1987 est,
961 1936 1056 1988 per
1089 1922 1368 1975 humanam
1422 1929 1667 1975 naturam
1714 1930 2041 1989 assumptum

462 1998 693 2054 Verbum
744 1995 838 2050 Dei
885 1992 1166 2047 associavit
1208 1992 1310 2046 sibi
1365 1992 1694 2055 Ecclesium,
1746 2000 1801 2045 et
1846 1994 2046 2047 amavit

460 2085 581 2126 eam
638 2068 854 2132 fmdam,
904 2073 961 2116 ut
1007 2064 1206 2118 faceret
1254 2063 1528 2130 pulchram
1614 2060 2043 2133 Procedat‘brgo

460 2154 689 2208 sponsus
716 2154 745 2190 a
777 2135 1005 2206 quodam
1036 2134 1307 2208 laudatore
1333 2149 1441 2208 suo
1469 2133 1768 2208 descriptus
1798 2150 1811 2187 :
1844 2131 2043 2208 Ubique

461 2202 695 2293 pulcher,
726 2202 906 2275 ubique
928 2208 1118 2275 justus.
1159 2205 1221 2259 Et
1255 2205 1299 2258 si
1332 2206 1383 2257 in
1412 2219 1476 2258 eo
1523 2204 1807 2284 quidquam
1840 2202 2040 2293 icedhnt

461 2274 840 2343 invenerimus,
892 2274 1141 2331 ιιοιιειιιιι
1182 2289 1440 2339 amemus,
1492 2274 1732 2343 quamvis
1784 2274 1896 2343 ipse
1944 2291 2042 2332 nos

460 2355 717 2407 amaverit
748 2350 935 2413 foedos,
970 2358 1023 2401 ut
1054 2344 1252 2401 faceret
1286 2346 1560 2414 pulchros.
1612 2345 1821 2399 Titulus
1852 2349 1930 2399 sic
1958 2357 2043 2402 est

462 2422 851 2478 construendus
880 2437 892 2471 :
928 2418 1200 2472 Canticum
1248 2417 1385 2472 istud
1415 2418 1753 2471 referendum
1787 2427 1869 2469 est
1898 2418 1948 2469 in
1975 2419 2038 2470 ft-

463 2509 609 2558 nem,
657 2493 779 2562 quia
805 2492 914 2560 agit
942 2490 1006 2562 de
1037 2490 1139 2562 line
1169 2499 1434 2562 cantatum
1479 2504 1568 2554 pro
1598 2488 1782 2562 dilecto
1805 2527 1821 2551 ,
1855 2488 1905 2562 id
1936 2498 2041 2562 est,

466 2565 532 2619 ad
585 2557 939 2617 honorem'ct
985 2559 1191 2612 Iaudem
1248 2561 1429 2625 Sponsi
1486 2558 1790 2625 specialiter
1838 2557 2038 2623 dilecti,

465 2634 794 2703 propositum
840 2632 960 2685 liliis
989 2630 1146 2693 Core,
1182 2646 1298 2703 pro
1329 2630 1406 2703 Itis
1457 2628 2035 2703 quiconmtutnbuntur,

465 2699 519 2758 id
550 2699 651 2766 est,
695 2717 851 2758 causa
882 2700 1313 2753 commutationis
1353 2699 1505 2753 facta;
1550 2700 1599 2751 in
1649 2699 1836 2765 seipsis
1867 2700 1932 2751 ad
1962 2702 2041 2753 in-

465 2773 736 2835 tellectum.
767 2772 988 2836 scilicet,
1019 2782 1076 2824 ιιι
1105 2770 1399 2837 intelligant
1435 2778 1491 2824 et
1519 2783 1579 2823 se
1603 2777 1957 2823 commutatos
1987 2781 2041 2824 et

462 2843 932 2900 commutationem
964 2857 1082 2895 esse
1114 2856 1219 2893 non
1248 2855 1315 2894 ex
1341 2858 1420 2905 se,
1455 2840 1537 2895 vel
1564 2839 1800 2903 aliunde,
1833 2841 1923 2893 sed
1948 2856 2041 2909 per

464 2913 741 2969 dilectum.
773 2914 920 2967 Nunc
947 2912 1012 2964 ad
1036 2913 1264 2964 litteram
1286 2910 1621 2965 accedamus.
1648 2910 1913 2975 Quaeritur
1942 2927 2038 2965 cu-

460 2984 549 3053 jus
581 2999 680 3038 vox
711 2983 783 3039 sit
811 2984 861 3037 in
894 2983 997 3036 hoc
1024 2980 1249 3050 psalmo.
1303 2983 1367 3053 Et
1392 2982 1572 3035 dicunt
1600 2981 1817 3049 quidam
1849 2996 2037 3035 vocem

467 3052 588 3109 esse
627 3054 922 3125 prephetaa,
954 3053 1167 3125 quidam
1193 3066 1325 3125 vero
1356 3052 1658 3121 intelligunt
1703 3066 1888 3106 vocem
1918 3066 2039 3125 esse

467 3122 643 3181 Patris
666 3125 925 3181 dicentis:
956 3122 1221 3177 Eructauit
1243 3140 1330 3177 cor
1356 3139 1541 3187 meum,
1570 3131 1700 3187 etc.,
1730 3131 1785 3177 ει
1808 3137 1899 3190 per
1928 3124 2041 3177 haec

467 3196 889 3251 commendantis
916 3196 1069 3251 nobis
1098 3193 1418 3249 ineﬂ'ibilem
1461 3194 1747 3263 quamdam
1796 3194 2042 3247 nativita-

468 3275 574 3322 tem
603 3275 658 3322 et
682 3268 981 3337 genituram
1022 3266 1451 3333 inenarrabilem,
1492 3282 1558 3320 ne
1591 3274 1893 3337 putaremus
1940 3267 2039 3318 ali-

466 3338 592 3405 quid
638 3336 973 3394 extrinsecus
1013 3345 1365 3403 assuinptum,
1422 3347 1477 3389 ut
1528 3336 1651 3390 inde
1695 3344 2043 3406 gener-aretur

468 3408 728 3464 Verbum.
758 3408 1103 3463 Solentenim
1136 3408 1378 3461 homines
1411 3423 1503 3475 per
1530 3409 1796 3462 connubia
1846 3421 2043 3463 uxores

465 3480 571 3533 sibi
603 3481 913 3548 adjungere,
940 3488 993 3533 et
1016 3479 1138 3533 inde
1165 3479 1306 3532 filios
1328 3494 1602 3547 generare,
1628 3488 1682 3532 et
1711 3478 1829 3531 ideo
1849 3493 1917 3533 ne
1946 3494 2013 3546 pu

469 3558 703 3605 taremus
731 3550 898 3604 Deum
927 3550 1135 3603 Patrem
1171 3564 1389 3603 uxorem
1418 3550 1516 3603 sibi
1547 3550 1920 3617 assumpsisse,
1955 3548 2041 3605 vel

468 3620 645 3687 aliquo
688 3621 1016 3673 extrinsecus
1045 3621 1352 3687 adjumento
1397 3620 1463 3673 ad
1499 3620 1726 3673 Verbum
1782 3635 2044 3689 generan-

470 3690 597 3743 dum
626 3690 933 3758 indiguisse,
986 3690 1148 3744 dicit:
1201 3691 1301 3743 Cor
1340 3706 1506 3743 meum
1552 3694 1795 3745 eructarit
1839 3692 2044 3744 verbum

470 3760 675 3813 bonum.
711 3760 916 3813 Etcum
942 3774 1045 3830 non
1068 3761 1288 3815 haberet
1314 3763 1473 3814 verba
1503 3764 1692 3830 quibus
1730 3762 1828 3815 hoc
1857 3760 2043 3815 inetia-

468 3830 579 3886 bile
604 3834 816 3900 proprie
846 3829 996 3885 nobis
1026 3840 1206 3898 posset
1244 3845 1534 3898 exponere,
1574 3833 1697 3900 quia
1725 3832 1864 3885 solet
1890 3846 2041 3886 sacra

471 3902 764 3969 Scriptura,
793 3916 913 3955 cum
957 3900 1027 3954 de
1047 3901 1208 3955 rebus
1234 3903 1458 3956 summis
1502 3912 1556 3955 et
1583 3902 2043 3957 excellentissimis

468 3971 723 4039 loquitur,
773 3971 1147 4027 similitudines
1191 3971 1259 4025 de
1290 3973 1487 4026 intimis
1538 3975 1697 4025 rebus
1748 3973 2036 4040 attrahere,

467 4056 565 4111 per
592 4057 726 4111 quas
776 4058 868 4110 per
895 4041 1013 4096 haec
1037 4042 1264 4097 visibilia
1314 4043 1524 4097 animus
1576 4052 1757 4097 noster
1786 4044 2043 4097 alliciatur

468 4113 536 4166 ad
582 4113 888 4178 invisibilia,
923 4113 1043 4169 ideo
1092 4113 1231 4167 Deus
1282 4114 1437 4167 Pater
1496 4128 1591 4182 per
1636 4114 2040 4167 similitudinem

466 4182 691 4252 loquens
722 4184 983 4253 profunde
1030 4184 1215 4252 incipit
1253 4184 1439 4239 dicens
1469 4202 1482 4237 :
1536 4183 1636 4239 Cor
1661 4200 1829 4238 meum
1849 4193 2042 4238 eructat

467 4253 675 4308 verbum
720 4255 925 4307 bonum.
978 4254 1080 4321 Qui
1119 4256 1259 4308 enim
1304 4266 1567 4321 eructant,
1622 4257 1821 4310 dcimo
1861 4256 2040 4310 tlatum

467 4325 760 4396 emittunt,
788 4324 916 4396 Cor“
935 4339 1059 4378 vere
1089 4325 1334 4380 intimum
1368 4327 1617 4396 quiddam
1648 4338 1749 4393 est,
1778 4335 1834 4380 et
1860 4330 2039 4380 occul-

469 4404 603 4450 tum.
649 4394 800 4449 Unde
831 4394 952 4448 talis
979 4404 1081 4460 est,
1114 4398 1268 4464 quasi
1302 4394 1442 4451 dicat
1472 4412 1484 4450 :
1509 4397 1609 4451 Cor
1636 4413 1824 4461 meum,
1853 4398 1903 4449 id
1934 4408 2037 4463 est,

468 4465 655 4520 intima
672 4466 985 4537 substantia
1011 4479 1151 4533 mea,
1204 4481 1309 4537 qua
1337 4469 1576 4523 occultus
1622 4483 1739 4521 sum
1787 4468 2040 4537 quidquid

377 4539 384 4569 λ
468 4551 609 4591 ειιιιι.
663 4535 1026 4607 Eructavit,_id
1056 4525 1161 4600 est,
1212 4525 1549 4594 i'nelfabiliter
1573 4525 1847 4607 generavit
1893 4525 1957 4592 ei
1984 4555 2043 4594 se
2068 4525 2122 4584 Ι)

466 4608 673 4661 verbum
699 4609 905 4661 bonum.
934 4605 1043 4661 Nec
1071 4608 1265 4661 mirum
1312 4610 1355 4662 si
1386 4609 1541 4664 Pater
1584 4605 1726 4663 dicat
1751 4610 1817 4663 de
1858 4610 2047 4665 intimo

467 4678 646 4733 cordis
680 4677 913 4749 Verbum
942 4685 1261 4749 eructatum,
1311 4694 1431 4733 cum
1477 4689 1531 4733 et
1555 4684 1775 4749 quisque
1806 4691 2046 4735 nostrum

469 4749 536 4803 de
563 4748 725 4803 corde
754 4764 851 4803 suo
881 4764 985 4803 non
1016 4748 1261 4819 indigens
1309 4766 1472 4804 uxore
1498 4748 1585 4805 vel
1611 4748 1915 4805 cxt’rinseco
1944 4753 2044 4806 ad-

468 4820 709 4886 iumento
733 4830 954 4889 generet
1003 4820 1309 4875 consilium.
1363 4821 1741 4877 Aﬂditicaturus
1773 4824 1915 4876 enim
1942 4824 2045 4877 ali-

470 4890 595 4961 quid
639 4890 707 4945 de
737 4890 898 4945 corde
949 4900 1038 4962 tuo
1083 4905 1308 4959 generas
1356 4894 1658 4948 consilium.
1714 4894 1777 4947 Et
1825 4895 2045 4962 fabrica,

470 4959 591 5032 quae
621 4962 859 5015 nondum
880 4970 962 5016 est
990 4959 1045 5032 in
1072 4962 1318 5029 aedilicio,
1352 4964 1460 5032 jam
1491 4974 1597 5018 stat
1624 4967 1675 5018 in
1705 4965 1950 5019 consilio.
1982 4959 2050 5019 Et

464 5030 574 5102 jam
598 5033 736 5105 inest
764 5032 814 5087 id
847 5034 986 5102 quod
1010 5030 1375 5105 facturuscst‘,
1408 5036 1460 5088 in
1485 5050 1550 5089 eo
1593 5052 1686 5105 per
1711 5036 1850 5103 quod
1880 5035 2050 5089 factu-

469 5117 562 5157 rus
587 5116 668 5159 es.
704 5104 875 5173 Atque
897 5104 1005 5172 jam
1039 5105 1221 5158 laudas
1250 5103 1502 5161 fabricam
1545 5103 1780 5159 nondum
1809 5106 2048 5161 existen-

471 5182 578 5243 tem
612 5176 664 5227 in
689 5188 839 5242 spem
866 5174 1096 5241 aedificii,
1129 5176 1223 5230 sed
1260 5179 1309 5229 in
1341 5177 1781 5243 approbationem
1810 5178 2045 5231 consilii.

471 5242 578 5298 Sed
603 5244 780 5299 nullus
800 5245 932 5299 alius
952 5246 1125 5303 adhuc
1151 5247 1331 5300 laudat
1359 5242 1498 5301 tuam
1527 5247 1799 5311 fabricam,
1824 5250 1924 5301 nisi
1953 5260 2053 5303 ate

471 5314 756 5385 consilium
782 5317 1079 5378 expositum
1107 5318 1285 5379 fuerit,
1330 5320 1410 5370 νει
1443 5333 1534 5385 per
1560 5318 1807 5372 effectum
1841 5319 2049 5373 viderit.

469 5383 615 5457 Ergo
631 5386 673 5439 si
686 5386 861 5457 omnia
875 5386 1009 5442 facta
1023 5400 1145 5443 sunt
1160 5405 1253 5457 per
1269 5383 1659 5456 Verbum,etde
1674 5390 1781 5443 Deo
1796 5390 2052 5455 Verbum,

468 5454 676 5525 inspice
690 5454 945 5511 fabricam
964 5473 1059 5528 per
1081 5454 1309 5515 Verbum
1333 5454 1545 5525 factam,
1566 5469 1623 5515 et
1645 5461 1695 5514 in
1716 5462 1815 5514 hoc
1832 5460 2055 5514 artiﬁcio

468 5528 670 5601 mirare
696 5530 992 5601 consilium,
1021 5532 1071 5584 id
1098 5540 1201 5597 est,
1232 5532 1482 5586 Verbum.
1516 5532 1648 5586 Nam
1672 5534 1847 5601 quale,
1873 5531 1923 5601 id
1948 5541 2052 5597 est,

468 5597 597 5655 illud
631 5597 884 5672 Verbum,
935 5614 1029 5669 per
1056 5606 1199 5672 quod
1243 5612 1403 5665 terra,
1438 5620 1606 5667 mare,
1652 5597 1870 5666 cmlum,
1906 5600 2043 5655 facta

466 5680 614 5745 sunt,
637 5679 691 5724 et
705 5670 886 5745 pmnis
907 5670 1126 5726 ornatus
1142 5688 1347 5729 eorum.
1374 5676 1560 5729 Omnia
1584 5678 1721 5729 enim
1751 5690 1839 5745 per
1862 5678 2052 5743 ipsum,

468 5753 530 5825 tit
573 5742 858 5825 Evangelia
907 5752 1186 5825 testantur,
1239 5749 1387 5825 [ποις
1427 5759 1565 5800 sunt.
1619 5747 1686 5801 Et
1735 5742 2049 5825 l'acta;_su-nt

469 5812 629 5884 bona,
653 5812 777 5885 quia
805 5814 977 5885 ipsum
1001 5825 1082 5871 est
1107 5812 1326 5871 bonum.
1352 5818 1507 5872 Pater
1531 5835 1758 5887 Inoaque
1781 5818 1847 5871 de
1877 5817 2051 5873 Verbo

2067 3153 2117 3221 ϐ

2145 1843 2417 1913 ριιειειίι;
2452 1843 2633 1897 dicere
2660 1853 2837 1899 autem
2866 1843 2957 1898 Dei
2986 1843 3155 1899 Patris
3204 1860 3310 1899 non
3345 1846 3509 1899 habet
3541 1846 3730 1910 princi-

2144 1915 2311 1983 pium,
2342 1924 2396 1968 et
2432 1922 2582 1968 caret
2607 1914 2744 1978 line,
2792 1913 2913 1984 quia
2949 1929 3218 1982 nunquam
3265 1915 3475 1969 finitur.
3522 1913 3593 1969 Et
3624 1918 3730 1972 ideo

2144 1986 2440 2039 secundum
2474 2000 2576 2038 non
2605 1984 2818 2050 dicitur,
2862 1984 2956 2041 sed
2985 1987 3157 2041 semel
3186 1995 3392 2041 tantum
3420 1985 3570 2041 Deus
3597 1987 3734 2043 locu-

2145 2064 2228 2109 tus
2260 2065 2359 2127 est.
2394 2054 2452 2111 Si
2479 2056 2623 2110 enim
2653 2070 2866 2123 semper
2918 2065 3098 2127 manet
3135 2068 3189 2112 et
3218 2056 3361 2127 quod
3402 2057 3607 2112 dicitur
3630 2068 3680 2113 et
3703 2073 3729 2113 a

2142 2142 2248 2195 quo
2278 2126 2489 2190 dicitur,
2522 2143 2626 2180 non
2658 2136 2741 2197 est
2767 2126 3051 2184 dicendum
3093 2126 3408 2193 secundum,
3444 2128 3571 2197 quia
3597 2142 3731 2184 seut-

2142 2210 2239 2265 per
2269 2208 2350 2252 est
2380 2198 2630 2265 primum.
2690 2196 2756 2251 Et
2786 2197 2904 2253 ideo
2936 2213 3097 2252 unum
3147 2209 3351 2254 tantum
3399 2196 3637 2254 Verbum
3659 2208 3730 2254 est

2141 2267 2287 2322 Patri
2338 2278 2668 2323 comternum
2712 2276 2767 2323 et
2799 2269 3279 2325 consubstantiale.
3329 2270 3511 2336 Quare
3561 2280 3725 2326 autem

2142 2338 2308 2393 dicit:
2343 2338 2473 2410 Dico
2490 2355 2645 2405 opera
2674 2355 2783 2393 mea
2808 2341 2961 2409 regi?
2992 2339 3135 2403 ideo.
3161 2342 3391 2406 scilicet,
3412 2341 3543 2410 quia
3561 2346 3727 2398 omnia

2142 2424 2304 2477 opera
2336 2409 2511 2464 Patris
2536 2416 2689 2463 erant
2721 2410 2774 2463 in
2799 2411 2998 2466 Verbo.
3028 2411 3296 2479 Quidquid
3322 2409 3471 2467 enim
3496 2411 3724 2467 facturus

2143 2479 2199 2533 in
2228 2489 2475 2536 creatura
2514 2489 2653 2546 erat,
2688 2490 2856 2535 totum
2905 2481 3179 2549 praecessit
3204 2482 3259 2537 in
3282 2482 3483 2536 Verbo.
3511 2483 3567 2536 Si
3598 2484 3726 2538 enim

2145 2551 2199 2603 in
2234 2550 2409 2605 Verbo
2438 2566 2543 2615 non
2568 2558 2736 2614 esset.
2767 2567 2867 2607 nec
2898 2554 2953 2606 in
2975 2562 3220 2609 creatura
3244 2563 3409 2616 esset,
3438 2554 3582 2608 sicut
3607 2553 3725 2607 nihil

2145 2630 2228 2675 est
2256 2621 2309 2674 in
2335 2631 2425 2675 tuo
2453 2621 2679 2676 atditicio
2724 2622 2866 2691 quod
2897 2640 3003 2678 non
3037 2622 3192 2678 fuerit
3236 2624 3289 2677 in
3319 2624 3572 2678 consilio.
3606 2624 3726 2679 lliuc

2142 2692 2467 2763 evangelista
2494 2692 2624 2763 dicit
2650 2710 2661 2745 :
2694 2692 2845 2759 Quod
2873 2698 3071 2763 factum
3101 2702 3178 2747 est
3217 2695 3271 2748 in
3299 2696 3433 2763 ipso,
3461 2696 3569 2748 vita
3607 2706 3721 2749 erat.

2146 2761 2285 2831 Ergo
2314 2764 2456 2831 quod
2487 2762 2684 2817 factum
2714 2774 2797 2818 est
2816 2761 2953 2830 erat,
2981 2765 3077 2819 sed
3109 2766 3161 2819 in
3188 2761 3361 2819 Verbo
3384 2761 3525 2820 erat.
3549 2766 3721 2820 Omnia

2144 2835 2285 2888 enim
2316 2848 2479 2902 opera
2513 2834 2686 2888 Patris
2712 2833 2764 2888 in
2793 2834 2963 2889 Verbo
2985 2844 3158 2900 erant,
3188 2835 3283 2889 sed
3314 2836 3553 2890 nondum
3574 2851 3722 2903 Opera

2142 2912 2317 2967 erant,
2370 2903 2464 2958 sed
2496 2902 2729 2959 Verbum
2775 2915 2910 2960 erat.
2966 2905 3035 2960 Et
3073 2904 3291 2960 Verbum
3341 2906 3483 2959 Deus
3511 2902 3651 2970 erat,
3682 2917 3725 2960 et

2143 2972 2283 3047 idem
2329 2988 2451 3028 cum
2480 2976 2634 3047 Patre
2679 2975 2819 3030 Deus
2850 2987 2983 3041 erat,
3029 2978 3081 3030 in
3109 2992 3216 3044 quo
3256 2985 3384 3031 sunt
3432 2993 3553 3047 qua:
3583 2979 3721 3033 nobis

2146 3043 2283 3118 facta
2308 3054 2452 3099 sunt.
2486 3045 2601 3118 Non
2634 3047 2880 3101 abierunt
2905 3062 3025 3118 qua:
3049 3043 3207 3102 nobis
3247 3043 3645 3115 prmtericrunt.
3678 3051 3722 3103 ιιι

2148 3113 2246 3187 hac
2269 3118 2532 3171 sententia
2565 3116 2741 3171 littera
2764 3118 2844 3172 sic
2873 3113 3067 3172 dicitur
3091 3136 3103 3170 :
3142 3113 3271 3172 Dico
3297 3135 3455 3185 opera
3477 3136 3589 3174 meo
3610 3121 3721 3187 regi,

2145 3185 2199 3240 id
2229 3196 2332 3251 est,
2377 3188 2446 3242 de
2472 3188 2658 3241 intimo
2690 3190 2866 3244 cordis
2892 3200 3079 3244 eructo
3116 3190 3335 3245 verbum
3380 3190 3602 3245 bonum.
3636 3185 3725 3243 Per

2145 3258 2258 3329 dico
2286 3257 2428 3329 enim
2462 3258 2721 3312 habemus
2753 3274 2822 3314 ex
2852 3262 3015 3316 corde
3041 3270 3249 3325 eructo,
3284 3276 3377 3329 per
3407 3278 3567 3329 opera
3611 3260 3724 3315 Ver-

2145 3326 2292 3392 bum,
2340 3328 2467 3397 quia
2513 3332 2567 3383 in
2604 3329 2777 3385 Verbo
2804 3331 2979 3388 omnia
3030 3346 3194 3400 opera
3226 3326 3399 3386 Patris
3442 3326 3517 3386 ab
3541 3344 3725 3388 :eteruo

2144 3408 2293 3479 sunt,
2324 3414 2419 3468 per
2441 3400 2551 3472 regi
2581 3401 2800 3457 bonum.
2846 3403 2913 3458 Et
2942 3402 3022 3459 sic
3048 3404 3205 3471 plane
3245 3403 3439 3472 prioris
3469 3414 3556 3458 est
3582 3418 3725 3472 repe-

2148 3472 2282 3525 titio.

2216 3540 2421 3615 Lingua
2449 3542 2751 3615 ιιιεαηριιιιι
2796 3544 3011 3613 quidam
3043 3544 3364 3615 profundum
3410 3560 3508 3613 per
3535 3546 3720 3614 impro-

2146 3612 2294 3680 prias
2322 3612 2721 3668 similitudines
2751 3612 3096 3682 exposuerat,
3146 3618 3264 3671 ideo
3292 3612 3452 3671 etiam
3485 3618 3551 3671 ad
3598 3612 3721 3671 idem

2146 3684 2521 3751 exponendum
2570 3685 2727 3738 aliam
2778 3686 2998 3740 adducit
3039 3686 3445 3741 similitudinem
3473 3687 3721 3756 aliquate-

2147 3769 2245 3827 nus
2276 3756 2651 3823 patentiorem,
2685 3757 2869 3827 dicens
2902 3774 2915 3809 :
2953 3757 3154 3827 Lingua
3177 3773 3312 3822 mea,
3339 3767 3449 3812 etc.
3490 3758 3560 3812 Et
3586 3772 3724 3811 acce-

2146 3824 2223 3894 pit
2249 3840 2467 3886 causam
2518 3840 2613 3895 pro
2657 3826 2871 3894 elfectu,
2906 3824 3142 3899 linguam
3189 3830 3406 3884 scilicet
3448 3843 3550 3898 pro
3575 3829 3722 3882 verbo

2145 3904 2422 3969 eructato,
2471 3904 2527 3949 et
2576 3900 2843 3954 calamum
2910 3901 3100 3955 SCl‘lbiB
3150 3916 3245 3969 pro
3294 3900 3461 3954 verbo
3512 3900 3719 3967 scripto.

2144 3967 2283 4032 Quid
2313 3975 2489 4022 autem
2523 3969 2681 4024 habet
2708 3970 2884 4025 simile
2919 3967 3162 4026 Verbum'
3197 3970 3369 4024 Patris
3418 3985 3543 4025 cum
3572 3971 3719 4025 verbo

2144 4038 2357 4091 scribae.
2411 4038 2547 4102 Quid
2582 4051 2729 4108 petra
2750 4056 2880 4095 ‘cum
2911 4042 3126 4095 Christo
3171 4041 3333 4096 habet
3360 4043 3561 4105 simile,
3608 4040 3719 4109 quid

2145 4123 2310 4176 agnus
2339 4124 2461 4163 cum
2494 4110 2585 4163 Dei
2617 4110 2955 4178 simplicitate
2976 4153 2993 4180 ,
3027 4112 3152 4180 quid
3185 4114 3269 4166 leo
3298 4127 3420 4166 cum
3453 4110 3549 4166 Dei
3581 4112 3717 4165 forti-

2147 4180 2366 4233 tudine?
2396 4182 2587 4234 Parum
2622 4181 2820 4249 utique.
2856 4184 2961 4237 Sed
2990 4199 3104 4238 mos
3128 4190 3211 4239 est
3232 4198 3399 4238 sacra:
3422 4184 3718 4250 Scriptura,

2144 4251 2270 4317 quia
2301 4252 2515 4319 proprie
2547 4266 2633 4305 res
2662 4252 2953 4309 altissimas
3001 4271 3106 4309 non
3151 4255 3295 4309 valet
3344 4269 3637 4322 exponere,
3664 4256 3718 4305 ait

2150 4321 2297 4387 ipsas
2326 4322 2675 4390 exponendas
2704 4324 2771 4378 de
2812 4326 2972 4381 rebus
3001 4326 3199 4379 intimis
3227 4321 3618 4380 similitudines
3640 4327 3721 4376 ad-

2145 4392 2366 4465 ducere,
2392 4401 2578 4448 tenues
2599 4394 2833 4461 quidem,
2860 4413 2964 4449 non
2990 4406 3165 4451 tamen
3192 4397 3587 4465 aSpernahiles,
3616 4397 3720 4463 quia

2148 4463 2397 4536 nisihaec
2430 4466 2642 4529 fierent,
2676 4481 3010 4536 nequaquam
3041 4463 3469 4521 animusinoster
3500 4483 3595 4535 per
3624 4470 3723 4519 lucc

2150 4534 2377 4587 visibilia
2410 4546 2746 4603 repararetur
2768 4534 2773 4535 ⁷
2798 4548 2851 4592 ει
2872 4534 3301 4605 suspenderetur
3328 4539 3394 4593 ad
3426 4534 3721 4592 invisibili...

2151 4605 2327 4671 Quare
2350 4604 2487 4659 Deus
2532 4605 2690 4661 Pater
2722 4623 2815 4675 per
2854 4604 3260 4664 similitudinem
3315 4612 3454 4664 hanc
3507 4610 3723 4663 Verbum

2150 4689 2304 4730 suum
2320 4690 2387 4731 ex
2399 4692 2620 4749 ponens,
2640 4678 2807 4733 noluit
2821 4679 2949 4734 illud
2972 4681 3199 4749 prolato,
3216 4681 3309 4735 sed
3325 4684 3535 4748 scripto
3555 4682 3721 4739 verba,

2151 4760 2488 4820 comparare,
2514 4748 2567 4801 in
2595 4764 2703 4817 quo
2730 4750 2882 4814 duas,
2918 4748 3161 4820 quamvis
3185 4752 3529 4820 improprias,
3585 4756 3726 4803 habet

2152 4818 2553 4884 similitudines,
2599 4820 2739 4891 quia
2752 4821 2891 4891 sicut
2926 4818 3148 4877 verbum
3172 4818 3430 4891 scriptum
3456 4838 3563 4876 non
3586 4830 3728 4877 sonat

2153 4904 2330 4957 neque
2356 4891 2566 4962 transit,
2621 4892 2689 4943 ita
2722 4890 2957 4950 Verbum
3011 4894 3103 4948 Dei
3135 4896 3240 4948 tale
3284 4890 3387 4959 est,
3441 4896 3585 4962 quod
3636 4908 3727 4946 ιιυιι

2152 4970 2310 5014 sonat
2334 4961 2617 5033 verberato
2636 4976 2781 5027 aere,
2807 4978 2984 5033 neque
3008 4966 3216 5031 transit,
3254 4967 3351 5020 sed
3376 4961 3592 5032 semper
3620 4980 3730 5017 tna-

2154 5040 2264 5095 net,
2284 5041 2339 5084 ut
2364 5046 2523 5099 supra
2548 5031 2745 5086 dictum
2770 5044 2873 5089 est.
2893 5031 3091 5091 Littera
3118 5036 3193 5089 sic
3223 5039 3276 5090 in
3302 5052 3431 5090 voce
3455 5031 3628 5089 Patris
3648 5050 3731 5088 ει-

2155 5106 2371 5176 ponitur
2398 5112 2450 5176 et
2484 5104 2825 5176 continuatur
2849 5123 2859 5157 :
2894 5108 2995 5161 Cor
3016 5122 3203 5173 meum,
3230 5110 3471 5176 inquam,
3504 5107 3731 5161 ινυειίειιιι

2164 5174 2383 5227 Verbum
2432 5173 2640 5228 bonum.
2690 5174 2755 5229 Et
2803 5179 2977 5247 lingua
3014 5195 3154 5241 mea,
3208 5173 3315 5232 hoc
3349 5173 3464 5243 est,
3513 5178 3729 5231 Verbum

2156 5260 2356 5308 meum,
2392 5252 2477 5299 est.
2504 5248 2732 5298 calamus
2770 5251 2969 5313 scribta,
3020 5250 3071 5302 id
3099 5259 3203 5311 est,
3235 5260 3317 5303 cst
3348 5253 3517 5304 verbo
3546 5250 3732 5315 scriptu

2156 5315 2431 5383 scriptoris
2459 5319 2844 5383 coinparabile,
2870 5328 2921 5372 ct
2954 5336 3057 5373 non
3084 5319 3372 5386 cujuslibet
3398 5320 3616 5381 scribae,
3643 5318 3729 5371 sed

2156 5387 2393 5440 velociter
2431 5386 2719 5441 scribentis.
2766 5389 3029 5444 Velociter
3082 5392 3223 5444 enim
3255 5390 3348 5445 Dei
3383 5394 3619 5446 velocms
3656 5396 3734 5443 est

2158 5458 2429 5521 omnibus,
2464 5459 2587 5525 quia
2620 5460 2873 5514 velociter
2899 5477 3078 5516 sermo
3105 5462 3219 5529 ejus
3241 5462 3427 5516 currit.
3460 5464 3505 5514 Α
3536 5463 3639 5528 ﬁne
3672 5460 3733 5512 ad

2160 5531 2315 5601 [inani
2343 5530 2597 5598 attingens
2629 5532 2850 5599 fortiter,
2888 5541 2937 5585 et
2967 5534 3247 5601 disponam
3291 5535 3465 5587 omnia
3491 5534 3728 5586 suaviter.

2159 5599 2345 5655 Nullus
2374 5610 2554 5655 autem
2576 5611 2689 5675 tam
2715 5604 2867 5657 velox
2919 5599 3094 5659 scriba
3117 5613 3221 5671 est,
3271 5606 3735 5675 quin,.necessario

2164 5675 2391 5747 litteram
2423 5686 2538 5740 pOSl
2576 5672 2827 5747 litteram,
2872 5675 3129 5745 syllabam
3177 5672 3303 5746 post
3340 5676 3624 5747 syllabam.
3654 5674 3733 5727 di-

2161 5744 2392 5797 ctionem
2442 5753 2561 5811 post
2610 5744 2913 5799 dictionem
2952 5744 3191 5813 scribat;
3245 5744 3424 5803 sermo
3472 5762 3601 5801 vero
3648 5747 3733 5799 Dei

2162 5814 2321 5869 simul
2350 5815 2758 5883 comprehendit
2776 5817 2977 5874 omnia.
3010 5818 3077 5875 Et
3102 5819 3221 5875 ideo
3242 5819 3289 5874 si
3313 5819 3431 5889 quis
3455 5829 3563 5875 tam
3587 5818 3734 5874 velox
