3970 6368
482 355 587 412 719

940 341 1141 399 BED/E
1182 337 1631 396 VENEBABILIS
1670 336 1820 392 OPP.
1863 335 2035 393 PARS
2074 334 2137 391 ll.
2178 331 2368 389 SECT.
2409 329 2473 387 Il.
2516 357 2586 372 --
2629 327 2832 385 DUBIA
2875 326 2960 383 [ΞΓ
3002 327 3269 385 SPURIA.

3636 328 3734 385 720

478 470 619 523 enim
660 471 714 519 et
756 460 969 528 dignius
1019 459 1248 511 humana
1302 464 1488 528 natura
1520 454 1771 528 _Yerhu_m
1818 462 1939 517 est;
1989 464 2063 519 tu,
2091 454 2143 517 Α
2172 452 2273 506 lus.
2325 450 2616 528 Percussus
2636 457 2730 528 _est
2756 448 3159 528 crudelissimus
3175 452 3545 528 persecutor,
3578 457 3738 528 etre-

481 540 622 599 tlico,
670 524 1013 605 potentissime
1072 529 1125 581 in
1161 528 1252 580 illo
1280 526 1495 605 gladioa
1520 524 1671 580 Unde
1702 524 2007 605 dictumest
2043 540 2055 605 ξ

485 608 548 661 Ει
576 594 681 661 eral
707 604 913 669 loquens
960 615 1060 652 non
1090 594 1351 669 tanquam;
1378 596 1555 649 scriba:
1598 594 1935 669 et_pharisaai,
1971 594 2061 669 sed

482 691 722 745 tanquam
748 665 1061 745 potestatem
1078 668 1297 745 habens._
1331 667 1509 745 Potest
1539 675 1590 720 et
1617 666 1770 745 aliter
1796 665 2059 745 construi,

485 757 541 803 ut
569 736 647 801 sic
671 736 911 799 dicatur:
941 740 1216 808 Accingere
1247 738 1422 809 gladio
1452 746 1537 789 tuo
1557 779 1571 802 ,
1607 745 1683 799 tu,
1714 736 1857 801 dico,
1883 743 2060 803 poten-

485 819 671 873 tissime
698 829 848 881 super
871 816 1035 883 femur
1070 820 1231 871 tuttm,
1262 809 1432 883 idest,
1463 822 1621 875 super
1650 820 1865 883 carnem
1894 818 2060 883 tuam.

486 888 669 943 Nullus
692 877 831 939 enim
855 877 961 937 tam
990 890 1178 949 potens
1198 889 1281 933 est
1310 880 1360 931 in
1384 893 1563 940 carne,
1592 891 1749 949 quem
1772 877 2060 949 aliquando

486 959 591 1013 Eva
623 970 715 1010 sua
761 968 867 1009 non
896 947 1147 1019 decipiat.
1203 951 1536 1018 Quapropter
1586 948 1730 1019 solus
1781 947 1874 1019 ille
1903 962 2063 1019 super

486 1041 700 1085 carnem
730 1017 1130 1093 potentissimus
1160 1020 1255 1074 fuit
1302 1017 1459 1093 quem
1503 1017 1643 1072 nulla
1676 1017 1908 1093 carnalis
1941 1018 2059 1071 ille-

488 1099 645 1154 cebra
688 1089 931 1151 retinuit.
982 1092 1134 1157 Quod
1167 1100 1343 1145 autem
1394 1089 1584 1155 femur,
1633 1089 1773 1157 quod
1807 1103 1927 1156 pars
1958 1095 2061 1151 est,

488 1168 779 1237 accipiatur
808 1178 902 1234 pro
925 1162 1153 1217 humana
1179 1176 1359 1223 carne,
1405 1159 1698 1237 auctoritas
1738 1168 1819 1213 est
1841 1174 1944 1237 qua
1976 1160 2059 1237 tli—

484 1229 663 1294 citur:
714 1229 838 1291 Non
864 1238 1121 1304 auferetur
1166 1244 1439 1304 sceptrum_
1465 1232 1527 1283 de
1553 1229 1716 1296 Juda,
1772 1239 1819 1282 et
1866 1229 1973 1283 dua:
2004 1232 2066 1283 de

488 1314 700 1381 femore,
730 1307 911 1381 id_e_st,
936 1302 1015 1359 de
1038 1318 1198 1381 carne
1221 1302 1636 1381 e_jns.h_Sanctus
1674 1315 1885 1381 tutoque
1913 1310 2064 1381 pater

489 1372 756 1436 'Abraham
786 1376 889 1431 fide
919 1385 1108 1430 tenens
1151 1374 1202 1429 in
1233 1372 1529 1427 humilitate
1560 1372 1779 1426 seminis
1802 1373 2064 1440 magnitu-

488 1452 669 1506 dinem
701 1448 951 1510 nominis,
1006 1461 1105 1499 nec
1135 1459 1388 1499 reverens
1416 1443 1817 1512 turpitudinem,
1848 1442 1941 1495 sed
1966 1456 2061 1496 co-

493 1532 768 1593 gnoscens
789 1518 1091 1579 veritatem,
1136 1516 1299 1593 jussit
1328 1530 1539 1593 servum
1582 1528 1924 1593 suuminanu
1954 1528 2063 1593 p_o-

490 1584 591 1647 sita
620 1592 719 1645 sub
746 1588 969 1651 femore,
999 1584 1151 1656 quasi
1176 1600 1334 1655 super
1366 1584 1709 1654 Evangelium
1746 1585 1950 1656 jurare,
1983 1584 2065 1637 in-

491 1662 733 1731 telligens
755 1674 850 1729 per
881 1655 1053 1712 femur
1083 1657 1229 1710 illum
1257 1657 1325 1710 de
1354 1657 1557 1731 semine
1594 1670 1691 1731 suo
1734 1655 2064 1709 nasciturum

496 1726 807 1796 carnaliter,
834 1732 886 1783 in
912 1744 1018 1798 quo
1048 1742 1233 1781 omnes
1257 1738 1444 1795 gentes
1480 1726 1941 1780 benedicerentur.

2167 521 2396 577 surrexit
2431 521 2772 575 fidelissimus
2804 521 3141 585 praedicator.
3175 521 3267 575 llis
3292 534 3505 588 quoque
3534 521 3737 585 sagittis

2162 595 2532 664 percutiuntur
2572 605 2760 664 omnes
2785 592 2858 646 illi
2894 592 2983 661 qui
3012 592 3080 646 de
3112 591 3341 646 inimicis
3366 590 3566 646 Christi
3613 592 3737 664 fiunt

2165 660 2344 718 amici.
2381 663 2621 734 Sagittae,
2658 660 3025 734 inquam,tua:
3052 673 3210 718 erunt
3232 671 3415 726 acutae,
3449 660 3737 734 etperhss

2163 736 2381 802 sagittas
2406 732 2585 803 populi
2614 732 2849 799 percussi
2872 734 3065 789 cadent
3094 750 3198 787 non
3224 749 3252 787 a
3278 743 3331 787 te
3354 775 3369 800 ,
3429 732 3524 786 sed
3554 732 3642 783 sub
3670 742 3732 803 te,

2171 806 2383 858 scilicet
2408 802 2475 857 ut
2506 814 2557 859 te
2586 804 2687 858 sibi
2719 804 2969 872 subdant,
3000 814 3053 860 et
3078 806 3178 859 hoc
3204 804 3257 859 in
3279 803 3469 859 corde.
3503 803 3557 855 ln
3590 802 3738 857 corde

2163 876 2307 930 enim
2338 884 2635 931 erexerunt
2669 888 2728 929 se
2753 888 2937 929 contra
2970 885 3027 945 te
3056 917 3071 942 ,
3112 884 3167 930 et
3202 875 3255 929 in
3297 875 3462 929 corde
3491 874 3738 945 humiliati

2165 947 2498 1001 cadentante
2522 956 2593 1009 te,
2644 955 2697 1000 et
2742 960 2845 999 non
2897 944 3297 1016 in'quocunque
3344 945 3532 1009 corde,
3578 944 3666 1016 sed
3693 946 3738 997 in

2166 1018 2320 1070 corde
2350 1018 2441 1072 illo
2458 1017 2599 1085 quod
2622 1026 2736 1070 erat
2759 1014 3079 1071 inimicorum
3106 1014 3260 1087 regis,
3286 1018 3504 1079 cadent,
3527 1014 3738 1087 scilicet,

2166 1098 2224 1141 ιιι
2254 1088 2381 1142 fiant
2410 1089 2699 1142 amicorum
2727 1090 2891 1156 regis,
2918 1098 2972 1142 et
2997 1090 3073 1143 sic
3104 1086 3300 1142 inimici
3330 1088 3439 1142 sint
3464 1086 3642 1140 amici.

2238 1159 2399 1213 Sedes
2438 1170 2523 1212 tua
2551 1158 2709 1211 Deus.
2743 1159 2873 1224 Quia
2905 1160 3103 1229 sagitta:
3127 1168 3228 1212 tute
3256 1168 3415 1214 erunt
3455 1166 3619 1211 acuta’
3640 1198 3653 1221 ,
3694 1163 3743 1213 et

2166 1231 2344 1299 pepuli
2388 1232 2568 1283 cadent
2600 1231 2691 1282 sub
2721 1237 2788 1294 te,
2825 1230 2945 1284 ideo
2972 1231 3116 1283 sedes
3148 1240 3237 1283 tua
3264 1272 3276 1293 ,
3309 1229 3361 1284 id
3390 1238 3497 1293 est,
3533 1242 3739 1297 regnum

2166 1310 2315 1354 tuum
2342 1301 2443 1355 erit
2472 1317 2576 1354 non
2608 1302 2904 1367 temporale
2926 1341 2941 1363 ,
2984 1302 3123 1354 sicut
3150 1300 3458 1355 Iudaeorum
3490 1314 3735 1367 regnum;

2165 1370 2375 1427 sedebit
2405 1385 2569 1440 usque
2592 1372 2645 1423 in
2673 1370 2920 1424 swculum
2947 1372 3345 1425 subsecutivum
3370 1370 3531 1439 hujus
3557 1370 3736 1433 statuti,

2166 1443 2217 1495 id
2245 1450 2359 1505 est,
2392 1446 2493 1495 erit
2518 1443 2791 1496 :eternale.
2828 1443 2891 1495 Et
2923 1442 3022 1495 hoc
3050 1443 3171 1496 ideo
3198 1482 3213 1504 ,
3265 1443 3387 1511 quia
3417 1451 3475 1495 tu
3506 1454 3567 1495 es
3596 1440 3738 1495 Deus.

2169 1512 2287 1567 Non
2313 1514 2457 1567 enim
2488 1512 2739 1567 convenit
2769 1512 2968 1576 Deum,
3021 1513 3113 1579 qui
3140 1521 3377 1567 aeternus
3408 1521 3514 1577 est,
3548 1522 3742 1579 tempo-

2171 1583 2341 1637 ralem
2370 1583 2554 1638 sedem
2587 1583 2804 1637 habere.
2840 1584 2917 1638 De
2948 1585 3047 1637 hac
3073 1584 3203 1639 sede
3227 1583 3423 1638 dicitur
3455 1602 3466 1635 :
3499 1582 3649 1635 Dabit
3676 1583 3743 1635 illi

2169 1652 2423 1709 Dominus
2448 1654 2611 1707 David
2639 1652 2813 1707 Patris
2839 1656 2918 1707 sui
2940 1656 3129 1721 sedem,
3159 1665 3208 1708 et
3238 1655 3471 1724 regnabit
3511 1654 3565 1706 in
3607 1654 3744 1706 domo

2170 1724 2334 1779 Jacob
2360 1726 2411 1777 in
2438 1735 2707 1797 aeternum,
2736 1726 2955 1797 etregni
2984 1726 3095 1797 ejus
3125 1743 3229 1780 non
3254 1728 3350 1780 erit
3378 1724 3747 1791 ﬁnis.Vocntur

568 1803 747 1888 Specie
765 1794 864 1888 tua
893 1794 945 1853 ei
960 1794 1356 1879 pulchritudine.
1394 1798 1687 1878 Accingere,
1737 1804 1969 1888 inquam,
2011 1805 2067 1852 et
2101 1827 2147 1888 Β
2178 1806 2355 1888 autem
2388 1796 2543 1888 sedes
2572 1796 2689 1865 ejus
2706 1796 2909 1888 [animus
2935 1794 3224 1888 jtistorum,
3260 1797 3311 1851 in
3343 1797 3542 1877 quibus
3574 1808 3745 1863 regna-

492 1869 694 1927 intende
717 1912 732 1937 ,
764 1870 817 1924 id
845 1880 944 1933 est,
981 1869 1221 1923 intensus
1251 1876 1365 1921 esto
1395 1869 1445 1921 in
1474 1869 1637 1934 specie
1666 1878 1752 1920 tua
1773 1869 2066 1921 secundum

494 1943 871 2006 divinitatem;
918 1950 964 1993 et
1021 1938 1398 2008 pulchritudine
1443 1938 1735 1992 secundum
1777 1939 2073 1992 humanita-

494 2024 601 2070 tem
633 2027 661 2066 a
705 2020 921 2080 peccato
951 2011 1237 2063 immunem
1266 2048 1280 2072 ,
1339 2009 1577 2074 scilicet,
1625 2024 1693 2063 ne
1715 2009 1789 2063 sis
1819 2010 2074 2063 remissus

496 2098 673 2153 neque
702 2082 948 2153 manibus
978 2080 1252 2153 dissolutis
1272 2080 1411 2153 sicut
1429 2080 1599 2153 Adam
1621 2080 1735 2153 fuit,
1754 2080 1811 2153 in
1832 2094 1925 2132 sua
1957 2080 2075 2146 pul-

493 2150 819 2218 chritudine,
850 2152 901 2205 id
926 2161 1029 2216 est,
1060 2150 1392 2219 plenitudine
1424 2150 1633 2204 virtutis
1662 2150 1761 2204 sibi
1792 2164 2073 2216 concessa,

495 2237 549 2283 et
576 2226 696 2281 ideo
717 2224 891 2278 amisit
918 2238 1057 2278 eam.
1108 2223 1174 2274 Et
1202 2223 1417 2289 procede
1442 2221 1510 2276 de
1533 2220 1726 2274 virtute
1756 2222 1803 2273 in
1826 2222 2079 2274 virtutem

496 2312 602 2353 non
648 2296 911 2358 adverse,
964 2293 1057 2349 sed
1083 2308 1341 2363 prospere.
1378 2292 1548 2345 Adam
1599 2295 1742 2347 enim
1794 2293 2077 2363 processit,

496 2368 710 2436 quando
753 2379 969 2420 manum
1014 2364 1081 2436 ad
1127 2361 1342 2432 pomum
1388 2364 1627 2431 porrexit
1653 2370 1772 2436 ,Aet
1811 2361 1951 2416 Deus
1980 2363 2082 2436 sibi

492 2433 610 2494 fieri
640 2437 838 2501 voluit;
889 2436 983 2491 sed
1020 2434 1244 2489 adverse
1276 2436 1565 2503 processit,
1609 2434 1735 2504 quia
1764 2448 1891 2486 cum
1924 2433 2082 2488 vellet

494 2524 617 2566 esse
679 2508 966 2572 dominus,
1045 2505 1215 2559 factus
1264 2514 1345 2559 est
1392 2519 1597 2559 servus.
1669 2505 1911 2559 Christus
1953 2518 2082 2558 vero

494 2580 797 2651 processit,
846 2578 969 2647 quia
999 2584 1153 2651 natus
1174 2584 1276 2651 est,
1300 2577 1490 2642 crevit,
1520 2575 1720 2651 docuit,
1751 2588 1942 2651 passus
1974 2583 2077 2651 est,

499 2644 817 2713 resurrexit,
844 2644 1120 2712 ascendit,
1157 2646 1362 2715 positus
1387 2654 1470 2700 est
1495 2661 1525 2699 a
1550 2645 1739 2701 dextra
1768 2644 1859 2700 Dei
1882 2645 2085 2700 Patris.

494 2721 555 2775 ln
590 2734 703 2795 quo
744 2732 998 2795 processu
1029 2732 1218 2795 magna
1266 2717 1769 2795 prosperitasfuit,
1822 2718 1945 2783 quia
1987 2730 2083 2795 pro

497 2788 1161 2851 mortalitateimmortalis
1182 2827 1199 2853 ,
1249 2804 1345 2857 pro
1375 2788 1721 2856 corruptione
1751 2788 2081 2855 incorrupti-

497 2861 618 2916 bilis
648 2860 815 2914 factus
840 2866 941 2914 est.

581 2931 776 3002 Regna.
828 2929 989 2998 Quasi
1034 2930 1223 3002 dicat:
1258 2929 1546 2985 Debellatis
1590 2929 1643 2984 in
1687 2936 1779 3002 tuo
1826 2943 2084 3002 processu

498 3000 739 3057 hostibus
765 3043 782 3069 ,
841 3016 1063 3071 regnum
1093 3001 1161 3054 ab
1208 3002 1287 3055 eis
1319 3016 1599 3069 pervasum
1632 3000 1854 3069 recipe;
1913 3010 1968 3055 et
2007 3001 2084 3055 sic

498 3090 675 3147 regna,
709 3072 763 3127 id
788 3081 902 3139 est,
935 3072 1047 3126 liex
1076 3080 1193 3147 esto
1221 3072 1435 3140 ubique.
1484 3072 1552 3126 Et
1582 3073 1894 3147 iustumnest
1935 3080 2081 3147 ιιι-ιιι

496 3140 714 3215 regnes,
765 3152 973 3213 propter
996 3142 1258 3196 veritatem
1284 3158 1313 3196 a
1343 3152 1396 3197 te
1423 3152 1479 3197 et
1505 3156 1537 3197 a
1568 3144 1673 3215 tuis
1702 3140 1756 3195 in
1786 3141 2079 3215 Evangelio

497 3212 886 3279 annuntiatam,
938 3222 995 3268 et
1035 3222 1250 3281 propter
1281 3212 1717 3268 mansuetudinem
1768 3221 1823 3266 et
1874 3214 2079 3282 patien-

499 3288 627 3343 tiam
656 3301 688 3340 a
734 3293 785 3340 te
813 3295 868 3339 et
895 3299 925 3338 a
955 3284 1058 3339 tuis
1106 3284 1160 3338 in
1204 3284 1545 3340 tribulatione
1580 3283 1897 3341 exhibitatn.
1950 3288 2080 3350 Quae

499 3360 643 3414 enim
672 3358 842 3426 major
872 3356 1125 3425 patientia
1153 3394 1170 3421 ,
1226 3370 1383 3423 quam
1425 3357 1567 3424 quod
1596 3351 1986 3426 ipseACliristus
2028 3356 2081 3409 in

502 3423 884 3500 passione'pro'
902 3427 1130 3500 inimicis
1155 3428 1357 3500 oravit,
1390 3423 1538 3500 etgad
1564 3423 1987 3500 maledicendum
2020 3438 2082 3479 os

504 3495 662 3555 suum
693 3512 801 3553 non
824 3500 1035 3567 aperuit
1061 3496 1244 3561 etiam,
1274 3498 1423 3566 juxta
1450 3497 1620 3551 istud:
1642 3495 1789 3549 Sicut
1819 3497 1943 3561 oris,
1975 3504 2081 3551 etc.

504 3571 808 3639 Stephanus
850 3583 1062 3637 quoque
1104 3583 1199 3636 pro
1240 3568 1803 3639 lapidantibusoravit
1850 3567 2077 3639 dicens:

505 3637 745 3702 Domine,
764 3654 827 3692 ne
852 3647 1043 3703 statuas
1063 3640 1134 3692 eis
1158 3640 1250 3690 hoc
1277 3648 1559 3708 peccatum.
1578 3637 1836 3694 Similiter
1859 3637 1945 3691 alii
1966 3641 2083 3705 plu-

505 3724 615 3767 res.
667 3710 816 3764 Uude
845 3709 1046 3764 dictum
1072 3718 1153 3762 est
1184 3724 1199 3761 :
1229 3708 1451 3777 Propter
1479 3708 1919 3762 mansuetudinem
1944 3718 2085 3763 tuam

506 3795 560 3837 et
588 3791 799 3835 tuorum
820 3819 836 3843 ,
865 3788 920 3833 et
948 3787 1161 3848 propter
1176 3780 1431 3848 justitiam
1476 3780 1583 3848 jam
1613 3779 1803 3847 partim
1827 3793 1857 3831 a
1890 3787 1939 3832 te
1970 3790 2023 3832 et
2051 3795 2083 3835 a

507 3853 614 3907 tuis
642 3850 935 3906 exhibitam
956 3890 972 3915 ,
1007 3850 1194 3917 partim
1237 3850 1612 3904 exhibendam.
1666 3848 1875 3901 Justitia
1904 3852 2084 3917 sequi-

507 3931 591 3977 tur
599 3920 879 3991 judicium,
895 3920 1045 3991 juxta
1065 3920 1193 3973 illud
1210 3934 1224 3971 :
1241 3918 1547 3988 Exspectavi
1563 3929 1615 3971 ut
1628 3923 1812 3991 faceret
1824 3921 2084 3991 judicium

507 4002 554 4048 et
573 3989 850 4064 justitiam.
881 3990 1144 4064 {udicium
1174 3994 1315 4044 enim
1332 4000 1628 4064 _est,_quae
1659 3989 1932 4064 probanda
1959 4001 2084 4045 sunt

509 4060 589 4118 ab'
606 4062 971 4133 improbandis
1000 4075 1251 4129 separare
1271 4101 1287 4126 ,
1326 4060 1533 4130 justitia
1562 4075 1685 4114 vero
1710 4067 1794 4133 est
1820 4061 1935 4133 ipsa
1964 4070 2084 4128 post

504 4130 899 4205 separationem
949 4133 1209 4200 implere,
1264 4133 1353 4186 illa
1402 4134 1667 4205 omittere.
1709 4130 1784 4205 _Et
1826 4131 2081 4205 Dominus

507 4200 648 4261 inier
692 4205 931 4259 homines
973 4212 1355 4267 conversatus,
1409 4202 1536 4272 quid
1581 4200 1726 4254 aliud
1767 4202 1875 4270 egit
1923 4217 2079 4269 quam

507 4277 652 4346 quod
704 4285 763 4346 et
802 4273 1077 4346 justitiam
1106 4273 1245 4346 dixit
1269 4284 1391 4346 ,“et
1430 4271 1910 4346 justitiatn__l'ecit?
1943 4273 2079 4338 Quid

508 4341 672 4402 etiam
702 4341 845 4399 aliud
882 4343 1007 4397 sui?
1040 4342 1233 4411 Utique
1260 4343 1414 4399 nihil.
1462 4343 1639 4398 Faciet
1664 4341 1837 4396 adhuc
1869 4358 2081 4412 quoque

507 4417 803 4487 justitiam,
854 4413 1065 4487 quando
1090 4428 1217 4487 oves
1240 4414 1307 4469 ab
1332 4414 1496 4487 htedis
1527 4416 1828 4487 separabit,
1870 4424 2077 4487 etioves

513 4484 724 4558 poneta
746 4484 969 4558 dextris,
994 4484 1173 4539 hmdos
1195 4495 1373 4558 autem
1396 4499 1427 4537 a
1448 4484 1697 4558 sinistris.
1723 4488 1891 4558 Quam
1920 4486 2076 4551 justi-

2180 1867 2257 1921 bit
2302 1866 2650 1922 aiternaliter.
2706 1867 2769 1920 Et
2819 1869 3013 1922 merito
3053 1868 3211 1922 sedes
3258 1875 3346 1921 tua
3388 1867 3497 1921 erit
3542 1876 3745 1928 aeterna,

2181 1938 2301 2007 quia
2332 1938 2475 2009 virga
2497 1937 2639 2009 regni
2668 1938 2762 2001 tui,
2810 1937 2861 2009 id
2890 1948 2991 2002 est,
3044 1939 3303 2009 regimen,
3347 1947 3432 1992 est
3461 1937 3604 2009 virga
3633 1937 3748 1988 dire-

2181 1996 2383 2062 étionis.
2410 1996 2577 2077 Virga
2602 1996 2760 2077 regni
2775 2007 2892 2076 ejus
2916 1996 2996 2063 est
3017 1996 3132 2075 illa:
3161 2009 3229 2064 de
3252 1996 3355 2077 qua
3380 2008 3511 2061 alibi
3532 1996 3744 2060 dicitur:

2187 2078 2350 2151 Reges
2372 2095 2455 2133 eos
2482 2080 2533 2132 in
2556 2080 2700 2150 virga
2729 2081 2915 2148 ferrea,
2950 2080 3001 2133 id
3028 2090 3130 2145 est,
3158 2077 3499 2151 irreflexibili
3526 2077 3749 2151 justitia,

2187 2147 2290 2219 qua
2317 2151 2431 2219 ipse
2460 2147 3001 2219 quosdam’conterit,
3027 2151 3283 2219 quosdam
3328 2150 3485 2220 regit.
3514 2147 3749 2220 Carnales

2182 2221 2399 2289 quidem
2439 2220 2708 2288 conterit,
2762 2221 3061 2290 spirituales
3083 2236 3211 2276 vero
3237 2219 3408 2287 regit.
3448 2221 3582 2287 Quae
3622 2219 3750 2287 virga

2185 2300 2269 2345 est
2296 2292 2436 2362 virga
2472 2293 2783 2357 directionis,
2820 2294 2939 2361 quia
2971 2294 3212 2347 homines
3242 2295 3389 2361 prius
3408 2291 3559 2346 curvi
3586 2301 3637 2345 et
3659 2292 3749 2343 dis-

2186 2362 2331 2425 torti,
2385 2363 2623 2429 scilicet,
2655 2379 2714 2419 se
2742 2374 3004 2428 amantes,
3039 2364 3138 2417 sibi
3184 2378 3411 2431 regnare
3452 2364 3747 2431 cupientes,

2187 2433 2516 2488 voluntatem
2547 2450 2698 2489 suam
2730 2434 2955 2491 subdere
2988 2435 3095 2489 Deo
3119 2435 3379 2500 nolentes,
3414 2434 3513 2487 sed
3542 2435 3655 2502 ejus
3675 2446 3750 2485 vo-

2186 2503 2442 2559 luntatem
2500 2515 2734 2568 rectam,
2769 2506 3056 2560 secundam
3098 2522 3247 2560 suam
3296 2519 3521 2575 pravam
3579 2507 3751 2558 distor-

2187 2590 2350 2644 quere
2403 2575 2666 2642 nitentes,
2700 2575 2853 2643 illos,
2903 2575 3114 2644 inquam
3136 2619 3150 2643 ,
3184 2577 3396 2645 dirigit,
3429 2576 3666 2641 scilicet,
3707 2581 3749 2625 ul

2184 2645 2292 2717 jam
2324 2661 2430 2717 non
2452 2661 2623 2709 suam,
2652 2648 2746 2701 sed
2778 2647 2869 2717 Dei
2899 2649 3225 2701 voluntatem
3246 2648 3487 2717 diligant.

2244 2716 2478 2772 Dileau'sti
2489 2716 2913 2789 justitiam.\lere
2933 2718 3075 2787 virga
3090 2729 3176 2770 tua
3193 2715 3429 2787 estuirga
3452 2715 3751 2789 directionis,

2188 2790 2313 2857 quia
2344 2796 2401 2842 tu
2449 2786 2676 2842 dilexisti
2720 2803 2934 2842 omnem
2978 2786 3254 2859 justitiam.
3286 2786 3438 2855 Quod
3473 2788 3659 2859 probat
3698 2786 3751 2839 ab

2190 2859 2476 2931 opposito,
2528 2860 2769 2931 scilicet,
2822 2860 2951 2931 quia
2979 2857 3135 2913 odisti
3162 2862 3505 2931 iniquitatem.
3563 2857 3751 2931 Gratias

2191 2928 2323 2995 Deo,
2377 2930 2499 2999 quia
2526 2930 2640 2985 odit
2666 2927 3037 2999 iniquitatem,
3088 2945 3192 2986 non
3224 2927 3320 2985 nos
3344 2972 3359 2995 ,
3420 2930 3472 2983 id
3503 2940 3586 2984 εει
3612 2968 3627 2994 ,
3657 2927 3753 2980 odit

2191 2975 3192 3071 cuip'anif'BJii'iié'iiiiiiiféhipédi"
3212 2975 3472 3056 ιῖἷὶὸυἰὲ
3496 2975 3644 3053 ιῖὀὶεἰ
3662 2975 3753 3051 iiii

2194 3085 2388 3124 nomen
2419 3070 2661 3140 Iniquus,
2707 3074 2858 3125 homo
2888 3086 3016 3126 vero
3045 3070 3310 3127 naturam.
3345 3073 3410 3126 Et
3438 3072 3649 3138 culpam
3674 3082 3754 3140 nos

2196 3140 2439 3208 fecimus,
2468 3138 2583 3210 ipse
2612 3138 2738 3198 vero
2766 3150 3030 3199 naturam.
3072 3146 3180 3198 Nec
3207 3144 3321 3198 odit
3351 3146 3405 3197 in
3439 3142 3593 3197 nobis
3631 3138 3751 3209 quod

2115 3186 2162 3250 C
2192 3186 2306 3280 ιῦξε
2335 3186 3753 3282 ιέἑῖιζὲἶιὶιῖἶῇἁὶι“’;“ὶῖἒῖἑτὲἐῑε”οἷιῖἱιὲιίἱὶιξῖῶἷιιιῗεῖεξ

2184 3279 2316 3336 nihil
2338 3284 2490 3336 odisti
2503 3279 2693 3337 eorum
2719 3299 2835 3353 quae
2866 3287 3064 3352 fecisti,
3097 3288 3189 3339 sed
3211 3284 3328 3339 odit
3355 3286 3408 3338 in
3430 3279 3599 3338 nobis
3629 3279 3753 3351 quod

2186 3369 2285 3408 nos
2314 3353 2563 3424 fecimus,
2597 3355 2652 3409 id
2697 3363 2814 3425 est,
2859 3367 3159 3425 peccatum.
3210 3357 3470 3410 Odiamus
3521 3356 3691 3422 itaque
3712 3361 3754 3405 et

2186 3439 2283 3479 nos
2312 3426 2454 3493 quod
2486 3425 2538 3479 in
2568 3426 2720 3480 nobis
2749 3424 3004 3492 fecimus,
3029 3436 3084 3481 et
3111 3427 3189 3481 sic
3218 3428 3374 3481 amici
3402 3427 3521 3496 ejus
3547 3426 3754 3496 erimus,

2184 3496 2309 3564 quia
2335 3496 2379 3548 si
2424 3497 2567 3564 quod
2598 3499 2713 3565 ipse
2736 3497 2849 3551 odit
2873 3497 3001 3550 odio
3028 3497 3284 3551 habemus
3308 3538 3324 3563 ,
3377 3493 3504 3551 tunc
3534 3505 3589 3550 et
3634 3493 3754 3565 quod

2186 3568 2299 3637 ipse
2321 3566 2493 3635 diligit
2514 3564 2928 3637 nos’diligimus.
2953 3568 3233 3633 Quomodo
3259 3578 3439 3622 autem
3470 3568 3647 3621 odisse
3673 3564 3753 3617 de-

2186 3636 2395 3691 bemus.
2445 3636 2762 3705 Puniendo,
2817 3639 3043 3703 scilicet,
3093 3641 3214 3708 quia
3249 3639 3456 3692 nullum
3498 3646 3753 3706 peccatum

2186 3708 2291 3761 erit
2318 3708 2654 3775 impunitum.
2706 3710 2811 3762 Aut
2848 3708 2990 3763 enim
3027 3720 3079 3763 tu
3116 3710 3336 3776 punies,
3381 3719 3473 3763 aut
3521 3710 3635 3776 ipse
3662 3721 3755 3775 pu-

2186 3779 2316 3833 niet.
2350 3780 2405 3832 Si
2434 3789 2611 3833 autem
2643 3788 2696 3832 tu
2726 3780 3008 3849 cognoscis
3032 3822 3046 3845 ,
3099 3779 3213 3847 ipse
3251 3781 3515 3849 ignoscet.
3558 3778 3755 3831 Praeve-

2187 3849 2395 3902 niamus
2424 3864 2552 3919 ergo
2576 3864 2698 3905 eum
2729 3850 2994 3918 puniendo
3043 3861 3318 3918 peccatum
3351 3865 3493 3905 nunc
3516 3849 3718 3903 interim
3738 3884 3751 3908 ,

2186 3933 2306 3973 cum
2337 3920 2511 3974 adhuc
2536 3922 2706 3988 patcit
2730 3962 2744 3986 ,
2798 3924 2917 3989 quia
2946 3920 3119 3974 adhuc
3150 3921 3423 3976 minitatur
3448 3936 3597 3981 arcu,
3628 3933 3750 3972 non-

2186 3990 2311 4043 dum
2356 3990 2587 4059 gladium
2635 3991 2827 4045 vibrat.
2885 3992 2947 4043 Et
2985 3992 3322 4045 advertamus
3365 4001 3661 4060 peccatum,
3707 3995 3757 4040 ut

2186 4062 2353 4115 simus
2411 4076 2532 4114 cum
2582 4061 2674 4114 illo
2730 4062 2819 4129 qui
2875 4061 3001 4114 dicit
3056 4080 3069 4113 :
3133 4063 3387 4124 Quoniam
3449 4063 3753 4131 iniquitatem

2184 4146 2371 4197 meum,
2404 4142 2533 4196 etc.,
2565 4130 2685 4200 quia
2717 4138 2759 4185 si
2794 4145 2889 4185 nos
2917 4131 3245 4185 advertimus
3273 4174 3288 4197 ,
3339 4144 3466 4187 tunc
3498 4130 3636 4185 Deus
3662 4143 3754 4183 non

2187 4202 2453 4265 advertet;
2488 4205 2530 4256 si
2566 4217 2689 4256 vero
2731 4216 2827 4255 nos
2858 4216 2963 4255 non
2992 4203 3342 4271 advertimus,
3376 4214 3504 4258 tunc
3536 4204 3647 4271 ipse
3670 4201 3755 4254 ad-

2187 4282 2375 4346 vertet
2410 4284 2464 4326 et
2516 4272 3043 4346 puniet._Dilea:isti,
3085 4274 3300 4342 inquam
3324 4314 3342 4339 ,
3381 4274 3677 4346 justitiam,
3715 4278 3758 4324 et

2143 4408 2152 4421 ν
2186 4345 2338 4421 ραίειὶ
2359 4343 2697 4421 iniquitatem.
2732 4344 2796 4421 Et
2826 4352 2883 4397 ut
2914 4355 2966 4398 tu
2987 4344 3112 4421 haec
3140 4343 3432 4421 l'aceres,'o
3464 4348 3603 4421 Deus
3634 4343 3754 4397 Ver-

2185 4412 2334 4477 bum,
2370 4415 2506 4484 lJeus
2537 4424 2651 4467 tuus
2679 4453 2693 4478 ,
2742 4414 2793 4469 id
2816 4421 2934 4480 est,
2987 4414 3128 4469 Deus
3159 4414 3315 4469 Pater
3350 4416 3499 4469 unxit
3528 4426 3575 4469 te
3603 4428 3757 4484 quan-

2118 4496 2144 4553 ρ
2186 4492 2296 4537 tum
2326 4483 2391 4536 ad
2425 4486 2735 4553 prophetam
2762 4502 2775 4549 ;
2831 4493 3089 4553 quantum
3115 4500 3245 4540 vero
3270 4486 3337 4539 ad
3364 4501 3553 4541 vocem
3578 4483 3754 4547 Patris,

513 4549 642 4613 iiam
670 4556 866 4633 facient
886 4556 1057 4633 etiam
1088 4563 1141 4609 et
1185 4556 1268 4633 sui
1294 4594 1309 4619 ,
1361 4569 1466 4608 non
1497 4555 1776 4633 quodipsi
1805 4568 1897 4633 eos
1922 4549 2079 4623 sepa-
2106 4549 2159 4608 D
2188 4553 2258 4633 ita
2280 4549 2485 4633 dicetur
2517 4549 2537 4606 Ξ
2561 4555 2673 4633 ligo
2696 4549 2863 4633 Pater
2883 4566 3003 4633 tu_us
3027 4556 3150 4610 unxi
3182 4566 3277 4633 te,_
3285 4557 3334 4609 id
3365 4566 3472 4633 est,
3500 4556 3687 4633 perfeci
3714 4563 3758 4607 te

513 4638 654 4695 rent,
690 4627 784 4681 sed
812 4628 933 4696 quia
960 4626 1359 4694 comparatione
1395 4640 1490 4679 sua
1519 4638 1611 4696 eos
1648 4625 1981 4696 judicabunt,
2030 4635 2086 4681 et

512 4702 591 4753 sic
615 4692 772 4753 causa
803 4692 1156 4766 separationis
1195 4707 1373 4762 erunt,
1404 4696 1553 4764 juxta
1582 4695 1733 4762 illud,
1763 4692 2082 4749 Judicabunt

512 4772 676 4824 sancti
701 4770 948 4834 nationes,
980 4777 1033 4821 et
1065 4769 1283 4837 reliqua.

586 4839 813 4893 Etdacet
842 4851 908 4895 te.
955 4838 1196 4906 Justum,
1232 4840 1477 4907 inquam,
1529 4846 1615 4893 est
1664 4842 1721 4889 ut
1766 4851 1976 4907 regnes,
2034 4845 2090 4892 et

515 4926 639 4967 vere
684 4911 949 4980 regnabis,
980 4910 1103 4977 quia
1131 4910 1339 4963 dextera
1385 4920 1491 4973 tua,
1526 4910 1577 4963 id
1620 4918 1721 4973 est,
1754 4912 1987 4975 potentia
2036 4919 2090 4963 et

515 4984 767 5037 divinitas
781 4991 868 5035 tua
881 4982 1089 5034 deducet
1109 4989 1175 5047 te,
1193 4981 1259 5034 de
1274 4982 1376 5034 illis
1391 4981 1577 5034 ovibus
1592 4980 1856 5047 prioribus
1872 4981 1936 5032 ad
1954 4981 2089 5034 alias

513 5068 642 5107 oves
671 5052 883 5107 deducet
911 5064 975 5105 te.
1022 5053 1086 5105 Et
1114 5054 1215 5106 hoc
1242 5052 1563 5116 mirabiliter,
1592 5051 1796 5105 setlicet
1821 5091 1837 5116 ,
1890 5051 2088 5105 faciens

513 5126 693 5179 divina
726 5166 741 5191 ,
774 5134 829 5177 et
857 5124 1060 5193 patiens
1089 5124 1335 5176 humana.
1376 5124 1564 5175 Divina
1592 5122 1757 5185 enim,
1786 5121 1907 5189 quia
1940 5137 2088 5175 mor-

516 5204 640 5249 tuos
664 5196 961 5260 suscitavu,
987 5208 1157 5248 caecos
1187 5193 1541 5259 illuminavit,
1592 5193 1829 5259 leprosos
1858 5194 2085 5246 curavit.

514 5263 757 5319 Humana
806 5279 992 5334 passus
1019 5273 1128 5330 est,
1181 5264 1307 5333 quia
1337 5264 1625 5317 crucifixus
1652 5270 1895 5314 mortuus
1928 5273 2009 5315 est
2036 5270 2092 5317 et

513 5336 777 5391 senultus.

577 5350 805 5475 ἒμὲὲῗιῗίε
828 5415 925 5460 tum
944 5414 1128 5459 acutte.
1158 5404 1377 5458 Deducet
1395 5413 1461 5469 te,
1486 5405 1724 5473 inquam,
1749 5402 1956 5454 dextera
1980 5411 2088 5468 tua,

516 5478 689 5533 ethoc
712 5477 869 5530 modo
895 5485 942 5530 te
964 5477 1192 5541 deducet,
1215 5477 1338 5545 quia
1366 5479 1566 5545 sagittae
1595 5485 1691 5527 tua:
1729 5481 1886 5526 erunt
1904 5483 2089 5528 acutae.

520 5549 755 5618 Sagittas
782 5556 936 5601 vocat
967 5544 1455 5615 prtecepta’divina,
1490 5544 1849 5614 principaliter
1883 5545 1950 5596 ab
1980 5546 2094 5611 ipso

519 5622 666 5683 data,
707 5627 762 5671 et
788 5633 879 5684 per
907 5620 1191 5684 ApoStolos
1221 5628 1377 5687 atque
1402 5619 1757 5685 evangelistas
1788 5625 1840 5668 et
1863 5624 2090 5670 caeteros

519 5689 757 5745 veritatis
782 5702 1055 5757 praecones
1084 5690 1264 5743 missa.
1314 5694 1443 5753 Quae
1474 5699 1679 5758 sagittae
1720 5695 1846 5739 sunt
1876 5696 2046 5739 acuta:
2074 5726 2089 5753 ,

516 5761 675 5815 corda
700 5761 905 5815 scilicet
934 5762 1319 5830 trausiigentia,
1371 5770 1425 5813 et
1454 5761 1771 5812 charitatcm
1802 5768 2085 5830 exuentia.

517 5832 610 5887 His
639 5832 844 5901 sagittis
868 5828 1152 5901 percussus
1180 5843 1260 5885 est
1288 5833 1479 5886 Saulus
1500 5872 1513 5897 ,
1547 5839 1600 5884 et
1631 5830 1923 5885 resurrexit
1956 5828 2089 5882 Pau-

2193 4624 2244 4679 in
2294 4624 2459 4695 gratia
2507 4626 2865 4694 spiritualium
2908 4626 3191 4681 donorum.
3242 4627 3348 4681 Pro
3380 4624 3757 4681 hac'uuctione

2191 4696 2531 4763 suscipienda
2563 4697 2705 4752 Deus
2731 4696 2892 4750 homo
2919 4696 3087 4752 factus
3117 4706 3220 4763 est,
3262 4699 3332 4751 ita
3367 4708 3547 4753 tamen
3586 4708 3640 4752 ut
3676 4710 3759 4749 ve-

2190 4780 2283 4819 rus
2314 4766 2454 4821 Deus
2484 4776 2740 4823 maneret.
2770 4768 2885 4822 Non
2911 4769 3052 4822 enim
3082 4768 3222 4822 Deus
3242 4772 3506 4838 qui_totus
3541 4781 3760 4838 unguen-

2194 4846 2304 4891 tum
2336 4846 2455 4891 erat
2480 4840 2601 4907 ungi
2650 4854 2742 4908 per
2770 4854 2830 4893 se
2859 4848 3085 4907 poterat.
3138 4839 3283 4893 Hanc
3334 4852 3513 4894 autem
3562 4849 3759 4894 uncuo—

2194 4923 2314 4980 nem
2352 4909 2596 4980 humanae
2647 4918 2852 4963 natura:
2902 4910 2956 4963 in
3002 4908 3215 4963 Christo
3265 4910 3631 4980 praefiguravit
3671 4922 3758 4977 ps—

2196 4979 2427 5033 triarcha
2455 4978 2644 5045 Jacob,
2691 4981 2783 5049 qui
2815 4980 3047 5048 lapidem
3067 4994 3223 5047 quem
3253 4981 3306 5034 in
3339 4978 3497 5037 nocte
3522 4982 3590 5037 ad
3618 4986 3761 5047 caput

2231 5050 2407 5115 osuit,
2462 5050 2697 5119 manein
2731 5051 2939 5104 titulum
2968 5053 3177 5119 erexit,
3227 5062 3279 5106 et
3313 5053 3495 5107 oleum
3542 5054 3759 5119 desuper

2210 5121 2330 5191 7udit
2359 5122 2543 5174 dicetis
2568 5138 2579 5171 :
2614 5118 2742 5174 Vere
2765 5123 2905 5174 locus
2932 5122 3022 5175 iste
3060 5132 3265 5179 sanctus
3289 5134 3381 5177 est.
3409 5123 3512 5179 Per
3544 5118 3759 5191 lapidem

2195 5190 2337 5245 enim
2372 5190 2601 5264 positum
2630 5191 2697 5245 ad
2738 5202 2915 5260 caput,
2951 5193 3248 5249 humanitas
3274 5194 3473 5249 Christi
3517 5190 3760 5264 designa-

2198 5272 2314 5334 t_t_ir,_
2341 5262 2431 5330 qui
2478 5261 2724 5334 Christus
2767 5271 2849 5316 est
2894 5272 3081 5331 caput,
3127 5265 3273 5333 juxta
3309 5265 3435 5318 illud
3484 5261 3755 5334 Apost'oli:

2205 5332 2322 5403 Viri
2352 5342 2501 5400 caput
2535 5332 2765 5387 Christus
2802 5343 2895 5386 est.
2937 5334 3037 5388 Per
3065 5332 3365 5389 unctionem
3399 5332 3756 5403 vero'lapidis,

2197 5402 2488 5470 Spiritualis
2528 5408 2711 5471 gratia:
2740 5405 2922 5457 unctio
2953 5405 3006 5457 in
3035 5404 3252 5460 Christo
3274 5402 3628 5473 significatur.
3668 5404 3758 5457 Per

2199 5473 2416 5542 angelos
2463 5489 2588 5527 vero
2635 5488 2768 5541 quos
2810 5474 2974 5529 Jacob
3001 5490 3162 5543 super
3210 5477 3440 5543 lapidem
3495 5478 3756 5530 inunctum

2198 5546 2545 5617 ascendentes
2569 5553 2622 5617 et
2644 5545 3213 5617 descendetitesvidit,
3247 5548 3603 5614 designantur
3634 5558 3758 5617 prte-

2198 5629 2359 5668 coues
2385 5614 2583 5669 Christi
2608 5655 2625 5681 ,
2678 5617 2835 5669 modo
2860 5615 3233 5673 ascendentes.
3263 5619 3576 5672 Asceudunt
3604 5614 3753 5675 enim,

2199 5684 2411 5759 quando
2436 5694 2712 5759 exponunt
2738 5686 2860 5759 ejus
2879 5685 3210 5743 divinitatem
3239 5730 3255 5757 ,
3287 5699 3345 5742 ut
3368 5689 3456 5743 ille
3485 5690 3577 5759 qui
3599 5689 3755 5759 dixit:

2202 5702 2411 5752 quanao
2436 5702 2712 5752 eXponunt
2738 5702 2853 5809 vos
2879 5702 3210 5743 atvmttatem
3239 5730 3255 5757 ,
3287 5702 3345 5742 ut
3368 5702 3456 5743 itte
3485 5704 3577 5759 qui
3599 5702 3718 5742 uixit
3743 5702 3755 5737 :

2202 5756 2265 5828 In
2310 5756 2561 5825 principio
2598 5767 2707 5809 erat
2787 5756 2979 5813 erbum.
3036 5760 3413 5826 Descendunt,
3464 5756 3759 5828 quandode

2200 5827 2315 5895 ejus
2346 5830 2674 5883 humanitate
2701 5828 2988 5898 loquuntur
3010 5870 3027 5897 ,
3070 5840 3127 5887 ut
3155 5832 3320 5901 idem,
3352 5825 3567 5902 quando
3592 5825 3755 5885 dixit:
