3970 6368
469 264 574 323 727

968 264 1171 321 ΒΕὒὶέΕ
1214 266 1659 327 VENERABILIS
1698 269 1847 326 OPP.
1890 269 2065 328 PARS
2103 270 2165 328 ll.
2208 272 2399 329 SECT.
2446 274 2598 330 ll.—
2628 276 2831 335 DUBIA
2867 278 2957 336 ET
2995 278 3263 337 SPURIA.

3621 290 3720 343 728

468 380 537 435 Et
565 379 965 475 destruct'igni,
999 393 1105 475 non
1127 380 1545 475 Aquoliibethsed-
1590 384 1685 475 ill?
1732 386 2048 475 quempips‘e
2075 387 2127 445 Δ
2152 386 2244 475 sed
2274 403 2426 475 super
2455 404 2657 475 omnem
2677 392 3051 475 terram._lp_se,
3076 394 3544 475 inquam,st_t_bjecit
3569 421 3727 475 ροριι.

468 449 871 521 νεηίιίηιίιιεὲε
914 451 965 504 in
997 458 1233 521 terram,
1260 462 1314 505 et
1352 453 1465 506 vult
1494 465 1550 506 ut
1577 449 1783 521 ardeai,
1816 449 2043 519 scilicet,

474 535 569 592 per
606 520 944 592 dilectionem
993 519 1087 575 Dei
1134 530 1190 576 et
1246 522 1498 591 proximi.
1524 523 1641 592 Ipse
1669 519 1787 579 dico
1816 526 1997 580 dicens
2029 544 2042 579 :

480 589 691 663 Vacate,
717 590 766 644 id
795 599 898 663 est,
935 601 1155 663 vacuate
1182 589 1277 647 vos
1310 594 1471 657 vitiis,
1505 589 1646 650 unde
1677 597 1817 663 pleni
1860 600 2043 662 eratis,

469 669 526 716 ut
550 660 875 736 itnplcaniini
903 662 1212 736 virtutibus,
1239 664 1309 736 Et
1336 666 1514 736 ridete,
1540 667 1589 719 id
1611 660 1711 731 est,
1737 660 2044 736 cognoscite

467 746 557 787 me
586 745 704 785 esse
738 731 1131 806 Deum._Quod
1182 733 1387 806 debetis
1441 750 1781 806 cognoscere,
1804 731 2044 806 quoniam

466 818 558 875 ego
580 816 765 875 revera
788 817 908 875 sum
934 801 1096 875 Deus,
1128 805 1217 871 qui
1244 801 1555 871 exsultabas,
1581 807 1631 861 id
1652 801 2045 875 est,vgiorilica-

469 873 567 927 bor
596 872 645 924 in
682 872 828 925 vobis
857 873 1108 941 gentibus.
1140 874 1209 927 Et
1237 878 1446 929 tandem
1472 876 1629 931 etiam
1680 872 1943 931 exaltabor
1989 882 2043 935 in

466 952 600 1017 terra
621 942 835 1017 Ju_daica
851 982 887 1017 ,_
894 945 1013 1011 quia
1036 945 1103 1017 de
1133 960 1191 999 ea
1218 946 1524 1017 prmdictum
1555 956 1635 1001 est
1666 965 1678 1000 :
1709 948 1776 1001 Et
1816 951 2044 1017 reliquias

460 1013 619 1069 salva:
660 1014 799 1078 ﬁent.
851 1015 988 1067 Ecce
1037 1015 1121 1068 hic
1172 1013 1451 1071 manifeste
1481 1026 1627 1071 notat
1655 1013 1956 1073 Judteorum
1987 1031 2043 1077 et

463 1085 705 1152 gentium
728 1086 1280 1157 concorporationem,
1314 1087 1381 1141 de
1415 1102 1516 1156 qua
1545 1089 1595 1141 in
1647 1090 1800 1143 titulo
1850 1091 2041 1157 praedi-

461 1163 603 1229 ctum
623 1165 729 1229 est.
758 1154 936 1208 PoteSt
963 1164 1016 1229 et
1036 1156 1190 1229 aliter
1221 1154 1455 1229 psalmus
1476 1159 1575 1229 iste
1595 1172 1625 1212 a
1654 1154 1913 1229 principio
1952 1177 2041 1215 or-

462 1226 633 1279 dinari
657 1236 707 1278 et
738 1224 997 1288 construi,
1023 1237 1079 1279 ut
1110 1228 1188 1280 sic
1210 1228 1416 1281 dicatur
1449 1246 1459 1279 :
1497 1228 1634 1282 Deus
1655 1224 2039 1285 noster'Domi-

461 1311 578 1369 nus,
601 1295 832 1369 scilicet,
853 1298 1095 1348 virtutum
1117 1297 1396 1369 nobiscum,
1419 1309 1681 1369 susceptor
1707 1310 1876 1354 noster
1897 1300 2037 1358 Deus

458 1363 639 1418 Jacob.
685 1364 835 1418 Dedit
855 1381 1023 1419 vocem
1045 1384 1210 1434 suam,
1241 1379 1292 1421 et
1316 1363 1436 1423 ideo
1485 1363 1619 1423 terra
1648 1381 1780 1424 mota
1833 1382 1925 1425 est.
1972 1373 2040 1428 Et

458 1437 893 1512 quomodomota
919 1438 1010 1503 sit,
1037 1439 1365 1512 praemissum
1389 1441 1902 1512 est,videlicet,quia
1916 1457 2039 1512 gen-

455 1507 860 1583 tes_conturb4atte
882 1517 1018 1574 sunt,
1046 1518 1090 1583 et
1119 1510 1362 1583 inclinata
1385 1519 1503 1563 sunt
1528 1528 1705 1583 regna.
1730 1507 1868 1579 Ipse,
1891 1507 2035 1583 dico,

453 1578 542 1647 qui
572 1586 655 1655 est
682 1580 939 1655 refugium
966 1587 1012 1631 et
1040 1581 1196 1633 virtus
1223 1589 1270 1655 et
1290 1582 1497 1653 adjutor
1519 1582 1570 1635 in
1586 1578 2031 1655 tribulationibus,

452 1664 566 1717 qua:
586 1650 735 1703 nimis
764 1649 1063 1704 invenerunt
1092 1668 1203 1705 nos.
1233 1649 1439 1707 Czetera
1470 1668 1577 1708 non
1606 1662 1893 1709 mutantur.

913 1764 979 1820 ΙΝ
1020 1765 1339 1822 PSALMUM
1381 1766 1563 1821 XLVI.

741 1863 797 1918 in
828 1863 1010 1933 linem,
1044 1879 1139 1933 pro
1165 1865 1287 1920 liliis
1317 1867 1452 1923 Core
1480 1866 1743 1924 Psalmus.

1055 1972 1434 2015 ABGUMENTUII.

522 2026 949 2101 Machabteorum
982 2044 1221 2098 persona;
1250 2046 1465 2087 carmen
1501 2031 1603 2087 hoc
1651 2033 1803 2101 quasi
1843 2037 2032 2094 trium-

452 2098 612 2168 phale
639 2099 961 2171 praecinitur,
995 2104 1264 2169 quoniam,
1292 2103 1442 2157 victis
1462 2098 1704 2171 gentibus
1732 2105 1811 2158 vel
1834 2105 2030 2165 Judaeis

452 2170 973 2239 prmvaricatoribus,
1006 2174 1258 2240 templum
1287 2182 1367 2227 est
1391 2186 1509 2226 cum
1532 2175 1698 2228 sacris
1727 2174 1914 2232 ritibus
1943 2178 2029 2233 in-

452 2250 767 2319 stauratum.
800 2242 928 2295 Item
961 2242 1215 2312 legendus
1242 2244 1654 2319 __ad_‘leetioncm_
1695 2247 1862 2319 _Actus
1901 2264 2030 2319 apo-

451 2313 732 2379 stolorum,
763 2322 1037 2382 postquam
1063 2314 1300 2369 ascendit
1319 2312 1565 2371 Christus
1592 2314 1659 2370 ad
1689 2316 1918 2373 Patrem.

1059 2425 1413 2464 EXPLANATIO.

523 2478 723 2533 Titulus
748 2489 896 2534 notus
924 2489 1014 2546 est,
1040 2481 1294 2553 Christum
1324 2492 1368 2534 et
1393 2480 1710 2536 Christianos
1737 2484 2024 2553 insinuem,

448 2554 675 2618 quamvis
705 2568 767 2605 ea:
797 2568 1008 2619 persona
1034 2552 1258 2620 ﬁliorum
1280 2554 1409 2607 Core
1428 2562 1558 2606 totus
1579 2555 1642 2607 sit
1665 2554 1881 2622 hymnus
1900 2552 2027 2610 can?-

449 2631 607 2692 latus,
654 2623 1009 2692 diupsalmatis
1053 2635 1217 2677 tamen
1264 2634 1340 2678 est
1388 2625 1768 2691 interpositione
1814 2628 2024 2682 diuisus.

454 2691 631 2746 Primo
663 2691 811 2747 modo
841 2704 1214 2747 commonentur
1241 2704 1409 2764 gentes
1456 2696 1675 2749 Domino
1700 2696 1879 2750 laudes
1909 2714 2027 2765 per-

447 2780 647 2836 sonare,
680 2767 796 2831 quia
830 2766 1019 2833 populo
1056 2766 1401 2832 acquisilionis
1431 2776 1611 2819 cuncta
1636 2767 1867 2836 subjecit,
1899 2779 1942 2821 et
1972 2770 2027 2825 in

446 2850 542 2889 sua
580 2834 875 2888 Inereditale
899 2837 1181 2891 collocavit.
1224 2836 1465 2891 Secundo
1498 2834 1732 2890 ascensio
1754 2837 1959 2892 Domini
1978 2848 2026 2893 et

446 2920 660 2979 regnum
684 2908 1001 2975 describitur,
1024 2907 1264 2978 quoniam
1285 2907 1453 2961 sancti
1475 2908 1632 2978 ipsius
1653 2918 1770 2964 sunt
1792 2911 1899 2964 sine
1918 2911 2024 2979 [ine

449 2977 681 3046 fruituri.

1013 3065 1433 3107 COMIENTARIUS.

520 3141 705 3197 Omnes
721 3148 913 3213 gentes,
938 3143 1184 3211 plaudite.
1210 3143 1463 3199 Dominus
1485 3144 1621 3200 Deus
1638 3152 1819 3199 noster
1836 3145 2018 3214 ﬁdem,
2048 3110 2097 3172 ε

444 3212 497 3268 in
524 3227 625 3283 qua
658 3212 881 3279 stamus,
912 3230 977 3271 ex
1017 3230 1116 3284 qua
1160 3215 1404 3280 vivimus,
1436 3231 1530 3284 per
1556 3232 1712 3285 quam
1752 3225 1805 3271 et
1848 3212 2022 3272 salva;-

447 3300 587 3357 mur,
634 3286 996 3355 multipliciter
1046 3288 1296 3357 varieque
1352 3302 1448 3356 per
1494 3285 1793 3355 Scripturas
1841 3302 2021 3344 sacras

448 3355 703 3410 revelavit
749 3357 921 3412 nobis.
973 3355 1314 3413 Sacramenta
1357 3355 1575 3426 quidem
1610 3358 1888 3412 verborum
1929 3374 2021 3412 va-

444 3426 610 3492 rians,
664 3428 820 3482 Iidem
871 3438 1044 3485 tamen
1092 3430 1331 3484 eamdem
1378 3428 1777 3493 commendans,
1810 3440 1863 3482 ut
1894 3430 2017 3484 dum

445 3497 578 3569 ordo
604 3498 815 3553 dicendi
845 3502 1102 3565 variatur,
1136 3511 1190 3555 et
1217 3516 1302 3555 res
1346 3501 1561 3569 antiqua
1611 3509 1912 3564 renovatur,
1951 3499 2021 3556 sit

448 3568 609 3641 homo
656 3570 706 3622 in
754 3572 915 3624 corde
959 3583 1169 3640 paratus
1212 3568 1564 3637 retinere,et
1606 3580 1786 3641 postea
1817 3586 1921 3625 non
1952 3572 2022 3626 sit

448 3639 594 3707 piger
620 3641 805 3693 eadem
838 3639 1091 3709 cogitare,
1123 3651 1176 3696 et
1204 3644 1344 3709 quod
1374 3639 1624 3709 comedit,
1658 3643 1709 3696 id
1738 3651 1837 3703 est.
1869 3642 2020 3697 audi-

447 3709 539 3774 vit,
573 3722 784 3779 semper
824 3713 1115 3777 ruminare,
1168 3727 1235 3766 ne
1284 3715 1613 3767 inveniamur
1658 3713 1900 3767 animalia
1928 3714 2023 3767 im-

448 3779 668 3845 munda,
698 3782 788 3836 sed
822 3784 1039 3847 munda,
1073 3784 1207 3837 sicut
1236 3784 1288 3837 in
1334 3784 1434 3838 hoc
1481 3785 1682 3849 psalmo
1716 3800 1801 3838 res
1832 3784 2021 3839 eadem

489 3865 566 3903 ua:
589 3850 697 3919 jam
721 3866 864 3920 Stepe
895 3854 947 3906 in
974 3852 1089 3906 aliis
1121 3854 1339 3921 psalmis
1370 3856 1617 3921 prmdicta
1659 3862 1741 3909 est
1778 3856 2019 3909 iteratur.

448 3865 611 3975 anius
643 3922 825 3975 titulus
854 3933 934 3975 est
976 3939 992 3975 :
1032 3922 1099 3975 In
1135 3925 1282 3975 finem
1328 3942 1419 3975 vro
1466 3926 1584 3975 ﬁliis
1615 3924 1760 3975 Core.
1795 3926 2019 3975 psalmus

495 3921 611 3993 njus
643 3922 825 3977 titulus
854 3933 934 3977 est
976 3939 992 3978 :
1032 3922 1099 3976 In
1132 3925 1282 3991 finem
1328 3942 1419 3993 pro
1464 3926 1584 3991 ﬁliis
1615 3924 1760 3989 Core,
1794 3926 2023 3993 psalmus

448 3993 545 4061 ipsi
573 3991 760 4047 David.
793 3994 944 4061 Quod
978 3997 1057 4048 sic
1084 3991 1366 4063 exponitur
1398 4014 1407 4046 :
1441 3996 1543 4050 Iste
1587 3991 1820 4064 psalmus
1857 3996 2023 4051 reler-

451 4073 534 4117 tur
565 4064 615 4117 in
646 4067 823 4131 linem,
848 4076 1087 4119 cantatus
1109 4081 1135 4117 a
1168 4065 1481 4135 quibusdam
1513 4067 1629 4121 liliis
1650 4064 1806 4130 Core,
1834 4066 1884 4120 id
1916 4076 2019 4135 est,

450 4145 506 4208 ut
535 4135 621 4208 alii
655 4136 744 4189 lilii
767 4136 904 4208 Gore
921 4136 1213 4191 imitatores
1233 4136 1428 4192 Christi
1452 4139 1568 4208 ejus
1587 4137 1846 4207 passionis
1869 4137 2018 4208 ﬁant.

452 4204 716 4271 Psaltuus,
763 4207 904 4271 dico,
936 4208 1221 4261 attributus
1268 4210 1367 4277 ipsi
1413 4204 1600 4276 David,
1634 4208 1684 4262 id
1717 4215 1817 4275 est,
1850 4207 2022 4277 perle-

451 4277 700 4329 ctioribus
733 4278 785 4329 in
814 4292 1037 4346 corpore
1062 4277 1283 4333 Christi.
1315 4280 1407 4334 Est
1436 4283 1574 4335 enim
1618 4294 1719 4333 Vox
1758 4280 2022 4349 apostolo-

452 4362 570 4420 runt
622 4356 924 4402 sanctorum
971 4350 1365 4403 exhortantium
1418 4367 1513 4404 nos
1555 4360 1613 4405 ut
1662 4351 1771 4405 Deo
1810 4352 1899 4420 qui
1930 4366 2024 4418 pro

451 4416 604 4490 nobis
633 4419 909 4490 descendit
934 4428 989 4474 et
1012 4429 1236 4475 mortem
1267 4420 1426 4474 subiit
1446 4422 1657 4489 gratias,
1686 4422 1737 4475 in
1768 4416 2022 4490 quantum
2051 4467 2100 4490 ,η
2129 4432 2220 4490 per

2151 455 2227 536 los
2274 456 2523 536 Judaicos
2571 455 3108 536 nobis_aposto'lis'et
3147 455 3507 536 praeconibus,
3532 455 3723 531 eiiiown

2149 529 2319 612 solum
2369 531 2608 612 populos,
2659 531 2753 612 sed
2771 529 2951 612 etiam
2997 529 3189 612 gentej,
3241 538 3292 612 id
3334 551 3438 612 est,
3471 529 3721 612 gentiles,

2150 600 2325 682 posuit
2352 600 2453 680 sub.
2469 601 2698 668 pedibus,
2730 602 2783 682 id
2815 613 2915 682 est,
2961 600 3061 682 sub
3094 600 3716 682 adeationibusvnostris,’

2148 671 2219 747 ita
2270 678 2324 723 ut
2357 670 2455 747 _qui
2499 687 2528 723 a
2576 675 2770 727 nostris
2799 674 2960 747 prius
2990 674 3457 747 interﬁciebamur,
3506 684 3573 737 ab
3604 670 3721 742 istis

2149 738 2571 819 honorabamun;
2620 752 2673 797 et
2724 738 2847 819 quia
2897 744 2964 797 ab
3000 746 3106 819 illis
3150 750 3358 816 expulsi
3403 738 3607 819 sumus,
3651 738 3717 812 ab

2146 808 2263 891 iStis
2292 809 2490 891 recepti
2520 812 2703 891 simus.
2722 808 2805 891 _Et
2837 816 2936 891 hoc
2963 816 3121 871 modo
3146 808 3267 887 quia
3316 829 3369 875 et
3413 808 3635 891 populos
3654 808 3717 882 ct

2146 890 2330 959 gentes
2360 881 2509 959 nobis
2534 884 2779 959 subjecit,
2809 886 2981 959 elegit,
3004 881 3344 956 assuniendo,
3396 881 3552 959 quam
3596 881 3715 952 ante

2144 952 2340 1031 saecnla
2388 952 2641 1031 elegerat,
2691 952 3055 1031 diSponendo_,_
3090 952 3433 1015 hereditatem
3468 981 3632 1031 suam,
3662 978 3717 1022 et

2144 1018 2212 1073 de
2240 1020 2436 1103 Iudaeis
2472 1018 2527 1103 et
2553 1024 2618 1076 de
2657 1018 3079 1103 g_entibus___nobis
3107 1032 3439 1103 associando.
3482 1018 3713 1103 Exponii

2144 1106 2263 1174 gina:
2291 1094 2360 1174 sit
2384 1092 2471 1174 illa
2502 1092 2804 1174 haereditas,
2838 1098 3060 1174 scilicet,
3089 1100 3247 1170 elegit
3286 1105 3503 1173 speciem
3530 1092 3702 1174 Iacob,

2143 1161 2197 1244 i'd
2227 1173 2328 1244 est,
2356 1164 2502 1244 viros
2548 1161 2818 1244 speciosus
2864 1161 3200 1244 signiﬁcatus
3219 1161 3329 1244 per"
3367 1174 3567 1241 Jacob,
3594 1161 3703 1244 ψειίῖ

2140 1227 2303 1286 Iacob
2333 1233 2529 1304 dilexit,
2562 1227 2702 1289 Esau
2731 1227 3044 1295 autemvodio
3073 1227 3266 1296 habuii.
3294 1227 3577 1299 Duoienim
3599 1227 3705 1301 ira:

2144 1309 2261 1379 tres,
2280 1304 2491 1379 luerunt
2518 1308 2566 1360 in
2594 1315 2746 1361 utero
2768 1309 2975 1376 matris,
3004 1323 3299 1379 pugnantes
3328 1324 3381 1368 et
3402 1329 3462 1370 se
3491 1316 3709 1373 invicem

2143 1374 2753 1453 collidentes,_quorum
2800 1374 3025 1453 alterum
3058 1374 3211 1453 Deus
3257 1384 3440 1453 elegit,
3488 1386 3706 1440 alterum

2143 1445 2462 1520 reprobavit.
2496 1447 2561 1520 Et
2587 1449 2843 1517 accipitur
2870 1450 3023 1517 alter,
3053 1451 3105 1507 id
3134 1462 3236 1520 est,
3267 1445 3438 1512 Jac'ob'
3460 1455 3513 1510 in
3544 1459 3710 1511 omni-

2140 1512 2241 1568 bus
2270 1515 2441 1579 bonis,
2469 1518 2605 1571 alter
2632 1512 2757 1572 vero
2787 1520 2839 1573 in
2862 1512 3107 1577 omnibus
3131 1512 3307 1581 malis.

2211 1586 2663 1665 Ascen_dit_l)eus_
2681 1589 2735 1642 in
2777 1591 2974 1665 iubilo.
3010 1593 3170 1665 Quasi
3217 1596 3405 1665 aliquis
3456 1597 3707 1653 diceret:

2141 1656 2419 1737 Quomodo
2445 1659 2603 1737 elegit
2629 1659 2771 1737 Deus
2801 1660 2937 1715 hanc
2962 1656 3367 1737 hereditatem?
3386 1666 3504 1737 illoc
3532 1668 3707 1737 modo,

2062 1746 2114 1806 Β
2140 1726 2381 1808 scilicet,
2396 1729 2517 1808 quia
2538 1726 2601 1808 in
2630 1730 2795 1808 crelos
2816 1734 3063 1799 ascendit,
3084 1743 3139 1789 et
3159 1735 3281 1808 inde
3305 1736 3568 1802 Spiritum
3589 1726 3708 1794 sani

2138 1806 2284 1853 ctum
2312 1800 2478 1878 misit,
2494 1800 2596 1878 _q_t_ii
2622 1800 2782 1854 corda
2829 1811 3011 1878 nostra
3058 1800 3410 1878 conﬁrmavit,
3443 1817 3502 1863 nt
3538 1811 3710 1878 populi

2137 1878 2193 1923 et
2217 1876 2401 1945 gentes
2427 1869 2819 1945 subjicerentur
2850 1872 3021 1945 nobis.
3054 1874 3141 1930 Sic
3176 1869 3406 1945 quoque
3433 1869 3708 1935 continua-

2136 1948 2225 1993 tur
2257 1958 2268 1991 :
2304 1939 2441 2015 Vere
2484 1940 2731 1995 Dominus
2780 1944 3027 2010 excelsus,
3054 1946 3175 2013 quia
3192 1939 3315 2015 jam
3339 1951 3572 2003 ascendit
3598 1952 3710 2006 illuc

2134 2024 2243 2082 quo
2266 2011 2414 2078 sequi
2444 2026 2549 2066 non
2595 2021 2877 2080 potuerunt
2917 2015 3005 2082 qui
3042 2011 3163 2071 eum
3200 2011 3618 2075 cruciﬁxerunt.
3650 2022 3708 2076 Et

2136 2079 2239 2139 hoc
2270 2082 2531 2159 injubilo,
2563 2079 2616 2137 id
2640 2092 2747 2159 est,
2772 2083 2833 2159 in
2864 2079 3118 2159 immensa
3165 2087 3347 2143 laetitia
3395 2099 3453 2145 et
3498 2101 3708 2159 stupore

2133 2152 2523 2231 apostolorum,
2548 2161 2603 2208 et
2627 2151 2879 2208 Dominus
2909 2158 3163 2231 ascendit,
3206 2158 3259 2211 in
3298 2175 3415 2214 voce
3458 2151 3705 2231 angelice

2136 2223 2287 2299 tubae.
2339 2224 2526 2292 Angeli
2569 2238 2795 2299 namque
2840 2228 3261 2299 consolatisnnt
3298 2223 3577 2299 apostolo's
3605 2244 3704 2288 stu-

2172 2292 2306 2367 idos,
2337 2303 2390 2347 et
2417 2310 2445 2345 a
2474 2307 2533 2349 se
2566 2294 2798 2367 quodam
2827 2296 2983 2367 modo
3011 2292 3357 2367 abalienatos',
3388 2303 3705 2359 ascendente

2181 2364 2382 2438 omino,
2427 2364 2579 2438 quasi
2628 2365 2806 2438 dicant
2849 2364 3093 2437 :Corpus
3138 2364 3352 2438 quidem
3396 2373 3605 2427 tollitur
3646 2375 3704 2429 ab

2132 2434 2301 2508 oculis
2329 2436 2543 2508 vestris,
2583 2436 2678 2491 sed
2723 2436 2863 2491 Deus
2912 2434 3019 2493 non
3060 2434 3339 2508 separatur
3386 2457 3417 2495 a
3460 2443 3704 2500 cordibus

2133 2504 2345 2559 vestris.
2398 2505 2582 2580 Videte
2622 2509 3017 2572 ascendentem,
3058 2504 3258 2566 credite
3305 2512 3357 2565 in
3409 2513 3699 2580 absentem,

2130 2585 2344 2644 sperate
2371 2577 2668 2651 venientem
2695 2592 2788 2646 per
2812 2582 3071 2634 occultam
3094 2580 3541 2651 misericordiam,
3567 2577 3700 2640 sem;

2132 2660 2236 2716 per
2255 2648 2450 2701 sentite
2475 2662 2596 2716 eum
2630 2658 2965 2716 praesentem.

2202 2715 2422 2771 Psallite
2462 2715 2571 2772 Deo
2612 2715 2803 2774 nostra.
2833 2720 2965 2787 Quia
2994 2719 3244 2776 Dominus
3284 2724 3517 2777 excelsus
3542 2724 3701 2781 lactus

2130 2795 2211 2842 est
2239 2798 2293 2843 et
2328 2789 2583 2853 terribilis,
2615 2798 2663 2843 et
2692 2789 2802 2844 Rex
2836 2807 3049 2861 magnus
3081 2809 3233 2862 super
3260 2810 3461 2848 onmem
3498 2804 3699 2861 terram,

2130 2872 2282 2931 ergo,
2312 2874 2499 2915 omnes
2529 2869 2732 2929 gentes,
2758 2862 2962 2931 psallite
2989 2871 3044 2917 et
3069 2878 3237 2930 opere
3264 2875 3316 2919 et
3344 2880 3494 2919 voce.
3531 2866 3599 2919 Et
3624 2869 3701 2921 cui

2129 2929 2359 3002 debeant
2389 2931 2615 2999 psallere
2641 2929 2860 2999 expauit
2892 2948 2907 2986 :
2937 2929 3152 2987 Psallite
3176 2933 3303 3000 Deo,
3332 2935 3563 3002 scilicet,
3598 2936 3699 2991 Deo

2052 3028 2057 3029 ν
2128 2999 2275 3055 Patri
2323 3010 2520 3077 nostra,
2570 3003 2770 3077 id__e_st,
2822 3002 2974 3077 nobis
3018 2999 3700 3077 propitiogPsallite‘Regi

2132 3080 2324 3143 nostra,
2367 3072 2419 3126 id
2466 3081 2569 3138 est,
2614 3071 2769 3141 Filio,
2812 3071 3364 3143 psallite'et'Spiritui
3406 3086 3612 3132 sancto.
3644 3071 3702 3132 Et

2128 3141 2335 3215 debetis
2380 3143 2629 3211 psallere,
2680 3142 3123 3215 quoniam‘Deus.
3143 3141 3229 3201 est
3270 3146 3381 3201 Rea:
3410 3146 3585 3205 lactus
3615 3163 3701 3215 per

2124 3213 2480 3282 cognitionem
2508 3229 2611 3267 non
2646 3222 2849 3269 tantum
2872 3214 3198 3280 Judreorum,
3223 3217 3315 3272 sed
3345 3220 3508 3273 omnis
3532 3213 3694 3272 terra.

2124 3282 2347 3353 Semper
2375 3284 2568 3355 quippe
2599 3284 2759 3353 Deus,
2795 3286 2922 3341 velit
2966 3288 3117 3353 nolit,
3163 3287 3302 3343 Deus
3336 3303 3430 3343 rex
3466 3299 3547 3343 est
3589 3292 3696 3344 uni-

2125 3369 2294 3410 versa:
2335 3365 2521 3421 terra);
2571 3356 2665 3409 sed
2714 3365 2888 3412 tamen
2933 3365 3056 3412 tunc
3101 3367 3303 3412 tantum
3340 3359 3453 3413 Rex
3486 3361 3692 3424 dicitur,

2123 3426 2337 3495 quando
2366 3441 2586 3496 regnare
2602 3429 2976 3497 cognoscitur.
3033 3428 3181 3483 Unde
3207 3430 3335 3483 dicit
3361 3431 3525 3485 Isaias
3562 3448 3573 3480 :
3604 3429 3697 3494 Qui

2122 3498 2254 3551 eruit
2270 3506 2313 3550 te
2324 3496 2459 3550 Deus
2472 3496 2723 3569 vocabitur
2734 3499 2973 3553 universa:
2988 3507 3155 3555 terrtc.
3174 3499 3697 3569 Rex,iuquam,Deus

2123 3576 2224 3633 est,
2257 3582 2385 3637 ergo
2409 3568 2610 3639 psallite
2636 3584 2742 3640 non
2773 3569 3101 3637 insipienter,
3129 3571 3220 3625 sed
3247 3568 3521 3640 sapienter.
3568 3570 3694 3626 Insi-

2125 3640 2331 3706 pienter
2360 3638 2589 3708 namque
2617 3638 2907 3708 psallebant
2938 3642 3061 3695 dum
3088 3641 3230 3695 idola
3262 3638 3583 3707 adorabant;
3614 3657 3696 3696 sa-

2123 3711 2328 3777 pienter
2348 3724 2475 3764 vero
2487 3724 2625 3765 nunc
2637 3710 2885 3779 psallunt,
2904 3712 3148 3779 quoniam
3168 3712 3478 3767 Creatorem
3495 3713 3691 3767 colunt.

2194 3779 2445 3850 Regnabit
2498 3780 2658 3835 Deus.
2712 3779 2834 3835 Ideo
2888 3782 3154 3852 sapienter
3207 3783 3537 3851 psallendum
3594 3792 3692 3847 est,

2123 3852 2247 3920 quia
2280 3852 2418 3906 Deus
2446 3854 2695 3923 regnabit,
2728 3852 2779 3905 id
2809 3861 2917 3920 est,
2944 3868 3166 3923 regnare
3187 3855 3527 3921 cognoscitur
3546 3868 3692 3923 super

2124 3937 2311 3977 omnes
2338 3934 2528 3993 gentes,
2550 3933 2608 3977 et
2635 3925 2677 3977 si
2709 3937 2813 3976 non
2845 3924 2895 3976 in
2923 3924 3122 3992 paleis,
3153 3924 3343 3979 saltem
3394 3925 3452 3979 in
3495 3925 3690 3992 granis.

2124 3993 2277 4058 Quod
2318 3994 2493 4065 innuit
2513 4008 2633 4047 cum
2660 3994 2938 4062 dicitquia
2968 3994 3105 4049 Deus
3145 3995 3283 4050 sedet
3315 3995 3426 4065 jam
3468 3994 3690 4064 disposi-

2128 4066 2289 4131 tione,
2319 4064 2523 4118 sedebit
2550 4065 2708 4118 etiam
2740 4066 2791 4118 in
2824 4079 2880 4117 re
2908 4081 3060 4134 super
3081 4068 3247 4121 sedem
3273 4064 3501 4120 sanctam
3530 4081 3689 4129 suam,

2124 4135 2179 4189 id
2208 4146 2309 4206 est,
2342 4148 2500 4206 super
2524 4136 2725 4188 animas
2749 4134 3038 4203 justorum.
3070 4137 3369 4206 Praeparate
3395 4139 3575 4205 itaque
3604 4149 3693 4190 vos

2126 4205 2372 4277 Domino,
2402 4215 2458 4277 et,
2476 4204 2589 4273 ipse
2615 4206 2819 4277 sedebit
2843 4207 2895 4259 in
2928 4206 3079 4263 nobis
3104 4204 3223 4277 quia
3243 4204 3503 4263 Salomon
3527 4206 3651 4262 dicit
3676 4222 3689 4257 :

2124 4276 2309 4347 Anima
2332 4276 2460 4347 justi
2489 4284 2561 4328 est
2583 4275 2723 4347 sedes
2743 4278 3023 4344 sapientiae.

2196 4345 2465 4415 Principes
2491 4345 2825 4419 populorum.
2855 4347 2991 4404 Vere
3036 4349 3291 4404 Dominus
3339 4348 3581 4419 regnavit
3610 4361 3692 4401 su-

2264 4428 2469 4488 gentes,
2516 4417 2662 4488 quia,
2690 4417 2967 4472 suscitabit
3003 4429 3187 4486 gentes
3224 4420 3293 4475 de
3333 4417 3595 4488 lapidibus
3642 4426 3691 4470 et

450 4467 1737 4561 ῥέιέέὶμιύξξ’ὲέῗὲτᾷἶιιῖίξ’ὄιῖὲ
2048 4467 2101 4527 Ῑ)
2129 4467 2294 4561 ἶδείεῗ
2328 4467 2469 4542 ﬁlios
2505 4467 2752 4541 librabat.
2776 4488 2935 4561 Quod
2960 4467 3037 4544 site
3062 4490 3193 4561 dicit
3223 4506 3371 4545 more
3386 4467 3689 4561 rprophetae,

452 4559 785 4629 plaudantus,
814 4571 868 4615 et
898 4564 949 4615 in
978 4577 1132 4631 quem
1162 4562 1331 4616 Juda-i
1368 4564 1636 4630 parvulum
1665 4559 2019 4632 oll‘enderunt,

448 4632 597 4702 illum
648 4645 743 4685 nos
785 4647 1170 4702 cognoscamus
1218 4636 1510 4699 excelsum,
1555 4643 1606 4687 et
1634 4648 1787 4701 quem
1819 4631 1890 4685 illi
1932 4631 2025 4686 ha?-

454 4701 679 4755 buerunt
722 4701 1046 4769 irrisibilem,
1093 4719 1189 4758 nos
1229 4706 1512 4759 timeamus
1554 4715 1701 4756 casto
1748 4711 1922 4758 tamen
1960 4703 2027 4757 ti-

454 4786 603 4845 more
625 4774 932 4829 terribilem.
958 4775 1137 4829 Potest
1160 4792 1308 4841 vero,
1330 4777 1478 4845 juxta
1498 4774 1749 4845 quosdam
1771 4776 1859 4843 qui
1885 4774 2025 4829 hunc

454 4842 711 4911 psalmum
740 4860 859 4899 cum
905 4847 1161 4912 superiori
1191 4842 1349 4901 unum
1386 4842 1602 4910 faciunt,
1634 4846 1697 4897 ita
1731 4842 1797 4897 ad
1828 4845 2024 4912 praedi-

450 4920 532 4966 cta
561 4914 881 4979 continuari,
912 4918 1060 4984 quasi
1088 4916 1231 4971 dicat
1262 4936 1274 4971 :
1304 4919 1436 4985 Quia
1483 4915 1737 4969 Dominus
1785 4929 1888 4967 non
1933 4929 2023 4970 so-

453 4984 561 5035 lum
591 4986 641 5035 in
670 4987 933 5052 gentibus,
960 4988 1051 5041 sed
1083 4997 1137 5041 et
1180 4988 1232 5041 in
1265 4984 1399 5042 tetra
1430 4987 1642 5041 Judaica
1671 4985 2023 5052 exaltabitur;

450 5069 579 5126 ergo
609 5070 779 5108 omnes
805 5067 993 5125 gentes,
1024 5059 1254 5126 plaudite
1283 5058 1391 5112 Deo
1441 5057 1689 5117 manibus,
1721 5057 1772 5108 id
1822 5064 1920 5119 est,
1972 5056 2023 5110 in

452 5122 607 5177 bouis
635 5122 888 5193 operibus
919 5122 1130 5181 laudate
1158 5130 1344 5190 Deum,
1392 5136 1445 5181 et
1495 5128 1705 5191 iubiltttc
1744 5127 1791 5178 ei
1829 5126 1879 5176 in
1912 5141 2027 5179 voce

453 5210 560 5247 non
589 5196 962 5265 qualicunque,
995 5199 1087 5252 sed
1128 5200 1499 5262 exsultationis,
1534 5199 1583 5250 id
1613 5204 1715 5260 est,
1750 5198 1799 5248 ιιι
1843 5198 2026 5249 exsul-

455 5266 613 5319 tativa
644 5267 965 5322 laudatione.
996 5268 1120 5322 Sive
1148 5269 1288 5322 enim
1322 5278 1523 5324 tantum
1558 5269 1691 5320 bene
1718 5281 2024 5334 operantur,

454 5345 511 5389 et
541 5351 667 5390 voce
701 5352 807 5391 non
834 5339 1191 5406 laudaremus,
1223 5342 1337 5392 sive
1366 5354 1395 5391 e
1422 5350 1680 5391 converso
1713 5338 2024 5401 iaceremus,

460 5406 596 5476 pigri
626 5423 884 5472 essemus,
914 5419 966 5462 et
993 5409 1112 5463 ideo
1142 5420 1426 5477 utrumque
1458 5406 1775 5473 prmcipitur.

531 5478 783 5543 Quoniam
814 5477 1061 5533 Dominus
1105 5481 1350 5534 excelsus.
1399 5478 1517 5531 Ideo
1572 5477 1795 5541 debetis,
1844 5491 2029 5531 omnes

454 5561 665 5625 gentes1
690 5550 799 5625 Deo
828 5552 1069 5625 inanibus
1100 5550 1371 5625 plaudere,
1396 5557 1449 5601 et
1478 5562 1605 5625 voce
1629 5547 1877 5625 jubilarc,
1904 5563 2030 5625 quo-

456 5618 601 5677 niani
625 5619 892 5685 Dominus,
921 5622 971 5673 id
994 5618 1387 5685 est,’Christus,
1415 5619 1557 5687 prius
1582 5619 1847 5685 parvulus,
1872 5618 2029 5673 modo

456 5694 627 5748 lactus
658 5694 918 5757 excelsus;
942 5693 1087 5759 prius
1114 5690 1422 5752 derisibilis,
1451 5690 1604 5743 modo
1634 5689 1803 5743 lactus
1833 5688 2030 5741 terribi-

476 5767 539 5831 is,
572 5772 627 5818 et
668 5764 826 5819 modo
852 5777 943 5816 rex
986 5778 1201 5832 magnus
1232 5774 1337 5817 non
1366 5761 1536 5816 solum
1578 5775 1737 5828 super
1766 5760 2024 5826 Judaeum,

2128 4560 2349 4628 loquens
2375 4573 2470 4627 per
2499 4571 2736 4627 przesens
2758 4558 2825 4612 de
2849 4558 3025 4613 futuro
3050 4578 3063 4611 :
3091 4559 3358 4626 Principes
3393 4560 3693 4628 populorum

2126 4630 2431 4698 gentilium,
2487 4629 2578 4698 qui
2619 4628 2849 4697 quandiu
2898 4631 3103 4697 lapidea
3161 4632 3320 4686 corda
3370 4630 3690 4689 habuerunt,

2127 4697 2481 4772 disgregatia
2530 4697 2638 4754 Deo
2683 4707 2855 4772 erant,
2888 4700 3047 4772 modo
3090 4713 3205 4754 sunt
3252 4702 3690 4772 congregati_cusn

2127 4768 2238 4824 Deo
2289 4768 2568 4834 Abraham,
2619 4770 2843 4837 scilicet,
2890 4770 3014 4824 lacti
3063 4772 3156 4825 lilii
3204 4768 3370 4839 ipsius
3408 4768 3693 4831 AIbrabam,

2128 4856 2233 4896 non
2264 4854 2479 4894 carnem
2525 4843 2643 4908 ejus
2684 4852 2950 4908 gerentes,
2979 4842 3073 4896 sed
3121 4841 3278 4897 ﬁdem
3328 4841 3603 4895 habentes.
3636 4839 3693 4893 Et

2128 4913 2230 4965 hoc
2260 4912 2379 4965 ideo
2422 4910 2617 4965 factum
2645 4919 2748 4975 est,
2781 4916 3019 4979 quoniam
3048 4913 3121 4965 dii
3148 4923 3314 4975 teme,
3347 4912 3396 4965 id
3427 4920 3531 4979 est,
3567 4924 3690 4978 apo-

2128 4980 2276 5047 stoli,
2304 4982 2391 5049 qui
2422 4981 2585 5052 habiti
2611 4990 2735 5034 sunt
2761 4982 2911 5048 quasi
2937 4982 3009 5035 dii
3038 4983 3091 5037 in
3121 4992 3283 5048 terra,
3316 4983 3493 5052 fortes,
3525 4982 3575 5035 id
3598 4988 3691 5041 est,

2128 5053 2180 5107 iu
2200 5051 2544 5105 tribulatione
2560 5059 2625 5121 et
2639 5052 3015 5117 prmdicatione
3033 5051 3397 5121 persistentes,
3416 5061 3533 5106 sunt
3552 5052 3692 5103 vehe—

2129 5132 2317 5175 menter
2345 5121 2547 5186 elevati,
2581 5120 2633 5173 id
2655 5132 2735 5175 est
2760 5162 2775 5186 ,
2822 5120 3064 5177 honorati
3091 5133 3145 5179 et
3169 5125 3384 5177 exaltati
3412 5165 3426 5188 ,
3458 5122 3693 5183 Domino,

2129 5193 2352 5256 scilicet,
2378 5202 2696 5262 cooperante,
2731 5200 2776 5245 et
2819 5208 3097 5247 sermonem
3126 5196 3457 5261 confirmante
3486 5207 3691 5259 sequen-

2132 5264 2259 5315 tibus
2304 5262 2481 5329 signis.
2518 5262 2677 5333 Valde
2727 5278 2953 5333 namque
2997 5266 3164 5319 elatus
3199 5267 3387 5319 Petrus
3414 5272 3553 5327 erat,
3584 5276 3694 5315 cum

2130 5334 2287 5386 etiam
2315 5340 2483 5404 tactus
2512 5332 2713 5387 umbra:
2741 5337 2855 5399 ejus
2877 5349 3045 5403 aegros
3068 5336 3324 5404 erigebat.
3349 5336 3527 5399 Quare
3555 5333 3693 5402 prin-

2130 5405 2273 5470 cipes
2293 5402 2412 5475 ejus
2436 5404 2587 5475 lacile
2615 5402 2975 5468 crediderunt,
3006 5415 3060 5459 et
3088 5402 3245 5460 ﬁdem
3269 5420 3363 5475 per
3391 5420 3484 5459 eos
3514 5417 3693 5457 susce-

2132 5484 2339 5543 perunt.
2375 5473 2466 5527 Vel
2496 5474 2674 5539 aliter,
2704 5476 2852 5543 quasi
2902 5475 3042 5529 dicat
3093 5494 3105 5530 :
3144 5473 3280 5531 ldeo'
3316 5475 3451 5528 laeta
3498 5483 3581 5529 est
3619 5486 3698 5528 re-

2132 5545 2587 5624 ceptiogentium,
2618 5548 2737 5613 quia
2780 5544 2937 5624 lacta-
2960 5555 3041 5600 est
3074 5548 3329 5624 expulsio
3369 5545 3697 5624 ludaturumt

2132 5616 2283 5682 Quod
2310 5616 2481 5669 innuit
2509 5616 2693 5670 dicens
2726 5634 2749 5668 ε’
2771 5618 3021 5679 Quoniam
3049 5619 3141 5683 dii,
3159 5616 3230 5672 ’id
3259 5627 3361 5680 est,
3392 5616 3583 5681 Ju‘daai,
3614 5616 3700 5684 qui

2135 5696 2347 5756 propter
2388 5688 2554 5756 legem
2600 5695 2655 5740 et
2696 5688 2983 5755 prophetas
3029 5690 3252 5744 aliorum
3302 5688 3699 5757 comparatione

2134 5766 2286 5812 erant
2311 5760 2461 5827 quasi
2488 5758 2583 5826 dii,
2620 5759 2776 5827 fortes
2804 5770 2971 5828 trrrw,
3006 5760 3057 5817 id
3095 5771 3196 5829 est,
3228 5756 3612 5831 praesumentes
3638 5756 3701 5811 de
