3970 6368
122 350 233 409 729

836 344 900 401 IN
940 342 1359 401 PSALMORUM
1396 340 1656 398 LIBRUM
1701 291 2063 399 EXEGESIS.
2106 369 2175 384 --
2214 340 2464 399 PSALM.
2508 338 2719 396 XLVII.

3277 340 3381 399 750

122 464 442 522 teri-enitare
470 476 587 526 sua,
620 461 687 515 de
713 458 954 514 szeculari
985 458 1192 513 scilicet
1224 437 1454 525 potentia
1486 464 1540 509 ει
1580 454 1697 522 glo-
1728 455 1781 515 Α
1806 451 2021 526 cantici,
2072 451 2125 526 id
2145 461 2283 526 est,
2320 452 2548 526 hymnus
2592 450 2994 526 exsultationis,
3030 458 3274 526 cantatur
3310 454 3381 511 de

121 539 225 601 ria,
252 545 373 589 sunt
399 534 577 588 elevati
616 532 943 595 vehementer,
977 530 1028 583 id
1054 537 1154 591 εει,
1184 536 1382 583 tantum
1424 526 1701 601 superbie-

120 598 268 669 runt,
288 605 434 675 quod
458 604 719 658 medicum
742 603 831 671 qui
849 602 919 675 ad
939 601 1086 667 ipsos
1104 611 1317 675 venerat
1342 598 1703 675 necessarium

122 680 224 733 sibi
250 668 359 731 non
385 681 722 744 putaverunt,
752 668 818 744 et"
847 671 968 726 ideo
1003 686 1123 725 eum
1165 671 1489 744 occiderunt.
1534 668 1600 744 Et
1628 670 1704 744 sic

122 749 253 802 illud
285 741 615 814 completum
637 750 751 799 est:
787 743 921 807 Quia
942 758 1004 797 ea:
1024 750 1167 814 parte
1195 742 1402 814 contigit
1430 742 1628 796 cwcitas
1650 741 1703 794 in

124 818 320 885 Israel,
354 828 409 871 ut
437 816 721 887 plenitudo,
744 823 847 871 etc.

584 926 650 983 IN
688 925 1011 983 PSALMUM
1048 924 1254 981 XLVII.

254 1025 501 1081 Psalmus
527 1022 719 1080 cantici
751 1020 874 1075 ﬁliis
900 1019 1036 1075 Core
1058 1017 1289 1075 secunda
1319 1016 1555 1074 Sabbati.

730 1128 1109 1172 ABGUHENTUM.

192 1212 571 1267 [Estimatione
613 1209 888 1265 hominum
917 1207 1271 1278 ignorantium
1302 1208 1488 1267 Deum.
1523 1222 1588 1262 ex
1620 1206 1703 1261 his

122 1300 237 1350 qua:
268 1287 323 1338 in
350 1284 568 1337 civitate
599 1291 850 1351 operatus
878 1290 979 1344 εει,
1000 1295 1237 1351 magnus
1271 1280 1535 1351 apparuit.
1562 1278 1702 1351 Item

121 1349 379 1425 legendus
410 1364 487 1408 est
518 1354 581 1406 ad
612 1349 967 1423 Apocalypsin
991 1350 1231 1419 Joannis,
1260 1350 1423 1421 ﬁgura
1454 1349 1703 1405 Ecclesiae

119 1427 170 1481 in
198 1425 501 1481 Jerusalem
532 1425 740 1479 futurae.

734 1530 1080 1570 EXPLANATIO.

188 1608 437 1661 Secunda
468 1607 677 1661 Sabbati
728 1616 801 1662 est
830 1608 1052 1660 secunda
1081 1606 1186 1660 dies
1231 1623 1262 1660 a
1305 1606 1549 1668 Sabbato,
1592 1623 1703 1676 qua:

118 1695 248 1731 nunc
279 1680 508 1731 secunda
537 1680 667 1744 feria
709 1687 937 1740 vocatur,
968 1679 1020 1731 in
1065 1694 1163 1745 qua
1189 1676 1293 1739 die,
1326 1678 1454 1730 sicut
1492 1676 1702 1733 Genesis

118 1760 320 1811 narrat,
355 1750 473 1817 fecit
507 1748 638 1801 Deus
667 1749 1044 1815 ﬁrmamentum
1076 1750 1128 1801 in
1158 1750 1323 1801 medio
1352 1764 1619 1817 aquarum,
1654 1758 1703 1803 et

117 1821 308 1873 vocavit
340 1819 471 1872 illud
490 1819 691 1882 coelum,
717 1820 803 1872 ubi
824 1828 1015 1873 sanctae
1038 1817 1279 1873 Ecclesia:
1301 1819 1546 1871 celsitudo
1566 1837 1702 1888 prte-

124 1892 404 1960 ﬁguratur,
429 1906 542 1956 qua:
562 1892 695 1942 velut
716 1892 847 1942 inter
868 1890 1137 1959 inferiores
1162 1899 1209 1942 et
1230 1890 1513 1956 superiores
1546 1907 1705 1959 aquas

121 1977 385 2027 suspensa,
435 1961 649 2029 inferior
696 1961 899 2027 quidem
958 1962 1203 2028 angelica:
1248 1960 1567 2025 sublimitati,
1594 1964 1709 2027 {sed

122 2033 399 2085 mundana:
446 2041 517 2084 est
567 2033 945 2086 conversatione
991 2031 1279 2084 sublimior.
1322 2030 1468 2085 Sicut
1509 2048 1627 2101 ergo
1656 2035 1709 2088 in

121 2103 358 2156 vicesimo
408 2102 551 2155 tertio
593 2104 790 2173 psalmo
836 2103 998 2173 prima
1040 2101 1274 2169 Sabbati,
1323 2118 1421 2167 qua
1460 2102 1599 2170 facta
1634 2114 1709 2159 est

121 2175 229 2237 lux,
268 2173 689 2227 resurrectionem
729 2171 939 2226 Domini
972 2182 1330 2240 prwmonstrat
1372 2188 1482 2226 esse
1518 2190 1705 2229 canen-

121 2244 259 2308 dum,
294 2247 367 2297 sic
404 2252 450 2297 et
484 2246 535 2296 in
581 2245 815 2313 praesenti
855 2246 1079 2297 secunda
1109 2242 1341 2307 Sabbati,
1375 2245 1709 2313 quaifactum

121 2325 191 2369 est
221 2312 622 2384 firmamentum,
665 2313 913 2367 Ecclesite
955 2314 1152 2367 culmen
1204 2314 1439 2367 ostendit.
1474 2312 1570 2368 Cui
1611 2318 1708 2384 ﬁlii

125 2384 275 2451 Core,
297 2387 351 2438 id
374 2394 467 2455 cst,
491 2382 778 2438 Dominica:
799 2384 1049 2455 passionis
1066 2387 1222 2455 hujus
1245 2386 1429 2438 cantici
1450 2382 1708 2453 psalmum

122 2469 384 2511 resonant.
427 2454 494 2509 ln
538 2457 701 2525 prima
740 2454 990 2522 positione
1030 2454 1205 2508 laudes
1239 2455 1461 2508 Domino
1507 2458 1702 2525 dicunt,

124 2528 258 2594 quod
289 2526 575 2580 Ecclesiam
611 2542 759 2580 suam
798 2527 1037 2598 dilatansq
1059 2527 1253 2598 cunctis
1293 2536 1539 2598 terrarum
1575 2531 1709 2598 regi-

128 2598 217 2651 bus
267 2598 547 2667 potentiam
592 2614 737 2669 suam
785 2596 1079 2669 ostenderit.
1134 2594 1200 2649 In
1248 2597 1471 2650 secunda
1517 2594 1708 2669 gratias

124 2678 283 2738 agunt
326 2668 387 2721 de
431 2670 651 2722 adventu
697 2668 1000 2732 Saluatoris,
1052 2678 1421 2721 commonentes
1458 2668 1707 2725 antistites

125 2741 328 2807 futuros
380 2748 435 2791 ut
484 2739 678 2809 gradus
724 2740 777 2792 in
820 2738 1050 2792 Ecclesia
1094 2738 1424 2811 distribuant,
1464 2756 1554 2807 per
1580 2758 1709 2811 quos

127 2811 367 2865 Salvator
397 2812 553 2876 possit
578 2811 805 2880 agnosci,
838 2811 928 2878 qui
958 2809 1175 2879 famulos
1206 2826 1325 2865 suos
1365 2818 1556 2865 aeterna
1584 2809 1706 2881 pro-

128 2883 344 2935 tectione
372 2883 609 2934 custodit.

702 2988 1125 3031 COMMENTARIUS.

199 3066 426 3137 Magnus
451 3064 705 3121 Dominus
734 3076 781 3122 et
805 3068 1097 3123 laudabilis.
1144 3068 1399 3125 Dominus
1438 3070 1577 3126 Deus
1608 3086 1706 3127 tio-

129 3147 240 3192 ster
265 3152 361 3206 per
387 3137 780 3193 distinctionem
832 3154 1054 3207 operum
1101 3154 1320 3195 suorum
1366 3141 1507 3195 aliud
1552 3142 1704 3198 nobis

125 3209 566 3282 innotuit,_quam
595 3209 707 3278 ipsa
737 3209 1049 3282 simpliciter
1076 3226 1261 3275 opera.
1307 3211 1520 3282 Legitur
1560 3214 1702 3269 enim

125 3279 177 3332 in
216 3278 721 3351 libroGenesissex
752 3278 938 3335 diebus
967 3281 1274 3337 distinxisse
1301 3278 1462 3351 opera
1488 3299 1603 3337 sua.
1638 3284 1706 3341 Et

125 3352 298 3419 prima
341 3349 429 3403 die
455 3349 582 3403 fecit
613 3350 804 3415 lucem,
838 3361 891 3405 et
917 3351 1096 3407 divisit
1122 3368 1238 3408 eam
1270 3370 1301 3406 a
1328 3349 1576 3409 tenebris.
1603 3354 1705 3411 Per

127 3421 269 3494 quod
300 3435 401 3475 nos
418 3420 573 3494 aliud
594 3437 751 3490 quam
779 3423 919 3494 quod
950 3421 1145 3479 factum
1174 3432 1255 3479 est
1282 3426 1577 3494 intelligere
1606 3440 1701 3480 vo-

128 3492 251 3565 luit;
289 3506 383 3559 per
415 3492 586 3565 lucem
617 3496 813 3562 quippe
838 3492 1005 3561 prima
1033 3495 1122 3550 die
1153 3495 1366 3559 factam,
1398 3492 1702 3565 intelligen-

127 3563 252 3632 dum
284 3572 365 3617 cst
394 3562 535 3630 quod
563 3578 659 3632 per
680 3565 1129 3621 resurrectionem
1156 3566 1365 3620 Domini
1388 3562 1705 3625 nostridesu

127 3631 331 3705 Christi
372 3631 703 3705 lactanobis
731 3635 819 3689 lux
850 3643 954 3701 est,
1001 3638 1120 3705 quia
1152 3637 1304 3691 datus
1343 3647 1425 3693 est
1456 3638 1608 3693 nobis
1638 3640 1705 3696 de

128 3703 367 3759 tenebris
409 3704 474 3757 ad
521 3704 714 3771 lucem,
749 3706 817 3761 de
854 3703 1031 3760 morte
1052 3708 1119 3761 ad
1146 3708 1305 3761 vitam
1342 3710 1561 3763 reditus.
1604 3711 1707 3765 Per

127 3774 374 3830 eamdem
419 3784 596 3830 autem
643 3776 836 3844 lucem,
869 3792 900 3831 a
941 3778 1175 3832 tenebris
1226 3778 1469 3840 divisam,
1513 3782 1706 3836 intelli-

124 3844 297 3918 genda
328 3854 412 3918 est
436 3848 702 3915 separatio
730 3848 967 3902 ﬁdelium
1006 3857 1061 3902 et
1094 3849 1407 3903 inlidelium.
1435 3850 1535 3918 Qui
1561 3854 1705 3909 enim

125 3917 367 3994 credunt
396 3916 449 3970 in
490 3926 714 3994 mortem
743 3920 1050 3994 Cliristi,_et
1077 3919 1192 3990 ejus
1236 3916 1702 3994 resurrectionem,

125 3996 177 4041 et
202 3988 426 4051 similia,
456 3997 580 4043 sunt
610 3992 700 4059 lux
729 4005 757 4042 a
791 3989 1021 4044 tenebris
1062 3988 1327 4059 separata.
1362 3993 1495 4059 Quia
1531 3994 1597 4048 de
1622 3988 1707 4050 his

126 4059 261 4130 dicit
282 4059 571 4130 Apostolus
606 4076 618 4111 :
652 4058 848 4115 Fuistis
883 4058 1157 4130 aliquando
1191 4058 1422 4129 tenebras,
1448 4080 1582 4117 nunc
1605 4082 1704 4119 au-

127 4141 221 4182 tem
243 4129 341 4203 lux
368 4130 422 4182 in
449 4127 705 4203 Domino.
727 4127 1129 4203 lninlidelitale
1156 4147 1282 4187 vero
1311 4127 1705 4203 permanentes,

130 4200 368 4254 tenebrae
396 4209 539 4273 sunt.
572 4201 640 4255 Et
663 4201 744 4273 de
791 4202 891 4257 hoc
938 4205 1152 4273 negotio
1178 4204 1363 4273 primm
1390 4204 1495 4260 diei
1520 4200 1707 4262 habui;

129 4285 249 4346 mus
282 4271 534 4346 superius
560 4272 824 4346 psalmum
864 4271 1237 4346 quenidamrin
1268 4276 1438 4344 prima
1467 4276 1704 4346 Sabbati,

128 4341 334 4417 scilicet
364 4340 580 4417 Domini
598 4351 671 4397 est
702 4352 835 4417 terra
863 4340 907 4398 et
935 4345 1195 4417 plenitudo
1224 4340 1357 4417 ej'us,
1386 4349 1520 4401 orbis
1547 4340 1708 4402 terra;

128 4428 263 4464 rum.
301 4410 357 4464 In
384 4412 619 4466 secunda
646 4429 775 4470 vero
802 4415 889 4469 die
925 4410 1165 4480 Sabbati,
1202 4410 1262 4471 id
1284 4410 1387 4481 est,
1422 4420 1472 4472 in
1502 4418 1587 4472 die
1618 4437 1705 4474 se-

129 4483 301 4536 cunda
334 4481 459 4536 fecit
490 4483 627 4538 Deus
658 4484 1073 4551 ﬁrmamentum,
1105 4498 1159 4540 et
1205 4488 1460 4542 stabilivit
1499 4490 1625 4544 illud
1654 4494 1705 4545 in

129 4554 309 4628 medio
327 4568 617 4628 aquarum,
654 4530 747 4624 per
945 4530 1379 4613 .lirn’ia‘ineiitiiiii.
1736 4530 1787 4591 Β

132 4624 396 4699 Ecclesia,
435 4638 629 4699 corpus
650 4624 1036 4699 illius‘eapitis,
1068 4628 1135 4682 de
1161 4645 1265 4697 quo
1306 4624 1541 4697 psalmus
1569 4647 1705 4699 pra:-

128 4696 332 4771 cedens
361 4696 416 4771 i_n
439 4698 609 4771 prima
643 4697 858 4752 Sabbati
891 4700 1143 4767 loquitur.
1169 4696 1707 4771 Qusc’Ect-lesia'pro-

132 4767 250 4838 prie
280 4767 544 4838 accipitur
573 4768 623 4821 in
655 4772 875 4836 sanctis,
904 4772 993 4838 qui
1036 4784 1139 4823 non
1172 4771 1323 4825 facile
1367 4772 1559 4826 cedunt
1582 4767 1708 4826 'tcn-

132 4836 427 4891 tationibus
478 4837 636 4904 hujus
688 4841 892 4894 surculi.
921 4836 1060 4895 'Soli
1110 4844 1253 4895 enim
1302 4844 1629 4897 corroborati
1662 4848 1711 4900 in

136 4908 263 4987 ﬁde,
296 4918 366 4987 et
383 4908 585 4962 fundati
634 4910 687 4987 in
726 4912 1010 4987 charitate,
1043 4912 1202 4987 digne
1241 4915 1578 4982 appellantur
1616 4932 1713 4987 no-

136 4978 283 5053 mine
320 4978 676 5053 ﬁrmamenti.
726 4982 799 5035 De
846 4984 1036 5050 quibus
1068 4978 1193 5038 dicit
1236 4978 1563 5053 Apostolus:
1601 4986 1711 5041 Nos

133 5050 272 5126 [irini
312 5050 631 5126 inﬁrmorum
679 5054 1027 5126 inﬁrmitatem
1074 5050 1323 5126 sustinere
1371 5067 1586 5126 oportet.
1636 5058 1712 5115 De

138 5119 382 5193 Ecclesia
425 5135 633 5188 quoque
677 5124 799 5177 alibi
846 5126 972 5179 dicit
1010 5143 1025 5181 :
1070 5125 1299 5180 Ecclesia
1346 5119 1441 5180 Dei
1478 5129 1593 5193 vivi,
1623 5146 1711 5182 co-

137 5192 395 5271 lumna_et
421 5194 799 5271 ﬁrmamentum
828 5199 1066 5271 veritatis.
1100 5198 1168 5251 Et
1205 5207 1371 5251 totutn
1392 5192 1619 5267 ‘tetnpns
1649 5203 1714 5255 ab

135 5263 457 5341 ascensione
502 5263 706 5318 Domini
758 5280 923 5335 usque
967 5268 1035 5321 ad
1091 5263 1715 5341 Communemomnium

135 5340 588 5389 resurrectionem
642 5345 818 5404 potest
865 5342 1041 5393 vocari
1089 5341 1320 5395 secunda
1370 5340 1605 5393 Sabbali.
1657 5343 1713 5396 ln

133 5419 240 5473 quo
272 5415 514 5481 tempore
541 5421 638 5481 per
668 5410 939 5475 apostolos
959 5419 1011 5465 et
1041 5426 1316 5481 prtIBClllleS
1345 5423 1557 5466 sanctos
1589 5425 1715 5466 con-

135 5476 377 5530 sntuitur
404 5474 505 5530 hoc
533 5474 946 5543 ﬁrmamentum,
981 5474 1169 5545 id'cst,
1209 5481 1466 5545 Ecclesia,
1498 5490 1551 5534 ct
1581 5497 1713 5536 con-

136 5548 402 5600 solidatur
430 5549 483 5622 in
514 5549 690 5622 medio
717 5566 992 5620 aquarum,
1027 5553 1080 5607 id
1109 5562 1209 5619 est,
1262 5556 1544 5619 malorum,
1585 5568 1716 5622 quo-

134 5633 253 5672 rum
287 5618 643 5675 amaritudine
671 5618 1030 5677 circumdatur
1072 5618 1322 5693 undique.
1369 5622 1443 5677 De
1489 5618 1715 5677 huc'ﬁr-

136 5700 413 5765 rnamenta
464 5705 571 5765 non
602 5693 955 5765 signiﬁcante,
986 5696 1080 5750 sed
1111 5694 1427 5765 signiﬁcato,
1462 5696 1633 5763 agitur
1663 5696 1715 5750 in

134 5762 238 5814 hoc
270 5760 505 5817 Psalmo.
534 5760 695 5832 Cujus
723 5766 903 5820 titulus
933 5760 1013 5821 est
1046 5785 1059 5819 :
1089 5760 1326 5822 Secunda
1356 5760 1569 5818 Sabbati
1603 5766 1714 5819 laus

129 5834 322 5887 cantici
368 5834 493 5903 ﬁliis
532 5833 676 5892 Core.
728 5836 879 5903 Quod
921 5838 1021 5911 sic,
1047 5838 1354 5907 intelligitur
1390 5855 1401 5891 ;
1431 5836 1571 5893 Laus
1616 5840 1713 5894 ista

1730 3179 1778 3245 C

1808 524 2039 577 secunda
2072 524 2312 591 Sabbati,
2342 525 2394 578 id
2416 533 2518 590 est,
2546 528 2612 578 de
2638 522 2794 578 rebus
2824 522 3137 593 signiﬁcatis
3165 538 3261 592 per
3291 540 3378 581 res

1808 602 2016 649 creatas
2066 594 2119 647 in
2168 594 2400 649 secunda
2450 594 2690 658 Sabbati,
2738 594 3044 663 propositus
3092 594 3213 648 ﬁliis
3242 593 3380 651 Core

1807 664 2020 729 futuris,
2070 665 2133 718 id
2160 674 2261 731 est,
2304 666 2550 720 omnibus
2579 666 2878 735 quicunque
2918 665 3213 720 imitatores
3252 680 3376 734 pas-

1806 736 1972 808 sionis
2002 735 2194 808 Christi
2221 750 2341 791 esse
2365 737 2647 808 voluerint,
2678 745 2735 790 ut
2765 737 2933 808 magis
2958 744 3013 792 et
3054 736 3222 805 magis
3251 750 3377 808 pro-

1807 804 2007 861 ﬁciant.
2041 807 2103 860 Et
2142 816 2225 861 est
2252 822 2353 862 vox
2384 807 2677 875 prophetat.
2710 808 2788 861 vel
2839 804 3098 876 cujusque
3148 804 3373 875 perfecti

1806 876 1874 930 de
1905 878 2063 944 priori
2107 878 2315 947 populo,
2351 879 2717 946 cognoscentis
2752 893 2843 945 per
2880 879 3132 947 Spiritum
3172 877 3373 932 consti-

1808 950 2058 1001 tuendam
2086 964 2207 1003 essc
2241 948 2554 1016 Ecclesiam,
2585 959 2637 1003 ει
2666 950 2998 1004 exhortantis
3027 962 3144 1013 nos,
3176 963 3243 1003 ne
3280 962 3377 1003 nos

1807 1019 2202 1082 subtrahamus,
2252 1020 2378 1083 imo,
2427 1020 2599 1088 quoad
2629 1034 2931 1088 possumus,
2964 1020 3018 1074 iti
3061 1020 3161 1074 hoc
3204 1019 3375 1073 aediﬁ-

1806 1088 1945 1159 cium
1978 1090 2179 1158 ingredi
2210 1090 2459 1155 nitamur,
2491 1103 2546 1145 ut
2574 1090 2677 1143 vivi
2726 1090 2960 1159 lapides,
3005 1090 3049 1144 si
3089 1106 3192 1144 non
3239 1106 3373 1159 qua-

1807 1158 1968 1225 drati,
1997 1162 2185 1215 saltem
2215 1163 2610 1231 qualescunque
2636 1163 2688 1215 in
2716 1158 2789 1215 eo
2805 1162 3011 1217 ﬁamus.
3043 1158 3379 1229 Quapropter

1808 1230 2104 1299 ingreditur
2149 1230 2526 1287 commendare
2571 1233 2670 1285 hoc
2700 1231 3008 1299 azdiﬁcium,
3048 1232 3230 1286 dicens
3262 1235 3330 1285 ita
3363 1251 3377 1285 :

1806 1300 2056 1355 Dominus
2085 1301 2240 1357 Pater
2268 1303 2474 1357 iuturus
2501 1312 2583 1358 est
2612 1319 2845 1372 magnus,
2870 1303 2919 1355 id
2943 1313 3046 1364 est.
3071 1302 3381 1370 magniﬁcus

1806 1387 1902 1443 per
1950 1374 2086 1427 bona
2131 1388 2323 1443 opera,
2366 1391 2470 1429 non
2507 1374 2559 1428 in
2605 1374 2917 1443 Babylonia,
2954 1373 3049 1428 sed
3088 1374 3141 1424 in
3183 1374 3381 1426 civitate

1806 1441 1905 1495 Dei
1932 1444 2111 1498 nostri.
2154 1441 2433 1500 Civitatem
2484 1446 2571 1500 hic
2614 1441 2805 1511 accipit
2834 1444 3201 1499 collectionem
3248 1444 3380 1498 lide-

1808 1513 1955 1578 lium,
1986 1514 2036 1568 id
2064 1522 2163 1579 est,
2199 1515 2515 1582 Ecclesiam,
2548 1531 2665 1585 qua:
2694 1524 2774 1570 est
2812 1516 2999 1569 civitas
3043 1514 3137 1568 Dei
3187 1515 3380 1585 nosui,

1806 1598 1902 1655 per
1929 1592 2161 1639 nostram
2186 1594 2428 1640 naturam
2451 1582 2715 1651 sum—plani
2739 1586 2885 1652 lacti,
2911 1587 3032 1655 quia
3058 1587 3287 1651 pertinet
3313 1584 3381 1640 ad
3456 1582 3461 1587 ’

1808 1654 2039 1709 Verbum
2075 1655 2426 1711 incarnatum.
2450 1656 2518 1709 Et
2545 1656 2801 1712 Dominus
2831 1654 2991 1711 etiam
3041 1655 3250 1709 futurus
3292 1662 3377 1708 est

1808 1726 1975 1789 nimis,
2004 1725 2057 1779 id
2103 1736 2203 1793 est,
2236 1727 2389 1782 valde
2422 1728 2714 1793 laudabilis,
2746 1743 2868 1782 cum
2913 1741 3014 1781 nec
3057 1725 3378 1793 cogitatione

1808 1798 2127 1870 apostatabit
2170 1799 2222 1851 in
2249 1808 2434 1870 monte
2460 1809 2633 1853 sancto
2657 1802 2789 1870 ejus,
2818 1799 2870 1853 id
2910 1806 3013 1863 εει,
3050 1797 3101 1851 in
3142 1796 3376 1861 Christo,

1808 1868 1897 1934 qui
1928 1876 2089 1935 caput
2117 1877 2198 1921 est
2245 1869 2401 1936 hujus
2444 1868 2694 1925 civitatis.
2742 1871 2805 1923 Et
2842 1878 2924 1922 est
2972 1881 3123 1921 mons
3167 1875 3384 1921 sanctus

1808 1938 2112 1994 conscissus
2141 1939 2209 1993 de
2234 1948 2434 2004 monte,
2461 1939 2512 1993 id
2540 1952 2643 2005 εει,
2674 1950 2827 1994 natus
2850 1940 2916 1994 de
2942 1937 3163 1993 Judaico
3191 1939 3384 2005 populo

1808 2009 1924 2062 sine
1975 2008 2221 2063 manibus
2267 2011 2688 2077 concidentium,
2730 2010 2784 2064 id
2831 2020 2935 2076 est,
2986 2009 3102 2063 sine
3138 2008 3385 2062 manibus

1808 2078 2293 2148 complectentium.
2326 2082 2488 2135 Maria
2529 2082 2692 2147 enim,
2735 2081 2801 2136 de
2829 2096 2931 2149 qua
2958 2087 3244 2149 natusiest,
3276 2092 3385 2131 non

1809 2152 2057 2216 cognovit
2094 2151 2296 2217 virum;
2331 2152 2416 2207 hic
2437 2160 2612 2207 autem
2645 2167 2798 2206 mons
2828 2148 2996 2206 crevit
3022 2158 3077 2203 ct
3103 2148 3276 2203 lactus
3299 2154 3382 2202 est

1810 2234 2032 2288 magnus
2081 2237 2251 2287 mons,
2305 2231 2358 2277 et
2404 2223 2640 2288 implevit
2679 2223 2979 2277 universam
3021 2229 3236 2275 terram.
3266 2217 3381 2273 Non

1808 2291 1883 2345 sis
1908 2305 2035 2359 ergo
2067 2292 2211 2361 piger
2235 2293 2526 2349 ascendere
2555 2296 2609 2347 in
2644 2294 2786 2348 hunc
2815 2303 3072 2359 montem,
3098 2292 3225 2361 quia
3267 2289 3382 2356 ipse

1810 2376 1912 2414 non
1946 2361 2046 2416 fuit
2076 2360 2257 2417 tardus
2284 2364 2465 2418 venire
2506 2363 2573 2418 ad
2601 2375 2653 2418 te
2680 2363 3057 2419 dormientem.
3089 2360 3203 2414 Non
3235 2362 3379 2414 ettim

1807 2443 2017 2499 oportet
2044 2441 2096 2488 te
2123 2433 2388 2499 laborare,
2411 2435 2495 2489 vel
2524 2434 2869 2503 peregrinari,
2898 2446 2952 2487 ut
2983 2436 3123 2487 hunc
3144 2439 3382 2503 montem

1809 2502 2074 2570 invenias,
2105 2504 2199 2559 sed
2221 2504 2267 2559 si
2292 2506 2433 2560 hunc
2458 2501 2692 2560 mentem
2726 2521 2829 2559 non
2858 2504 3123 2569 ascendis,
3147 2509 3203 2557 ει
3232 2501 3286 2557 in
3312 2512 3380 2557 eo

1808 2589 1928 2646 non
1942 2574 2176 2642 proﬁcis,
2207 2586 2328 2630 tunc
2357 2590 2484 2631 vero
2508 2578 2816 2646 peregrinus
2844 2577 2970 2633 eris.

1879 2643 2154 2699 Fundatur
2182 2643 2535 2701 exsultatione.
2579 2643 2693 2700 Duo
2724 2649 2921 2716 posuit,
2947 2646 3236 2713 civitatem,
3265 2643 3374 2698 sci-

1810 2715 1953 2787 licet,
1989 2726 2043 2771 et
2082 2727 2316 2772 montem
2345 2726 2587 2772 sanctum
2614 2718 2750 2787 ejus.
2795 2718 2951 2772 Modo
2993 2716 3219 2787 primum
3263 2720 3384 2787 aget

1808 2786 1875 2858 de
1900 2787 2135 2853 civitate,
2178 2790 2460 2857 postmodo
2505 2783 2739 2858 aget'de
2787 2783 3010 2855 monte,—
3034 2786 3218 2841 dicens
3262 2783 3382 2839 ita:

1808 2854 1991 2933 Civitas
2017 2860 2148 2927 regis
2170 2854 2368 2933 inagni.
2392 2854 2565 2929 Cujus
2581 2860 2703 2933 quia
2732 2854 3382 2933 magnusmagnam-con-

1809 2926 1963 2983 decet
1988 2926 2107 2985 esse
2136 2926 2432 2995 civitatem,
2458 2926 2704 2998 fundatur
2730 2932 2796 2985 ab
2817 2926 3171 2991 exsultatione,
3200 2926 3252 2979 id
3276 2935 3381 2992 est,

1809 2999 1876 3051 ab
1904 3000 2347 3055 exsultationibus
2376 3002 2619 3055 universa:
2649 3009 2815 3055 teme.
2860 3000 3047 3055 Nullus
3088 3000 3229 3054 enim
3257 3010 3383 3051 vero

1809 3072 2065 3136 exsultat,
2092 3072 2191 3125 nisi
2218 3073 2305 3139 qni
2334 3073 2386 3125 in
2411 3072 2519 3126 Deo
2541 3072 2787 3127 exsultat.
2813 3071 2879 3125 Et
2901 3070 3146 3139 ostendit,
3162 3069 3261 3121 hoc
3287 3082 3384 3139 per

1806 3152 2007 3264 partes,
2050 3136 2271 3206 scilicet,
2303 3143 2424 3211 quia
2471 3158 2616 3196 mons
2656 3142 2804 3205 Sion,
2835 3142 2887 3196 id
2928 3151 3033 3207 est,
3062 3138 3276 3209 quidam
3319 3136 3388 3193 de

1843 3210 2027 3264 udzeis.
2060 3214 2149 3264 aui
2172 3213 2418 3264 dicuntur
2442 3230 2585 3264 mons
2615 3211 2764 3264 Sion.
2796 3212 2847 3264 id
2897 3222 3001 3264 est.
3032 3226 3172 3264 mons
3202 3224 3383 3264 saecu-

1843 3210 2027 3277 udaeis,
2060 3214 2149 3282 qui
2172 3210 2418 3266 dicuntur
2442 3230 2585 3266 mons
2615 3211 2764 3277 Sion,
2796 3212 2847 3266 id
2897 3222 3001 3275 est,
3032 3226 3172 3264 mons
3202 3224 3383 3282 specu-

1809 3280 2035 3349 lalionis,
2077 3278 2298 3351 propter
2344 3284 2591 3353 legalium
2641 3282 3053 3347 observantiam,
3103 3278 3383 3353 s_unt_civi-

1809 3358 1884 3405 tas
1928 3355 2058 3422 regis
2087 3349 2299 3422 magni,
2343 3349 2464 3423 quia
2508 3354 2643 3408 alter
2688 3355 2860 3421 paries
2908 3362 3063 3423 sunt.
3108 3349 3176 3405 Et
3214 3350 3385 3423 latera

1809 3421 2072 3491 Aquilonis
2120 3421 2245 3479 sunt
2283 3421 2441 3478 etiam
2494 3425 2687 3495 civitas,
2718 3425 2850 3495 regis
2899 3422 3090 3495 magni,
3138 3421 3259 3495 quia
3307 3421 3384 3495 al-

1810 3490 1889 3547 ter
1918 3497 2090 3561 paries
2124 3505 2264 3549 sunt.
2321 3494 2504 3548 Latera
2549 3490 2800 3563 aquilonis
2840 3503 2965 3548 sunt
2994 3490 3253 3546 homines
3293 3490 3387 3545 de-

1807 3567 2157 3632 speratissimi
2208 3566 2273 3619 de
2322 3567 2567 3633 gentibus
2614 3565 2703 3634 qui
2758 3568 2991 3620 maxime
3044 3563 3387 3634 adhaeserunt

1808 3636 2056 3705 Aquiloni
2084 3638 2156 3691 illi
2183 3638 2269 3705 qui
2300 3637 2432 3689 dixit
2460 3654 2471 3688 :
2506 3633 2705 3688 Ponant
2734 3636 2900 3689 sedem
2932 3651 3096 3688 meam
3126 3633 3193 3685 ad
3224 3633 3384 3699 Aqui-

1809 3704 1996 3773 lonem,
2028 3717 2076 3761 et
2100 3724 2185 3760 ero
2204 3704 2393 3761 similis
2421 3708 2698 3760 Altissimo.
2744 3706 2799 3760 III
2828 3706 3021 3775 quibus
3049 3707 3165 3774 quia
3202 3718 3381 3774 super-

1807 3776 2083 3833 abundavit
2110 3779 2372 3846 iniquitas,
2403 3778 2606 3848 refrixit
2636 3777 2883 3842 charitas,
2916 3778 3056 3846 quod
3106 3786 3254 3831 recte
3294 3788 3387 3848 per

1809 3848 2123 3918 Aquilonem
2175 3846 2503 3919 intelligitur.
2556 3849 2749 3917 Aquilo
2802 3863 3032 3917 namque
3082 3846 3387 3919 contrarius

1808 3916 1997 3973 ventus
2038 3920 2222 3974 calida:
2264 3916 2429 3989 plaga:
2478 3916 2810 3974 meridionali
2858 3916 2959 3982 est,
2992 3916 3387 3989 quiafl'rigidus

1809 4000 1912 4043 est.
1947 3990 2014 4044 Et
2042 3991 2165 4046 ideo
2194 3991 2244 4044 in
2274 3988 2535 4060 Aquilone
2564 3991 2806 4045 diabolus
2835 4000 2887 4044 et
2914 4004 3099 4044 omnes
3130 3988 3301 4055 frigidi
3335 3988 3385 4039 in

1810 4060 2070 4134 cltaritate
2110 4062 2496 4131 intelliguntur,
2528 4064 2615 4129 qui
2660 4060 2856 4114 sanctis
2883 4060 3053 4134 viris,
3085 4060 3171 4125 qui
3205 4071 3385 4134 verum

1809 4133 1977 4187 solem
2004 4132 2225 4202 justitia:
2270 4127 2485 4200 semper
2530 4127 2847 4200 praesentem
2882 4130 3096 4193 habent,
3130 4127 3385 4202 contrarii

1809 4212 1952 4257 sunt.
1989 4195 2064 4258 De
2094 4204 2176 4258 his
2203 4204 2364 4257 etiam
2390 4195 2510 4256 'fuit
2531 4195 2686 4255 'liltus
2733 4202 2822 4255 ille
2847 4202 2955 4269 qui,
2983 4202 3222 4252 devorata
3274 4195 3390 4269 sub-

1808 4276 1998 4329 stantia
2023 4291 2114 4327 sua
2145 4290 2261 4326 cum
2290 4271 2653 4336 meretricibus,
2698 4272 2822 4323 abiit
2863 4268 2916 4323 in
2960 4271 3211 4339 regionem
3237 4268 3390 4320 dissi-

1810 4346 2148 4411 militudinis,
2201 4354 2247 4398 et
2292 4342 2511 4397 adlttesit
2558 4344 2656 4395 uni.
2693 4344 2909 4411 principi
2954 4341 3095 4395 illius
3140 4340 3383 4409 regionis,

1809 4416 2080 4489 Aquiloni,
2124 4414 2358 4489 scilicet;
2391 4416 2479 4489 sed
2530 4412 2747 4489 tandem
2775 4428 3001 4489 reversus
3050 4413 3231 4489 ad__se,
3264 4411 3386 4489 quia

1810 4481 1967 4541 etiam
2018 4486 2255 4540 Ecclesia
2300 4485 2368 4538 de
2412 4484 2857 4553 desperatissimis
2908 4492 2961 4538 et
3015 4481 3383 4551 perditissimis

1812 4556 2174 4611 constituenda
2221 4564 2355 4621 erat,
2383 4555 2513 4609 dixit
2545 4572 2557 4607 :
2594 4554 2837 4625 Surgam,
2883 4564 2929 4607 et
2959 4556 3038 4607 ibo
3078 4553 3147 4605 ad
3185 4560 3380 4625 patrem

1814 4644 1997 4694 meum,
2030 4637 2133 4682 etc.
2169 4628 2304 4680 Ecce
2337 4627 2589 4680 redeunte
2618 4622 2740 4691 isto,
2763 4622 2868 4679 duo
2896 4625 3096 4694 populi,
3126 4622 3379 4694 eeceduo

1814 4693 2041 4767 parietes
2090 4699 2361 4753 Ecclesiae.
2414 4696 2514 4751 Per
2565 4698 2709 4749 illum
2758 4693 2906 4751 enim
2944 4697 3032 4766 qui
3077 4693 3381 4757 revertitur,

1813 4770 2025 4839 gentilis
2077 4769 2317 4839 populus
2347 4768 2676 4839 intelligitur,
2713 4770 2815 4839 qui
2843 4768 2975 4839 adeo
3016 4780 3047 4819 a
3080 4774 3379 4839 _patre___suo

1816 4834 2325 4910 'r'ecessera'tfquod
2368 4834 2541 4894 etiam'
2572 4834 3029 4913 idola—adorabat.
3080 4834 3180 4913 Per
3235 4834 3383 4913 illum

1819 4928 1941 4965 vero
1969 4914 2057 4981 qui
2084 4904 2215 4965 cuni
2238 4922 2386 4979 patre
2433 4909 2647 4981 mansit,
2680 4906 3201 4981 ludaicus__populus
3242 4904 3383 4981 desi-

1817 4975 2029 5053 gnatur,
2063 4975 2405 5053 perseverans
2437 4980 2774 5053 iniustitutis
2803 4977 3076 5053 legalibus,
3106 4990 3167 5030 es
3192 4975 3388 5053 quibus

1820 5046 2023 5107 duobus
2048 5046 2333 5107 constituta
2363 5060 2445 5106 est
2476 5052 2732 5115 Ecclesia,
2759 5058 2811 5102 ct
2830 5065 2973 5100 mons
2996 5048 3122 5100 Sion
3149 5058 3201 5099 et
3225 5046 3385 5097 latera

1819 5124 2082 5191 Aquilonis
2125 5133 2248 5177 sunt
2296 5123 2469 5175 civitas
2508 5123 2639 5189 regis
2687 5121 2875 5191 magni.
2926 5118 3139 5191 Habent
3170 5116 3382 5191 quidam

1821 5186 1957 5257 libri,
1986 5195 2177 5249 Montis
2203 5195 2353 5258 Sion,
2379 5194 2517 5262 quod
2543 5186 2619 5247 sic
2642 5186 2967 5246 consiruitur
2996 5208 3009 5244 :
3042 5186 3384 5262 civitas_l_‘un-

1818 5255 1970 5319 datur
2002 5267 2067 5319 ab
2096 5255 2445 5319 exsultatione
2497 5268 2755 5317 universa:
2803 5271 2979 5324 terras,
3009 5259 3202 5311 montis
3231 5255 3384 5323 Sion,

1820 5339 1871 5391 id
1903 5347 2005 5403 εει,
2037 5337 2103 5391 ab
2142 5338 2225 5389 his
2253 5337 2339 5403 qui
2386 5336 2450 5388 de
2491 5334 2689 5387 iudicis
2716 5334 2959 5403 conversi
3004 5330 3290 5403 exsultant.
3321 5328 3387 5381 Et

1820 5408 1937 5461 ideo
1964 5398 2108 5475 ponit
2133 5398 2373 5460 universa'
2404 5416 2567 5471 terrtv,
2601 5418 2720 5475 cum
2759 5404 2827 5455 de
2856 5399 2979 5475 solis
3014 5398 3212 5475 Judteis
3242 5407 3383 5475 agat,

1820 5493 1939 5545 quia
1964 5471 2108 5531 inter
2140 5481 2281 5545 ipsos
2310 5477 2521 5529 Judreos
2562 5472 2803 5543 quxdam
2827 5471 3012 5545 tribus
3052 5471 3383 5545 desperatis-

1819 5540 1966 5604 s'itnm
1996 5540 2171 5615 erant,
2206 5559 2259 5601 ut
2290 5548 2454 5600 tribus
2482 5540 2775 5613 Benjatuin,
2807 5543 2873 5597 de
2912 5556 3012 5611 qua
3050 5540 3150 5596 fuit
3196 5542 3387 5598 Saulus

1820 5634 1871 5675 et
1901 5634 2086 5674 omnes
2117 5620 2379 5686 principes
2407 5618 2546 5670 illius
2572 5615 2769 5684 populi.

1894 5689 2027 5744 Dens
2071 5683 2127 5743 in
2161 5691 2412 5743 domibus.
2464 5683 2634 5755 Mons,
2679 5687 2912 5754 inquam,
2946 5683 3076 5741 Sion
3119 5694 3175 5741 et
3231 5685 3389 5739 latera

1820 5763 2080 5831 Aquilonis
2108 5771 2230 5815 sunt
2252 5761 2424 5813 civitas
2454 5760 2583 5827 regis
2612 5758 2801 5831 magni.
2835 5758 2897 5831 Et
2918 5755 3018 5811 hoc
3048 5756 3227 5823 modo,
3261 5771 3387 5810 nam

1820 5826 2187 5903 cognoscetur,
2218 5830 2269 5887 id
2293 5840 2395 5897 est,
2422 5826 2523 5901 per
2538 5826 2807 5887 evidentia
2837 5828 2989 5899 signa
3012 5842 3246 5899 praiseus
3266 5838 3391 5883 esse
