3970 6368
563 317 669 375 755

1048 312 1252 372 ΒΕΒΛΕ
1291 312 1743 371 VENERABlLlS
1777 313 1929 372 OPP.
1988 311 2159 370 PARS
2196 312 2257 369 ΙΙ.
2302 314 2493 373 SECT.
2535 318 2600 374 ll.
2641 347 2710 360 —
2748 316 2954 375 DUBIA
2994 318 3082 374 ET
3120 316 3389 375 SPURIA.

3735 322 3837 381 736

557 430 1128 514 audiam._llumiliabo
1155 431 1277 514 dico
1311 432 1362 486 in
1383 430 1724 514 parabolam,
1753 431 2139 514 quiannecelsse
2166 436 2215 497 Α
2242 437 2397 514 cujus
2437 446 2601 514 caput
2636 446 2915 514 conterere
2942 439 3218 514 debemus.
3272 439 3422 514 Unde
3453 438 3579 495 Eva:
3610 448 3680 496 et
3724 456 3835 496 serv

559 517 646 568 est
672 514 730 561 ut
757 504 929 560 adhuc
960 503 1267 572 parabolice
1296 502 1534 568 audiam,
1562 502 1683 571 quia
1713 502 1943 570 quandiu
1965 502 2018 554 in
2045 502 2140 555 hoc

558 592 773 647 corpore
812 591 1011 647 sumus,
1043 572 1322 647 apamino
1367 574 1766 647 peregrinantur,
1798 583 1850 627 et
1886 588 1951 628 ex
1991 581 2142 640 parte

564 642 767 707 tantum
793 646 1057 702 videmus.
1085 644 1237 701 Unde
1267 642 1550 716 Apostolus
1583 661 1594 695 :
1634 642 1875 698 Videmus
1898 658 2142 716 nuncper

563 720 821 794 speculum
850 718 906 772 in
930 718 1217 794 (enigmate.
1246 714 1726 784 Quantumcunque
1765 716 1908 771 enim
1950 714 2142 794 aliquis

561 784 832 858 resculpet
860 798 914 843 et
943 784 1154 842 excolat
1198 802 1293 843 cor
1333 802 1511 851 suum,
1560 794 2032 858 quantumcunque
2075 784 2141 839 ad

564 856 819 919 interiora
849 858 1077 914 videnda
1107 859 1396 928 confugiat,
1441 868 1616 912 tamen
1646 857 1772 911 dum
1807 858 1857 911 in
1889 856 1989 911 hac
2017 870 2140 928 cor-_

561 934 811 1003 ruptione
831 944 1013 1003 sumus
1035 944 1242 1003 omnes,
1264 926 1400 1003 visio
1422 928 1866 1003 quamhabemus
1888 937 1969 981 est
1984 926 2137 1003 quasi

566 996 813 1073 aenigma,
848 1002 931 1056 vel
960 996 1235 1071 parabola,
1264 1001 1322 1073 id
1344 996 1455 1067 est,
1476 999 1773 1073 similitudo
1800 998 2026 1073 obscura
2075 996 2142 1050 ad

565 1068 715 1131 illam
749 1068 1009 1129 visionem
1041 1087 1197 1142 quam
1227 1071 1326 1127 soli
1365 1071 1489 1142 boni
1529 1070 1799 1142 habebunt
1828 1068 2143 1142 Ap_ost__ha_nc

566 1146 1002 1215 corruptionem;
1035 1138 1344 1215 erittamen
1376 1141 1448 1215 ibi
1476 1140 1775 1215 corporalis
1786 1140 1924 1215 visio
1945 1138 2142 1215 Christi

565 1210 884 1281 communis,
914 1216 1053 1268 sicut
1080 1222 1135 1269 et
1154 1213 1240 1268 hic
1268 1212 1368 1267 fuit
1409 1211 1564 1267 bonis
1582 1210 1648 1266 et
1677 1210 2010 1277 malis,'quia
2058 1210 2142 1263 di-

566 1296 710 1343 ctum
732 1296 816 1342 est
840 1304 850 1339 :
883 1284 1208 1355 Videbuntin
1229 1294 1378 1355 quem
1396 1284 1784 1355 transfixerunt.
1805 1281 1947 1355 Solis
1963 1289 2143 1355 autem

568 1357 917 1414 dilectoribus
963 1356 1052 1409 illa
1101 1352 1250 1410 visio
1281 1352 1603 1420 reservatdr,
1636 1354 1703 1408 de
1739 1368 1841 1420 qua
1885 1352 2144 1407 Dominus

567 1428 697 1483 dicit
726 1447 737 1483 :
770 1428 832 1485 Si
860 1427 973 1498 quis
1002 1426 1168 1497 diligit
1195 1442 1293 1490 me,
1326 1425 1566 1494 diligetur
1586 1423 1792 1498 aPatre
1820 1432 2028 1498 tneo,_et
2048 1438 2144 1498 ego

569 1500 780 1569 diligam
824 1494 969 1569 eum,
986 1507 1038 1569 et
1060 1494 1400 1569 manifestabo
1440 1498 1487 1548 ei
1525 1495 1902 1569 nteipsumuEt
1938 1494 2007 1548 de
2038 1494 2146 1569 hac

571 1563 770 1625 dictum
798 1580 878 1623 est
910 1585 923 1621 :
953 1566 1189 1622 Tollatur
1209 1563 1440 1638 'impius,
1473 1583 1536 1638 ne
1563 1563 1728 1620 videat
1767 1565 1982 1635 gloriam
2026 1563 2142 1638 Dei.

570 1640 678 1695 Nec
708 1641 822 1696 hinc
848 1639 983 1694 visio
1012 1636 1386 1702 exterioribus,
1426 1636 1519 1691 sed
1547 1646 1753 1692 tantum
1797 1636 2144 1691 interioribus

571 1711 740 1768 oculis
782 1711 975 1781 poterit
1004 1709 1194 1765 videri.
1227 1706 1522 1781 Inclinabo,
1556 1709 1794 1781 inquam,
1842 1722 2041 1773 autem,
2088 1714 2146 1781 ut

569 1775 805 1850 audiam,
834 1790 889 1837 et
916 1780 1110 1836 deinde
1150 1780 1378 1852 aperiam
1422 1779 1821 1852 propositionem
1861 1792 2046 1852 meam,

570 1862 675 1919 est,
706 1845 832 1908 illud
859 1852 1001 1920 quod
1031 1845 1193 1919 posui'
1207 1866 1294 1906 me
1337 1845 1678 1920 ostensurum
1706 1850 1759 1901 in
1786 1848 2051 1917 psalterio,
2093 1845 2146 1920 id

573 1917 676 1988 est,
694 1924 743 1977 in
758 1917 980 1992 corpore
996 1917 1090 1990 per
1102 1920 1489 1993 operationem.
1506 1919 1657 1975 Sicut
1670 1921 1810 1993 enim
1826 1920 2060 1993 musicus
2073 1917 2159 1973 ali-

573 1993 694 2065 quis
707 1988 870 2065 utitur
885 1988 1161 2065 psalterio,
1182 2001 1241 2065 ut
1258 1993 1616 2065 instrumento
1632 1990 1697 2045 ad
1709 2004 1900 2045 sonum
1923 1988 2154 2065 aliquem

575 2059 984 2134 perficiendum,
1017 2064 1095 2118 sic
1118 2063 1292 2118 anima
1317 2061 1484 2134 utitur
1502 2062 1858 2134 instrumento
1888 2059 2152 2134 corporis,

574 2130 643 2189 ad
679 2135 731 2190 id
774 2136 917 2204 quod
959 2149 990 2187 a
1032 2133 1268 2188 Veritate
1298 2133 1522 2187 interius
1548 2133 1752 2204 audivit
1776 2130 2151 2204 aperiendum.

575 2198 895 2274 Expressius
923 2205 1068 2262 enim
1089 2206 1430 2276 cognoscitur
1449 2203 1663 2273 quando
1686 2198 1913 2258 indictis
1932 2210 1986 2257 et
2006 2198 2159 2256 lactis

576 2278 834 2347 aperitur.

646 2346 750 2403 Cur
784 2350 965 2404 timebo
989 2349 1044 2403 in
1075 2349 1159 2403 die
1184 2348 1364 2402 mala?
1388 2346 1631 2416 iniquitas
1667 2346 1891 2400 calcanei
1918 2343 2014 2397 mei
2049 2342 2162 2396 cir-

575 2420 831 2473 cumdabit
852 2436 952 2475 me.
977 2419 1067 2476 Sic
1086 2419 1422 2474 continuatur
1448 2436 1459 2469 :
1496 2417 1622 2471 Dico
1644 2418 1767 2486 quia
1793 2417 2019 2485 aperiam
2044 2428 2163 2486 pro-

577 2491 881 2559 positionem
908 2507 1093 2545 meam.
1122 2490 1243 2544 lltec
1268 2497 1441 2544 autem
1466 2497 1547 2559 est
1570 2484 1975 2559 illa'propositio
1997 2484 2163 2559 _:A7Ego

580 2555 661 2615 vel
687 2561 802 2630 quis
823 2563 956 2616 alter
977 2578 1071 2617 cur
1092 2561 1395 2617 timebimus
1416 2560 1468 2613 in
1491 2558 1572 2630 die
1598 2555 1734 2613 mala
1750 2559 1775 2612 ?
1790 2555 1917 2612 ideo
1938 2555 2161 2630 scilicet,

579 2626 716 2702 quia
732 2632 971 2702 iniquitas
1000 2632 1223 2687 calcanei
1251 2629 1584 2702 circumdabit
1627 2645 1727 2702 nos
1751 2671 1774 2702 ,_
1801 2626 1952 2702 quasi
1980 2626 2119 2702 dicat
2147 2642 2161 2678 :

581 2697 709 2757 Haec
732 2697 890 2777 causa
918 2704 1121 2777 timoris
1148 2706 1198 2777 in
1230 2708 1491 2777 potestate
1522 2700 1675 2777 liberi
1701 2700 1905 2777 arbitrii
1932 2697 2039 2752 mei
2061 2704 2163 2777 est,

585 2780 642 2826 ut
669 2774 866 2841 possim
893 2789 1011 2830 eam
1048 2774 1366 2839 admittere,
1410 2771 1492 2827 vel
1521 2771 1706 2826 vitare.
1738 2770 1928 2825 Vitabo
1951 2810 1966 2835 ,
1995 2777 2049 2841 et
2089 2770 2167 2822 sic

584 2844 640 2897 in
664 2839 748 2898 die
774 2845 910 2899 mala
940 2860 1045 2900 non
1090 2846 1300 2911 timebo,
1334 2842 1427 2898 sed
1457 2842 1719 2912 gaudebo.
1753 2842 1876 2896 Dies
1906 2839 2043 2894 mala
2086 2844 2169 2912 est

585 2915 694 2967 dies
736 2917 1044 2970 calamitatis
1094 2926 1141 2970 et
1183 2908 1606 2983 miseritefquaa
1636 2912 1817 2968 multis
1861 2912 1963 2983 erit
2003 2908 2165 2983 mala,

586 2985 770 3040 multis
791 2988 953 3041 etiam
973 2990 1133 3042 bona.
1160 2986 1309 3041 Sicut
1329 2981 1469 3040 enim
1495 2981 1631 3038 mala
1656 2983 1925 3053 perituris,
1944 2981 2012 3034 ita
2030 2982 2169 3053 bona

587 3056 877 3111 salvandis.
922 3057 978 3112 ln
1009 3072 1109 3128 qua
1142 3056 1407 3127 perfectus
1448 3058 1546 3111 iste
1576 3050 1671 3125 qui
1712 3055 1811 3128 hic
1839 3050 2169 3128 loquitur-ti—

586 3141 732 3198 mere
759 3142 821 3183 se
848 3127 994 3195 dicit,
1026 3122 1378 3198 iton'propter
1398 3142 1486 3198 se,
1516 3122 1608 3182 sed
1640 3124 2009 3198 transferendo
2025 3122 2169 3198 alios

586 3196 640 3253 in
670 3212 748 3269 se.
781 3198 932 3265 Quod
964 3194 1142 3255 autem
1163 3194 1312 3254 'dic'it
1344 3216 1355 3250 :
1387 3195 1643 3269 Iniquitas
1672 3197 1899 3269 calcanei
1936 3194 2033 3248 mei
2061 3194 2167 3246 cir-

582 3268 843 3324 cumdabit
886 3287 996 3337 me,
1031 3270 1108 3325 sic
1139 3276 1314 3340 potest
1351 3265 1549 3339 accipi,
1582 3274 1640 3340 ut
1680 3282 1775 3337 per
1820 3265 2128 3319 calcaneum
2152 3301 2170 3329 ,

584 3340 675 3409 qui
718 3355 842 3409 pars
871 3342 1023 3411 pedis
1051 3339 1156 3409 est,
1201 3354 1295 3410 pes
1324 3348 1469 3411 totus
1498 3339 1860 3411 intelligatur;
1903 3345 1955 3390 et
1986 3343 2172 3402 postea

584 3408 637 3483 id
681 3426 776 3483 per
803 3408 945 3482 quod
978 3413 1036 3466 ﬁt
1064 3408 1292 3483 (pro'eo
1333 3410 1473 3480 quod
1502 3409 1590 3481 ﬁt)
1616 3408 1879 3483 ,_scilicet
1902 3450 1916 3474 ,
1951 3421 2045 3476 pes
2064 3418 2173 3483 pro

586 3477 695 3536 viai
734 3477 846 3537 Ειεῖ
875 3477 1157 3540 calcanens
1196 3477 1379 3537 noster
1406 3477 1580 3537 erunt"
1608 3480 1707 3535 vis:
1747 3489 1945 3534 nostra:
1971 3518 1986 3541 ,
2027 3477 2129 3531 vite
2155 3514 2170 3543 ,

587 3553 814 3619 scilicet,
847 3568 1044 3621 pravae.
1074 3552 1339 3622 Quidquid
1368 3554 1509 3608 enim
1535 3568 1599 3608 cx
1625 3559 1808 3607 nostro
1834 3548 2171 3622 habebimus,

597 3637 814 3693 pravum
845 3618 982 3688 erit;
1016 3618 1158 3693 quod
1188 3618 1315 3679 vero
1343 3639 1410 3680 ex
1441 3624 1549 3678 Deo
1570 3667 1585 3691 ,
1618 3622 1815 3678 bonum
1842 3629 1945 3677 est.
1976 3621 2045 3693 Et
2072 3618 2175 3672 erit

593 3692 703 3747 haec
734 3694 994 3748 sententia
1024 3691 1046 3747 ί
1071 3694 1323 3764 lniquitas
1351 3696 1581 3749 calcanei
1609 3694 1727 3759 mei,
1757 3694 1807 3749 id
1835 3702 1936 3757 εει,
1968 3691 2175 3764 viarum

593 3778 829 3818 mearum
855 3805 869 3828 ,
916 3780 1034 3833 quas
1073 3761 1250 3835 pravae
1289 3775 1433 3831 sunt,
1465 3764 1811 3835 circumdabit
1839 3761 2023 3835 me,_id
2067 3768 2170 3835 est,

592 3834 855 3904 opprimet
884 3832 969 3890 me
995 3832 1163 3890 indie
1207 3837 1364 3891 mala.
1396 3836 1463 3891 Et
1495 3838 1609 3891 haec
1650 3838 1751 3891 erit
1783 3832 1986 3888 timoris
2025 3832 2170 3897 mei,

597 3908 679 3960 vel
709 3906 992 3973 cujuslibet
1020 3922 1199 3961 causa.
1233 3906 1338 3962 Sed
1367 3906 1489 3977 quia
1530 3909 1584 3961 in
1615 3911 1878 3975 potestate
1906 3904 2057 3977 liberi
2088 3916 2174 3956 ar-

593 3977 737 4031 bitrii
779 3978 943 4049 nostri
985 3987 1066 4033 est
1096 3988 1154 4033 ut
1176 3975 1395 4049 pravas
1424 3979 1539 4037 vias
1569 3979 1877 4049 ittsistamus
1901 4016 1918 4043 ,
1955 3975 2173 4049 velnon

593 4050 826 4102 vitemus
848 4047 956 4103 vias
981 4043 1271 4117 pravasfet
1291 4051 1598 4104 insiStamus
1620 4047 1759 4104 viam
1782 4056 2003 4109 rectam,
2030 4043 2174 4099 illam

593 4120 795 4174 scilicet
824 4136 940 4189 quae
985 4120 1115 4175 dicit
1143 4125 1208 4174 de
1248 4135 1307 4175 se
1341 4139 1352 4173 :
1387 4119 1499 4190 Ego
1527 4135 1641 4174 sum
1676 4118 1777 4186 via,
1807 4126 1853 4190 et
1877 4117 2176 4190 _veritas,_et

593 4191 696 4242 vita
723 4230 738 4255 ,
778 4185 951 4245 et'sic
993 4206 1096 4246 non
1134 4185 1476 4259 timebimus,
1528 4191 1636 4246 imo
1662 4188 2032 4261 gaudebimus.
2079 4185 2176 4261 vel

594 4262 780 4340 aliter,
812 4276 911 4340 per
940 4262 1248 4340 calcaneum
1292 4257 1801 4340 facile'subruifnur,
1839 4257 2176 4340 quiaumagis

594 4328 642 4384 ei
675 4328 969 4397 innitimur,
999 4343 1054 4388 et
1096 4333 1215 4388 ideo
1247 4347 1341 4402 per
1368 4333 1677 4388 calcaneum
1726 4328 1941 4401 peccata
1970 4331 2060 4385 illa
2101 4328 2175 4402 si-

590 4411 844 4470 gnantur,
877 4403 1068 4471 quibus
1094 4398 1303 4459 facilius
1330 4404 1396 4458 ad
1420 4405 1692 4461 interitum
1714 4398 2039 4466 subruimur,
2068 4398 2173 4453 cri-

594 4471 842 4538 minalia,
874 4474 1098 4529 scilicet.
1148 4475 1305 4531 Juxta
1335 4477 1473 4545 quod
1514 4476 1591 4530 sic
1629 4475 1835 4530 dicetur
1868 4490 1881 4526 :
1918 4471 2174 4545 Iniquitas

2246 508 2389 576 petiti
2418 508 2618 563 dictum
2646 518 2730 564 est
2761 528 2773 563 :
2808 508 2930 575 Ipse
2973 511 3302 564 insidiabitur
3331 511 3571 565 calcaneo
3606 524 3703 566 tuo
3727 554 3743 578 ,
3788 523 3838 567 tu

2243 587 2469 645 conteres
2497 589 2651 649 caput
2681 582 2813 651 ejus.
2843 580 3076 651 Serpens
3102 583 3279 650 enim,
3307 582 3359 637 id
3398 592 3482 637 est
3536 583 3798 637 diabolus
3818 627 3833 649 ,

2244 651 2530 722 calcaneo,
2579 652 2631 705 id
2662 661 2776 716 est,
2811 652 2980 720 lapsui
3009 652 3189 707 carnis
3218 662 3417 708 nostrae
3448 669 3676 722 semper
3709 654 3834 709 insi-

2244 721 2497 795 diabitur,
2521 731 2579 776 ut
2605 738 2698 790 per
2720 724 2775 777 id
2799 737 2896 777 nos
2918 723 3151 793 decipiat
3173 725 3226 778 in
3248 740 3356 793 quo
3380 721 3600 795 fragiles
3624 739 3833 779 sumus.

2245 791 2348 866 sed
2382 808 2481 866 no_s
2529 802 2689 861 caput
2718 795 2857 866 ejus,
2891 795 2939 848 id
2971 791 3072 866 est,
3110 791 3429 866 principium
3467 791 3834 865 suggestionis

2244 862 2361 933 ejus
2396 863 2462 916 ad
2494 873 2693 931 petram
2718 862 2823 928 ,7id
2870 875 2972 933 est,
3003 862 3316 933 Christum,
3347 862 3635 921 conterere
3671 866 3834 920 debe-

2246 950 2385 998 mus,
2420 950 2487 990 ne
2515 935 2580 989 ad
2609 935 2881 1001 effectum,
2912 937 3139 1001 scilicet,
3170 938 3520 1007 producatur,
3553 937 3685 1005 quia
3716 936 3831 1007 beag

2246 1016 2330 1060 tus
2359 1015 2440 1060 est
2478 1007 2566 1074 qui
2613 1007 2817 1061 tenebit
2860 1016 2915 1062 et
2957 1008 3139 1063 allidet
3165 1006 3286 1063 eum
3331 1010 3398 1062 ad
3441 1019 3679 1077 petram.
3732 1006 3831 1061 Sed

2244 1078 2366 1145 quia
2398 1078 2547 1144 quasi
2590 1077 2732 1131 dicat
2778 1078 2828 1131 in
2864 1089 3123 1146 potestate
3163 1095 3280 1134 mea
3325 1089 3443 1143 est,
3493 1078 3613 1133 haec
3652 1077 3831 1132 omnia

2246 1149 2325 1202 vel
2357 1147 2596 1201 devitare
2625 1149 2897 1212 devitabo,
2929 1161 2983 1204 et
3014 1150 3092 1204 sic
3129 1151 3256 1204 nihil
3290 1152 3474 1205 timeo.

2319 1218 2419 1285 Qui
2450 1219 2735 1286 conﬁdunt.
2768 1220 3027 1275 Describit
3052 1221 3142 1289 qui
3171 1222 3279 1276 sint
3302 1221 3378 1275 illi
3404 1221 3493 1289 qui
3525 1220 3759 1275 timeant
3784 1220 3831 1275 in

2247 1289 2333 1344 die
2358 1290 2520 1361 mala,
2547 1290 2631 1343 vel
2658 1304 2789 1359 quos
2815 1292 3059 1361 iniquitas
3086 1292 3312 1345 catcanei
3335 1291 3707 1352 circumdabit,
3730 1304 3834 1343 om-

2246 1375 2340 1415 nes
2384 1360 2456 1414 illi
2497 1361 2703 1415 scilicet
2740 1363 2828 1430 qui
2866 1362 3130 1428 conﬁdunt
3168 1364 3223 1415 in
3262 1364 3448 1416 virtute
3484 1378 3603 1416 sua.
3657 1362 3833 1415 Potest

2246 1447 2460 1501 quoque
2489 1432 2734 1499 superior
2765 1446 2951 1486 versus
2983 1441 3123 1487 totus
3153 1433 3252 1487 sub
3291 1434 3720 1502 interrogatione
3743 1471 3761 1497 ,
3788 1432 3830 1485 si

2247 1504 2367 1571 quis
2398 1503 2533 1557 nolit
2562 1503 2777 1565 dicere,
2812 1504 2952 1574 quod
2984 1505 3249 1571 perfectus
3282 1504 3370 1558 ille
3409 1505 3502 1574 qui
3538 1504 3627 1557 hic
3659 1502 3828 1574 loqui:

2248 1583 2353 1639 tur,
2401 1573 2534 1627 alios
2566 1573 2618 1628 in
2666 1588 2725 1628 se
2756 1573 3125 1629 transferendo
3148 1615 3163 1639 ,
3212 1572 3556 1639 timeatfsed
3585 1575 3657 1627 sit
3687 1572 3832 1641 quasi

2245 1644 2392 1698 dicat
2423 1664 2434 1697 :
2467 1646 2579 1711 Ego
2622 1647 2706 1699 vel
2734 1646 2909 1713 quivis
2953 1645 3219 1714 perfectus
3242 1688 3257 1710 ,
3306 1660 3404 1700 cur
3434 1644 3745 1699 timebimus
3781 1644 3831 1695 in

2248 1715 2328 1767 die
2369 1716 2548 1769 mala?
2586 1714 2832 1781 Nunquid
2863 1716 3005 1770 enim
3048 1716 3287 1784 iniquitas
3317 1716 3546 1769 calcanei
3591 1715 3694 1767 mei
3734 1714 3829 1767 cir-

2249 1787 2510 1839 cumdabit
2542 1802 2618 1839 me
2638 1786 2887 1855 7-Utique
2933 1800 3035 1840 non
3062 1827 3074 1848 ,
3111 1788 3233 1855 quia
3265 1787 3412 1842 solos
3452 1786 3576 1840 illos
3606 1788 3829 1840 circum-

2255 1856 2420 1923 dabit,
2448 1857 2535 1926 qui
2565 1856 2829 1924 conﬁdunt
2857 1857 2909 1909 in
2937 1858 3119 1910 virtute
3143 1874 3258 1924 sua,
3291 1858 3343 1912 id
3381 1868 3485 1925 est,
3518 1856 3589 1911 de
3611 1871 3671 1911 se
3699 1869 3829 1924 pra:-

2256 1937 2550 1994 sumentes,
2595 1935 2649 1982 et
2676 1942 2781 1981 non
2814 1928 2865 1981 in
2907 1927 3133 1981 Domino
3159 1938 3435 1996 sperantes
3460 1968 3475 1993 ,
3514 1937 3572 1982 et
3597 1928 3689 1993 qui
3728 1927 3833 1995 glo-

2256 2000 2462 2053 riantur
2494 1999 2546 2053 in
2572 1998 2909 2053 multitudine
2948 2012 3161 2053 suarum
3189 2040 3203 2063 ,
3249 1999 3300 2053 id
3350 2008 3473 2064 est,
3508 2006 3831 2051 terrenarum

2257 2069 2582 2137 divitiarum,
2620 2084 2724 2123 non
2769 2069 2822 2123 in
2854 2069 3101 2136 Domino,
3131 2070 3219 2139 qui
3251 2071 3513 2140 promittit
3551 2068 3831 2123 humilibus

2258 2140 2615 2207 altitudinem,
2647 2140 2800 2195 elatis
2834 2141 3065 2195 minatur
3090 2140 3513 2196 damnationem.

2330 2208 2518 2265 Frater
2562 2228 2665 2265 non
2692 2211 2929 2275 redimit,
2975 2220 3079 2265 etc.
3114 2209 3446 2279 Gloriantur,
3494 2212 3753 2281 inquam,
3781 2210 3829 2264 iu

2261 2281 2502 2346 divitiis,
2551 2283 2603 2335 in
2651 2281 2845 2351 quibus
2887 2297 2992 2335 non
3037 2291 3119 2336 est
3150 2281 3483 2348 gloriandum
3512 2324 3527 2345 ,
3571 2283 3694 2350 quia
3741 2293 3830 2335 nec

2262 2353 2422 2406 etiam
2454 2354 2507 2406 in
2552 2352 2756 2418 amicis,
2791 2353 2931 2421 quod
2964 2353 3409 2420 pretiosissimum
3443 2368 3617 2423 genus
3646 2362 3726 2407 est
3752 2351 3827 2405 di-

2264 2425 2537 2487 vitiarum,
2570 2437 2677 2478 non
2704 2431 2787 2478 est
2814 2423 3173 2491 gloriandum.
3202 2424 3269 2478 Et
3288 2439 3416 2479 vere
3439 2426 3490 2478 in
3522 2424 3709 2479 amicis
3734 2437 3829 2476 non

2265 2503 2345 2550 est
2388 2493 2760 2565 gloriandum,
2808 2492 2927 2561 quia
2961 2493 3121 2548 homo
3165 2496 3500 2563 simpliciter,
3553 2503 3822 2564 quantum;

2265 2581 2475 2634 cunque
2498 2566 2582 2631 .sit
2625 2565 2829 2619 amicus
2857 2604 2871 2628 ,
2893 2578 2999 2618 non
3046 2564 3268 2621 redimet
3296 2565 3530 2634 aliquem
3566 2581 3593 2618 a
3626 2576 3827 2619 ventura

2266 2638 2364 2692 ira.
2415 2635 2482 2689 Et
2513 2649 2637 2691 vere
2667 2634 2826 2706 homo
2876 2650 2980 2706 no_n
3013 2636 3276 2702 redimet,
3310 2637 3433 2706 quia
3478 2637 3647 2690 etiam
3685 2637 3828 2706 frater

2269 2708 2430 2761 homo
2474 2720 2580 2760 non
2628 2705 2874 2761 redimet.
2924 2704 3113 2761 Frater
3142 2708 3244 2763 iste
3289 2704 3454 2760 homo
3492 2717 3581 2761 est
3624 2707 3713 2760 ille
3751 2704 3828 2773 qui

2269 2793 2425 2833 verus
2454 2777 2592 2832 Deus
2618 2786 2673 2831 et
2701 2791 2859 2831 verus
2890 2777 3051 2831 homo
3080 2788 3194 2843 est;
3224 2779 3313 2848 qui
3343 2777 3478 2831 dixit
3505 2793 3521 2829 :
3556 2777 3661 2845 Ite,
3699 2791 3823 2828 nun-

2270 2850 2392 2903 tiate
2418 2848 2661 2917 fratribus
2690 2849 2844 2911 meis,
2879 2857 2933 2902 et
2958 2862 3080 2901 cum
3108 2863 3213 2917 quo
3239 2853 3455 2904 Patrem
3500 2848 3668 2904 Deum
3693 2860 3826 2901 com-

2271 2935 2484 2975 munem
2505 2920 2786 2979 habemus.
2817 2918 3212 2989 Undenecesse
3241 2930 3325 2974 est
3345 2930 3401 2972 ut
3425 2918 3670 2989 quisquis
3693 2924 3830 2971 vocat

2272 2991 2420 3045 illum
2458 2990 2670 3045 Patrem
2712 3000 2864 3045 vocet
2890 2998 2945 3044 et
2970 2988 3111 3045 hunc
3137 2990 3375 3062 fratrem.
3404 2991 3508 3058 Qui
3551 2992 3711 3062 homo
3739 2992 3828 3041 Ira-

2273 3071 2373 3127 ter,
2408 3063 2530 3117 licet
2558 3075 2743 3116 omnes
2787 3062 3139 3117 communiter
3168 3060 3457 3118 redemerit
3479 3102 3495 3128 ,
3535 3061 3584 3114 si
3614 3060 3681 3114 ad
3720 3072 3827 3113 eunt

2273 3134 2618 3197 accesserint,
2651 3132 2771 3186 illos
2800 3142 2973 3186 tamen
3000 3147 3106 3187 non
3134 3134 3378 3196 redemit,
3406 3134 3499 3200 qui
3529 3132 3827 3199 sanguinem

2270 3203 2400 3273 justi
2425 3204 2759 3268 conculcant,
2784 3212 2836 3257 et
2862 3204 3089 3273 pretium
3112 3220 3264 3258 suum
3295 3218 3397 3257 non
3425 3203 3636 3265 bibunt,
3661 3201 3711 3254 id
3734 3208 3826 3267 est,

2273 3274 2363 3343 qui
2392 3290 2497 3329 non
2528 3274 2859 3344 delectantur
2886 3279 2937 3329 in
2969 3274 3217 3343 passione
3246 3273 3381 3344 ejus,
3408 3274 3505 3329 sed
3537 3273 3612 3344 in_
3624 3284 3828 3324 vacuum

2273 3342 2495 3415 gratiam
2537 3343 2630 3399 Dei
2668 3342 3146 3415 recipiunt;’unde
3175 3342 3467 3413 Apostolus
3498 3361 3511 3398 :
3548 3342 3832 3415 Hortamur

2275 3412 2359 3470 vos
2389 3432 2453 3470 ne
2483 3416 2548 3486 in
2574 3412 2798 3469 vacuum
2830 3417 3046 3486 gratiam
3075 3414 3169 3468 Dei
3197 3412 3493 3486 recipiatis;
3537 3414 3720 3475 frater,
3761 3412 3831 3465 itt-

2274 3501 2456 3551 quam,
2482 3484 2643 3540 homo
2672 3502 2776 3540 non
2803 3484 3023 3540 redimit
3040 3501 3186 3553 eum,
3214 3496 3269 3541 et
3300 3484 3399 3540 hoc
3424 3484 3572 3551 ideo,
3601 3486 3830 3552 quianon

2275 3557 2414 3611 dabit
2442 3556 2570 3621 Deo,
2603 3556 2657 3612 id
2686 3566 2786 3620 est,
2815 3556 2891 3611 illi
2913 3555 3114 3611 homini
3146 3556 3294 3612 fratri
3314 3557 3830 3626 placationemsuant,

2275 3630 2325 3683 id
2355 3637 2465 3694 est,
2496 3628 2708 3698 proprie
2736 3628 2801 3681 ad
2833 3628 3006 3696 ipsum
3050 3629 3431 3697 pertinentem,
3462 3628 3709 3690 scilicet,
3735 3638 3831 3679 non

2275 3697 2530 3755 exhibent
2559 3713 2741 3753 veram
2788 3697 3141 3754 humilitatem
3169 3709 3224 3754 et
3254 3714 3431 3753 veram
3462 3697 3830 3764 obedientiam,

2276 3786 2371 3897 per
2396 3786 2515 3839 quae
2561 3771 2732 3839 ipsum
2764 3769 3032 3850 placatum
3071 3769 3171 3824 sibi
3214 3769 3437 3834 reddat,
3470 3770 3615 3850 sicut
3652 3778 3704 3848 et
3733 3768 3831 3835 ipse

2319 3850 2487 3897 atrem
2521 3856 2614 3897 per
2652 3856 2714 3896 ea
2762 3841 3007 3897 placant.
3033 3840 3185 3897 Ouod
3233 3850 3315 3895 est
3348 3841 3586 3895 breviter
3627 3839 3829 3894 dicere:

2319 3850 2487 3897 atrem
2521 3856 2614 3911 per
2652 3856 2714 3896 ea
2762 3841 3007 3909 placavit.
3033 3840 3185 3909 Quod
3233 3850 3315 3895 est
3348 3841 3586 3895 breviter
3627 3839 3829 3894 dicere:

2276 3912 2409 3981 Quia
2451 3928 2557 3967 non
2588 3912 2824 3966 imitatur
2852 3927 2973 3966 eum
2998 3954 3013 3979 ,
3045 3921 3099 3967 et
3142 3912 3263 3982 quia
3294 3927 3401 3967 non
3443 3912 3595 3967 dabit
3623 3910 3831 3982 pretium

2276 3985 2658 4053 redemptionis
2683 3983 2873 4037 animae
2903 3999 3014 4039 sua:
3038 4024 3053 4049 ,
3085 3984 3136 4037 id
3182 3993 3285 4047 est,
3315 3997 3411 4052 per
3438 3982 3585 4051 quod
3628 3981 3836 4053 redimat

2277 4051 2508 4108 animam
2533 4069 2701 4108 suam.
2732 4053 2807 4108 De
2840 4055 2939 4109 hoc
2966 4054 3135 4123 pretio
3160 4054 3287 4108 dicit
3312 4051 3575 4107 Dominus
3603 4053 3654 4106 in
3684 4051 3834 4123 Evan-

2278 4124 2417 4191 gelio
2462 4142 2475 4178 :
2519 4124 2695 4177 Facite
2722 4124 2858 4177 vobis
2898 4121 3087 4180 amicos
3116 4125 3179 4177 de
3223 4140 3520 4177 mammona
3548 4121 3832 4193 iniquitatis.

2278 4196 2579 4251 Mammona
2615 4197 2819 4265 syriaca
2850 4196 3027 4265 lingua
3055 4204 3140 4249 est
3169 4196 3422 4264 pecunia,
3449 4204 3507 4249 et
3530 4193 3747 4265 pecunia
3766 4199 3836 4245 est

2278 4267 2477 4337 iniqua,
2501 4265 2625 4334 quia
2650 4264 2777 4319 dicit
2798 4263 2985 4321 beatus
3007 4263 3366 4337 Hieronymus
3395 4284 3408 4319 :
3443 4283 3463 4316 ι
3495 4264 3682 4319 Omnis
3701 4263 3837 4316 dives

2278 4336 2385 4392 aut
2398 4347 2479 4392 est
2504 4336 2738 4406 iniquus,
2766 4348 2857 4390 aut
2884 4338 3055 4393 haeres
3083 4336 3273 4407 iniqui.
3304 4337 3415 4391 Hoc
3439 4344 3623 4391 autem
3646 4346 3835 4407 summa

2278 4408 2529 4478 iniquitas
2556 4402 2660 4472 est,
2704 4408 2747 4461 si
2779 4408 2918 4475 quod
2964 4410 3100 4463 Deus
3147 4402 3271 4463 fecit
3310 4416 3623 4478 commune,
3655 4402 3832 4478 aliquis

2280 4474 2387 4533 sibi
2410 4480 2508 4532 soli
2548 4474 2811 4548 privatum
2852 4479 2981 4532 velit
3021 4481 3213 4534 facere.
3247 4498 3267 4531 ι
3310 4477 3447 4533 Alibi
3491 4491 3682 4532 rursus
3723 4474 3837 4528 dicit

591 4537 975 4625 ςςιιεαηςρςωθί,
1010 4546 1061 4599 id
1090 4555 1192 4610 εει.
1225 4537 1401 4625 illiilli?!
1434 4546 1713 4625 εμιξνθτεὶο
1750 4537 2169 4625 Infimfl‘ifilifla-
2200 4537 2255 4598 D
2279 4537 2579 4625 Dominus'z
2614 4547 2790 4602 Facite
2819 4551 2956 4603 vobis
2986 4551 3211 4603 sacculos
3242 4565 3341 4603 non
3372 4554 3835 4618 computrescentes,

594 4614 684 4679 lia,
716 4616 960 4682 scilicet,
1004 4627 1217 4685 peccata
1249 4614 1654 4672 circumdabunt
1681 4632 1769 4671 me
1800 4617 1851 4667 in
1882 4615 1963 4667 die
1991 4614 2126 4666 mala
2152 4653 2168 4678 ,

594 4695 649 4739 et
695 4688 813 4740 ideo
842 4686 1058 4742 timebo.
1098 4687 1190 4744 Vel
1219 4688 1372 4743 aliter
1401 4705 1413 4741 :
1447 4687 1741 4744 Calcaueus
1779 4697 2015 4741 extrema
2050 4698 2170 4752 pars

595 4756 745 4826 pedis
774 4767 877 4823 est,
907 4768 961 4813 et
986 4758 1105 4814 ideo
1138 4774 1233 4828 per
1262 4759 1568 4813 calcaueum
1608 4757 1915 4828 designatur
1946 4754 2172 4828 ﬁnalitas

594 4825 810 4895 cperunt
834 4871 846 4891 ,
878 4830 931 4883 in
962 4846 1119 4899 quam
1139 4825 1303 4886 nobis
1336 4828 1582 4884 diabolus
1614 4825 1842 4883 maxime
1873 4825 2169 4899 insidiatur,

595 4894 715 4967 quia
748 4901 789 4953 si
826 4901 947 4954 finis
976 4894 1148 4957 inalus
1179 4902 1356 4967 fuerit,
1392 4901 1701 4969 praecedens
1732 4900 1837 4952 vita
1868 4897 2003 4951 nihil
2038 4894 2173 4949 vale-

596 4970 693 5023 bit.
728 4968 796 5025 Ut
821 4972 975 5026 aliter
1005 4991 1016 5024 :
1048 4973 1148 5026 Per
1186 4968 1492 5027 calcaneum
1523 4972 1574 5024 in
1602 4986 1706 5039 quo
1736 4971 1943 5022 tirmius
1969 4978 2174 5021 stamus

596 5048 764 5094 status
796 5052 978 5097 noster
1007 5042 1334 5113 designatur,
1370 5043 1658 5113 humilitas,
1691 5040 1935 5103 scilicet,
1967 5048 2021 5092 et
2047 5039 2173 5091 cha-

600 5113 748 5175 ritas,
783 5126 899 5179 qum
928 5112 1143 5181 semper
1168 5115 1219 5168 in
1253 5114 1406 5167 nobis
1437 5112 1683 5166 diabolus
1714 5126 1805 5176 per
1832 5124 2015 5164 eorum
2041 5122 2171 5181 con-

600 5184 759 5235 traria
812 5180 1086 5239 destruere
1136 5194 1378 5239 conatur.
1433 5183 1571 5237 Dicit
1620 5182 1762 5236 enim
1809 5184 1993 5237 beatus
2042 5180 2174 5235 Gre-

597 5254 820 5321 gorius:
859 5272 879 5305 (
912 5256 1040 5320 Quia
1083 5270 1186 5308 non
1228 5264 1376 5310 curat
1419 5264 1477 5307 ut
1517 5263 1698 5307 nostra
1746 5253 1930 5317 tollat,
1977 5251 2070 5305 sed
2116 5258 2176 5305 ut

599 5324 914 5377 charitatem
972 5328 1021 5378 in
1067 5327 1220 5380 nobis
1266 5326 1441 5379 feriat.
1479 5342 1497 5376 ι
1546 5324 1692 5378 Talis
1742 5338 1869 5392 ergo
1914 5324 2173 5376 sententia

601 5402 684 5447 est
717 5412 731 5447 :
762 5393 885 5449 Ideo
913 5396 964 5448 in
995 5396 1081 5449 die
1106 5398 1244 5450 mala
1278 5396 1501 5461 timebo,
1534 5400 1654 5464 quia
1686 5394 1923 5464 iniquitas
1954 5392 2177 5464 calcanei

604 5465 739 5529 mei,
773 5466 822 5519 id
854 5478 975 5533 est,
1010 5467 1187 5535 iniqua
1235 5466 1511 5524 subversio
1551 5462 1671 5533 ejus
1693 5506 1709 5531 ,
1741 5462 1791 5521 in
1824 5479 1924 5533 qua
1956 5462 2177 5529 titinius

599 5546 743 5589 stare
771 5538 952 5603 debui,
986 5536 1037 5591 id
1066 5548 1167 5602 est,
1200 5537 1475 5592 charitatis
1512 5548 1563 5591 et
1595 5536 1926 5599 humilitatis,
1958 5535 2177 5588 circum-

599 5607 741 5663 dabit
787 5625 894 5675 me,
928 5608 979 5663 id
1011 5618 1112 5669 est,
1145 5607 1411 5677 opprimet
1452 5624 1536 5664 me
1575 5609 1665 5663 ibi.
1704 5608 1793 5662 Vel
1838 5606 1990 5661 aliter
2020 5607 2177 5677 :Per

600 5692 941 5746 eaicaneum,
983 5682 1071 5748 qui
1120 5676 1275 5733 terra:
1313 5681 1588 5746 adhurret,
1635 5679 1870 5734 carnalia
1916 5676 2177 5733 desideria

601 5751 969 5820 designantur,
1013 5749 1206 5819 quibus
1236 5766 1331 5805 nos
1376 5752 1697 5807 inhaerentes
1726 5751 1878 5806 facile
1924 5750 2175 5805 labimur.

602 5820 671 5875 Et
695 5824 816 5879 ideo
845 5823 1015 5891 magis
1040 5822 1092 5879 in
1124 5820 1226 5879 hac
1255 5837 1314 5882 re
1352 5823 1573 5882 insidias
1600 5824 1895 5883 inventuris
1921 5823 2174 5895 patimur,

2276 4621 2567 4674 thesaurum
2600 4637 2702 4674 non
2731 4621 3042 4687 deﬁcientem
3070 4622 3123 4673 in
3152 4621 3289 4674 caelis
3314 4662 3326 4687 ,
3362 4635 3466 4689 quo
3513 4620 3601 4673 fur
3631 4634 3734 4671 non
3759 4629 3837 4670 ac-

2274 4691 2449 4757 cedit,
2488 4701 2542 4746 et
2584 4692 2723 4745 tinea
2768 4706 2875 4746 non
2915 4692 3169 4746 corrodit.
3198 4692 3289 4746 Ille
3319 4705 3463 4745 enim
3498 4690 3725 4757 pretium
3770 4700 3840 4740 re-

2276 4763 2599 4831 demptionis
2630 4763 2822 4816 anima:
2858 4776 2969 4816 sum
2998 4769 3133 4817 vere‘
3159 4761 3270 4824 dat,
3302 4762 3392 4831 qui
3431 4761 3595 4829 digne
3621 4760 3838 4831 eleemoo

2276 4827 2460 4902 synain
2498 4835 2609 4895 dat,
2643 4834 2694 4887 id
2738 4844 2841 4900 est,
2874 4834 2964 4902 qui
2994 4843 3048 4885 et
3074 4827 3394 4900 seipsutn'et
3422 4827 3519 4885 sua
3548 4831 3663 4885 dat.
3704 4827 3843 4902 Unde

2276 4900 2480 4959 dictum
2507 4914 2589 4958 est
2618 4902 2792 4974 :HDate
2822 4900 3211 4974 elre'emosynam,
3244 4912 3290 4958 et
3321 4918 3434 4957 ecce
3464 4904 3646 4956 omnia
3670 4900 3843 4974 munda

2277 4985 2393 5028 sunt
2422 4974 2577 5045 vobis.
2614 4971 2738 5026 Non
2782 4973 2944 5039 dabit,
2992 4971 3228 5045 inquam,
3275 4975 3498 5042 pretium
3543 4989 3640 5042 pro
3686 4973 3847 5045 anima

2276 5058 2393 5111 sua,
2425 5055 2470 5098 et
2500 5044 2621 5098 ideo
2651 5044 2899 5097 laborabit
2928 5048 2981 5098 in
3008 5042 3253 5100 (etei-num
3278 5087 3292 5110 ,
3328 5045 3379 5098 id
3420 5056 3503 5101 est
3529 5085 3545 5109 ,
3578 5042 3847 5112 temporali

2278 5116 2392 5182 ejus
2417 5114 2765 5169 sollicitudini
2790 5116 3018 5171 addetur
3040 5116 3342 5171 sollicitudo
3365 5126 3583 5171 aeterna:
3608 5115 3846 5171 miseria.

2278 5186 2342 5239 Et
2368 5186 2445 5241 sic
2474 5187 2595 5240 licet
2626 5186 2740 5255 ejus
2765 5189 2868 5240 vita
2898 5188 3131 5254 ﬁniatur,
3177 5188 3327 5242 labor
3351 5201 3532 5241 tamen
3577 5204 3685 5241 non
3715 5188 3848 5239 [inie-

2279 5265 2383 5312 tur.
2418 5258 2482 5312 Et
2510 5258 2624 5326 ipse
2654 5257 2869 5313 veniens
2910 5260 2961 5313 in
3002 5258 3159 5314 finem
3197 5261 3318 5312 vitae
3380 5274 3494 5314 sua:
3519 5300 3536 5327 ,
3598 5257 3850 5313 deliciosa

2278 5328 2514 5395 scilicet,
2546 5343 2703 5398 quam
2733 5329 2832 5383 sibi
2862 5329 3038 5400 elegit,
3082 5331 3206 5385 vivet
3235 5330 3404 5383 adhuc
3429 5372 3445 5397 ,
3484 5346 3592 5387 non
3624 5338 3683 5385 ut
3708 5341 3848 5382 coro-

2281 5409 2459 5466 netur,
2491 5402 2586 5454 sed
2618 5409 2673 5453 ut
2701 5400 2943 5470 pttniatur
2978 5403 3029 5453 itt
3059 5403 3289 5456 interno.

2353 5470 2477 5525 Non
2513 5471 2700 5526 videbit
2744 5471 3026 5525 interitum.
3061 5472 3182 5543 ideo
3212 5475 3403 5527 merito
3433 5474 3589 5543 labor
3617 5471 3732 5543 ejus
3763 5471 3853 5527 erit

2280 5551 2532 5609 aeternus,
2564 5543 2687 5612 quia
2718 5543 2831 5611 ipse
2862 5557 3035 5611 neque
3064 5542 3210 5598 videt
3240 5560 3399 5612 neque
3433 5540 3727 5612 videbit,'id
3759 5554 3849 5607 est,

2281 5630 2387 5670 non
2433 5614 2669 5669 attendet
2705 5628 2890 5668 verum
2931 5616 3207 5682 interitum,
3258 5617 3592 5681 interiorem,
3638 5617 3849 5678 scilicet,

2283 5688 2376 5741 sed
2404 5686 2978 5759 tantumnexteriorem,
3005 5702 3122 5759 cum
3145 5690 3325 5743 viderit
3350 5690 3602 5759 sapientes
3630 5690 3853 5743 exterius

2285 5759 2567 5830 morientes.
2598 5755 2736 5830 Dicit
2761 5757 2902 5812 enim
2931 5757 3004 5830 ita
3033 5775 3047 5811 :
3077 5758 3218 5815 Ecce
3244 5761 3328 5814 hic
3356 5755 3572 5830 sapiens
3592 5770 3729 5827 erat,
3752 5774 3854 5814 ser-

2284 5829 2397 5887 vire
2423 5827 2533 5887 Deo
2560 5828 2807 5889 omnibus
2843 5829 3359 5901 modissatagebat;
3403 5827 3457 5889 et
3485 5840 3668 5889 tamen
3713 5841 3854 5887 utor—
