3970 6368
157 306 271 359 737

862 302 925 358 IN
965 301 1378 360 PSALMORUM
1418 302 1673 360 LIBRUM
1715 300 2074 362 EXEGESIS.
2115 332 2184 345 —
2223 303 2467 363 PSALM.
2513 304 2737 362 XLVIII.

3311 309 3420 372 738

155 428 289 498 tuus
314 422 415 473 est.
441 413 1033 498 Quidprol‘uitner'gouei
1064 418 1316 498 sanctitas
1340 417 1478 498 sua_?
1504 416 1587 471 vel
1602 415 1739 498 quid
1772 418 1817 481 Α
1844 415 2059 498 plac-ere
2085 417 2294 498 volitat,
2313 429 2382 498 μί
2411 420 2661 498 (μιαὶίρεὶ
2694 432 2853 498 prave
2880 417 3165 498 insistunc,
3184 420 3267 477 eis
3292 438 3415 492 per.

150 488 299 557 juvit
322 502 442 541 eum
472 488 679 541 bonitas
699 486 831 541 sua?
854 486 989 542 Nihil
1015 487 1216 557 utique.
1250 490 1386 557 Ergo
1415 487 1539 542 dum
1564 489 1738 542 vivam

153 558 442 628 epulabor,
474 558 734 629 gaudebo.
781 557 887 613 Nec
917 559 969 613 in
1017 562 1298 614 sanctitate
1329 558 1629 629 lmjusmodi
1665 559 1740 611 la-

153 627 389 685 borabo.
425 630 487 681 Et
528 627 641 681 haec
669 628 849 682 dicens
887 630 1049 684 miser
1076 627 1409 685 exteriorem
1432 638 1655 693 tantum,
1688 638 1742 684 et

153 712 270 755 non
302 714 486 753 verum
516 700 711 753 mentis
736 701 960 753 attendit
991 701 1283 754 interitum.
1317 700 1384 753 Et
1408 703 1527 769 quia
1555 714 1739 754 verum

156 785 271 824 non
309 769 533 823 attendit
564 769 831 823 interitum
854 815 867 835 ,
901 770 1019 825 ideo
1047 772 1287 839 insipiens
1314 779 1361 824 et
1408 773 1591 824 stultas
1620 787 1736 839 per-

154 842 252 893 ibit
281 841 456 909 simul,
490 840 539 893 id
569 849 672 903 est,
707 840 755 892 in
784 856 1007 909 corpore
1037 850 1090 895 et
1121 841 1318 895 anima.
1342 842 1601 910 lnsipiens
1632 850 1735 906 est,

153 912 406 980 quisquis
434 925 539 964 non
566 912 789 964 attendit
818 912 868 965 in
900 920 1098 980 quanta
1126 912 1208 966 hic
1234 914 1303 965 sit
1333 913 1577 977 miseria;
1608 913 1739 967 stul-

158 992 247 1036 tus
278 996 426 1045 vero,
459 981 549 1049 qui
580 980 677 1034 sibi
708 996 812 1035 non
846 983 1088 1043 providet
1118 983 1167 1036 in
1198 984 1393 1037 futuro.
1720 1002 1736 1031 λ

234 1051 308 1104 Et
334 1053 580 1120 relinquet
620 1052 800 1105 alienis
829 1052 1033 1106 divitias
1068 1069 1206 1106 suas.
1248 1053 1500 1108 Peribunt
1525 1052 1735 1121 quidem

155 1123 361 1177 stultus
388 1122 664 1189 insipiens,
692 1134 745 1175 et
773 1132 1059 1190 pereuntes
1084 1125 1286 1177 divitias
1309 1140 1446 1189 suas,
1472 1125 1522 1177 in
1547 1124 1737 1189 quibus

155 1192 371 1263 scilicet
389 1192 772 1259 gloriabantur,
802 1194 1083 1263 relinquent
1114 1194 1217 1248 illis
1240 1197 1325 1262 qui
1358 1194 1485 1248 nihil
1515 1195 1613 1248 sibi
1641 1208 1737 1248 nec

153 1262 521 1331 eleemosynis
561 1277 660 1317 nec
702 1262 1032 1318 orationibus
1072 1267 1381 1334 proderunt.
1420 1265 1549 1318 Nam
1592 1275 1644 1319 et
1688 1264 1735 1318 si

154 1333 792 1404 relinquentcnepotibus
827 1336 908 1388 vel
940 1333 1086 1399 ﬁliis,
1128 1336 1411 1404 relinquent
1454 1346 1628 1389 tamen
1658 1336 1735 1389 eis

160 1412 219 1457 ut
247 1402 454 1468 alienis,
490 1402 538 1456 id
564 1412 665 1469 est,
692 1404 821 1458 nihil
850 1406 949 1458 sibi
981 1402 1395 1473 proﬁcientibus.
1426 1406 1561 1460 Nihil
1590 1407 1733 1460 cnim

156 1473 401 1542 proderit
433 1475 587 1528 alicui
620 1482 738 1544 post
783 1484 1005 1529 mortem
1034 1518 1050 1544 ,
1090 1477 1189 1531 nisi
1218 1478 1361 1545 quod
1404 1491 1584 1532 secum
1615 1478 1735 1532 hinc

154 1544 419 1612 portabit,
453 1557 539 1618 aut
574 1546 669 1599 nisi
702 1547 819 1601 talis
851 1546 1007 1599 fuerit
1030 1587 1045 1611 ,
1093 1548 1179 1618 qui
1212 1544 1311 1601 hoc
1341 1548 1693 1615 promeruerit
1714 1587 1731 1612 ,

154 1624 214 1668 ut
245 1616 581 1687 orationibus
611 1626 665 1670 et
712 1618 1063 1685 eleemosynis
1113 1616 1275 1687 possit
1303 1618 1501 1686 juvari.
1551 1618 1733 1672 Relin-

154 1696 313 1756 quent
340 1686 559 1756 quidem
590 1687 770 1741 alienis
793 1728 808 1752 ,
841 1698 895 1743 et
924 1686 1123 1742 nullam
1153 1688 1432 1742 utilitatem
1466 1688 1734 1743 habebunt

153 1755 305 1821 inde,
340 1755 444 1809 nisi
473 1757 611 1824 quod
643 1761 875 1826 sepulcra
904 1774 1077 1811 eorum
1106 1773 1405 1812 marmorea
1450 1768 1603 1827 sunt,
1633 1760 1731 1811 do-

153 1841 273 1878 mus
305 1826 512 1880 illorum
543 1828 594 1880 in
624 1838 903 1893 internum,
938 1828 987 1882 id
1020 1838 1120 1897 est,
1152 1831 1220 1883 ita
1250 1838 1506 1883 ornantur
1531 1826 1598 1883 ab
1629 1830 1732 1884 illis

152 1896 350 1969 alienis
379 1898 621 1969 sepulcra
652 1900 897 1966 illorum,
929 1901 1077 1969 quasi
1117 1900 1338 1954 credant
1366 1914 1459 1953 eos
1501 1907 1730 1954 aeterna-

156 1965 282 2021 liter
331 1968 404 2022 ibi
436 1965 733 2024 mansuros.
776 1965 977 2025 Ornan't
1019 1971 1161 2025 enim
1208 1971 1378 2024 locum
1422 1970 1509 2023 ubi
1540 1984 1732 2037 corpus

154 2048 411 2105 ponatur,
441 2039 535 2092 Sed
566 2057 670 2093 non
704 2042 984 2096 attendunt
1014 2042 1101 2096 ubi
1129 2042 1343 2110 spiritus
1370 2041 1509 2109 apud
1532 2040 1732 2095 inferos

156 2120 516 2182 torqueatur,
542 2111 827 2182 Propterea
859 2126 1069 2182 quoque
1095 2113 1163 2166 ab
1193 2111 1393 2167 eisdem
1420 2111 1607 2165 alienis
1640 2112 1733 2165 lia-

153 2178 283 2233 bent
320 2180 419 2233 hoc
449 2180 592 2235 aliud
625 2182 829 2249 inutile,
867 2178 1093 2251 scilicet,
1126 2184 1263 2252 quod
1297 2183 1644 2250 tabernacula,
1679 2182 1733 2235 id

153 2259 257 2315 est,
297 2252 492 2323 palatia
522 2267 714 2317 eorum,
745 2269 775 2307 a
803 2255 992 2323 quibus
1020 2254 1140 2323 quia
1172 2253 1440 2322 migraturi
1470 2262 1610 2323 sunt,
1646 2252 1731 2306 di-

153 2331 351 2374 cuntur
392 2322 733 2378 tabernacula
782 2322 922 2379 entia
966 2326 1015 2377 in
1062 2325 1219 2379 terris
1247 2324 1395 2388 suis,
1433 2322 1485 2376 id
1529 2333 1643 2391 est,
1678 2324 1729 2377 in

156 2392 379 2458 prediis
412 2392 558 2457 suis;
591 2394 700 2458 illa,
735 2394 968 2465 inquam,
1001 2395 1325 2448 tabernacula
1347 2408 1442 2463 per
1470 2393 1730 2447 inhabita-

154 2469 305 2533 tores
349 2478 476 2517 suos
501 2476 824 2520 vocaverunt
865 2467 1075 2519 nomina
1108 2480 1201 2519 sua
1225 2505 1240 2528 ,
1274 2466 1685 2533 relinquentium
1712 2505 1727 2530 ,

154 2532 388 2606 scilicet,
420 2533 471 2587 id
498 2544 607 2598 est,
640 2545 803 2606 agunt
832 2537 1143 2591 memoriam
1179 2550 1361 2589 eorum
1404 2532 1457 2589 in
1487 2533 1731 2589 anniver-

153 2604 319 2658 sariis
348 2619 554 2670 eorum,
584 2604 784 2661 cientes
831 2622 923 2661 eos
954 2606 1168 2660 nomine
1189 2646 1203 2669 ,
1249 2616 1301 2661 et
1341 2608 1477 2660 bene
1506 2621 1563 2661 se
1587 2615 1731 2660 satu-

154 2683 383 2739 rantes;
414 2686 466 2728 et
494 2678 593 2730 hoc
624 2693 729 2731 non
762 2685 967 2731 tantum
996 2677 1055 2731 ﬁt
1085 2679 1135 2731 in
1169 2678 1309 2740 ﬁliis,
1341 2678 1392 2730 in
1426 2677 1725 2744 nepotibus,

153 2744 246 2818 sed
280 2745 338 2798 in
367 2747 602 2818 progenie
626 2748 905 2803 decedenti
936 2757 990 2803 et
1010 2751 1063 2801 in
1090 2750 1327 2818 progenie
1356 2748 1726 2815 subsequenti,

154 2812 202 2865 id
228 2825 342 2887 est,
368 2812 427 2869 in
452 2812 698 2873 omnibus
724 2812 1129 2887 posterioribus,
1158 2812 1246 2886 q'ui
1272 2820 1426 2883 ritus,
1457 2828 1512 2871 ut
1536 2812 1726 2885 Fertur,

153 2894 207 2937 et
234 2886 338 2958 fuit
375 2896 431 2939 et
468 2888 642 2942 adhuc
683 2886 763 2943 eSt
812 2891 1111 2958 gentilium.
1155 2891 1263 2943 Nos
1301 2904 1426 2942 vero
1458 2889 1729 2943 transtuli-

153 2970 279 3029 mus
324 2957 469 3011 illum
520 2960 570 3012 in
594 2957 866 3029 religionis
895 2961 1206 3028 obsequium
1232 3001 1248 3027 ,
1294 2970 1352 3013 ut
1381 2960 1433 3013 in
1483 2959 1729 3015 anniver-

152 3028 318 3079 sariis
340 3037 665 3096 nostrorum,
693 3028 915 3097 Scilicet,
946 3042 1153 3101 patrum
1182 3047 1287 3084 non
1312 3046 1404 3084 eos
1426 3029 1728 3085 nominibus

152 3109 473 3171 evocemus,
513 3101 608 3155 sed
640 3102 802 3155 Deum
836 3117 933 3171 pro
975 3103 1102 3169 ipsis
1132 3118 1225 3171 per
1265 3101 1543 3156 missarum
1584 3102 1726 3157 cele-

152 3166 429 3241 brationes
460 3180 512 3225 et
539 3166 905 3241 eleemosyn'as
936 3166 1261 3228 invocemus.

224 3237 407 3293 Homo
448 3258 564 3294 cum
608 3243 664 3295 in
698 3237 888 3296 honore
930 3255 1075 3298 esset.
1109 3244 1272 3309 Quasi
1321 3242 1459 3299 dicat
1487 3260 1503 3299 :
1534 3244 1689 3301 Tales
1713 3284 1728 3309 ,

153 3308 393 3384 inquam,
440 3326 542 3384 non
570 3314 757 3367 dantes
799 3313 908 3367 Deo
952 3308 1289 3384 placali’onem
1328 3331 1471 3368 suam
1496 3356 1511 3382 ,
1562 3308 1733 3384 neque

151 3382 786 3456 p_r_etir_nn__redemptionis
831 3382 1018 3456 auia—tte
1067 3401 1215 3452 sum,
1266 3395 1320 3440 et
1372 3382 1733 3456 relinquentes

149 3450 345 3525 alienis
372 3450 619 3520 divitias,
654 3455 839 3523 perditi
877 3466 1033 3522 sunt,
1064 3459 1183 3525 quia
1204 3450 1265 3511 in
1292 3450 1549 3511 internum
1581 3458 1731 3511 labo-

153 3522 370 3597 rabunt,
396 3531 460 3597 et
486 3525 608 3579 inde
648 3522 751 3580 non
778 3536 901 3581 sunt
927 3527 1027 3597 ipsi
1068 3522 1425 3593 excusabiles,
1470 3536 1522 3581 et
1549 3536 1734 3582 auctor

151 3595 503 3666 accusabilis,
548 3597 655 3652 imo
686 3598 783 3666 ipsi
815 3595 1144 3653 accusabiles
1168 3639 1183 3664 ,
1215 3608 1269 3652 et
1297 3606 1481 3652 auctor
1509 3612 1735 3653 excusa-

152 3662 275 3717 bilis
305 3703 321 3726 ,
362 3668 481 3733 quia
522 3667 637 3736 ipse
682 3662 866 3723 auctor
904 3672 1033 3724 tales
1070 3662 1177 3723 eos
1203 3669 1360 3731 fecit,
1394 3669 1483 3737 qui
1527 3669 1733 3723 ratione

151 3738 489 3807 possentruti
514 3776 529 3802 ,
572 3738 668 3793 sed
709 3740 866 3807 culpa
894 3754 1079 3794 eorum
1124 3741 1225 3794 hoc
1263 3748 1346 3794 est
1391 3739 1587 3793 factum
1612 3781 1626 3805 ,
1679 3748 1735 3794 nt

150 3814 341 3881 cssent
362 3806 671 3881 sicut__equus
692 3820 740 3881 et
769 3806 960 3875 mulus,
992 3809 1174 3881 quibus
1200 3826 1301 3864 non
1327 3819 1398 3864 est
1427 3810 1731 3881 intellectus.

150 3873 309 3950 Quod
352 3878 430 3950 sic
468 3873 638 3933 dicit:
686 3880 852 3935 Homo
883 3873 1079 3935 cum'in
1106 3882 1298 3936 honore
1326 3892 1449 3935 esset
1490 3880 1691 3950 positus
1716 3922 1730 3949 ,

148 3946 273 4021 quia
321 3948 391 4002 ad
429 3951 712 4021 imaginem
756 3962 811 4006 et
844 3952 1251 4008 similitudinem
1300 3952 1389 4007 Dei
1420 3946 1593 4008 faétus
1619 3998 1633 4021 ,
1678 3946 1734 4008 et

150 4016 367 4073 ratione
400 4018 471 4092 uti
503 4016 830 4089 posset,’non
860 4024 1145 4092 intellexit,
1178 4024 1230 4077 id
1259 4034 1360 4090 est,
1397 4038 1503 4078 non
1533 4016 1733 4080 intelli-

151 4097 348 4156 genter
371 4090 501 4160 egit,
545 4094 668 4160 quia
697 4093 957 4150 rationem
992 4110 1097 4149 non
1130 4090 1390 4149 attendit.
1426 4092 1577 4149 Unde
1606 4096 1731 4150 reli-

151 4162 270 4237 quit
295 4160 493 4237 alienis
510 4162 721 4237 divitias
750 4179 891 4219 suas.
912 4164 1055 4237 Nam
1078 4165 1124 4220 si
1148 4165 1506 4237 intelligenter
1529 4178 1728 4237 ageret,

153 4228 439 4306 potius_il_li
469 4232 617 4288 fratri
648 4234 868 4300 homini,
894 4236 961 4291 de
986 4252 1092 4306 quo
1112 4252 1271 4305 supra
1286 4228 1487 4291 dictum
1516 4228 1619 4303 est,
1640 4228 1732 4294 eas

152 4302 542 4377 commisisset,
576 4307 814 4377 membra
844 4306 960 4377 ejus
988 4302 1216 4363 fovendo
1245 4318 1405 4376 atque
1432 4308 1729 4374 vestiendo,

152 4374 243 4448 qui
272 4372 441 4448 _ipsas
486 4372 945 4445 multiplicatas'ei
987 4372 1332 4433 restitueretf
1356 4378 1422 4432 Et
1468 4379 1588 4448 quia
1626 4372 1731 4435 non

154 4441 517 4521 intelligentcr
546 4441 687 4516 egii,
719 4448 839 4503 ideo
868 4458 1198 4519 comparatus
1227 4462 1300 4503 est
1325 4441 1575 4521 jumentis
1600 4451 1730 4504 insi-

153 4499 433 4581 pientib‘us,
466 4516 518 4571 id
546 4499 653 4584 eiii,
673 4499 1061 4576 basiata?
1078 4499 1296 4575 aras;
1316 4499 1571 4585 (aias;
1592 4499 1732 4576 sicut
1756 4499 1811 4560 Ῑ)

155 4586 314 4659 bruta
343 4588 617 4659 animalia,
647 4604 765 4658 qua:
792 4599 978 4645 natura
1008 4591 1158 4646 ﬁnxit
1190 4606 1380 4659 prona,
1410 4601 1569 4659 atque
1600 4607 1730 4647 ven-

155 4655 696 4731 tridpbedientiagE'x
732 4664 830 4715 hoc
860 4662 1029 4717 iactus
1057 4672 1141 4717 est
1178 4655 1283 4717 illis
1316 4676 1441 4716 vere
1464 4655 1730 4731 similiter,

154 4725 388 4797 scilicet,
420 4736 477 4783 ut
501 4730 720 4785 rationis
742 4747 840 4787 usu
865 4744 1090 4797 careret,
1123 4735 1262 4788 sicut
1285 4740 1337 4786 et
1362 4732 1469 4786 illa.
1504 4725 1735 4789 Attende

155 4794 453 4875 humanum
488 4814 655 4869 genus
684 4812 853 4856 totum
886 4819 982 4873 per
1010 4794 1281 4858 hominem
1312 4803 1397 4858 hic
1427 4804 1731 4875 designari,

154 4869 301 4943 quod
334 4869 387 4921 in
420 4876 589 4937 primo
620 4875 835 4929 homine
876 4869 1100 4930 rationis
1128 4875 1380 4928 damnum
1413 4869 1649 4943 pertulit.

178 4977 202 5017 ._
228 4936 285 4991 Η
291 4954 366 5017 ac
390 4936 470 4995 via
496 4943 703 4997 illorum
727 4946 1027 4999 scandalum
1052 4948 1197 5015 ipsis.
1236 4946 1325 5017 Via
1351 4936 1608 5014 accipitur
1638 4961 1734 5017 pro

154 5009 393 5087 vita.__Et_
420 5021 502 5066 est
531 5018 681 5083 quasi
717 5017 860 5070 dicat
888 5032 903 5069 :
934 5009 1083 5071 Talis
1109 5021 1213 5072 vita
1244 5015 1454 5071 illorum
1469 5009 1616 5087 'quos
1639 5009 1732 5072 su-

157 5096 252 5150 pra
269 5080 517 5159 diximus
534 5080 563 5148 ,⁷
597 5086 840 5154 scilicet,
890 5102 996 5142 non
1028 5090 1383 5159 intelligenter
1432 5080 1532 5144 hoc
1560 5097 1615 5144 et
1643 5090 1732 5145 illo

156 5152 324 5229 modo
352 5168 550 5229 agere,
585 5166 639 5211 et
656 5152 904 5229 jumentis
944 5152 1301 5227 insipientibus
1335 5160 1540 5215 similes
1571 5174 1689 5215 esse
1712 5200 1762 5225 ,,

154 5226 226 5279 sit
258 5225 393 5293 ipsis
422 5235 626 5281 tantum
655 5225 720 5282 ad
750 5225 1057 5286 scandalum
1080 5272 1093 5295 ,
1126 5232 1177 5285 id
1206 5242 1312 5297 est,
1343 5231 1407 5283 ad
1438 5232 1735 5286 damnatio-

156 5311 282 5351 nem
317 5305 595 5365 azternam,
625 5316 730 5354 non
762 5301 875 5369 tibi,
908 5315 941 5355 ο
966 5300 1289 5365 Christiane,
1322 5304 1405 5356 cui
1439 5304 1644 5371 loquor,
1679 5302 1733 5357 id

150 5378 263 5435 est,
299 5377 357 5423 tu
385 5384 490 5424 non
520 5372 783 5440 approbes
818 5387 917 5426 nec
948 5374 1160 5427 insistas
1188 5374 1309 5427 talia
1337 5374 1513 5441 qualia
1542 5374 1619 5428 illi
1652 5374 1735 5427 in-

156 5441 381 5503 sistunt,
411 5456 477 5495 ne
506 5452 561 5495 et
588 5442 682 5495 tibi
703 5444 810 5497 sint
839 5445 904 5496 ad
928 5446 1261 5508 scandalum,
1290 5444 1427 5498 sicut
1449 5445 1555 5498 illis
1584 5454 1729 5499 sunt.

160 5508 227 5564 Et
255 5512 381 5565 ideo
400 5512 527 5585 dico
558 5512 662 5568 illis
692 5515 800 5568 sint
827 5514 892 5567 ad
936 5516 1240 5569 scandalum
1266 5558 1281 5583 ,
1312 5531 1417 5568 non
1460 5516 1576 5579 tibi,
1611 5515 1735 5585 quia

157 5592 361 5649 postea,
394 5584 445 5636 id
475 5593 576 5650 est,
611 5594 891 5655 postquam
935 5587 1034 5656 ipsi
1064 5587 1143 5640 sic
1176 5586 1489 5653 insutcrint,
1522 5587 1567 5640 si
1598 5584 1736 5641 male

159 5656 419 5727 vixerint,
449 5657 855 5724 complacebunt,
888 5657 940 5711 id
967 5668 1067 5723 est,
1098 5658 1216 5711 aliis
1243 5658 1381 5712 sicut
1410 5667 1462 5711 et
1492 5657 1592 5711 sibi
1622 5657 1734 5727 pla-

155 5737 286 5779 cere
317 5726 519 5781 volunt.
552 5728 618 5779 Et
647 5728 747 5783 hoc
776 5730 830 5782 in
859 5744 945 5782 ore
975 5744 1079 5783 non
1120 5729 1233 5795 Dei,
1264 5730 1357 5783 sed
1390 5743 1510 5795 suo,
1546 5728 1596 5782 id
1626 5726 1731 5793 est,

160 5795 289 5851 talia
337 5800 675 5866 persuadenti
704 5840 718 5866 ,
766 5801 906 5869 quod
951 5809 1034 5857 est
1080 5800 1301 5855 dicere;
1346 5798 1429 5855 Ad
1473 5803 1573 5855 hoc
1617 5800 1735 5855 aliis

1842 488 2118 542 suadeant.
2154 487 2245 542 Vel
2279 487 2473 546 aliter':
2508 489 2636 544 ch
2674 487 2755 543 via
2781 490 3011 551 illorum,
3053 491 3277 555 scilicet,
3294 487 3413 550 'non

1844 557 2199 630 inlelligenter
2227 575 2405 629 agere,
2435 569 2515 615 est
2544 561 2665 629 ipsis
2687 561 2756 614 ad
2783 562 3105 629 scandalum,
3137 562 3189 616 id
3215 574 3317 630 est,
3349 566 3414 619 ad
3458 602 3461 607 ι

1840 625 2185 702 oil'ensionem
2218 625 2692 686 et’damnationem
2715 671 2730 698 ,
2764 632 3044 696 videlicet,
3080 625 3201 702 quia
3240 625 3414 690 se'fa-

1840 708 1954 750 ctos
2001 699 2067 753 ad
2108 699 2363 755 honorem
2412 702 2508 757 Dei
2561 717 2663 755 non
2712 699 3178 767 attenderuut,'et
3232 714 3411 761 tamen

1838 779 2012 842 postea
2037 812 2053 836 ,
2077 770 2128 842 id
2157 781 2238 825 est
2258 813 2273 837 ,
2314 783 2591 842 postquam
2616 772 2693 827 sic
2738 773 2959 828 interius
2988 773 3332 829 scandalizati
3359 785 3417 832 et

1839 839 2040 913 similes
2074 839 2329 911 jumentis
2360 839 2482 898 lacti
2519 850 2680 909 sunt,
2729 844 3110 913 complacebunt
3138 886 3152 907 ,
3195 847 3244 898 id
3288 856 3411 913 est,

1838 909 2172 984 complacare
2212 921 2266 966 et
2312 913 2422 969 Deo
2466 921 2531 984 et_
2565 913 2705 980 sibi,
2755 909 2969 984 suisque
3014 914 3310 982 similibus,
3358 909 3415 972 et

1839 980 1950 1056 veri
1994 981 2445 1056 praedicatoribus.
2493 982 2687 1056 Volunt
2730 984 2838 1039 Deo
2869 980 3080 1054 quidem
3108 1025 3122 1050 ,
3173 980 3303 1056 quia
3342 988 3411 1041 de

1839 1048 2157 1106 abundantia
2193 1053 2403 1126 frugum
2429 1064 2483 1109 et
2512 1054 2851 1126 dominorum
2880 1048 3407 1126 suorum'ei'gratias

1838 1129 2017 1188 agunt,
2050 1123 2294 1178 exterius
2313 1125 2361 1179 ei
2392 1123 2801 1189 benedicentes,
2853 1126 2939 1180 cui
2988 1125 3151 1181 corde
3187 1123 3411 1182 maledi-

1837 1201 1993 1265 cunt;
2027 1191 2128 1246 sibi
2156 1208 2282 1248 vero
2312 1197 2528 1265 suisque
2555 1194 2818 1250 similibus
2848 1198 3077 1265 placent,
3107 1197 3231 1252 dum
3256 1198 3405 1253 inﬁr-

1836 1261 2074 1316 mitatem
2112 1278 2264 1317 suam
2306 1261 2556 1320 accusant
2600 1274 2653 1320 et
2699 1261 2904 1320 dicunt.
2951 1266 3056 1321 Nos
3096 1268 3405 1324 naturaliter

1837 1330 2032 1385 inlirmi
2065 1348 2271 1400 sumus,
2302 1347 2354 1391 et
2386 1336 2506 1390 ideo
2534 1351 2637 1390 non
2671 1350 2953 1404 possumus
2980 1338 3105 1404 quin
3138 1336 3406 1407 l‘ragilitati

1836 1413 2034 1457 nostra:
2055 1407 2473 1478 consentiamus,
2499 1415 2552 1461 et
2574 1407 2787 1461 similia.
2816 1407 3254 1463 Przedicatoribus
3274 1424 3405 1478 quo-

1835 1488 1939 1542 que
1979 1474 2087 1528 veri
2136 1475 2343 1542 placere
2391 1480 2614 1541 volunt,
2669 1478 2907 1533 dicentes
2949 1496 2960 1530 :
3012 1478 3233 1533 Domino
3274 1474 3404 1534 nihil

1835 1545 2093 1619 sanctius,
2128 1547 2256 1599 nihil
2290 1550 2507 1610 rectius,
2532 1564 2687 1618 quam
2714 1548 2980 1617 jejunare,
3010 1550 3404 1619 eleemosynam

1835 1613 1983 1689 dare,
2017 1626 2070 1689 et
2104 1626 2292 1689 cuncta
2336 1634 2455 1689 qua:
2482 1613 2661 1673 diiitis
2695 1613 2867 1674 facere
2896 1660 2909 1682 ,
2955 1619 3046 1673 sed
3075 1613 3264 1673 tamen'
3291 1620 3407 1676 haec

1835 1686 2020 1739 eadem
2049 1688 2100 1759 i_n
2131 1686 2379 1743 cordibus
2401 1689 2607 1743 odiunt.
2634 1690 2822 1744 Adhuc
2842 1704 3053 1759 quoque
3084 1690 3402 1757 principium

1762 1773 1813 1836 Β
1838 1768 2026 1836 versus
2056 1757 2210 1836 hujus
2238 1760 2394 1814 aliter
2420 1758 2524 1836 dici
2555 1769 2764 1827 potest,
2796 1757 2906 1836 ita,
2951 1757 3157 1836 scilicet
3180 1778 3201 1836 _:
3236 1760 3405 1817 Homo

1838 1824 2058 1900 quidem
2076 1824 2291 1900 positus
2316 1838 2398 1883 est
2428 1830 2478 1883 in
2514 1824 2758 1897 honore,
2792 1824 2915 1900 quia
2946 1831 3011 1884 ad
3038 1832 3321 1899 imaginem
3352 1839 3409 1886 et

1834 1896 2233 1966 similitudinem
2281 1899 2370 1954 Dei
2414 1900 2582 1953 iactus
2612 1910 2734 1960 est.
2782 1896 2878 1955 sed
2909 1911 3086 1955 tamen
3132 1896 3230 1954 liae
3275 1902 3356 1955 via
3390 1942 3405 1966 ,

1834 1965 2031 2041 imagoo
2085 1970 2305 2036 scilicet,
2354 1978 2408 2024 et
2456 1969 2748 2025 similitudo
2778 1971 2891 2035 Dei,
2920 1985 3040 2041 quae
3065 1971 3260 2026 debent
3287 1965 3408 2026 esse

1832 2035 1916 2089 via
1944 2038 2178 2112 illorum,
2206 2035 2330 2112 quia
2356 2040 2453 2095 hoc
2477 2044 2754 2096 attendere
2775 2035 3053 2108 deberent,
3081 2058 3201 2097 cum
3228 2043 3403 2112 aliqua

1833 2109 2034 2181 mentio
2065 2109 2188 2181 inde
2220 2111 2299 2176 ﬁt,
2332 2119 2413 2166 est
2443 2111 2549 2165 illis
2579 2113 2911 2175 scandalum,
2938 2114 3060 2181 quia
3091 2112 3276 2167 audire
3308 2109 3404 2167 no-

1832 2175 1967 2247 lunt,
2001 2179 2083 2233 vel
2113 2189 2194 2233 est
2221 2175 2301 2235 eis
2338 2181 2666 2247 scandalum,
2697 2182 2747 2235 id
2778 2193 2881 2247 est,
2914 2175 3013 2236 iter
3045 2184 3111 2236 ad
3144 2194 3401 2238 aeternam

1832 2246 2250 2322 damnationem,
2280 2252 2403 2320 quia
2432 2246 2721 2322 negligunt.
2759 2252 2824 2306 Et
2852 2246 3025 2308 tamen
3057 2262 3401 2322 posteaquam

1831 2318 1909 2371 sic
1918 2319 2195 2392 depravati
2220 2318 2362 2387 sunt,
2388 2318 2789 2390 compla'cebunt,
2811 2324 2945 2377 sicut
2964 2318 3272 2392 praidictuni
3297 2333 3397 2379 est.

1903 2388 2051 2462 Sicut
2080 2406 2193 2445 oves
2221 2391 2273 2445 in
2300 2388 2521 2462 inferno.
2553 2393 2713 2460 Quasi
2755 2393 2896 2449 dicat
2929 2388 3105 2459 {Quia
3137 2394 3404 2447 scandali<

1830 2460 2125 2533 zatisunt,
2166 2473 2221 2533 et
2268 2460 2446 2518 tamen
2476 2465 2812 2533 complacere
2858 2465 3080 2527 volunt,
3127 2464 3249 2517 ideo
3278 2473 3403 2518 sunt

1830 2530 2073 2605 positicin
2102 2532 2308 2587 inferno
2340 2530 2614 2600 interiori,
2640 2534 2693 2589 id
2716 2544 2815 2599 est,
2839 2534 2892 2589 in
2920 2536 3159 2590 ctecitate
3186 2537 3401 2605 mentis,

1830 2600 1931 2674 ipsi
1958 2601 2080 2674 dico
2098 2614 2248 2658 entes
2268 2605 2398 2658 sicut
2425 2621 2559 2671 oves,
2585 2606 2635 2660 id
2656 2616 2737 2659 est
2764 2619 2868 2659 non
2891 2606 3078 2672 spiritu
3112 2600 3402 2674 ferventes,

1828 2671 1921 2726 sed
1953 2672 2253 2745 debilesut
2285 2689 2433 2741 oves,
2469 2685 2524 2731 et
2568 2675 2787 2731 herbam
2834 2671 3115 2731 tondentes
3139 2716 3155 2740 ,
3193 2675 3243 2729 id
3283 2671 3414 2745 est;

1829 2744 2071 2816 carnales
2102 2744 2321 2799 delicias
2360 2755 2692 2815 appetentes.
2745 2746 2809 2799 Et
2848 2746 2968 2816 quia
3011 2746 3162 2815 positi
3195 2757 3314 2799 sunt
3352 2744 3416 2804 iis

1826 2812 2031 2880 inferno
2059 2825 2212 2870 entes
2239 2817 2377 2871 sicut
2400 2812 2549 2881 oves,
2582 2819 2701 2873 ideo
2730 2812 2901 2883 mors,
2940 2812 3133 2881 idest,
3165 2817 3410 2873 diabolus

1828 2884 2064 2952 deposcet
2093 2901 2200 2952 eos,
2235 2886 2284 2940 id
2325 2896 2427 2953 est,
2456 2890 2559 2943 erit
2590 2896 2769 2956 pastor
2793 2902 3001 2942 eorum.
3034 2887 3282 2942 Diabolus
3310 2903 3407 2942 au-

1831 2963 1937 3009 tem
1979 2956 2098 3010 ideo
2127 2971 2271 3011 mors
2301 2957 2514 3029 dicitur,
2550 2960 2676 3029 quia
2704 2973 2860 3013 causa
2903 2968 2958 3029 et
2997 2960 3184 3012 mortis
3215 2957 3408 3013 anima:

1829 3034 1885 3097 et
1912 3028 2099 3080 mortis
2130 3027 2369 3097 corporis
2402 3030 2517 3095 luit,
2551 3027 2673 3085 cum
2718 3031 2889 3097 primo
2928 3028 3127 3083 homini
3160 3038 3216 3084 ut
3241 3032 3294 3082 in
3326 3045 3411 3085 re-

1759 3132 1805 3196 c
1835 3096 2046 3221 qiqnem
2074 3096 2517 3180 dissimilitudinis
2558 3116 2586 3153 a
2620 3096 2729 3156 Deo
2771 3115 2868 3155 suo
2906 3101 3179 3155 recederet
3223 3101 3409 3181 suasit.

1862 3170 1912 3221 bi
1950 3184 2092 3221 enim
2125 3184 2269 3221 mors
2298 3185 2489 3221 animae
2519 3171 2657 3221 facta
2694 3179 2807 3221 est.
2839 3186 2998 3221 auam
3032 3185 3183 3221 omna
3226 3182 3409 3221 morus

1862 3168 1912 3221 bi
1950 3169 2092 3222 enim
2125 3184 2269 3223 mors
2298 3172 2489 3226 animat
2519 3171 2657 3226 facta
2694 3179 2807 3235 est,
2839 3186 2998 3240 quam
3032 3185 3183 3238 paena
3226 3172 3413 3225 mortis

1835 3240 2130 3307 corporalis
2158 3241 2439 3296 subsecuta
2468 3252 2569 3297 est.
2604 3242 2672 3296 Et
2712 3242 2849 3295 sicut
2881 3241 3004 3305 vita,
3035 3242 3087 3295 id
3124 3250 3227 3304 est,
3259 3241 3413 3295 Chri-

1836 3318 1949 3363 stus
1980 3320 2159 3378 pastor
2200 3312 2436 3367 omnium
2476 3313 2689 3367 illorum
2734 3326 2958 3378 quorum
2991 3313 3329 3366 conversatio
3361 3312 3412 3365 in

1836 3380 2143 3435 cmlestihus
2172 3391 2253 3436 est
2286 3384 2354 3437 ad
2399 3384 2629 3438 salutem
2652 3423 2669 3450 ,
2719 3383 2789 3436 ita
2828 3381 3072 3436 diabolus
3102 3391 3185 3436 est
3232 3392 3414 3452 pastor

1837 3455 2076 3523 omnium
2108 3452 2350 3519 illorum,
2384 3454 2473 3523 qui
2504 3456 2738 3508 animum
2782 3452 2836 3506 in
2877 3454 3101 3523 terrenis
3130 3454 3297 3523 ﬁgunt
3345 3454 3411 3508 ad

1836 3521 2254 3594 damnationem.
2282 3524 2376 3579 Vel
2403 3521 2483 3580 sic
2506 3534 2680 3594 potest
2706 3524 2811 3578 dici
2838 3540 2850 3575 :
2878 3522 3020 3576 Mors
3042 3521 3277 3591 deposcet
3299 3540 3408 3594 eos,

1836 3591 1888 3654 id
1921 3604 2039 3658 est,
2071 3593 2319 3649 comedet
2347 3610 2440 3651 eos
2463 3635 2477 3659 ,
2506 3591 2635 3664 quia
2664 3593 3015 3650 delectabitur
3059 3596 3113 3650 in
3141 3596 3238 3650 eis.
3286 3593 3413 3650 Ser-

1837 3665 1981 3735 penti
2010 3666 2184 3729 enim,
2217 3666 2268 3719 id
2298 3676 2379 3721 est
2408 3666 2641 3733 diabolo,
2675 3667 2873 3720 dietum
2900 3675 3001 3734 est,
3031 3667 3155 3735 quia
3188 3675 3406 3734 terram,

1836 3734 1887 3787 id
1917 3744 2020 3799 est,
2054 3736 2244 3799 malos,
2278 3737 2540 3793 comedet.

1836 3820 1843 3859 ;
1907 3802 1975 3857 Et
2006 3806 2397 3861 dominabuntur
2432 3824 2625 3863 eorum.
2662 3808 2822 3877 Quasi
2854 3808 3038 3863 dicat:
3082 3808 3216 3876 Quia
3266 3822 3414 3865 mors

1834 3878 2085 3944 depascet
2113 3877 2233 3933 illos
2262 3883 2460 3946 positos
2488 3880 2540 3934 in
2573 3879 2800 3945 inferno,
2836 3894 3055 3935 necesse
3079 3882 3182 3933 erit
3210 3888 3265 3933 ut
3294 3895 3413 3945 per-

1834 3959 2125 4015 sequantur
2157 3950 2291 4017 pios,
2327 3962 2381 4006 et
2407 3960 2581 4007 tamen
2614 3952 2755 4007 nulla
2786 3965 2932 4015 cura,
2963 3952 3085 4017 quia
3114 3958 3169 4003 et
3196 3952 3237 4003 si
3268 3964 3409 4005 nunc

1835 4018 1960 4072 dum
1986 4029 2193 4090 tempus
2218 4021 2408 4077 hiemis
2428 4033 2481 4077 et
2503 4023 2676 4077 noctis
2703 4030 2804 4086 est,
2830 4022 2953 4075 dum
2980 4020 3211 4075 herbulae
3236 4020 3412 4074 virent

1833 4098 1888 4143 et
1915 4092 2135 4167 arbores
2164 4104 2336 4167 arent,
2372 4094 2517 4163 impii
2562 4096 2853 4167 secundum
2883 4105 3097 4144 carnem
3132 4091 3411 4167 videantur

1835 4161 2139 4230 opprimere
2168 4161 2363 4231 justus,
2395 4159 2574 4219 tamen
2606 4163 2853 4217 veniente
2881 4168 3066 4215 aestate
3105 4159 3259 4213 aliter
3286 4159 3406 4224 erit,

1833 4236 1955 4299 quia
1986 4233 2038 4285 in
2068 4230 2316 4287 matutino
2336 4276 2349 4299 ,
2382 4235 2437 4288 id
2460 4244 2564 4299 est,
2597 4234 2650 4287 in
2682 4246 2839 4287 mane
2866 4230 2977 4293 illo.
3009 4232 3222 4300 quando
3249 4246 3407 4284 verus

1833 4302 1914 4356 sol
1952 4303 2173 4370 justitiae
2216 4318 2474 4373 apparere
2520 4303 2755 4374 incipiet,
2790 4303 2930 4373 quod
2971 4316 3127 4374 mane
3161 4302 3265 4358 erit
3293 4302 3410 4358 sine

1835 4374 2158 4446 succedente
2194 4384 2367 4439 nocte,
2416 4384 2539 4446 tunc
2578 4373 2733 4446 justi
2761 4373 3157 4446 dominabuntur
3194 4389 3367 4428 eorum
3390 4413 3407 4440 ,

1836 4444 2079 4509 scilicet,
2126 4444 2409 4514 impiorum
2435 4489 2449 4512 ,
2493 4442 2643 4515 juxta
2680 4444 2811 4499 illud
2844 4461 2859 4498 :
2888 4442 3207 4499 Judicabunt
3248 4448 3412 4500 sancti

1834 4516 2064 4570 nationes
2084 4555 2100 4579 ,
2131 4524 2179 4570 et
2206 4517 2604 4570 dominabuntur
2635 4516 2856 4586 populis.
2905 4516 2971 4571 Et
3000 4515 3120 4571 ideo
3153 4517 3282 4585 justi
3312 4516 3411 4567 do-

1835 4586 2166 4640 minabantur
2191 4602 2385 4652 eorum,
2417 4588 2540 4655 quia
2566 4590 2664 4657 ipsi
2696 4588 2962 4657 peribunt,
2989 4586 3238 4657 quoniam
3262 4586 3412 4638 auxi-

1834 4658 1961 4709 lium
1995 4674 2166 4712 eorum
2197 4656 2659 4727 praesumptum’in
2692 4656 2790 4713 hac
2821 4661 2927 4713 vita
2957 4676 2987 4710 a
3018 4656 3184 4726 gloria
3212 4672 3407 4721 eorum,

1834 4727 1886 4781 id
1913 4737 2014 4795 est,
2041 4744 2071 4783 a
2095 4731 2294 4785 divitiis
2314 4739 2370 4784 et
2390 4731 2458 4784 ab
2485 4730 2673 4785 amicis
2700 4742 2753 4785 et
2781 4728 2990 4784 caeteris
3016 4728 3205 4782 talibus
3224 4769 3241 4795 ,
3272 4736 3415 4781 vete—

1832 4810 2037 4879 rascet,
2076 4800 2271 4879 idest,
2310 4802 2718 4879 _annihil_abit_nr,
2770 4798 3077 4879 eis_positis
3122 4799 3188 4878 in_
3214 4800 3413 4879 inferno

1834 4873 2108 4993 psteriori,
2142 4871 2244 4939 ibi,
2280 4873 2419 4927 sicut
2445 4875 2593 4944 prius
2623 4874 2833 4927 fuerant
2859 4868 2915 4926 in
2943 4868 3150 4924 inferno
3176 4868 3411 4923 interiori

1853 4956 1921 4993 lic
1949 4946 2130 4993 nosrti.

1853 4943 1921 4997 iic
1949 4943 2130 4997 positi.

1913 4957 2273 5091 Vggtiiiiltamen
2306 5015 2475 5091 _rDeus
2502 5014 2739 5091 redimet:
2773 5012 2861 5068 Sic
2906 5012 3249 5091 continuatur
3274 5026 3285 5061 :
3315 5007 3419 5063 Ta-

1833 5084 1931 5150 les,
1964 5088 2148 5153 quales
2177 5086 2545 5154 prtediximus,
2576 5103 2680 5141 nou
2710 5085 2898 5141 dantes
2927 5082 3037 5137 Deo
3066 5082 3414 5154 piscationem

1834 5151 2009 5234 suam,
2060 5151 2191 5234 etc.,
2226 5158 2389 5234 frater
2430 5160 2590 5212 homo
2638 5171 2743 5234 non
2785 5151 3195 5234 redimet_,'_scd
3240 5160 3417 5234 tamen

1835 5225 1977 5281 Deus
1998 5220 2210 5281 redimet
2235 5231 2460 5281 animant
2483 5245 2646 5282 meam
2672 5229 2735 5281 de
2759 5242 2915 5280 manu
2938 5224 3112 5294 inferi,
3141 5222 3194 5278 id
3221 5231 3322 5288 est,
3350 5220 3420 5277 de

1835 5303 2263 5377 conformatione
2312 5301 2499 5377 talium
2550 5300 2889 5377 inferorum,
2938 5306 2991 5349 et
3036 5296 3122 5377 de,
3152 5302 3421 5377 potestate

1836 5368 1995 5422 etiam
2028 5370 2222 5447 inferni
2250 5371 2556 5447 exterioris,
2592 5386 2710 5423 cum
2735 5370 2845 5438 jam
2874 5364 3124 5447 acceperit
3164 5381 3245 5447 me
3270 5364 3417 5447 inde.

1838 5442 2179 5496 Assumendo
2211 5442 2354 5495 enim
2385 5456 2471 5496 me
2499 5456 2594 5511 per
2620 5435 2864 5495 naturam
2891 5453 3065 5493 meam
3092 5438 3159 5491 de
3190 5435 3422 5508 Virginis

1838 5519 1991 5588 utero
2036 5522 2092 5568 et
2127 5511 2891 5588 de_sepulcro,-assumendo
2939 5524 3025 5588 me
3056 5518 3279 5588 iquoque
3328 5519 3425 5588 per

1838 5584 1969 5636 mihi
2000 5578 2309 5637 consimiles
2342 5591 2463 5651 post
2504 5582 2777 5645 victoriam
2820 5582 3007 5637 mortis
3033 5620 3048 5644 .
3086 5578 3163 5635 ab
3192 5578 3417 5640 inferisx

1839 5656 2049 5723 accepit
2080 5670 2166 5709 me
2186 5655 2297 5730 jam
2328 5656 2395 5730 de
2424 5656 2539 5723 ipso
2568 5655 2775 5730 interno
2804 5651 3079 5730 exteriori,
3103 5651 3268 5730 _u_ndc_
3303 5663 3426 5704 cer-

1842 5734 1927 5801 tus
1957 5720 2074 5779 sum
2107 5720 2231 5801 quia
2267 5720 2486 5801 tandem
2510 5726 2670 5781 etiam
2703 5739 2788 5779 me
2807 5724 3073 5801 accipiet.
3100 5721 3191 5779 Sic
3218 5720 3426 5801 dicetur

1843 5796 1977 5864 hoc,
2009 5793 2301 5852 secundum
2348 5798 2489 5867 quod
2520 5813 2623 5853 vox
2662 5804 2745 5851 est
2772 5795 2997 5867 alicujus
3042 5793 3111 5850 de
3140 5793 3427 5863 posteriori
