3970 6368
144 365 257 421 741

870 358 932 417 ΙΝ
973 362 1391 421 PSALMORUM
1429 363 1685 423 LIBRUM
1725 363 2089 428 EXEGESIS.
2128 396 2197 411 -
2236 367 2475 427 PSALM.
2517 362 2705 428 XLIX.

3309 341 3410 398 1h

144 490 207 561 ut
239 480 599 561 medicatur}.
633 478 921 561 Loqueudo
962 481 1169 561 vocavit
1213 490 1431 561 terram.
1483 484 1547 561 Et
1596 485 1737 561 unde
1762 486 1811 546 Δ
1842 495 1997 561 terrae
2008 490 2262 557 justitiam
2283 492 2412 560 ejus,
2442 490 2492 545 id
2519 500 2620 557 est,
2658 490 2814 547 tidem
2842 490 2961 561 ejus
2985 492 3383 561 justiticantem.

145 550 399 624 incepit?
430 549 626 624 A_solis
649 561 782 614 ortu,
836 551 887 603 id
937 560 1039 624 est,
1066 567 1093 624 ιι
1124 551 1345 624 Judaico
1391 555 1606 622 populo,
1637 556 1728 624 qui

145 626 305 675 solus
331 623 380 673 in
405 620 623 673 Oriente
652 632 767 674 erat
810 636 903 689 per
945 622 1129 690 legalia
1176 620 1434 688 instituta,
1464 620 1728 690 quamvis

150 691 460 744 umbratica
480 690 890 762 quodaminodo
920 692 998 762 sol
1022 706 1178 762 verus
1204 694 1419 761 justitizc
1443 696 1489 748 ei
1514 708 1733 762 appare-

152 763 257 821 hit,
283 776 481 815 vocare
502 762 683 828 erepit.
708 760 825 823 Ipse
845 761 987 814 enim
1010 761 1137 815 dicit
1157 760 1278 830 quia
1298 780 1401 818 non
1427 763 1520 817 fuit
1547 760 1727 818 missus

148 832 254 884 nisi
272 833 344 885 ad
366 846 631 895 oves,qua:
654 833 928 895 perierunt,
949 832 1128 885 damus
1150 830 1336 890 Israel.
1360 835 1498 900 quod
1522 834 1587 887 ad
1609 849 1730 888 cor-

149 903 402 970 poralem
433 902 767 966 praesentiam
792 902 1132 956 referendum
1151 913 1253 956 εει.
1278 900 1341 957 Et
1364 904 1603 957 vacando
1634 920 1727 970 per

147 986 222 1039 ap
245 973 433 1027 σειυιοε
459 986 586 1026 ειιοε
605 974 845 1039 pervenit
869 986 1039 1041 usque
1056 972 1122 1027 ad
1143 987 1413 1035 occasum,
1441 975 1488 1026 id
1510 983 1612 1037 est,
1638 989 1729 1028 us-

145 1058 256 1109 que
278 1046 348 1096 ad
369 1052 578 1112 gentes.
612 1044 742 1107 Quae.
778 1056 902 1096 vere
927 1044 978 1095 in
1005 1056 1201 1098 occasu
1225 1042 1369 1097 velut
1394 1045 1521 1097 solis
1549 1056 1725 1109 erant,

145 1116 276 1181 quia
310 1114 515 1168 cultum
541 1112 631 1166 Dei
672 1128 779 1166 non
822 1114 981 1166 etiam
1028 1122 1306 1175 noverant,
1338 1114 1432 1168 sed
1461 1113 1602 1168 idola
1634 1116 1728 1168 ad-

149 1183 408 1237 orabant.
444 1184 507 1236 Et
532 1183 822 1237 secundum
858 1186 957 1235 hoc
985 1184 1123 1250 quod
1150 1184 1419 1251 sequitur,
1449 1184 1551 1236 erit
1575 1185 1726 1249 quasi

147 1254 318 1322 hujus
339 1253 626 1320 expositio,
658 1254 885 1316 scilicet,
916 1268 977 1306 ea:
1024 1252 1152 1308 Sion
1180 1256 1285 1308 erit
1306 1254 1501 1325 species
1527 1253 1727 1309 decoris

144 1326 262 1394 ejus
285 1364 301 1387 ,
336 1334 391 1375 ιιι
421 1338 586 1391 prius.

222 1393 369 1448 Deus
398 1394 668 1462 manifeste
687 1393 866 1448 veniet.
894 1393 1017 1449 Ideo
1041 1394 1162 1448 dico
1190 1394 1329 1461 quod
1365 1394 1625 1451 Dominus
1649 1396 1725 1450 lo-

146 1478 375 1533 quetur,
398 1466 519 1533 quia
548 1463 685 1518 Deus
718 1464 986 1532 manifeste
1006 1466 1208 1530 veniet;
1250 1464 1383 1530 ipse,
1411 1467 1551 1530 dico,
1584 1464 1723 1520 Deus

149 1546 346 1599 noster,
376 1539 426 1587 id
451 1542 557 1598 est,
581 1547 780 1588 nostra:
804 1546 1005 1588 natura:
1037 1535 1206 1589 factus
1232 1537 1515 1601 particeps,
1543 1538 1594 1589 in
1621 1552 1725 1604 qua

151 1617 341 1661 nostra
366 1616 551 1658 natura
578 1606 723 1659 dabit
750 1613 855 1658 tam
886 1606 1152 1660 evidentia
1180 1606 1352 1673 signa,
1383 1616 1440 1659 ut
1472 1609 1726 1661 manifes—

149 1686 265 1731 tum
300 1678 373 1730 sit
404 1676 543 1743 quod
570 1675 707 1729 Deus
753 1685 867 1729 erat
919 1676 971 1729 iu
1029 1676 1266 1740 Christo,
1321 1676 1575 1731 tuundum
1623 1678 1726 1732 sibi

149 1747 536 1802 reconcilians.
586 1746 652 1799 Et
682 1755 738 1799 ut
778 1746 1027 1800 dicatur:
1064 1745 1225 1800 Nemo
1255 1754 1415 1815 potest
1442 1747 1557 1817 Ittee
1575 1749 1721 1817 signa

146 1819 344 1900 facere,
374 1826 559 1910 qutf‘tu
588 1817 735 1910 {acim
764 1816 1024 1896 nisiDeus
1049 1817 1344 1910 fueritfuit}.
1360 1819 1490 1871 illo:
1526 1816 1722 1910 Veniet,
1753 1849 1802 1910 Β

150 1887 415 1957 inquam,
450 1888 619 1955 Deus,
660 1896 715 1941 et
761 1888 981 1941 veniens
1028 1904 1131 1941 non
1180 1887 1344 1940 silebit
1374 1901 1403 1940 a
1434 1898 1719 1957 pra‘cepto.

150 1959 297 2014 Vere
327 1959 472 2013 enim
508 1958 593 2012 ille
636 1973 663 2009 a
714 1967 980 2025 praecepto
1025 1974 1130 2012 non
1180 1957 1360 2018 siluit,
1411 1959 1500 2024 qui
1546 1958 1725 2012 dixit:

156 2030 254 2086 Vc
284 2031 449 2095 vobis,
479 2028 673 2083 Scribis
700 2038 743 2081 et
768 2025 1048 2093 Pharisaei,
1082 2028 1168 2097 qui
1195 2028 1458 2082 decintatis
1486 2037 1728 2095 mentum,

149 2110 200 2155 et
224 2111 431 2165 rutam,
468 2110 516 2153 et
536 2115 683 2151 omne
705 2098 838 2161 olus,
860 2115 974 2167 quis
998 2108 1166 2153 autem
1213 2100 1411 2167 majora
1438 2108 1555 2153 sunt
1604 2100 1729 2169 legis

152 2171 572 2240 pra'termittitis,
595 2170 818 2222 calantes
845 2171 1058 2240 culicem
1085 2209 1099 2234 ,
1155 2177 1207 2222 et
1252 2185 1355 2240 non
1409 2169 1734 2225 absorbeutes

151 2238 429 2296 temetum.
460 2242 660 2295 Rursus
682 2240 751 2294 de
778 2255 843 2292 eo
872 2239 1069 2293 dictum
1092 2249 1175 2295 est
1207 2256 1220 2292 :
1247 2238 1375 2292 Erat
1398 2241 1605 2308 loquens
1627 2257 1732 2295 non

152 2324 400 2379 tanquam
431 2310 628 2367 Scriba:
645 2326 821 2363 eorum
850 2320 898 2364 et
923 2308 1201 2379 Pltaristei,
1219 2310 1307 2365 sed
1325 2319 1567 2380 tanquam
1590 2320 1731 2382 pote-

148 2395 338 2439 starem
369 2384 576 2437 habens.

220 2454 378 2528 Ignis
406 2456 461 2507 in
481 2464 749 2528 conspectu
770 2456 901 2528 ejus_.
932 2452 1094 2528 Quasi
1125 2452 1313 2528 dicat:
1343 2450 1453 2528 Deo
1477 2452 1731 2528 veniente

156 2536 212 2580 et
245 2522 513 2593 praecepta
535 2524 694 2580 dante
718 2522 1030 2579 exardescet
1056 2522 1545 2593 ignisdilectiouis,
1584 2524 1732 2575 scili-

156 2592 271 2661 cet,
312 2592 446 2664 ignis
474 2596 563 2649 ille
592 2597 657 2650 de
683 2610 787 2663 quo
809 2595 1007 2649 dictum
1031 2592 1113 2646 est
1148 2610 1161 2645 :
1189 2592 1215 2645 Ι
1224 2607 1369 2664 gnem
1394 2594 1503 2664 veni
1535 2593 1733 2664 mittere

150 2667 203 2719 in
231 2662 457 2729 terram,
511 2674 558 2718 et
582 2667 703 2733 quid
730 2666 863 2729 volo,
922 2665 1023 2718 nisi
1071 2672 1126 2717 ut
1154 2662 1370 2719 ardeat?
1404 2663 1729 2726 lixardescet,

151 2738 399 2805 inquam,
426 2738 478 2789 in
497 2747 766 2804 conspectu
794 2738 923 2805 ejus,
958 2735 1008 2787 id
1038 2744 1157 2797 est,
1210 2737 1264 2788 iu
1293 2734 1418 2796 illis,
1449 2747 1581 2802 quos
1631 2734 1735 2789 sibi

151 2817 399 2861 astantes
427 2808 541 2876 ipse
562 2807 877 2875 conspiciet,
908 2806 1132 2872 scilicet,
1167 2805 1220 2859 in
1250 2806 1733 2876 sauctisrapostolis

154 2890 205 2933 et
228 2879 285 2931 iu
317 2878 435 2931 aliis
450 2875 759 2947 ’primitiVIs.
779 2876 847 2929 Et
872 2882 922 2930 in
945 2876 1161 2947 circuitu
1190 2875 1573 2947 ejus,rscilicet,
1598 2890 1732 2930 con-

153 2960 399 3018 spectus,
458 2944 511 3002 id
566 2958 671 3013 est,
703 2950 755 3001 in
786 2944 1239 3018 circumdantibus
1294 2946 1432 3018 illos,
1466 2944 1735 3013 quierunt

152 3016 480 3088 conspectus
522 3033 625 3073 non
657 3019 721 3073 ad
756 3018 1091 3082 imitandum,
1148 3016 1241 3072 sed
1289 3016 1356 3070 ad
1403 3030 1733 3084 persequen-

154 3090 322 3155 dum;
349 3094 403 3145 in
430 3088 553 3151 illis,
584 3092 816 3159 inquam,
848 3091 950 3143 erit
975 3097 1245 3155 tempestas
1274 3090 1467 3163 valida,
1491 3089 1610 3154 quia
1638 3088 1754 3163 sic-.

152 3172 210 3217 ut
242 3171 537 3231 tempestas
558 3157 691 3214 solet
708 3171 969 3224 evertere,
997 3169 1053 3213 et
1080 3157 1637 3231 navessubmergere,
1663 3160 1732 3211 ita

155 3248 323 3301 prava
344 3228 673 3286 conscientia
698 3232 998 3286 devastabit
1025 3244 1138 3296 eos,
1162 3228 1388 3295 scilicet,
1420 3239 1475 3283 ut
1497 3228 1588 3298 qui
1609 3244 1729 3285 sor-

154 3306 316 3357 didus
346 3312 429 3356 est
461 3302 723 3357 sordidior
754 3303 863 3357 tiat.
1569 3323 1582 3334 ·

227 3373 508 3427 Adrocavit
530 3374 731 3428 caelum.
758 3373 1032 3434 Dominus,
1057 3371 1290 3441 inquam,
1326 3371 1505 3425 veniet
1543 3378 1597 3425 et
1624 3369 1738 3438 ipse

154 3446 449 3509 desursum,
486 3444 536 3497 id
565 3454 667 3508 est,
701 3445 767 3497 de
815 3445 933 3497 sinu
978 3443 1150 3497 Patris
1197 3443 1419 3496 veniens
1461 3441 1740 3495 advocabit

157 3519 396 3583 primum
425 3516 595 3579 caelos,
632 3516 770 3577 illos,
802 3516 1029 3577 scilicet,
1060 3514 1123 3566 de
1146 3512 1337 3583 quibus
1374 3514 1571 3565 dictum
1611 3520 1735 3583 est:

155 3582 291 3640 Cati
316 3594 558 3639 enarrant
594 3585 812 3653 gloriam
843 3583 963 3649 Dei,
999 3584 1051 3637 id
1078 3594 1181 3649 est,
1232 3582 1393 3650 eliget
1441 3582 1733 3650 apostolos,

153 3670 206 3710 ct
236 3674 337 3724 per
366 3659 489 3711 illos
530 3660 693 3710 emtas
720 3658 997 3709 advocabit
1026 3663 1236 3717 terram,
1288 3656 1339 3706 id
1370 3662 1470 3715 est,
1504 3653 1737 3720 reliquos

155 3730 369 3792 ﬁdeles,
390 3728 478 3795 qui
504 3726 849 3796 designantur
876 3741 967 3795 per
992 3734 1187 3778 terram
1214 3725 1350 3778 bene
1380 3725 1600 3796 cultam.
1628 3725 1736 3776 Ad-

154 3800 370 3852 vocabit
400 3794 520 3851 dico
545 3794 831 3851 discernere
888 3795 1137 3866 papulum
1167 3810 1316 3848 suum
1341 3834 1357 3859 ,
1414 3794 1466 3847 id
1516 3802 1599 3866 est
1615 3831 1636 3866 Α,
1684 3805 1739 3848 ut

153 3871 495 3923 discernatur
521 3868 745 3938 papulas
765 3864 896 3921 suus
923 3884 952 3919 a
985 3866 1180 3935 populo
1209 3881 1315 3938 non
1350 3879 1468 3927 suo,
1505 3864 1735 3938 scilicet,

156 3952 209 3995 ut
237 3942 405 3994 distet
431 3936 569 3992 inter
596 3936 902 3993 credentem
927 3950 981 3992 et
1010 3953 1116 3991 non
1146 3937 1473 4002 credentem,
1504 3936 1639 3990 inter
1668 3936 1737 3990 de

156 4015 276 4080 ipso
308 4020 613 4080 sperantem
656 4018 711 4063 et
737 4012 802 4063 de
830 4024 888 4064 se
914 4017 1344 4080 praesumentem.

224 4076 546 4154 Con'gregate
565 4080 643 4133 illi
668 4091 867 4154 sanctos
895 4082 1025 4154 ejus.
1062 4079 1202 4154 Ecce
1234 4076 1530 4145 praevidens
1556 4076 1735 4154 Asaplt

157 4168 251 4219 per
285 4149 534 4220 spiritum
560 4151 685 4221 quid
716 4165 810 4219 per
858 4149 1028 4205 cretes
1056 4150 1125 4204 sit
1154 4149 1418 4221 tutorum,
1469 4150 1739 4221 convertit

155 4240 214 4278 se
242 4229 314 4278 ad
345 4227 465 4277 illos
494 4226 680 4277 emtas.
713 4222 875 4287 Quasi
921 4222 1062 4275 dicat
1111 4236 1125 4272 :

160 4294 298 4359 Vos,
338 4295 484 4357 creti,
514 4292 901 4363 congregabitis
930 4292 1006 4345 illi
1036 4299 1235 4345 sanctos
1265 4293 1401 4362 ejus.
1436 4290 1499 4344 Et
1529 4291 1631 4345 hoc
1662 4290 1737 4345 la-

154 4364 285 4426 cite,
319 4366 543 4430 scilicet,
576 4373 874 4434 congregata
919 4363 993 4415 illi
1041 4378 1134 4431 per
1165 4363 1322 4434 tidem
1369 4369 1573 4434 sanctos
1603 4363 1734 4434 ejus,

158 4439 324 4490 modo
352 4432 690 4505 disgregatos'
732 4432 870 4487 inter
921 4434 1130 4505 impios.
1186 4433 1252 4486 Et
1303 4432 1391 4501 qui
1418 4443 1541 4505 sunt
1567 4432 1737 4505 sancti

157 4508 325 4574 ejus?
357 4502 461 4560 Ex'
487 4502 609 4573 liiie,
653 4507 875 4571 scilicet,
927 4504 1196 4567 viventes,
1225 4517 1387 4569 opera
1419 4502 1629 4574 pietatis
1658 4502 1735 4555 l'a-

1764 3203 1809 3268 C
1840 3203 2401 3296 as'.‘s‘.;'saia'au;.7.t

1179 4219 1403 4274 Domino
1449 4220 1697 4274 veniente
1719 4236 1732 4271 :
1754 4264 1771 4283 ί

1843 557 2046 632 Ubique
2075 563 2215 632 enim
2244 557 2689 616 annuntiaverunt
2726 557 2948 618 mortem
2980 557 3096 632 ejus
3142 577 3198 620 et
3229 581 3402 621 r-‘snr-

1832 631 2141 684 rectionem.
2173 630 2237 683 Et
2261 631 2385 699 quid
2418 632 2815 705 intelligendum
2840 643 2982 688 esset
3011 630 3062 689 in
3093 651 3159 690 eo
3181 678 3194 701 ,
3242 653 3393 705 super

1831 713 2042 775 egenum
2063 709 2110 753 et
2143 702 2462 775 pauperem?
2490 703 2825 775 Quoddigne
2866 705 3202 761 attendentes
3227 702 3389 775 justi-

1833 769 2104 845 licantur_,_
2145 781 2198 823 et
2245 769 2347 825 hoc
2389 769 2777 845 annuntiabuut
2820 775 3103 829 discernere
3142 769 3396 845 populum

1830 853 1976 891 suum
2002 879 2014 901 ,
2057 840 2105 893 id
2138 850 2239 914 est,
2285 850 2341 893 ut
2369 841 2701 914 discernatur
2730 846 2953 910 populus
2983 840 3158 898 suusa
3192 840 3392 914 populo

1833 924 1934 959 non
1966 923 2089 983 sua,
2111 911 2199 979 qui
2228 924 2361 983 vere,
2377 922 2460 965 est
2478 912 2880 980 discernendae,
2906 915 3027 983 quia
3048 911 3209 981 Deus,
3239 911 3392 973 scru-

1832 986 1969 1054 tator
1995 981 2155 1054 etiam
2187 981 2559 1054 medullarum,
2593 1000 2713 1036 eum
2746 981 2960 1039 tandem
2990 986 3078 1052 qui
3110 1001 3269 1042 verus
3294 991 3387 1054 jac

1831 1050 1930 1100 dex
1962 1061 2043 1102 est
2071 1050 2360 1104 discernet.
2404 1050 2685 1117 Ilucusque
2712 1056 2778 1109 de
2802 1050 3015 1109 occulto
3056 1056 3265 1112 Domini
3295 1050 3392 1112 ad-

1830 1127 2011 1191 ventu.
2038 1118 2176 1174 Deus
2214 1120 2477 1187 manifeste
2504 1125 2686 1189 veniet,
2733 1125 3063 1191 interpositio
3096 1126 3229 1182 laeta
3284 1138 3391 1183 est.

1832 1188 2011 1269 Potest
2038 1191 2339 1269 tamen_hoc
2360 1191 2497 1269 idem
2530 1188 2821 1269 legi_etiam
2848 1188 2919 1250 de
2947 1194 3229 1269 manifesto
3271 1200 3392 1269 ejus

1828 1258 2060 1332 adventu
2098 1271 2150 1332 et
2207 1259 2405 1325 futura,
2457 1265 2501 1314 si
2530 1258 2751 1318 esSion
2776 1305 2790 1327 ,
2822 1265 2959 1332 quod
3011 1268 3263 1332 pra-cedit
3300 1258 3390 1323 'sic

1828 1328 2032 1383 dicatur
2062 1349 2072 1383 :
2106 1330 2359 1401 Dominus
2390 1340 2584 1385 terram
2612 1342 2810 1386 tantam
2841 1328 3058 1389 vocavit
3088 1378 3101 1396 ,
3135 1347 3385 1401 quantam

1828 1401 2130 1474 etereavit.
2153 1400 2311 1474 Δ[Ιιιιιε
2334 1416 2459 1474 vero
2483 1402 2694 1474 incipiet
2724 1403 2837 1457 hanc
2862 1406 3110 1459 vocalia?
3136 1400 3215 1459 Ea:
3236 1409 3388 1474 Sion,

1829 1470 2057 1534 scilicet,
2089 1471 2190 1525 erit
2224 1472 2429 1543 species
2476 1471 2673 1525 decoris
2718 1477 2828 1543 ejus
2862 1483 3041 1529 teme.
3094 1476 3219 1531 Inde
3248 1470 3389 1532 enim

1828 1542 2001 1616 sancti
2026 1541 2255 1616 apostoli
2288 1542 2396 1595 nati
2426 1549 2570 1616 sunt,
2603 1541 2863 1616 etvocati.
2890 1543 3016 1599 Inde
3038 1548 3221 1616 etiam,
3242 1548 3386 1616 quia,

1830 1618 1887 1662 ιιι
1915 1610 2040 1663 alibi
2069 1611 2267 1665 dictum
2293 1621 2395 1674 εει,
2427 1612 2571 1666 salus
2590 1628 2653 1667 ex
2677 1612 2875 1667 Judtcis
2896 1624 2999 1678 est,
3023 1617 3170 1670 venit
3202 1610 3387 1672 Domi;

1828 1680 2217 1755 uus‘oecultus,
2241 1683 2363 1750 quia
2394 1682 2536 1737 venit
2567 1698 2838 1755 passurus.
2886 1684 2951 1737 Et
2992 1686 3079 1755 qui
3108 1686 3161 1739 in
3191 1703 3250 1741 se
3276 1700 3392 1743 erat

1829 1747 1980 1821 fortis
2004 1750 2054 1804 in
2082 1747 2456 1807 carne'nastra
2503 1747 2745 1821 apparuit
2778 1747 3023 1809 intirmus
3059 1766 3112 1811 et
3154 1758 3389 1815 humilis.

1828 1820 2116 1888 Oportebat
2139 1821 2280 1874 enim
2310 1832 2365 1874 ut
2396 1820 2663 1876 videretur
2709 1834 2763 1877 et
2813 1839 2914 1896 non
2948 1838 3386 1896 Cognosceretur,

1832 1900 1885 1943 et
1932 1899 1991 1945 ut
2034 1900 2516 1963 contemneretur,
2572 1901 2633 1963 ut
2688 1894 3107 1963 cruciﬁgeretur.
3156 1896 3218 1951 Si
3255 1894 3391 1953 enim

1834 1961 2180 2034 cognovissent
2206 2002 2220 2025 ,
2270 1961 2547 2016 Dominum
2583 1962 2762 2034 gloria:
2799 1961 3057 2033 nunquam
3102 1967 3393 2034 cruci/iacis-

1832 2042 1982 2106 sent,‘
2019 2040 2076 2085 et
2109 2032 2228 2106 ideo
2272 2033 2513 2106 occultus
2564 2032 2871 2106 ambulavit
2919 2032 3056 2106 inter
3112 2032 3399 2106 inimicos,

1835 2103 2100 2175 esuriens,
2133 2103 2355 2175 sitiens,
2400 2102 2531 2175 inira
2558 2103 2778 2175 iaciens,
2834 2105 2967 2159 mala
3001 2108 3227 2175 patiens,
3264 2102 3398 2163 con;

1836 2172 2097 2249 tristatus,
2130 2171 2399 2249 fatigatus,
2432 2173 2806 2249 ntultisjnodis
2827 2171 3087 2249 occultus,
3118 2171 3396 2249 quousque

1836 2242 1887 2296 in
1907 2242 2053 2314 ligno
2082 2252 2165 2297 est
2192 2242 2495 2314 crucilixus.
2524 2243 2589 2297 Et
2620 2241 2875 2298 Dominus
2904 2247 2991 2314 qui
3026 2241 3101 2300 sic
3132 2241 3276 2301 venit
3304 2241 3397 2303 oc-

1833 2312 2031 2375 cultus,
2065 2314 2277 2366 tandem
2304 2313 2481 2367 veniet
2520 2314 2857 2369 manifestus.
2892 2312 2991 2381 Qui
3016 2315 3157 2371 enim
3190 2321 3397 2374 occulte

1833 2381 2342 2455 venitjudicandus,
2376 2384 2656 2438 manifeste
2702 2387 2879 2439 veniet
2920 2386 3292 2455 judicaturus;
3322 2400 3394 2444 .et

1833 2454 1923 2521 qui
1954 2452 2101 2523 venit
2124 2454 2361 2508 occultus
2391 2463 2449 2507 ut
2503 2466 2627 2508 ante
2680 2454 2885 2523 judices
2923 2452 3150 2523 staret,
3219 2452 3399 2513 veniet

1834 2520 2148 2577 manifestus
2178 2523 2326 2595 utde
2357 2524 2485 2595 ipsis
2538 2520 2698 2579 etiam
2746 2525 3015 2595 judicibus
3054 2520 3278 2591 judicet.
3339 2530 3407 2589 Et

1837 2595 1935 2667 hoc
1960 2603 2041 2648 est
2060 2594 2199 2667 quod
2218 2593 2376 2667 dicit;
2405 2593 2539 2649 Deus
2557 2593 2822 2667 manifeste
2845 2598 3007 2652 ueniet
3028 2598 3093 2650 ad
3111 2598 3393 2667 judicium,

1835 2665 1960 2735 quia
1989 2665 2237 2736 veniatin
2265 2664 2542 2736 majestate
2568 2666 2735 2720 Patris
2756 2677 2809 2721 et
2834 2664 3142 2721 sanctorum
3174 2664 3392 2736 angelo-3

1835 2732 1975 2800 rum,
2010 2734 2124 2803 ipse
2154 2734 2273 2789 dico
2305 2732 2444 2789 Deus
2473 2744 2663 2797 noster,
2698 2737 2747 2789 id
2778 2746 2861 2791 est
2884 2778 2899 2803 ,
2944 2746 3140 2791 nostra:
3174 2732 3398 2794 naiurte.

1836 2804 1927 2861 Sic
1948 2806 2081 2859 enim
2103 2807 2291 2872 ueniet,
2333 2806 2761 2874 quemadmodum
2783 2808 3009 2860 ascendit
3032 2809 3082 2859 in
3105 2811 3301 2861 caelum.
3335 2808 3402 2864 Et

1836 2875 2057 2949 veniens
2085 2876 2419 2949 manifestus,
2453 2892 2553 2949 non
2575 2877 2740 2930 silebit
2768 2893 2796 2929 a
2823 2877 3065 2949 judicio,
3088 2879 3224 2933 sient
3253 2880 3401 2949 prius

1839 2948 2060 3001 veniens
2090 2947 2330 3017 occultus
2362 2962 2465 3000 non
2490 2945 2635 3002 siluit
2663 2962 2691 3000 a
2725 2958 3012 3017 przecepto.
3037 2948 3191 3013 Quod
3215 2945 3390 3005 autem

1834 3031 1975 3070 nunc
2005 3017 2215 3071 interim
2246 3016 2479 3087 ﬂagellat
2508 3018 2739 3084 aliquos,
2784 3020 2883 3072 hoc
2930 3029 3031 3086 est,
3076 3018 3399 3087 admonitio,

1837 3087 2287 3160 non_damuatio,
2347 3088 2467 3157 quia
2515 3087 2687 3141 adhuc
2738 3088 3039 3160 interpellat
3092 3104 3186 3156 pro
3222 3091 3397 3160 nobis,

1842 3156 2076 3211 nondum
2110 3173 2560 3231 suamexercens
2592 3161 2755 3227 iram,
2803 3156 2895 3213 sed
2941 3166 3175 3213 nostram
3208 3156 3401 3231 εχει)εὲ

1914 3296 2061 3368 Ignis
2110 3298 2162 3351 in
2212 3309 2503 3368 conspectu.
2551 3297 2713 3364 Deus,
2751 3297 2983 3367 inquam,
3026 3302 3203 3355 veniet
3233 3304 3404 3356 mani-

1840 3368 1994 3434 feste,
2021 3378 2074 3424 et
2095 3369 2147 3422 in
2170 3379 2442 3438 conspectu
2470 3373 2579 3438 eius
2608 3368 2865 3423 venientis
2884 3372 3198 3435 exardescet,
3220 3371 3273 3425 id
3298 3384 3400 3439 est,

1840 3448 1987 3495 extra
2041 3439 2287 3506 ardebit,
2349 3440 2503 3508 ignis.
2563 3440 2711 3493 Sicut
2736 3440 2876 3494 enim
2908 3440 3045 3494 mala
3074 3445 3401 3497 conscientia

1840 3526 1981 3566 nunc
2011 3509 2350 3582 ardetmalos
2398 3511 2620 3582 interius
2639 3550 2662 3582 _,
2715 3510 2786 3563 ita
2819 3519 2965 3582 “tunc
3016 3512 3225 3566 ardebit
3266 3514 3403 3582 ignis

1840 3584 2097 3636 exterius.
2128 3580 2195 3634 Et
2219 3580 2311 3650 qui
2338 3580 2512 3649 ignis?
2542 3580 2702 3650 Ignis,
2732 3580 2958 3645 scilicet,
3001 3580 3402 3646 elementarius,

1840 3653 1929 3721 qui
1978 3652 2155 3705 omnia
2190 3653 2305 3704 loca
2353 3652 2786 3719 comprehendet,
2846 3666 2962 3719 qua}
3015 3667 3166 3720 aqua:
3222 3654 3403 3708 diluvii

1840 3721 2392 3790 camprehenderuut,
2424 3731 2479 3775 et
2530 3732 2730 3792 tantum
2762 3723 3042 3791 ascendet,
3074 3734 3327 3792 quantum
3353 3738 3407 3779 et

1840 3792 1971 3861 ipsa:
1999 3792 2377 3847 asas-oderunt.
2402 3793 2467 3863 lit
2498 3791 2585 3863 hic
2614 3790 2753 3862 ignis
2782 3806 2970 3846 aurum
3005 3790 3265 3863 purgauit,
3316 3811 3406 3863 pa-

1842 3864 1979 3918 leam
2008 3863 2342 3917 iucineruhit.
2396 3861 2547 3919 Nunc
2575 3861 2785 3917 interim
2833 3865 2883 3915 in
2918 3873 3002 3917 tua
3038 3861 3295 3933 potestate
3319 3861 3406 3920 est

1840 3935 1963 4002 quid
1994 3934 2245 3989 el‘liciaris
2269 3974 2286 3998 ,
2324 3949 2392 3988 ne
2421 3935 2562 4003 quod
2609 3934 2786 3988 veniet
2814 3943 2864 3987 te
2889 3935 3105 3988 uolente
3136 3952 3239 3988 non
3284 3952 3405 3987 cor-

1840 4013 2016 4059 rectus
2042 4006 2352 4074 esperiaris.
2388 4005 2442 4059 Si
2477 4019 2604 4059 vero
2634 4004 2685 4057 in
2730 4013 2993 4072 potestate
3042 4014 3222 4057 nostra
3262 4018 3407 4059 esset

1842 4086 1897 4129 ut
1918 4076 2052 4145 ignis
2072 4076 2161 4130 ille
2186 4091 2292 4129 non
2318 4075 2550 4139 veniret,
2582 4084 2636 4129 et
2659 4074 2917 4145 judicium
2947 4074 3072 4145 illud
3097 4089 3200 4128 non
3228 4075 3399 4144 lieret,

1842 4155 1897 4200 et
1924 4143 1970 4200 si
1998 4161 2211 4215 semper
2242 4161 2483 4200 essemus
2507 4146 2557 4196 in
2581 4144 2727 4198 amni
2753 4143 3024 4197 afﬂuentia
3051 4145 3285 4198 omnium
3309 4143 3406 4199 de-

1842 4215 2109 4283 liciarum,
2134 4228 2187 4271 et
2233 4216 2567 4270 immunitate
2598 4223 2957 4281 peccatorum,
2990 4221 3164 4268 tamen
3196 4229 3410 4284 semper

1841 4287 1997 4341 nobis
2020 4297 2161 4341 esset
2184 4284 2489 4349 dolendum,
2516 4298 2727 4351 semper
2757 4294 2898 4337 esset
2929 4284 3408 4354 ingemisceudum,

1842 4358 1961 4426 quia
1992 4358 2173 4412 abillo
2218 4370 2459 4426 essemus
2487 4354 2740 4426 separati,
2772 4368 2802 4406 a
2833 4370 2936 4423 quo
2984 4370 3167 4411 sumus
3216 4358 3404 4424 creati,

1842 4423 2072 4492 scilicet,
2104 4427 2170 4481 ab
2199 4423 2447 4481 iueti‘abili
2472 4424 2750 4478 dulcedine
2773 4426 2949 4479 vultus
2974 4426 3085 4479 Dei.
3114 4427 3211 4493 Qui
3234 4423 3410 4483 autem

1844 4498 2080 4552 nondum
2110 4508 2458 4565 perceperunt
2484 4495 2846 4560 dulcedinem,
2871 4496 3185 4551 timeantvel
3214 4499 3409 4566 ignem.

158 4564 390 4632 cientes.
417 4577 565 4643 Quos
590 4564 981 4644 subsequeitter
1011 4564 1352 4637 determinat,
1382 4564 1535 4642 quasi
1555 4574 1695 4627 dicat
1720 4590 1732 4625 :
1768 4564 1820 4626 D
1845 4567 2106 4644 Terreant
2130 4564 2386 4644 supplicia
2409 4605 2453 4644 ,_
2475 4582 2611 4644 quos
2658 4582 2766 4620 non
2811 4566 3036 4621 invitant
3064 4564 3315 4644 praem—ia.
3350 4569 3414 4623 Et

157 4649 290 4703 illos
317 4650 438 4703 dico
467 4662 681 4702 sanctos
711 4648 848 4716 ejus,
882 4648 966 4716 qui
997 4647 1238 4699 ordinant
1261 4654 1610 4697 testamentum
1630 4646 1739 4715 ejus

155 4735 318 4786 super
361 4720 654 4790 sacrificia,
686 4721 736 4772 id
766 4726 882 4790 est,
915 4718 1002 4790 qui
1054 4716 1435 4790 promissiones
1476 4728 1644 4768 navas
1688 4724 1742 4790 et

156 4784 417 4846 cretestes
445 4784 761 4861 praeponunt
803 4784 1071 4861 legalibus
1104 4786 1362 4861 institutis
1410 4794 1463 4840 et
1516 4784 1742 4840 terrenis

161 4857 469 4929 promissis,
502 4857 595 4915 has
626 4863 838 4929 quidem
872 4857 1178 4921 retinendo,
1201 4857 1320 4911 illas
1347 4871 1487 4929 vero?
1521 4865 1739 4925 postpo-

160 4928 368 4986 neudo.
398 4935 547 5000 Quod
578 4928 672 5001 per
691 4931 942 4984 ordinem
962 4929 1294 4997 intelligitur,
1330 4928 1529 5001 quiain
1552 4930 1743 5001 ordine

157 5006 363 5072 aliquid
395 4998 606 5071 semper
632 5002 976 5071 praeponitur,
1030 5002 1174 5053 aliud
1224 4999 1595 5072 postponitur.
1620 4998 1739 5072 Δνει

158 5069 325 5127 aliter
351 5090 366 5128 :
396 5076 495 5140 Qui
515 5069 728 5128 tardi—nat
748 5069 1114 5126 testamentum
1143 5072 1253 5139 ejus
1280 5086 1432 5139 super
1465 5069 1739 5137 sacriﬁcia,

161 5147 212 5197 id
241 5158 349 5211 εει,
381 5148 471 5215 qui
517 5147 823 5199 existimant
856 5158 958 5196 non
1001 5156 1121 5215 esse
1147 5142 1439 5209 condignas
1470 5145 1743 5215 passiones

160 5214 330 5285 hujus
362 5212 613 5284 temporis
641 5218 706 5269 ad
730 5216 955 5267 futuram
985 5214 1235 5283 gloriam,
1266 5228 1384 5281 qua:
1414 5212 1743 5285 revelabitur

158 5287 214 5341 in
242 5284 423 5355 nobis,
460 5303 634 5356 neque
653 5285 939 5353 quidquam
969 5293 1039 5339 de
1067 5299 1128 5356 se
1151 5294 1505 5353 praesumunt,
1536 5284 1631 5336 sed
1658 5294 1741 5336 to-

161 5368 278 5413 tum
307 5354 489 5429 gratia:
515 5354 609 5413 Dei
632 5356 938 5429 ascribunt;
972 5364 1025 5429 et
1066 5354 1187 5409 ideo
1218 5364 1573 5429 testamentum
1607 5357 1739 5424 ejus,

156 5430 217 5485 id
244 5424 355 5501 εεῖ,
391 5430 774 5500 promissiones
792 5426 883 5501 Dei
910 5427 1153 5501 ordinant
1183 5442 1333 5496 super
1352 5424 1607 5491 sacriﬁcia
1624 5440 1741 5489 sua,

157 5502 213 5556 id
235 5498 349 5566 est,
370 5498 661 5572 praeterunt
684 5498 837 5572 bonis
857 5500 1110 5572 operibus
1136 5501 1270 5572 suis,
1294 5510 1415 5565 qua:
1438 5504 1561 5550 sunt
1581 5509 1745 5549 sacri-

158 5573 285 5628 ﬁcia
314 5568 479 5641 super
510 5587 656 5628 aram
682 5571 804 5626 ﬁdei
830 5569 1152 5641 saicriticata,
1184 5568 1238 5623 id
1263 5579 1394 5641 est,
1425 5581 1528 5621 non
1562 5575 1746 5641 putant

160 5659 263 5715 per
294 5636 487 5701 merita
515 5659 610 5701 sua
625 5648 811 5699 venire
832 5640 899 5695 ad
922 5641 1244 5710 promissam
1263 5639 1511 5707 gloriam,
1534 5636 1627 5692 sed
1650 5652 1747 5706 per

197 5719 411 5775 ratium.
913 5771 919 5775 .

156 5730 725 5845 8“Eg'tmulrinttntiabunt
746 5771 1132 5855 carlijustitiam
1162 5784 1294 5854 ejus.
1334 5782 1596 5855 Dominus
1628 5782 1745 5851 qui-

162 5861 288 5918 dem
323 5864 534 5919 vocabit
562 5862 750 5931 emtas,
778 5869 834 5917 et
855 5853 893 5916 ii
922 5854 1041 5913 cwli
1074 5853 1449 5910 annuntiabunt
1480 5853 1744 5910 universa:

1842 4640 1926 4693 cui
1958 4639 2166 4692 videtur
2190 4640 2295 4692 vile
2314 4638 2456 4708 quod
2487 4636 2790 4708 pollicetur,
2816 4638 3194 4693 coutreutiscat
3222 4640 3412 4693 saltem

1842 4710 1983 4780 quod
2016 4711 2268 4764 minatur.
2302 4706 2740 4780 Ignisfinquam,
2789 4710 3077 4780 exardescet
3111 4721 3234 4763 ante
3264 4725 3410 4778 eum,

1842 4778 1890 4835 et
1929 4785 1981 4833 in
2011 4780 2224 4833 circuitu
2270 4778 2382 4848 ejus
2431 4778 2533 4833 erit
2580 4778 2854 4848 tempestas
2898 4778 3087 4842 valida,
3133 4780 3410 4835 circuitum

1843 4854 1959 4923 ejus
1984 4862 2139 4923 vocat
2164 4853 2406 4923 angelos,
2435 4851 2524 4920 qui
2568 4852 2853 4923 circaeum
2886 4861 3065 4923 erunt,
3095 4850 3234 4915 illos,
3268 4853 3411 4905 scili-

1844 4919 1951 4988 cet,
1978 4922 2046 4978 de
2075 4919 2269 4992 quibus
2299 4919 2502 4974 dictum
2532 4930 2614 4974 est
2647 4936 2660 4973 :
2696 4919 2865 4972 Mittet
2917 4921 3124 4990 angelos
3147 4936 3299 4992 r_suos
3322 4962 3335 4986 ,
3365 4933 3411 4973 et

1844 4988 2223 5065 cottgregaltunt
2249 5002 2366 5065 ante
2386 5008 2500 5044 eum
2539 4997 2918 5065 omnes‘gentes
2944 5030 2958 5065 ,
2992 4988 3046 5043 et
3072 4988 3309 5065 colligant
3351 4993 3415 5045 de

1843 5060 1999 5135 regna
2034 5060 2154 5133 'ejus
2186 5062 2358 5135 omnia
2389 5062 2657 5135 scandala.
2715 5063 2777 5115 Et
2808 5060 2864 5135 in
2907 5060 2988 5114 his
3030 5063 3234 5135 angelis
3287 5078 3410 5115 cutn

1844 5130 2099 5203 co'tligerit
2126 5134 2374 5186 scandala
2405 5133 2516 5197 illa,
2548 5134 2597 5185 id
2628 5142 2726 5197 est,
2762 5130 2932 5203 malos
2960 5168 2973 5191 ,
3007 5130 3122 5185 erit
3144 5142 3415 5201 tempestas

1844 5201 2039 5270 valida,
2066 5206 2115 5258 id
2140 5214 2241 5269 est,
2272 5203 2547 5257 ventilatio
2578 5217 2788 5271 magna.
2848 5201 3081 5255 Necesse
3128 5203 3272 5257 enim
3314 5203 3416 5257 erit

1844 5288 1903 5332 ut
1950 5280 2020 5330 sit
2075 5291 2301 5343 magna,
2361 5290 2479 5326 cum
2540 5282 2737 5327 tantum
2790 5287 2967 5325 aream
3019 5273 3088 5326 sit
3135 5273 3421 5329 ventilatu-

1846 5364 1923 5403 ra.
1992 5348 2140 5400 Nunc
2190 5346 2331 5399 enim
2388 5346 2439 5397 ιιι
2489 5361 2611 5398 area
2665 5345 2852 5412 ingens
2902 5352 2984 5396 εει
3037 5344 3419 5412 commistura,

1845 5418 1968 5489 quia
2028 5418 2151 5473 boni
2212 5427 2261 5471 et
2315 5417 2446 5489 mali
2475 5413 2651 5489 simul
2682 5414 2821 5489 misti
2872 5421 2997 5489 sunt
3048 5414 3098 5467 in
3150 5414 3416 5489 Ecclesia,

1845 5482 1979 5561 quos
2024 5498 2149 5561 tunc
2213 5486 2511 5557 segregabit
2572 5483 2848 5561 ventilatio
2914 5482 3002 5537 illa
3054 5499 3146 5561 per
3200 5486 3420 5561 angelos

1846 5555 2015 5622 t'acta,
2068 5560 2236 5613 honos
2279 5555 2495 5627 ‘pouens
2522 5555 2589 5610 ad
2640 5555 2920 5620 dextram,
2963 5555 3134 5611 malos
3182 5570 3309 5612 vero
3354 5555 3423 5612 ad

1847 5644 2137 5685 διιιιδιῐιιιιι.
2710 5664 2713 5671 ι

1919 5703 2193 5755 Advocavit
2224 5696 2426 5751 caelum.
2459 5698 2573 5764 Sic,
2608 5698 2843 5769 inquam,
2872 5698 3054 5769 veniet
3086 5702 3149 5755 ad
3172 5699 3423 5769 judican-

1848 5772 1973 5830 dum
1998 5772 2271 5833 Dominus,
2305 5783 2354 5824 et
2391 5782 2514 5823 tunc
2548 5768 2805 5824 advocabit
2830 5767 3029 5838 caelum,
3068 5772 3117 5827 id
3147 5767 3247 5839 est,
3278 5783 3419 5840 apo-

1849 5848 2015 5902 stolas
2040 5845 2309 5909 deorsum,
2343 5840 2427 5897 ubi
2463 5840 2771 5897 naturaliter
2815 5850 2989 5910 erant,
3021 5846 3140 5913 quia
3173 5841 3414 5900 carnales
