3970 6368
217 318 316 375 ,ολδ

931 312 998 369 IN
1037 310 1459 369 PSALMORUM
1496 310 1755 367 LIBRUM
1795 307 2162 367 EXEGESIS.
2202 336 2273 352 -—
2311 308 2553 366 PSALM.
2597 310 2779 369 XLIX.

3361 314 3461 370 746

213 447 396 489 omnis
424 440 590 497 terra,
619 444 739 501 quia
764 429 1057 485 orbiculata
1082 439 1161 485 est
1179 471 1193 495 ,
1226 431 1275 484 id
1299 439 1400 493 est,
1434 444 1619 484 omnes
1659 444 1781 498 per-
1814 430 1867 490 Α
1962 427 2022 483 Si
2048 428 2248 482 videbas
2279 433 2441 499 furem
2470 429 2712 501 currebas
2740 442 2858 501 cunt
2877 442 2968 493 eo;
2998 432 3046 481 et
3073 440 3187 501 cum
3215 427 3464 501 adulteris

215 505 337 559 lecti
365 513 492 557 sunt
524 500 651 556 mei.
684 500 751 554 Et
776 502 1071 570 prtescrtim
1096 501 1355 570 plenitudo
1379 503 1487 572 ejus
1517 509 1672 572 terra;
1700 516 1785 553 or-

214 576 486 639 biculatm,
519 573 568 626 id
594 582 695 637 est,
723 574 794 624 illi
820 572 907 639 qui
932 574 1077 641 quasi
1104 572 1334 626 medium
1361 570 1415 626 et
1444 570 1791 640 perfectiores

215 655 344 700 sunt
374 646 513 699 inter
540 644 660 696 illos
683 643 945 711 perfectos
974 653 1095 695 sttnt
1126 643 1249 697 mei.
1754 686 1763 687 ,

286 714 544 782 Nunquid
591 714 927 767 manducabo.
980 712 1103 766 Ideo
1148 714 1304 766 etiam
1352 728 1455 767 non
1494 713 1663 767 dicam
1698 711 1791 766 tibi

215 786 447 841 esuriem
485 799 654 837 meam
681 825 696 850 ,
728 785 850 853 quia
881 793 934 837 tu
970 784 1175 838 cibares
1208 798 1294 837 me
1330 784 1580 837 carnibus
1607 792 1786 837 tauro-

214 872 356 921 rum,
395 856 445 909 id
475 865 579 920 est,
612 852 917 909 recu'rreres
947 853 1012 907 ad
1048 853 1219 921 priora
1244 854 1500 907 sacrilicia
1523 897 1537 919 ,
1572 854 1653 907 vel
1684 868 1787 907 non

213 928 555 981 ministrares
586 925 712 978 mihi
734 966 749 990 ,
782 925 881 978 nisi
917 935 1094 978 tauros
1123 932 1177 978 et
1207 923 1383 977 hircos
1411 966 1423 989 ,
1474 925 1524 977 id
1553 933 1633 978 est
1655 964 1670 989 ,
1699 940 1789 979 su-

213 999 436 1067 perbos,
470 1008 523 1051 et
553 995 863 1067 in_peccatis
888 994 1099 1067 fetidos,
1122 995 1197 1067 de
1219 995 1411 1067 quibus
1440 1009 1663 1067 egognon
1692 1010 1787 1047 cu-

212 1057 276 1121 ro
300 1110 315 1134 ,
345 1057 487 1137 quod
516 1057 862 1135 interrogatio
886 1057 1289 1134 mqiiipollentér
1321 1057 1498 1121 habet:
1524 1065 1673 1137 Quod
1696 1080 1791 1118 au-

211 1148 324 1193 tem
365 1136 518 1203 dicit,
576 1137 689 1191 Non
722 1139 889 1189 dicam
934 1138 1027 1190 tibi
1070 1137 1300 1190 esuriem
1343 1151 1515 1190 meam
1555 1136 1789 1205 (videtur

211 1211 411 1265 mirum
440 1210 456 1275 )
487 1223 605 1262 cum
637 1209 883 1261 omnibus
924 1207 1315 1261 annuntiaverit
1354 1222 1469 1260 eam
1497 1224 1510 1273 ;
1544 1207 1635 1260 sed
1682 1222 1785 1261 non

208 1292 314 1343 est,
366 1281 489 1350 quia
520 1280 642 1350 hoc
672 1278 801 1350 dicit
848 1289 1119 1350 quantum
1143 1277 1207 1330 ad
1248 1278 1533 1350 allectum,
1561 1278 1784 1350 scilicet,

208 1352 333 1420 quia
368 1347 595 1419 populus
635 1349 724 1403 ille
753 1349 901 1403 dum
932 1347 1149 1403 cervicis
1177 1350 1402 1403 salutem
1434 1347 1537 1403 sibi
1568 1349 1785 1404 missam

210 1423 434 1476 repulit.

280 1438 509 1547 imbui
557 1491 1037 1567 Densum/icium;
1064 1490 1195 1567 Quia
1234 1488 1490 1567 sacrificia
1535 1488 1784 1567 praedicta

206 1566 443 1632 amplius
462 1579 565 1616 non
580 1562 800 1628 accipio,
822 1578 946 1631 ergo
966 1560 1122 1631 tu'qui
1138 1576 1291 1615 verus
1310 1560 1469 1632 Israel
1487 1574 1565 1625 es,
1579 1561 1787 1632 immola

206 1631 341 1688 mihi
374 1635 481 1688 Deo
510 1633 820 1701 sacriﬁcium
851 1632 1044 1695 laudis,
1074 1631 1123 1685 id
1156 1642 1259 1695 est,
1292 1631 1558 1684 laudabile
1585 1631 1789 1684 sacriﬁ-

205 1706 378 1771 cium,
413 1705 636 1767 scilicet,
669 1702 861 1757 vitulos
891 1708 994 1756 nun
1023 1705 1228 1772 gregis,
1259 1702 1352 1757 sed
1395 1702 1655 1754 labiorum
1684 1744 1699 1768 ,
1736 1702 1784 1755 id

205 1788 333 1855 est_,
362 1792 577 1855 semper
603 1774 890 1845 gratiarum
924 1775 1167 1855 actiones
1192 1772 1336 1855 refer
1361 1772 1585 1855 interius
1611 1780 1663 1824 et
1694 1786 1787 1825 εκ-
1820 1795 1865 1855 Β

206 1847 381 1901 terius
417 1843 547 1910 Deo,
579 1843 739 1913 a'qno
758 1854 841 1898 est
870 1843 1124 1913 quidquid
1156 1844 1473 1913 bonibabes
1493 1882 1509 1907 ,
1540 1851 1591 1895 et
1625 1857 1651 1892 a
1681 1857 1787 1911 quo

205 1920 514 1972 remittetur
545 1911 803 1985 quidquid
836 1911 957 1969 mali
991 1911 1040 1968 in
1072 1924 1122 1968 te
1151 1925 1252 1968 est.
1282 1911 1349 1965 Et
1382 1914 1507 1967 mihi
1539 1914 1787 1967 altissimo

204 1990 388 2057 redde,
424 1990 544 2059 quia
575 2003 603 2039 a
636 2002 720 2041 me
752 1986 913 2040 habes
935 1994 1072 2059 oota,
1104 2001 1209 2039 non
1235 1985 1503 2059 quaelibet,
1537 1986 1636 2059 sed
1661 1996 1784 2059 tua,

206 2060 259 2113 id
285 2054 411 2126 est,
445 2054 563 2126 quae
595 2059 647 2111 in
677 2068 727 2112 te
756 2066 910 2123 sunt,
944 2057 1046 2110 hoc
1072 2066 1153 2110 est
1178 2098 1192 2121 ,
1242 2056 1493 2126 teipsum.
1538 2054 1789 2125 Quisquis

206 2132 352 2184 enim
382 2125 584 2201 cogitat
622 2130 762 2197 quod
794 2130 951 2195 digne
974 2128 1320 2201 l’oveatheo,
1340 2125 1529 2201 offerat
1555 2127 1787 2193 seipsum

222 2212 421 2267 totum,
452 2198 503 2255 et
525 2208 734 2266 voveat,
763 2201 884 2266 quia
914 2200 1013 2253 hoc
1033 2199 1280 2268 exigitur,
1310 2198 1409 2251 hoc
1436 2198 1679 2251 debetur.

280 2271 351 2326 Et
400 2274 576 2325 invoca
616 2287 717 2327 me.
774 2268 994 2333 Redde,
1040 2269 1252 2339 inquam
1280 2310 1293 2335 ,
1347 2277 1503 2333 vota,
1563 2278 1619 2320 et
1665 2277 1791 2323 tunc

206 2344 387 2397 invoca
418 2360 533 2407 me,
578 2342 705 2396 nihil
752 2339 1121 2408 praesumendo
1164 2341 1231 2394 de
1280 2349 1365 2408 te,
1414 2341 1466 2391 in
1506 2339 1587 2391 die
1630 2339 1791 2392 tribu-

207 2416 439 2475 lationis,
494 2414 543 2467 id
602 2420 704 2477 est,
763 2412 1224 2481 peregrinationis,
1270 2412 1392 2481 quia
1453 2410 1589 2462 nulla
1620 2412 1792 2479 major

207 2495 291 2540 εει
333 2486 625 2549 tribulatio,
670 2484 793 2553 quia
834 2484 1073 2551 quisquis
1103 2482 1238 2553 hanc
1268 2498 1372 2534 non
1415 2482 1662 2553 attendit,
1699 2496 1791 2549 pa-

209 2559 365 2610 triam
401 2573 468 2610 ex
500 2556 662 2610 corde
688 2551 791 2607 non
821 2555 1060 2623 requirit.
1092 2551 1315 2616 Invoca,
1358 2554 1595 2621 inquam,
1625 2552 1679 2605 in
1708 2553 1792 2606 die

207 2629 562 2681 tribulationis
588 2667 602 2690 ,
647 2629 771 2695 quia
813 2638 915 2679 non
949 2625 1207 2678 inutiliter
1237 2624 1526 2695 tribularis.
1560 2623 1617 2677 Si
1647 2624 1791 2678 enim

205 2714 315 2753 non
368 2693 722 2763 tribulareris,
781 2710 886 2750 non
930 2711 1017 2751 me
1068 2697 1366 2749 invocares.
1417 2693 1566 2747 Nunc
1611 2707 1788 2749 autem

206 2770 334 2838 quia
362 2769 656 2832 tribularis,
691 2783 776 2821 me
814 2767 1109 2838 invocabis.
1145 2766 1210 2819 Et
1234 2765 1354 2835 quia
1378 2764 1649 2838 invocabis
1680 2782 1786 2838 me,

205 2836 384 2894 eruam
419 2849 465 2892 te
491 2840 557 2893 de
600 2840 963 2893 tribulatione.
1010 2836 1073 2889 Et
1107 2848 1161 2891 tu
1197 2846 1382 2891 erutus
1406 2837 1787 2904 honori/icabis,

206 2913 257 2965 id
288 2922 369 2965 εει
395 2954 410 2975 ,
447 2910 685 2963 laudabis
712 2926 822 2969 me,
858 2924 1127 2976 nunquam
1169 2910 1396 2975 amplius
1426 2907 1729 2961 recedendo
1758 2924 1788 2962 a

208 2998 296 3037 me
324 3002 333 3035 :
359 2981 510 3034 Beati
539 2982 673 3034 enim
701 2980 781 3048 qui
812 2979 1046 3031 habitant
1081 2981 1133 3032 in
1157 2980 1308 3033 domo
1331 2989 1441 3044 tua,
1469 2977 1708 3044 Domine,
1738 2979 1791 3032 in

205 3054 399 3107 secula
420 3052 723 3105 swculorum
746 3050 1022 3103 laudabunt
1053 3061 1118 3103 te.

280 3124 548 3178 Peccatori
596 3135 763 3176 autent
799 3122 926 3174 dixit
958 3121 1116 3175 Deus.
1165 3121 1319 3185 ilice,
1373 3120 1589 3189 inquam
1615 3162 1630 3189 ,
1668 3136 1786 3189 qua:

207 3197 466 3264 praedicta
512 3204 676 3261 sunt,
708 3194 843 3247 dixit
871 3192 1122 3245 Dominus
1156 3193 1293 3245 Deus
1322 3191 1546 3245 deorum
1591 3193 1787 3264 populo

206 3262 343 3330 suo;
394 3282 512 3335 quas
543 3274 720 3319 autem
764 3274 1089 3335 sequuntur,
1121 3264 1255 3335 dixit
1281 3264 1551 3331 peccatori,
1582 3262 1633 3315 id
1662 3273 1783 3328 est,

205 3334 423 3407 populo
453 3353 555 3391 non
586 3351 684 3391 suo
705 3378 718 3397 ,
756 3334 870 3407 haec
896 3376 910 3399 ,
943 3334 1146 3388 scilicet
1178 3351 1191 3387 :
1225 3334 1393 3407 Quare
1422 3344 1475 3386 tu
1499 3375 1514 3398 ,
1547 3348 1668 3388 cum
1714 3335 1788 3388 sis

210 3405 465 3478 peccator
488 3448 502 3471 ,
552 3407 604 3461 id
646 3415 766 3472 est,
797 3405 933 3478 legis
963 3421 1097 3478 mea:
1143 3406 1547 3478 prtevaricator,
1579 3420 1791 3459 enarras

205 3475 330 3533 aliis
347 3475 581 3550 justitias
603 3494 761 3543 meas,
793 3477 844 3530 id
871 3485 973 3543 est,
1001 3477 1157 3531 [idem
1186 3492 1359 3531 meam
1384 3475 1784 3550 justilicantem,

207 3553 292 3606 vel
332 3548 474 3621 iusta
512 3560 773 3619 praecepta
808 3563 945 3613 mea,
990 3556 1036 3601 et
1067 3562 1233 3621 quare
1272 3548 1486 3600 assumis
1521 3557 1790 3621 testamen-

208 3618 522 3675 tum'meum
546 3662 559 3688 ,
607 3621 658 3676 id
692 3618 785 3674 est
811 3659 826 3684 ,
867 3620 1251 3688 promissiones
1290 3632 1435 3671 meas
1461 3618 1790 3674 enarrandas

205 3709 301 3763 per
350 3710 406 3746 os
459 3691 646 3745 tuum?
696 3688 1009 3763 Non_en_i_nt
1037 3690 1212 3763 (quasi
1254 3690 1419 3763 dicat)
1459 3698 1532 3743 est
1562 3690 1791 3763 speciosa

208 3759 329 3817 laus
368 3765 421 3816 in
457 3780 543 3817 ore
586 3761 883 3830 peccatoris.
914 3759 1137 3815 Videtur
1164 3761 1248 3815 hic
1276 3762 1576 3815 absterrere
1605 3762 1791 3828 praedi-

206 3844 425 3890 catores
456 3844 737 3903 peccantes
765 3850 791 3884 a
830 3834 1231 3903 praedicatione,
1258 3840 1313 3886 et
1344 3830 1535 3884 mirum
1560 3842 1642 3885 est
1668 3847 1787 3885 cum

208 3906 338 3961 alibi
366 3902 493 3959 dicit
526 3922 537 3957 :
578 3904 753 3971 Supra
791 3904 1086 3957 cathedram
1120 3902 1289 3973 Moysi
1327 3903 1567 3956 sederunt
1610 3903 1789 3956 scriba:

207 3986 257 4029 et
284 3975 558 4030 Pliaristt't'.
593 3977 917 4044 Quwcunque
946 3974 1167 4027 dixerint
1198 3974 1330 4027 robis
1358 3982 1550 4027 servate
1579 3984 1625 4027 el
1656 3975 1788 4042 [aci—

209 4058 276 4101 te.
315 4048 384 4101 Et
409 4048 601 4101 Paulus
628 4047 754 4099 dicit
783 4063 795 4099 :
837 4046 1155 4115 Quacunque
1194 4046 1460 4099 occasione
1483 4046 1790 4114 prtetlicetur

207 4118 469 4183 Christus,
500 4118 827 4187 suscipiatur.
858 4120 986 4183 Quae
1010 4116 1273 4170 contraria
1304 4116 1547 4187 videntur
1572 4118 1618 4170 ei
1648 4117 1789 4187 quod

208 4190 298 4244 bic
326 4190 545 4255 dIClllII”,
577 4186 669 4243 sed
702 4204 804 4241 non
835 4198 983 4254 sunt,
1014 4187 1139 4258 quia
1168 4189 1258 4241 illa
1286 4186 1533 4258 dicuntur
1563 4186 1701 4252 ideo,
1734 4196 1790 4241 ut

207 4262 300 4329 qui
352 4261 576 4314 audiunt
620 4258 837 4328 aliquod
884 4257 1115 4325 bonum,
1177 4275 1279 4313 non
1337 4257 1555 4313 timeant
1602 4259 1790 4314 audire

206 4333 595 4400 qualiscunque
628 4331 696 4384 sit
748 4330 835 4384 ille
872 4345 901 4383 a
942 4345 1047 4400 quo
1088 4331 1327 4384 audiant.
1372 4329 1482 4384 Hoc
1512 4345 1637 4384 vero
1670 4331 1790 4384 ideo

207 4404 428 4465 dicitur,
461 4418 526 4456 ne
555 4402 628 4455 illi
654 4401 741 4468 qui
773 4402 909 4455 bene
940 4404 1163 4465 dicunt,
1199 4410 1253 4454 et
1280 4402 1419 4455 male
1450 4400 1671 4465 faciunt,
1706 4417 1789 4455 se-

207 4475 492 4527 curitatem
536 4474 767 4540 aliquam
800 4471 1072 4538 habeant,
1115 4474 1219 4526 imo
1248 4486 1462 4540 semper
1488 4472 1787 4526 damnatio-

208 4560 335 4599 nem
362 4560 426 4597 ex
452 4545 666 4613 propria
693 4558 826 4598 voce
850 4547 1091 4607 timeant,
1120 4544 1245 4613 quia
1276 4546 1407 4596 bene
1435 4543 1576 4611 loqui
1604 4553 1656 4597 et
1677 4557 1785 4596 ma-

210 4616 261 4668 le
295 4616 477 4668 rivere
502 4616 629 4667 nihil
677 4614 817 4668 aliud
855 4625 937 4671 est
976 4630 1132 4686 quam
1171 4630 1229 4669 se
1257 4616 1426 4683 ipsum
1454 4614 1665 4683 propria
1695 4630 1789 4669 sua

209 4702 345 4737 voce
370 4686 643 4739 damnare.

285 4755 501 4809 Tut'ero
548 4758 1087 4829 odisligdisciplinam,
1138 4769 1184 4811 et
1231 4756 1488 4826 projecisti
1534 4773 1789 4811 sermones

206 4844 347 4880 meos
378 4837 676 4880 retrorsum.
714 4826 940 4883 Enarras
986 4829 1199 4898 quidem
1230 4829 1347 4881 aliis
1378 4829 1611 4897 justitias
1639 4837 1686 4880 et
1712 4839 1788 4879 te-

205 4908 520 4951 stamentum
562 4916 746 4962 meum,
785 4901 876 4953 sed
908 4916 1009 4954 non
1038 4901 1261 4954 deberes
1285 4940 1300 4963 ,
1334 4902 1455 4966 quia
1490 4908 1543 4951 tu
1570 4900 1637 4953 de
1668 4898 1790 4954 liliis

209 4985 319 5023 non
353 4983 411 5021 cs
436 5010 449 5031 ,
493 4969 556 5022 ad
589 4986 721 5039 quos
756 4972 856 5024 hoc
901 4972 1149 5039 pertinet.
1196 4970 1362 5022 Odisti
1386 4970 1526 5023 enim
1558 4972 1789 5038 discipli-

204 5056 334 5093 nam
359 5080 376 5104 ,
427 5041 475 5110 id
517 5051 597 5093 est
624 5081 637 5105 ,
673 5053 943 5110 paternam
974 5042 1359 5096 correctionem
1406 5058 1598 5097 meam.
1626 5043 1789 5107 Quasi

207 5111 357 5165 dicat
388 5128 400 5161 :
434 5108 565 5165 Cum
600 5108 758 5180 parco
784 5154 798 5178 ,
833 5122 1015 5167 cantas
1046 5124 1099 5167 et
1142 5113 1360 5177 laudas;
1393 5126 1511 5165 cuiu
1538 5129 1663 5167 vero
1704 5128 1792 5166 ar-

205 5197 339 5255 guo,
375 5198 694 5239 murmuras.
736 5186 897 5249 Quasi
932 5192 1133 5237 tantum
1181 5193 1305 5237 tunc
1335 5189 1434 5237 sim
1466 5183 1636 5248 Deus,
1672 5200 1789 5238 cum

207 5267 377 5323 parco
398 5294 415 5319 ,
464 5270 568 5306 non
607 5268 706 5307 sim
732 5269 861 5309 Vero
892 5255 1028 5309 Deus
1054 5295 1070 5321 ,
1100 5270 1219 5309 cum
1260 5270 1453 5322 arguo;
1486 5270 1585 5323 ego
1612 5270 1790 5309 autem

203 5340 350 5395 quos
378 5339 501 5377 amo
527 5367 541 5389 ,
575 5340 739 5394 arguo
771 5337 928 5393 atque
965 5330 1185 5394 castigo.
1232 5325 1336 5380 Sed
1370 5337 1420 5379 ιιι
1465 5333 1599 5379 hanc
1630 5328 1791 5380 disci-

208 5398 414 5464 plinam
440 5395 618 5459 odisti,
652 5400 769 5461 quia
801 5397 1136 5451 adulterinus
1167 5412 1227 5451 es
1251 5438 1264 5462 ,
1300 5413 1402 5450 non
1437 5396 1593 5450 lilius.
1641 5398 1792 5452 Unde

205 5468 508 5535 Apostolus
562 5483 576 5519 :
627 5468 774 5531 Quod
820 5469 863 5521 si
914 5480 1059 5521 extra
1110 5469 1438 5535 disciplinam
1489 5471 1627 5532 estis,
1671 5486 1792 5537 (rgo

206 5538 496 5590 adulterini
538 5539 654 5589 estis
683 5579 697 5601 ,
732 5555 829 5591 non
870 5540 985 5605 lilii.
1036 5540 1238 5605 Odisti,
1275 5540 1485 5607 inquam
1514 5579 1528 5601 ,
1561 5541 1791 5605 discipli-

206 5624 333 5661 nam
360 5648 374 5672 ,
406 5616 454 5660 et
492 5610 745 5677 projecisti
785 5626 1038 5664 sermones
1069 5626 1205 5663 ineas
1245 5621 1520 5662 retrorsum
1544 5649 1560 5675 ,
1608 5612 1657 5663 id
1689 5624 1790 5677 est,

208 5688 334 5748 post
367 5690 419 5732 te
443 5721 455 5743 ,
487 5680 576 5747 qui
603 5680 878 5734 dicebatur
911 5696 1003 5749 per
1033 5690 1103 5737 te.
1138 5681 1205 5736 Ut
1233 5685 1375 5735 enim
1419 5696 1522 5734 non
1560 5682 1790 5749 videres,

210 5750 488 5818 proiecisti
517 5765 609 5805 eos
634 5761 751 5820 post
780 5760 855 5819 te,
884 5768 1003 5806 cum
1035 5765 1207 5809 tamen
1240 5752 1427 5817 velles,
1462 5761 1523 5807 ut
1556 5756 1790 5810 honora-

209 5829 335 5875 retit
362 5830 432 5876 te.

463 5913 733 5976 Puncta
768 5910 987 5980 XCIII.

1814 3158 1861 3222 C

1893 501 2175 567 porticum
2212 496 2355 553 tuam
2384 500 2621 569 ponebas.
2653 499 2757 554 Per
2784 498 3029 569 ellectum
3059 496 3297 552 ostendit
3319 504 3459 565 quod

1892 584 2169 626 sermones
2201 580 2495 625 retrorsum
2544 570 2765 639 projecit
2791 612 2805 635 ,
2852 568 2983 639 quia
3012 568 3191 631 omni,
3235 569 3459 637 scilicet,

1892 641 2142 709 nequitia:
2164 643 2450 695 consensit.
2475 638 2624 707 Quod
2642 638 2733 695 sic
2754 638 2890 712 dicit
2916 660 2926 693 :
2959 638 3021 712 Si
3042 638 3245 712 videbas
3274 640 3461 712 furem,

1891 708 2127 765 currebas
2149 752 2163 777 ,
2198 712 2243 767 si
2274 728 2380 765 non
2411 716 2566 780 pede,
2600 713 2788 766 saltem
2817 710 3115 766 all'ectione.
3143 708 3209 762 Et
3242 708 3466 776 ponebas

1891 784 2173 850 portionem
2215 792 2355 835 tuam
2381 798 2495 835 cum
2524 784 2793 845 adulteris,
2834 784 2935 845 eis,
2966 781 3207 845 scilicet,
3236 795 3467 839 consen-

1894 850 2095 906 tiendo.
2132 854 2244 907 Non
2273 856 2445 908 solum
2472 853 2613 906 cnim
2645 854 2735 922 qui
2766 851 2985 918 faciunt,
3017 852 3111 906 sed
3144 858 3198 905 et
3224 853 3315 920 qui
3338 868 3468 911 con-

1890 924 2149 989 sentiunt,
2183 934 2353 977 morte
2374 923 2515 992 digni
2540 932 2684 978 sunt.

1946 992 2035 1060 .Os
2062 1004 2204 1047 tuum
2234 995 2509 1048 abundavit
2552 993 2752 1047 malitia
2776 1033 2792 1058 ,
2835 1003 2883 1048 et
2931 992 3106 1063 lingua
3135 1002 3224 1045 tua
3253 998 3465 1052 concin-

1891 1064 2045 1118 nabat
2069 1066 2235 1119 dolos.
2270 1065 2383 1119 Non
2416 1066 2587 1119 solum
2636 1064 2841 1118 furibus
2869 1074 2923 1118 et
2948 1063 3205 1118 adulteris
3236 1080 3467 1124 conseu.

1889 1136 2035 1201 sisti,
2068 1136 2160 1190 sed
2188 1137 2347 1190 etiam
2372 1152 2428 1191 os
2456 1146 2599 1190 tuum
2625 1136 2898 1188 abundavit
2930 1136 3128 1188 malitia
3154 1175 3169 1198 ,
3201 1138 3322 1205 quia
3354 1155 3459 1194 non

1889 1206 2065 1260 solum
2099 1209 2232 1259 mala
2264 1208 2616 1279 tacendornou
2640 1206 3059 1279 reprehendisti,
3086 1206 3183 1279 sed
3207 1216 3261 1279 ut
3293 1212 3463 1279 magis

1889 1286 2172 1343 augeretur
2196 1317 2211 1342 ,
2243 1292 2360 1332 eam
2390 1278 2635 1332 laudasti.
2662 1276 2729 1329 Et
2760 1278 2809 1330 in
2840 1278 2941 1330 hoc
2971 1279 3129 1330 etiam
3155 1276 3464 1336 delectaba-

1890 1347 1982 1418 ris.
2015 1348 2166 1415 Quod
2209 1348 2287 1403 sic
2313 1348 2441 1404 dicit
2482 1366 2492 1400 :
2532 1347 2733 1418 Lingua
2765 1356 2853 1401 tua
2883 1348 3238 1412 concinnabat,
3276 1349 3328 1403 id
3359 1362 3461 1417 est,

1888 1416 2209 1489 delectando
2239 1429 2490 1489 tanquam
2521 1419 2576 1473 in
2613 1416 2793 1488 aliquo
2824 1422 3088 1471 concinno
3111 1421 3468 1488 componebat

1889 1488 2036 1560 dolos
2062 1532 2077 1556 ,
2110 1491 2160 1542 id
2190 1501 2271 1544 est
2294 1531 2309 1554 ,
2342 1491 2526 1544 dolosa
2556 1490 2742 1557 verba,
2781 1489 2972 1557 quibus
3005 1489 3259 1543 laudabas
3284 1507 3467 1560 repre-

1891 1557 2189 1614 hendenda.
2211 1560 2477 1615 Praeterea
2502 1576 2714 1631 quoque
2740 1560 3067 1631 detrahebas
3099 1560 3246 1613 fratri
3270 1557 3380 1630 tuo,
3415 1575 3471 1619 et

1890 1631 1967 1684 sic
2007 1632 2403 1685 scandalizabas
2446 1632 2608 1685 lilium
2634 1630 2837 1686 matris
2866 1640 2989 1685 tuae.
3036 1630 3223 1685 Frater
3249 1646 3470 1687 vocatur

1890 1698 1976 1755 hic
2023 1702 2216 1771 aliquis
2253 1702 2363 1772 jam
2398 1705 2664 1771 perlectus
2690 1744 2704 1768 ,
2745 1711 2799 1757 et
2826 1701 3111 1768 spiritualis
3156 1703 3267 1769 vir;
3302 1703 3473 1758 Filius

1893 1786 2019 1844 vero
2050 1776 2236 1826 matris
2264 1773 2462 1828 dicitur
2489 1774 2682 1844 aliquis
2720 1774 2896 1827 minus
2923 1773 3217 1841 perlectus,
3260 1775 3347 1843 qui
3377 1775 3475 1829 ad-

1892 1841 1995 1897 huc
2024 1844 2254 1898 carnalis
2296 1856 2376 1897 est
2397 1883 2413 1909 ,
2455 1855 2508 1897 et
2551 1841 2724 1898 adhuc
2749 1848 2885 1899 lacte
2914 1860 3019 1898 non
3049 1844 3223 1898 solido
3243 1841 3364 1900 cibo
3393 1847 3474 1899 in-

1891 1913 2055 1986 diget.
2079 1914 2151 1986 Et
2186 1916 2362 1969 solent
2391 1916 2605 1986 quidam
2639 1918 2899 1983 perfectos
2922 1932 2979 1969 se
3016 1915 3329 1970 simulantes
3364 1919 3475 1985 spi-

1891 1985 2173 2039 ritualibus
2209 1986 2336 2039 viris
2365 1985 2422 2039 in
2452 1986 2691 2041 Ecclesia
2720 1987 3001 2040 detrahere
3028 2028 3043 2052 ,
3074 1997 3130 2039 ut
3159 1986 3238 2040 sic
3269 1990 3474 2054 possint

1893 2055 2132 2109 minores
2161 2056 2543 2122 scandalizare,
2577 2068 2631 2112 ut
2657 2058 2871 2126 quidam
2903 2058 3040 2124 apud
3070 2056 3376 2114 Corinthios
3402 2059 3473 2115 de

1892 2127 2048 2199 beato
2090 2128 2249 2182 Paulo
2290 2129 2539 2181 dixerunt
2586 2148 2599 2183 :
2648 2129 2895 2199 Epistola:
2924 2129 3128 2198 quidem
3153 2144 3328 2198 graves
3353 2140 3472 2184 sunt

1891 2205 1935 2270 et
1965 2197 2141 2267 fortes,
2171 2202 2257 2251 sed
2286 2202 2556 2269 praesentia
2580 2197 2810 2266 iii/irino,
2841 2208 2886 2252 et
2914 2197 3079 2251 sermo
3113 2197 3468 2270 cantemptibi-

1892 2266 1977 2321 lis.
2010 2270 2073 2322 Et
2120 2284 2215 2337 per
2254 2266 2351 2324 hoc
2380 2271 2561 2339 plures
2591 2271 2655 2324 de
2697 2270 3033 2323 inferioribus
3072 2266 3473 2327 scandalizare-

1891 2350 2033 2392 runt.
2066 2340 2216 2393 Unde
2254 2340 2383 2394 dicit
2419 2359 2429 2392 :
2478 2340 2556 2394 Tu
2596 2342 2880 2409 loquebaris
2920 2343 2968 2391 in
3013 2342 3341 2396 detractione
3376 2344 3473 2396 ad-

1892 2424 2061 2465 versus
2092 2413 2316 2480 fratrem,
2365 2411 2416 2465 id
2461 2422 2561 2476 est,
2610 2423 2792 2466 contra
2823 2411 3115 2480 quemlibet
3137 2412 3471 2479 spiritualem

1891 2490 1947 2535 et
1986 2484 2356 2550 perl’ectiorem
2391 2484 2583 2549 virum,
2612 2484 2702 2552 qui
2733 2482 2951 2554 deberet
2974 2497 3089 2535 eSse
3115 2482 3277 2537 frater
3308 2496 3467 2554 tuus;

1891 2562 1939 2606 et
1981 2554 2081 2608 hoc
2112 2554 2271 2608 modo
2302 2554 2519 2622 ponebas
2551 2554 2851 2608 scandalum
2879 2552 3120 2605 adversus
3159 2554 3325 2621 ﬁlium
3356 2552 3468 2611 maé

1892 2625 1984 2677 tris
2014 2634 2111 2678 tua:
2133 2666 2146 2690 ,
2176 2624 2225 2678 id
2255 2636 2365 2690 est,
2392 2625 2721 2680 detrahendo
2752 2624 2954 2693 majora
2981 2632 3035 2677 et
3058 2624 3284 2692 digniori
3313 2642 3469 2682 scan-

1891 2695 2160 2769 dalizabas
2190 2696 2355 2765 lilium
2399 2700 2581 2769 matris
2614 2708 2713 2749 tuae
2744 2698 3016 2769 Ecclesite,
3053 2695 3254 2769 idest,
3284 2713 3473 2769 quem-

1893 2767 2286 2839 qucgminorem
2330 2776 2382 2820 et
2412 2767 2763 2839 indigniorem
2789 2810 2801 2832 ,
2840 2768 2928 2835 qui
2985 2767 3220 2819 nondum
3272 2767 3475 2839 indiget

1892 2836 2066 2890 solido
2096 2838 2218 2892 cibo
2245 2880 2258 2903 ,
2296 2839 2388 2891 sed
2421 2843 2576 2893 lacte.
2611 2838 2740 2892 llam
2764 2879 2778 2902 ,
2823 2839 3059 2905 inquam,
3105 2840 3283 2893 omnia
3332 2836 3474 2895 mala

1892 2908 2143 2975 praediCta
2174 2909 2359 2976 fecisti,
2387 2919 2431 2961 et
2457 2919 2633 2966 tamen
2664 2924 2763 2981 ego
2788 2911 2945 2973 tacui,
2978 2907 3029 2961 id
3059 2918 3160 2973 est,
3187 2926 3216 2963 a
3238 2912 3475 2968 vindicta

1892 2980 2207 3045 Superseili,
2262 2982 2599 3035 severitatem
2652 2996 2825 3036 meam
2880 2981 3103 3045 distuli,
3158 2982 3473 3049 patientiam

1892 3050 2226 3121 prolongavi,
2269 3053 2635 3118 ρωιιὶιειιιίειη
2665 3062 2807 3106 tuam
2839 3052 3163 3117 exspectavi.
3198 3052 3275 3106 Tu
3296 3064 3470 3109 autent

1896 3125 2173 3174 secundum
2221 3123 2462 3175 duritiam
2510 3136 2648 3177 tuam
2674 3168 2686 3189 ,
2739 3133 2785 3176 et
2817 3124 3134 3192 impaeniteus
3174 3139 3262 3176 cor
3302 3133 3467 3191 tuum,

1894 3192 2211 3264 tliesaiiriaas
2234 3194 2321 3247 tibi
2344 3196 2472 3246 iram
2493 3196 2544 3246 in
2565 3198 2643 3247 die
2666 3194 2985 3248 reuelationis
3000 3195 3130 3264 justi
3142 3196 3333 3264 jttdicii
3351 3195 3471 3253 Dei.

1966 3262 2285 3318 Existimasti
2325 3266 2495 3335 inique
2521 3267 2657 3333 quod
2685 3282 2771 3318 ero
2800 3268 2873 3317 tui
2912 3262 3113 3329 similis,
3144 3262 3372 3334 arguam
3402 3278 3469 3335 te,

1894 3342 1942 3386 et
1972 3345 2192 3387 statuam
2232 3348 2409 3389 contra
2436 3339 2618 3403 [aciem
2652 3346 2807 3389 tuam.
2842 3337 2977 3403 Quia
3005 3351 3105 3404 ego
3137 3339 3272 3390 tacui
3296 3354 3323 3391 a
3354 3340 3470 3393 vin-

1893 3403 2055 3471 dicta,
2092 3406 2210 3461 ideo
2240 3416 2293 3459 tu
2324 3409 2494 3475 inique
2534 3408 2837 3460 existimasti
2865 3407 3005 3475 quod
3036 3403 3136 3475 ego
3163 3408 3261 3460 sim
3286 3410 3471 3466 similis

1894 3476 1992 3529 tui.
2020 3478 2152 3544 Quia
2187 3478 2329 3531 enim
2364 3490 2416 3532 ιιι
2463 3480 2678 3531 noluisti
2718 3494 2838 3549 esse
2876 3477 3065 3531 similis
3101 3480 3246 3545 mei,
3278 3481 3475 3549 putasti

1892 3548 2035 3618 quod
2067 3563 2167 3617 ego
2196 3562 2368 3602 essem
2410 3548 2602 3602 similis
2645 3551 2741 3603 tui.
2770 3548 2964 3604 Parum
3013 3563 3240 3618 namque
3274 3548 3365 3607 tibi
3396 3552 3475 3610 vi-.

1894 3617 2120 3673 debatur
2145 3620 2285 3687 quod
2317 3628 2369 3671 tu
2400 3621 2566 3674 malus
2597 3635 2745 3676 esses
2769 3659 2785 3685 ,
2814 3621 2913 3675 nisi
2953 3621 3113 3675 etiam
3156 3617 3241 3676 me
3271 3625 3471 3679 malum

1895 3690 2035 3744 velle
2064 3701 2297 3759 putares.
2334 3692 2399 3743 lit
2425 3694 2545 3759 quia
2590 3708 2695 3746 non
2739 3692 3014 3746 attendisti
3055 3707 3139 3746 me
3181 3694 3408 3749 ultorem
3439 3708 3473 3749 a

1894 3761 2127 3815 vindicta
2170 3762 2605 3833 supersedentem
2633 3805 2647 3829 ,
2695 3764 2889 3832 putasti
2931 3778 3019 3818 me
3061 3764 3367 3833 participem
3417 3778 3473 3820 et

1893 3844 2202 3900 corruptum
2246 3832 2501 3901 judicent.
2546 3834 2645 3899 Tu,
2700 3838 2941 3903 inquam,
2987 3837 3085 3889 hoc
3125 3838 3471 3903 existimasti;

1893 3917 1993 3973 ego
2018 3913 2193 3958 autem
2241 3904 2452 3960 tandem
2494 3923 2707 3976 arguam
2750 3916 2795 3959 te
2829 3922 2923 3973 per
2953 3907 3240 3960 vindictam
3283 3910 3471 3964 condi-

1893 3988 2073 4041 gnam,
2105 3987 2148 4029 et
2176 3985 2397 4029 statuam
2423 3987 2471 4031 te
2497 3989 2670 4030 contra
2695 3978 2877 4050 faciem
2901 3987 3063 4043 tuam,
3098 3978 3147 4030 id
3174 3989 3274 4039 εει,
3308 3988 3358 4035 ιε
3378 3982 3467 4050 qui

1894 4060 2151 4113 posueras
2184 4056 2234 4101 te
2267 4060 2384 4114 post
2417 4058 2467 4102 te
2488 4090 2500 4112 ,
2534 4059 2588 4101 ut
2628 4065 2730 4101 non
2772 4049 2979 4102 videres
3006 4057 3088 4112 te,
3123 4061 3314 4116 ponam
3341 4049 3467 4107 ante

1897 4128 1968 4185 ιε,
1997 4129 2055 4171 ιιι
2080 4118 2258 4172 videas
2283 4128 2353 4173 te.
2386 4120 2443 4171 Si
2472 4122 2612 4173 enim
2639 4121 2844 4171 videres
2874 4128 2958 4183 te,
2989 4119 3303 4187 displiceres
3333 4122 3425 4176 tibi
3453 4161 3469 4187 ,

1894 4197 1949 4241 et
1983 4190 2220 4256 placeres
2250 4191 2415 4256 mihi;
2462 4204 2600 4243 nunc
2628 4205 2758 4243 vero
2800 4192 2923 4258 quia
2956 4200 3006 4243 te
3042 4206 3145 4242 non
3190 4190 3335 4245 vides
3360 4233 3376 4257 ,
3416 4206 3472 4248 et

1898 4260 2071 4327 places
2099 4262 2215 4327 tibi,
2248 4261 2551 4328 displicebis
2582 4260 2711 4313 mihi
2736 4300 2751 4324 ,
2780 4272 2831 4314 et
2862 4260 2954 4314 tibi
2983 4261 3309 4329 dISplICebiS.
3341 4264 3467 4321 Mihi

1894 4331 2107 4405 quidem
2135 4332 2462 4405 displicebis,
2494 4346 2612 4405 cum
2642 4332 3002 4405 judicaberis;
3024 4333 3114 4386 tibi
3138 4348 3265 4388 vero
3285 4336 3470 4405 displi-

1894 4403 2041 4455 cebis
2064 4444 2076 4465 ,
2105 4417 2223 4455 cum
2254 4402 2487 4455 ardebis.
2514 4402 2753 4457 Statuam
2780 4415 2849 4469 te,
2888 4404 3126 4472 inquam,
3156 4416 3277 4461 ante
3307 4402 3385 4473 te,
3412 4420 3469 4463 ut

1895 4474 2077 4527 videas
2110 4474 2401 4548 foeditatem
2438 4485 2606 4540 tuam,
2638 4488 2742 4529 non
2774 4482 2831 4529 ut
2858 4476 3117 4544 corrigas,
3146 4478 3238 4531 sed
3264 4488 3320 4533 ut
3345 4494 3476 4548 per-r

1900 4554 2056 4613 petuo
2082 4546 2387 4598 erubescas.

1962 4613 2241 4687 Intelligite
2262 4615 2369 4669 lucc
2387 4619 2473 4685 qui
2499 4617 2850 4670 obliviscimini
2870 4616 3052 4683 Deum,
3076 4635 3138 4672 ne
3154 4622 3359 4687 quando
3382 4635 3467 4674 ra-

1892 4688 1999 4756 piat
2022 4696 2067 4738 et
2092 4704 2189 4739 non
2214 4690 2382 4756 sitqui
2405 4688 2605 4754 eripiat.
2633 4688 2915 4761 llucusque
2941 4690 3147 4743 locutus
3174 4701 3256 4744 est
3284 4697 3468 4761 Asaph

1892 4763 1944 4811 in
1976 4772 2201 4825 persona
2238 4761 2441 4812 Domini
2482 4758 2753 4831 loquentis
2799 4762 2990 4829 p0pulo
3027 4777 3141 4823 suo,
3182 4770 3235 4815 et
3265 4758 3465 4831 pOpulo

1894 4845 2001 4882 non
2029 4844 2161 4895 suo;
2197 4831 2281 4882 hic
2308 4844 2435 4884 vero
2462 4830 2592 4884 dicit
2623 4834 2672 4884 in
2698 4845 2924 4899 persona
2954 4846 3048 4885 sua
3078 4875 3090 4897 ,
3125 4830 3464 4888 admonendo

1894 4911 2136 4969 posteros
2180 4911 2234 4955 et
2282 4902 2414 4956 alios
2444 4912 2741 4957 consortes.
2782 4903 2943 4969 Quasi
2981 4903 3123 4957 dicat
3156 4922 3167 4956 :
3197 4906 3329 4969 Quia
3361 4905 3467 4961 Do-

1893 4974 2065 5025 minus
2107 4972 2230 5025 talia
2279 4974 2410 5027 dicit
2442 4978 2637 5042 populo
2677 4988 2814 5040 suo,
2859 4983 2912 5027 et
2960 4976 3081 5026 talia
3134 4979 3331 5044 populo
3358 4992 3467 5032 non

1893 5056 2022 5117 suo;
2070 5059 2197 5117 ergo
2228 5058 2327 5117 vos,
2366 5046 2449 5113 qui
2494 5047 2665 5099 adhuc
2712 5045 3066 5097 obliviscimini
3108 5047 3269 5100 Deum
3299 5058 3419 5103 actu
3448 5090 3465 5117 ,
3514 5070 3525 5079 ο

1892 5115 2053 5168 vitam
2084 5115 2221 5169 male
2254 5116 2483 5183 priorem
2526 5133 2628 5170 non
2672 5120 3028 5179 attendentes,
3082 5126 3134 5171 et
3176 5119 3307 5173 nihil
3334 5115 3462 5173 boni

1894 5195 2111 5253 agentes
2136 5226 2151 5253 ,
2181 5188 2446 5259 intelligite
2468 5198 2513 5240 et
2541 5196 2643 5241 tiarc
2672 5204 2787 5256 qua:
2825 5189 3080 5241 Dominus
3106 5188 3236 5242 dicit
3265 5194 3464 5259 populo

1894 5274 2029 5321 suo,
2079 5266 2133 5311 et
2179 5275 2295 5327 quae
2350 5260 2477 5313 dicit
2516 5263 2709 5327 popqu
2765 5273 2869 5313 non
2930 5275 3067 5322 suo,
3116 5262 3361 5326 scilicet,
3406 5272 3464 5317 ut

1895 5327 2033 5381 male
2061 5337 2355 5384 anteactam
2389 5333 2546 5383 vitam
2588 5348 2635 5383 Ill
2664 5330 3013 5383 amaritudine
3042 5332 3235 5386 anima:
3262 5346 3461 5388 nosme

1894 5400 2231 5472 attendentes
2279 5403 2492 5471 possitis
2535 5400 2692 5469 digne
2728 5404 2833 5454 Deo
2884 5403 3060 5454 dicere
3102 5420 3112 5454 :
3152 5402 3463 5472 Recogitabo

1896 5469 1981 5521 tibi
2006 5486 2177 5525 omnes
2202 5469 2343 5526 actus
2372 5489 2525 5537 meos,
2557 5483 2608 5525 et
2633 5474 2851 5541 reliqua.
2886 5472 3186 5545 Intrlltgite,
3221 5469 3465 5545 inquam,

1897 5555 2036 5617 nunc
2065 5558 2191 5617 cum,
2222 5553 2429 5611 tempus
2454 5554 2533 5597 est
2558 5587 2570 5609 ,
2602 5559 2661 5596 ne
2690 5546 2733 5597 si
2759 5560 2861 5597 non
2898 5543 3273 5600 intellexeritis
3293 5543 3465 5617 quan-4

1896 5612 1961 5664 do
1983 5615 2103 5684 (pro
2129 5615 2435 5682 aliquando)
2465 5617 2630 5683 rapiat
2654 5630 2751 5669 nos
2783 5626 2835 5668 ut
2870 5625 3075 5684 potens,
3113 5627 3165 5671 et
3191 5619 3276 5672 cui
3305 5612 3468 5673 nemo

1898 5695 2071 5753 potest
2096 5686 2498 5759 contradicere;
2544 5695 2590 5738 et
2623 5698 2755 5759 tunc
2803 5702 2903 5759 non
2939 5689 3023 5739 sit
3047 5690 3240 5755 aliquis
3281 5691 3366 5759 qui
3396 5689 3467 5744 de

1897 5770 2055 5810 manu
2083 5755 2200 5824 ejus
2226 5772 2320 5813 vos
2347 5758 2551 5828 eripiat,
2588 5756 2638 5811 id
2668 5768 2770 5821 est,
2802 5758 3011 5825 eripere
3035 5762 3220 5827 possit.

1973 5827 2292 5896 Sacriﬁcium
2316 5827 2482 5883 laudis
2504 5828 2859 5901 honori/icabit
2885 5846 2982 5894 me,
3011 5839 3057 5884 et
3080 5832 3185 5885 illic
3214 5833 3307 5885 iter
3330 5834 3467 5902 quod

2913 5917 2993 5983 2b
