3984 6362
492 338 582 393 751

951 331 1152 387 ΒΕὒῶ
1190 326 1639 385 VENERABILIS
1677 327 1824 381 OPP.
1866 326 2040 382 PARS
2078 326 2139 380 ll.
2181 322 2370 380 SECT.
2414 324 2474 379 ll.
2518 353 2587 364 —-
2626 322 2825 377 DUBIA
2872 322 2957 376 ET
2997 321 3265 379 SPURIA.

3621 320 3743 375 75!

489 460 660 503 tamen
697 449 1002 513 prarogastt
1032 440 1493 513 ‘mtserteordiam,
1550 443 1621 513 ut_
1656 445 1710 488 et
1762 437 2039 513 veritatem
2069 438 2120 495 Α
2146 435 2279 513 galia
2312 437 2477 513 signa
2516 443 2705 513 incerta
2734 435 3018 513 sapientia:
3065 443 3169 513 t_uaz_
3206 434 3543 513 manilestasti
3570 434 3737 513 mihi,

490 505 852 574 conservares.
875 505 1126 580 'lgnoscis
1165 509 1303 580 enim
1350 506 1649 580 conﬁtenti,
1684 505 1774 559 sed
1809 505 2042 573 seipsum
2083 558 2089 565 ,

491 587 748 656 punienti.
779 584 845 656 Et
867 578 944 636 sic
963 578 1332 656 misericordie
1362 585 1416 629 et
1443 578 1640 656 ver_i_t_as
1670 588 2041 656 conservatur.

492 647 1123 719 iiiisericordia‘quidem,
1167 649 1285 717 quia
1320 649 1479 701 homo
1527 648 1815 710 liberatur;
1851 647 2050 699 veritas

494 724 792 793 vero,-quia
823 729 1095 795 peccatum
1124 721 1355 795 punitur.
1650 787 1691 795 η
1856 786 1867 795 _

558 784 762 852 Incerta
799 784 847 845 et
877 788 1091 858 occulta,
1116 784 1376 858 iapientia:
1397 796 1497 840 tute
1520 786 1867 856 manifestasti
1899 784 2049 838 mihi.

495 870 586 926 Sic
631 864 1002 920 continuatur:
1039 857 1309 923 Dico'quia
1339 858 1380 911 si
1411 872 1512 910 non
1553 857 1917 918 misereberis,
1948 870 2054 922 pu-

495 943 641 1002 nies;
672 932 766 990 sed
792 946 917 987 vere
958 929 1316 1002 misereberis,
1348 928 1467 1002 quia
1495 926 1619 1002 jatn_
1638 926 1763 1002 mihi
1801 927 1899 978 hoc
1930 938 2053 1002 pro-

496 996 707 1064 misisti.
742 1005 871 1058 Nam
915 998 1262 1053 manifestasti
1301 999 1426 1050 mihi
1455 1012 1549 1065 per
1579 996 1784 1049 Nathan
1819 997 2053 1063 prophe-

496 1092 625 1146 tam,
667 1076 773 1146 imo
800 1087 892 1141 per
921 1070 1165 1146 spiritum
1206 1068 1470 1119 dicentem
1520 1067 1645 1119 mihi
1689 1080 1782 1146 per
1825 1065 2056 1146 prnoplie:

495 1134 647 1204 tam':
684 1134 961 1198 Dimissum
981 1151 1051 1194 est
1078 1140 1165 1191 tibi
1206 1148 1466 1205 peccatum
1494 1146 1658 1189 tuum.
1712 1134 2056 1205 Manifeslasti

496 1224 687 1274 incerta
716 1225 763 1270 el
791 1213 988 1267 occulta
1010 1211 1271 1279 sapientia:
1299 1220 1435 1279 tute,
1460 1207 1531 1279 id_
1549 1216 1649 1267 est,
1694 1204 2057 1279 disposiﬂoni‘s

498 1303 656 1359 atque
686 1282 1037 1354 reparationis
1069 1274 1253 1359 "novae,
1304 1277 1566 1359 lielieitatis
1606 1283 1861 1359 :eternae.‘
1892 1274 2059 1356 Elegit

497 1346 627 1415 enim
644 1361 699 1412 in
725 1346 832 1422 ipso
856 1361 969 1405 ante
991 1351 1165 1422 mundi
1185 1349 1618 1422 cenatitutionem._
1634 1346 1760 1422 Qua:
1778 1347 2059 1422 autenrin-

505 1442 671 1492 certa,
699 1415 754 1481 et
780 1438 900 1492 qua:
927 1420 1169 1474 occulta?
1197 1417 1620 1492 _Seilicet,_quo_d
1663 1420 1822 1492 etiam
1867 1415 2060 1492 talibus

501 1512 553 1555 et
602 1486 705 1552 tam
733 1486 982 1565 gravibus
1012 1488 1239 1565 peccatis
1271 1488 1521 1565 ignoscis.
1570 1488 1720 1565 Quod
1756 1486 2061 1565 hominibus

454 1562 468 1569 ’
502 1574 645 1637 prius
674 1556 931 1621 incertum
963 1562 1078 1622 fuit,
1109 1560 1230 1637 quia
1257 1558 1531 1637 dubitatur.
1552 1572 1615 1609 an
1649 1556 1790 1637 Deus
1821 1557 2062 1637 ignosce:

502 1628 583 1696 ret
614 1649 729 1708 post
758 1644 863 1689 tam
891 1645 1103 1708 gravem
1135 1630 1363 1708 lapsum,
1395 1637 1449 1708 et
1492 1629 1570 1708 sic
1598 1644 1664 1708 ap
1697 1628 1801 1708 ulla
1844 1628 2064 1708 humani

504 1696 711 1781 generis
756 1696 1020 1772 repafatio
1064 1710 1206 1781 esset
1254 1701 1589 1781 ignorabant;
1632 1696 1933 1781 Sedpavid
1961 1698 2062 1781 hoe

507 1767 874 1849 Experimenio
903 1779 1251 1849 monstratum
1297 1780 1397 1834 est,
1438 1767 1695 1849 propheta
1742 1770 1949 1848 dicente
1998 1767 2063 1821 ad

506 1839 626 1907 eum
660 1868 671 1902 :
703 1847 978 1901 Dimissum
1005 1850 1078 1895 est
1126 1841 1215 1893 tibi
1261 1849 1521 1906 peccatum
1570 1847 1736 1905 tuum,
1796 1839 1912 1905 quia
1974 1853 2066 1905 per

506 1918 904 1975 similitudinem
932 1912 1069 1966 hanc
1095 1913 1483 1978 reparationem
1509 1909 1665 1963 etiam
1696 1909 1747 1962 in
1760 1910 1874 1962 aliis
1896 1917 2067 1961 atten-

507 1994 601 2045 dit.
637 1992 710 2044 De
737 1989 837 2040 hoc
866 1985 1089 2044 incerto,
1122 1982 1171 2034 id
1202 1980 1373 2034 estde
1418 1981 1752 2049 reparatione
1800 1988 1915 2045 post
1961 1987 2064 2031 tam

512 2075 726 2133 gravem
761 2059 966 2122 lapsum
982 2052 1332 2133 _dubitantes,
1363 2050 1790 2133 anunquameis
1822 2050 2066 2133 ignosce-

509 2119 677 2197 Fetur,
709 2119 929 2197 egerunt
982 2122 1227 2197 Nipivita:
1284 2120 1648 2197 paenitentiam
1697 2119 1751 2173 in
1800 2120 2062 2197 prmdica-

511 2190 851 2261 tinne'Jonae,
896 2191 1239 2247 humiliautes
1270 2206 1328 2245 se
1361 2192 1412 2244 in
1452 2190 1596 2244 omni
1645 2191 1984 2255 contritione,
2037 2203 2066 2240 a

513 2277 715 2327 minore
755 2281 922 2335 usque
949 2263 1015 2317 ad
1044 2262 1320 2335 majorem.
1344 2261 1652 2335 Quodvero
1692 2261 1951 2335 incertum
1984 2274 2067 2313 es-

507 2355 586 2399 set
611 2343 661 2396 in
688 2332 864 2395 verbis
896 2334 1011 2389 istis
1040 2332 1376 2388 ostenditur:
1412 2332 1538 2397 Quis
1564 2334 1653 2384 scit
1683 2332 1726 2384 si
1747 2339 2071 2383 convertatur

508 2426 551 2467 et
577 2407 972 2485 ignoscatADAeus
1002 2412 1352 2485 etrevertatttt:
1367 2419 1406 2483 a_
1428 2408 1599 2484 furore
1628 2405 1721 2455 ira:
1746 2418 1869 2485 suae,
1890 2409 1937 2452 et
1968 2416 2071 2485 non

508 2472 783 2558 peribimus
807 2479 832 2531 .9
855 2476 956 2543 Qui
984 2476 1126 2558 enim
1160 2474 1261 2556 hoc
1304 2474 1462 2553 dixit,
1507 2474 1765 2554 incertum
1821 2476 1923 2558 hoc
1976 2472 2072 2525 ha-

512 2544 660 2619 buit;
694 2552 788 2606 sed
837 2558 1010 2601 tamen
1064 2544 1329 2619 Ninigitae,
1364 2553 1422 2619 ut
1452 2545 1583 2619 ipse,
1614 2545 1659 2597 si
1707 2552 1883 2619 posset
1924 2556 2070 2607 esse,

512 2614 792 2680 remanere
821 2618 1126 2673 noluerunt.
1181 2615 1247 2668 Et
1299 2615 1423 2683 quia
1470 2615 1627 2683 digne
1682 2614 2066 2681 pmuitueruut,

511 2696 635 2751 ideo
672 2692 850 2759 reipsa
890 2687 1031 2755 quod
1061 2687 1205 2759 prius
1234 2687 1495 2759 incertum
1541 2686 1767 2759 habebat
1810 2697 2072 2759 cognove-

512 2775 671 2828 runt,
723 2755 972 2831 quoniam
1034 2755 1515 2831 ut__intertninatus
1568 2755 1822 2831 illiopheta
1877 2756 2070 2831 fuerat,

510 2826 699 2889 eversa
729 2826 815 2886 est
843 2828 1031 2882 civitas
1072 2826 1306 2892 illorum,
1339 2840 1490 2879 versa
1512 2826 1724 2893 quidem
1759 2830 1809 2878 in
1837 2826 1994 2889 malo,
2020 2833 2074 2879 et

510 2905 771 2959 aadilicata
802 2901 855 2954 in
882 2900 1045 2952 bono.
1075 2897 1226 2963 Quod
1258 2906 1430 2949 autem
1457 2895 1590 2951 dicit
1615 2914 1627 2947 :
1672 2894 1875 2948 Incerta
1911 2904 1960 2948 et
1990 2910 2074 2947 oc-

511 2975 674 3041 culta,
700 2979 949 3041 neutrum
978 2967 1273 3041 superfluit,
1302 2966 1424 3041 quia
1450 2982 1541 3041 per
1570 2966 1779 3020 occulta
1817 2965 2075 3041 determi-

513 3056 603 3099 nat
631 3037 853 3099 incerta.
882 3040 1017 3095 Sunt
1052 3040 1193 3091 enim
1223 3037 1465 3105 quaedam
1513 3037 1714 3091 incerta
1753 3051 1871 3105 quae
1901 3038 1951 3088 in
1985 3049 2077 3088 na-

514 3129 633 3171 tura
662 3129 758 3169 sua
785 3120 909 3165 sunt
930 3110 1150 3164 incerta.
1184 3108 1308 3161 Haec
1327 3116 1504 3161 autem
1535 3108 1654 3162 ideo
1676 3116 1879 3161 tantum
1923 3115 2076 3160 erant

514 3189 736 3251 incerta,
766 3182 884 3253 quia
939 3178 1244 3253 hominist
1277 3179 1743 3253 occulta.Et_pest
1770 3177 1869 3232 hoc
1902 3185 2071 3253 totum

513 3247 913 3325 aequipolle'nter
934 3251 1111 3325 dicere
1140 3268 1151 3303 :
1186 3247 1530 3325 Manifestasti
1558 3250 1681 3325 mitti
1717 3264 1810 3317 per
1839 3250 2070 3325 prome-

513 3320 623 3382 tam
652 3320 1058 3396 ieparationenr
1077 3321 1384 3396 humanam.
1423 3321 1699 3396 Quomodo
1765 3330 1941 3396 autem
1987 3320 2077 3374 liet

519 3399 635 3453 haec
663 3391 969 3466 reparatio?
1019 3392 1131 3466 Hoc
1179 3392 1359 3457 modo,
1416 3391 1637 3466 scilicet,
1693 3393 1814 3460 quia
1854 3392 1989 3445 sicut
2020 3401 2074 3466 tu

519 3461 818 3538 prmcep‘isti
846 3467 898 3520 in
940 3464 1055 3538 lege
1086 3464 1424 3538 |eprqsos_ut_
1456 3463 1835 3538 mandarentur
1866 3461 2073 3531 aspergi

515 3532 748 3611 byssopo
769 3539 822 3590 in
851 3536 1106 3611 sanguine
1144 3532 1275 3587 rufae
1300 3532 1475 3611 vitulae
1503 3534 1743 3611 intincto,
1793 3534 1870 3586 sic
1896 3547 2075 3611 asper-

518 3603 604 3681 ges
631 3603 709 3681 me
735 3606 949 3681 et_alios
978 3603 1194 3681 hyssopo
1211 3613 1265 3657 et
1290 3604 1549 3681 sanguine
1574 3604 1718 3681 vituli
1752 3619 1854 3659 non
1901 3606 2073 3681 signo,

517 3673 613 3736 Sed
642 3677 957 3747 significato,
987 3685 1039 3747 et
1064 3676 1141 3727 sic
1171 3673 1564 3747 mundabimur.
1623 3677 1848 3729 Possunt
1886 3681 1940 3747 et
1974 3674 2075 3726 ali-

520 3761 602 3806 ter
629 3744 920 3804 secundum
966 3744 1121 3797 aliam
1170 3745 1486 3798 sententiam
1526 3744 1610 3798 ha:
1652 3746 2078 3801 continuatioues

519 3821 717 3891 partim
767 3816 911 3891 fieri._
959 3813 1259 3891 Secundum
1291 3815 1459 3891 _enitn
1508 3817 1647 3891 qued
1689 3817 2074 3891 praecedentem

519 3883 732 3946 versum
774 3886 1235 3942 continuavimus:
1288 3883 1401 3937 Non
1446 3884 1548 3940 hoc
1594 3883 1714 3941 ideo
1739 3888 1878 3949 dico,
1913 3892 1968 3939 ut
1993 3899 2076 3940 re-

519 3960 733 4016 lundam
759 3958 968 4026 culpam
1020 3957 1071 4010 in
1101 3964 1393 4019 auctorem,
1421 3956 1515 4010 sed
1542 3957 1662 4025 quia
1709 3968 1783 4020 tu,
1834 3957 2074 4020 Domine,

521 4033 692 4101 diligis
717 4032 1009 4086 veritatem.
1043 4026 1211 4101 Talis
1232 4027 1477 4101 repetitio
1507 4026 1618 4101 liat,
1648 4037 1696 4081 ut
1728 4029 1864 4095 quod
1902 4028 2079 4096 sequi-

522 4096 969 4157 tur'continuetur
1001 4114 1015 4151 :
1039 4096 1169 4163 Quia
1194 4098 1246 4151 in
1275 4097 1626 4166 iniquitatibus
1646 4108 1916 4166 conceptus
1944 4114 2073 4150 sum.

520 4174 663 4243 Ergo
701 4172 933 4243 miserere
974 4171 1094 4243 mei,
1126 4167 1283 4230 Deus,
1330 4176 1384 4243 et
1427 4168 1621 4243 munda
1650 4183 1779 4243 “me.
1842 4169 1908 4243 Et
1955 4182 2079 4243 vere

524 4238 881 4307 misereberis,
911 4242 1029 4308 quia
1055 4239 1161 4308 jam
1210 4238 1546 4307 manifestasti
1590 4239 1715 4292 milii
1761 4253 1852 4306 per
1897 4240 2075 4307 legalia

524 4315 765 4370 instituta
794 4314 979 4364 incerta
1006 4319 1051 4362 et
1082 4310 1279 4361 occulta
1306 4311 1570 4377 sapientia:
1598 4320 1717 4375 tum,
1746 4308 1797 4363 id
1829 4318 1932 4375 est,
1970 4309 2079 4363 dis-

524 4382 803 4453 positionis
837 4393 967 4453 tute,
1009 4379 1619 4453 scilicet,humanitatis
1666 4380 2075 4453 reparationem.

526 4450 592 4511 Et
618 4451 883 4522 quomodo
929 4450 1301 4517 manifestasli?
1330 4450 1436 4522 ita,
1473 4452 1697 4515 scilicet,
1745 4453 1863 4520 quia
1909 4451 2079 4522 fecisti

526 4504 919 4593 asparagus.
962 4504 1259 4593 intelligere
1305 4504 1730 4593 signiﬁcamin
1756 4504 1893 4589 ‘tege
1932 4520 2079 4577 enim
2111 4504 2160 4563 D

528 4590 845 4663 prteeeptuin
876 4600 992 4646 erat
1032 4600 1097 4663 ut
1126 4590 1316 4657 leprosi
1347 4599 1495 4663 extra
1536 4603 1708 4663 castra
1739 4594 2077 4657 ejicereutur,

524 4662 576 4719 et
603 4665 797 4718 deinde
826 4664 888 4717 :‘d
911 4662 1339 4716 ernundationem
1367 4662 1614 4716 fasciculo
1638 4662 1852 4730 hyssopi
1876 4665 1926 4715 in
1958 4678 2081 4716 san-

526 4737 681 4805 guine
710 4735 857 4787 vituli
888 4733 1111 4805 intiucto
1141 4742 1569 4805 aspergerentur,
1599 4742 1655 4786 et
1686 4734 1956 4805 emundati
1992 4749 2080 4786 re-

529 4802 871 4859 duierentur.
918 4804 971 4856 In
997 4818 1101 4871 quo
1131 4804 1396 4868 reparatio
1436 4806 1662 4855 humana
1694 4802 2079 4872 prmﬁguratur.

533 4878 803 4947 Hyssotius
851 4874 1066 4927 humilis
1111 4873 1269 4947 herba
1298 4881 1400 4935 est,
1431 4875 1846 4947 quaavaletiad’
1900 4875 2081 4927 vitium

530 4942 811 5014 pulmonis,
855 4962 917 4999 ex
951 4958 1055 5012 quo
1103 4943 1351 5009 pulmone
1380 4942 1631 5014 praacedit
1677 4946 1961 5006 anhelitus,
1994 4958 2085 5008 per

531 5013 687 5085 quem
731 5015 1045 5085 anhelitum
1079 5024 1251 5085 tumor
1296 5013 1557 5085 superbia:
1598 5014 1929 5085 designatur.
1986 5016 2085 5067 Per

528 5082 819 5159 bysscipum
860 5100 984 5139 vero
1023 5082 1305 5159 humilitas
1351 5082 1927 5159 Christiinteltigitur,
1972 5099 2085 5150 quae

529 5153 636 5212 vim
668 5153 1033 5211 medicamenti
1060 5153 1123 5206 ad
1145 5154 1613 5219 reprimendumju
1646 5156 1795 5207 nobis
1823 5166 2085 5207 tumorem

531 5228 727 5284 veteris
747 5227 1006 5297 superbiae
1046 5224 1471 5297 ctan’itnositatis
1504 5225 1718 5297 habuit.
1748 5223 2089 5297 [fersaugui-

528 5314 651 5352 netu
682 5293 887 5368 quoque
915 5295 1045 5349 rufae
1071 5294 1246 5368 vitula;
1277 5293 1454 5368 passio
1479 5293 1692 5368 _Christi
1731 5293 2085 5368 _signilicatur,

529 5384 625 5437 per
668 5364 1023 5436 aspersionem
1063 5379 1195 5437 vero
1222 5364 1438 5437 hyssopi
1478 5365 1527 5417 in
1560 5364 1815 5431 sanguine
1854 5364 2087 5429 intincti,

529 5434 634 5508 qua
665 5434 857 5507 leprosi
904 5436 1345 5508 emundabantur,
1404 5434 1506 5489 hoc
1560 5437 2085 5508 prmmonstrabatur,

534 5504 675 5577 quod
707 5504 1004 5576 quicunque
1033 5505 1217 5559 humili
1249 5505 1461 5577 Christo
1486 5519 1546 5559 se
1574 5504 1988 5570 conformareut,
2014 5516 2092 5577 Aet

538 5575 801 5649 sanguine
836 5575 947 5645 ejus
968 5584 1398 5649 aspergerentur,
1426 5576 1475 5629 id
1502 5586 1603 5643 est,
1630 5578 1928 5645 passionem
1977 5575 2091 5643 ejus

534 5646 881 5712 imitarentur,
907 5646 981 5699 illi
1004 5661 1127 5701 vere
1151 5646 1217 5699 ab
1239 5648 1380 5699 omni
1408 5650 1551 5716 lepra
1584 5657 1915 5714 peccatorum
1942 5662 2092 5699 mun-

535 5721 811 5788 darentur,
843 5719 980 5788 quod
1013 5726 1227 5771 sanctus
1258 5717 1416 5770 David
1447 5735 1538 5783 per
1565 5720 1817 5785 Spiritum
1849 5727 2090 5773 sanctum

536 5790 767 5846 laturum
797 5789 1070 5844 intellexit.
1109 5788 1170 5841 Et
1200 5788 1319 5842 inde
1351 5788 1482 5842 dicit
1511 5791 1611 5843 hoc
1635 5792 1791 5844 modo
1826 5807 1838 5843 :
1880 5790 1979 5843 Per
2010 5790 2091 5843 le-

2099 3138 2148 3202 C

2155 505 2279 575 quia
2310 504 2480 558 fecisti
2509 520 2592 559 nte
2618 505 2917 575 intelligere
2955 505 3095 573 Quod
3128 506 3266 559 sicut
3288 506 3479 573 leprosi
3514 505 3742 573 aspersi

2157 574 2407 643 hyssopo.
2432 584 2487 629 et
2513 578 2767 644 sanguine
2794 574 2939 629 vituli
2986 576 3399 640 mandabantur,
3452 576 3525 629 ita
3555 584 3615 629 tu
3656 590 3744 628 me

2154 657 2206 716 et
2232 646 2367 716 alios
2386 644 2577 699 Christi
2608 647 2899 699 imitatores
2926 661 3164 716 asperges
3188 648 3429 716 hyssOpo,
3459 646 3739 716 sanguine

2157 714 2310 785 vituli
2342 716 2586 780 intinctu,
2612 716 2905 785 significato
2931 733 3033 768 non
3063 714 3237 785 signo,
3266 728 3315 770 et
3336 714 3413 770 Sic
3436 732 3465 768 a
3489 714 3742 783 peccatis

2155 784 2454 856 mundabor.
2505 784 2570 837 Et
2620 784 2848 855 qualiter
2898 784 3435 856 intelligatiasperges
3484 785 3740 856 exponit,

2156 855 2383 919 scilicet,
2415 856 2603 908 lavabls
2628 873 2704 907 me
2728 871 2821 921 per
2845 856 3131 924 hyssopum
3154 855 3322 923 illum,
3356 866 3408 910 et
3438 857 3539 911 hoc
3564 855 3738 919 adeo,

2157 924 2299 992 quod
2341 940 2439 991 ego
2466 925 2739 979 dealbabor
2768 941 2921 987 super
2948 927 3132 989 nivem,
3179 926 3228 978 id
3262 936 3360 988 est,
3410 940 3576 995 super
3605 941 3740 980 om-

2159 1010 2280 1048 nem
2339 996 2670 1063 corporalem
2725 996 3162 1059 muadationem,
3212 995 3451 1061 scilicet,
3505 996 3743 1050 interius

2160 1065 2475 1119 mundabor.
2509 1066 2640 1130 Quae
2675 1066 2947 1119 inundatio
2994 1065 3211 1120 excellit
3248 1080 3462 1120 omnem
3496 1068 3747 1119 exterio-

2158 1149 2269 1187 rem
2321 1135 2740 1190 mundationem.
2795 1136 2975 1188 Nivem
3008 1145 3185 1189 autem
3238 1150 3333 1203 pro
3370 1137 3633 1190 exteriori
3689 1144 3745 1189 et

2160 1205 2389 1273 digniori
2419 1206 2759 1259 mundationc
2792 1206 2910 1260 ideo
2934 1208 3104 1274 ponit,
3136 1206 3257 1274 quia
3286 1208 3567 1261 candidior
3592 1208 3744 1260 inter

2160 1278 2423 1329 exteriora
2453 1285 2554 1329 est.

2231 1346 2443 1398 Auditui
2471 1362 2579 1400 meo
2608 1346 2749 1400 dabis
2776 1347 3017 1416 gaudium
3060 1355 3107 1400 et
3153 1346 3406 1411 lwtitiam,
3433 1358 3481 1400 et
3507 1348 3747 1401 exsulta-

2162 1416 2285 1468 bunt
2325 1433 2441 1487 ossa
2494 1417 2779 1470 Itumiliata.
2827 1419 3070 1487 Asperges
3112 1433 3212 1483 me,
3265 1418 3504 1487 inquam,
3553 1428 3607 1472 et
3659 1434 3746 1470 me

2161 1501 2382 1554 asperso
2404 1486 2548 1539 dabis
2576 1489 2818 1553 gaudium
2847 1497 2890 1540 et
2918 1486 3172 1553 laetitiam,
3206 1489 3256 1543 id
3297 1497 3400 1548 est,
3438 1490 3739 1554 perlectam

2163 1566 2220 1611 et
2242 1556 2529 1624 plenariam
2563 1558 2789 1611 laetitiam
2815 1557 2958 1611 dabis
2989 1560 3191 1612 auditui
3218 1575 3346 1621 meo,
3382 1558 3433 1610 id
3465 1566 3567 1621 est,
3603 1558 3741 1609 mihi

2166 1627 2425 1691 audienti,
2460 1629 2559 1681 hoc
2580 1637 2684 1693 est,
2712 1628 3007 1682 humilianti
3036 1644 3144 1695 me,
3169 1640 3222 1682 et
3248 1629 3497 1693 discenti,
3523 1643 3633 1682 non
3664 1626 3746 1680 di-

2168 1697 2330 1761 centi,
2383 1697 2433 1750 id
2480 1707 2584 1763 est,
2638 1708 2910 1766 peccatum
2961 1714 3135 1753 meum
3188 1699 3517 1754 defendenti.
3551 1699 3745 1752 Tutius

2168 1769 2313 1821 enim
2350 1767 2503 1837 longe
2525 1777 2607 1823 est
2634 1768 2818 1821 audire
2848 1784 3004 1836 quam
3037 1770 3236 1835 dicere,
3267 1772 3390 1837 quia
3418 1770 3507 1823 ille
3535 1770 3626 1836 qui
3651 1784 3744 1821 au-

2168 1837 2246 1891 dit
2276 1837 2516 1891 humiliat
2545 1853 2602 1891 se
2624 1848 2678 1891 et
2706 1840 2892 1903 discit;
2925 1841 3011 1907 qui
3037 1855 3161 1893 vero
3185 1840 3341 1905 dicit,
3373 1841 3640 1907 superbit.
3678 1839 3744 1894 Et

2167 1916 2251 1962 est
2279 1909 2430 1976 quasi
2485 1908 2666 1961 dicat:
2723 1908 3003 1962 Audiendo
3049 1911 3287 1973 laetabor,
3335 1911 3567 1964 dicendo
3612 1925 3744 1964 vero

2168 1980 2440 2032 trisrabor.
2470 1978 2589 2045 Ipse
2634 1988 2849 2045 paratus
2877 1989 2960 2034 est
2991 1983 3196 2034 veniam
3244 1982 3393 2035 dare.
3423 1980 3539 2034 Non
3574 1983 3746 2035 inter—

2168 2047 2443 2102 cludamus
2469 2064 2595 2115 ergo
2618 2050 2770 2103 nobis
2801 2052 3006 2104 veniam
3034 2051 3318 2118 aperiendo
3348 2066 3533 2105 vocem
3557 2051 3743 2105 defen-

2168 2118 2355 2181 sionis,
2390 2120 2484 2172 sed
2523 2121 2823 2187 aperiamus
2872 2122 3045 2174 sinum
3096 2122 3467 2176 confessionis.
3523 2122 3599 2176 De
3645 2122 3745 2177 hoc

2168 2188 2359 2257 gaudio
2398 2190 2486 2245 ille
2515 2205 2620 2254 quo
2648 2190 2701 2244 in
2742 2192 2878 2245 natis
2913 2193 3192 2244 mulierum
3224 2208 3329 2245 non
3355 2194 3596 2246 surrexit
3629 2207 3741 2245 ma-

2166 2259 2253 2327 jor
2276 2260 2480 2314 Joanne
2512 2261 2746 2328 Baptista
2774 2263 2846 2314 ait
2876 2278 2889 2314 :
2921 2263 3126 2316 Amicus
3162 2264 3335 2329 sponsi
3381 2278 3483 2315 non
3528 2264 3655 2315 dicit
3699 2272 3747 2315 et

2171 2332 2327 2395 cadit,
2356 2332 2443 2383 sed
2471 2339 2570 2384 stat
2591 2341 2636 2385 et
2666 2333 2831 2385 audit.
2866 2331 2999 2397 Quia
3027 2334 3161 2385 enim
3187 2333 3353 2399 audit,
3377 2343 3499 2396 stat,
3532 2343 3579 2386 et
3601 2350 3733 2401 gau-

2172 2401 2256 2453 dio
2285 2403 2493 2469 gaudet,
2552 2418 2652 2455 non
2707 2403 2827 2467 quia
2886 2404 3031 2468 dicit,
3063 2404 3151 2455 sed
3198 2405 3319 2472 quia
3371 2405 3517 2456 audit
3576 2419 3745 2456 vocem

2171 2472 2363 2538 sponsi,
2399 2472 2455 2543 id
2492 2481 2594 2537 est,
2627 2474 2747 2541 quia
2781 2474 2955 2538 discit,
2984 2473 3151 2537 dabis,
3182 2475 3421 2542 inquam,
3451 2475 3577 2527 mihi
3611 2491 3740 2543 gau-

2173 2543 2311 2593 dium
2337 2542 2607 2608 audienti;
2642 2554 2693 2597 et
2732 2544 2833 2597 hoc
2860 2545 2999 2609 ideo,
3030 2544 3151 2612 quia
3183 2560 3316 2607 ossa,
3348 2547 3398 2599 id
3425 2554 3529 2609 est,
3562 2542 3742 2598 firma-

2175 2622 2411 2683 mentum
2459 2612 2651 2667 anima)
2680 2628 2831 2678 mem,
2864 2616 3106 2677 virtutes,
3156 2615 3379 2680 scilicet,
3431 2632 3553 2683 qua:
3601 2616 3747 2683 prius

2174 2681 2444 2735 humiliata
2490 2694 2663 2745 erant,
2707 2685 2933 2738 dicendo
2980 2686 3325 2752 exsultabant,
3374 2681 3495 2754 quia
3546 2681 3743 2741 sthtum

2173 2765 2327 2805 suum
2370 2754 2685 2807 obtinebunt
2713 2754 2994 2810 audiendo.
3028 2756 3212 2810 Potest
3258 2758 3417 2810 etiam
3457 2756 3527 2811 de
3569 2756 3747 2811 futuro

2128 2843 2135 2851 -
2174 2837 2360 2878 versus
2391 2826 2492 2879 iste
2517 2826 2705 2893 accipi,
2738 2827 2888 2892 quasi
2918 2827 3059 2880 dicat
3091 2845 3102 2879 :
3149 2826 3244 2880 Hic
3272 2828 3508 2880 laudabis
3540 2843 3645 2893 me,
3694 2836 3745 2880 et

2179 2893 2485 2965 dealbabis;
2532 2897 2743 2949 tandem
2797 2911 2923 2951 vero
2972 2896 3125 2951 dabis
3173 2898 3465 2965 plenariam
3520 2899 3749 2951 ltetitiam

2174 2964 2378 3033 auditui
2421 2981 2555 3031 meo,
2609 2966 2830 3033 scilicet,
2886 2982 3003 3021 cum
3055 2964 3267 3021 audiam
3326 2979 3377 3024 te
3431 2970 3746 3023 dicentem:

2177 3032 2345 3106 Euge,
2376 3036 2500 3089 bone
2528 3047 2575 3089 et
2618 3037 2808 3105 ﬁdelis,
2860 3038 2999 3091 intra
3027 3040 3081 3091 in
3126 3040 3374 3107 gaudium
3406 3040 3625 3092 Domini
3654 3041 3746 3103 tui,

2179 3115 2227 3158 et
2283 3114 2405 3160 tunc
2452 3121 2595 3175 ossa,
2645 3109 2697 3161 id
2745 3120 2847 3172 εει,
2883 3108 3211 3163 [irritamenta
3240 3111 3433 3163 animus
3480 3126 3622 3164 metu
3670 3111 3751 3163 hic

2185 3176 2460 3249 humiliata
2491 3192 2583 3244 per
2612 3179 2974 3249 pmnitentiatn
3001 3180 3326 3249 gaudebunt,
3354 3182 3426 3235 ibi
3452 3180 3747 3237 clariﬁcata

2175 3261 2271 3316 per
2309 3248 2553 3316 gloriam.

2246 3319 2422 3371 Averte
2450 3318 2627 3387 faciem
2657 3329 2795 3373 tuam
2821 3337 2853 3373 α
2883 3332 3095 3389 pecca'ts
3126 3324 3269 3388 meis,
3299 3330 3346 3376 et
3365 3338 3537 3376 omnes
3567 3322 3753 3389 iniqui-

2177 3395 2301 3441 tates
2327 3404 2486 3462 meas
2524 3390 2654 3446 dele.
2700 3392 2857 3457 Quasi
2902 3394 3080 3446 dicat:
3134 3393 3261 3447 Dico
3289 3394 3408 3462 quia
3450 3394 3603 3446 dabis
3635 3393 3753 3445 mihi

2176 3461 2445 3531 gaudium,
2470 3469 2517 3513 et
2541 3477 2654 3514 ossa
2682 3477 2791 3514 mea
2819 3464 3159 3516 exsultabant.
3186 3465 3249 3518 Et
3279 3461 3366 3517 ubi
3401 3465 3497 3517 hoc
3529 3465 3649 3527 (iat,
3682 3466 3750 3517 si-

2179 3530 2281 3603 cut
2325 3532 2497 3599 prius,
2544 3531 2669 3603 dum
2701 3547 2798 3601 ego
2824 3535 2988 3587 averti
3027 3530 3451 3603 faciemfmeam,
3495 3544 3556 3587 tu
3600 3550 3752 3589 aver-

2177 3602 2321 3666 tisti;
2355 3604 2425 3654 ita
2452 3616 2592 3656 nunc
2622 3602 2747 3657 dum
2768 3618 2867 3673 ego
2893 3616 3097 3673 averto,
3132 3616 3184 3659 tu
3210 3602 3373 3659 averte
3395 3607 3586 3673 [aciem
3615 3616 3751 3659 tuam

2176 3688 2207 3723 a
2239 3673 2454 3747 peccatis
2482 3673 2625 3747 meis,
2666 3685 2712 3727 et
2738 3677 3235 3747 amnesiniqut'lales
3277 3694 3410 3730 meas
3440 3678 3579 3743 dele,
3632 3691 3755 3747 quas

2179 3743 2324 3810 prius
2349 3742 2637 3814 avertendo
2676 3745 2956 3814 scripsisti,
2999 3742 3154 3801 modo
3201 3747 3485 3803 avertendo
3512 3742 3666 3801 dele}
3699 3747 3757 3800 Et

2179 3822 2234 3887 ut
2260 3828 2352 3867 eas
2397 3813 2599 3887 deleas,
2628 3829 2660 3867 ο
2688 3813 2846 3878 Deus,
2893 3832 2980 3870 cor
3004 3819 3143 3887 quod
3191 3835 3285 3887 per
3324 3834 3407 3873 me
3449 3819 3658 3872 factum
3684 3828 3757 3870 est

2178 3883 2533 3949 immundum,
2567 3900 2684 3939 crea
2716 3888 2770 3939 in
2799 3901 2876 3940 me
2905 3883 3168 3954 mundum,
3193 3883 3252 3944 et
3283 3892 3363 3943 iac
3391 3902 3579 3943 onmes
3620 3890 3757 3956 cogi-

2179 3956 2403 4028 taliones
2431 3969 2578 4028 meas
2607 3955 2852 4023 mundas,
2874 3958 3055 4012 itmova
3081 3961 3334 4028 spiritum,
3370 3960 3420 4013 id
3455 3966 3558 4023 est,
3599 3959 3756 4013 intel-

2179 4024 2375 4079 lectum
2404 4026 2563 4097 modo
2609 4028 2951 4081 inveteratum
2982 4040 3035 4082 et
3064 4024 3359 4097 curvatum,
3406 4031 3477 4083 ita
3506 4040 3567 4083 ut
3599 4030 3758 4083 iacias

2178 4109 2299 4149 eum
2327 4106 2517 4149 rectum
2548 4096 2603 4149 in
2627 4097 2893 4151 visceribus
2922 4103 3061 4166 meis,
3111 4102 3158 4153 id
3188 4112 3289 4166 est,
3321 4096 3372 4155 in
3410 4101 3590 4154 anima
3623 4115 3756 4154 mea.

2183 4166 2412 4231 Spiritus
2443 4165 2599 4240 hujus
2629 4169 2773 4237 prius
2801 4168 2897 4222 fuit
2924 4180 3121 4237 rectus,
3150 4182 3202 4227 et
3226 4171 3447 4240 Spiritui
3478 4172 3576 4226 Dei
3608 4172 3756 4226 colli-

2181 4245 2375 4303 matus,
2386 4238 2632 4312 quandiu
2654 4254 2681 4291 a
2702 4241 2972 4312 voluntate
2992 4240 3082 4295 Dei
3107 4258 3208 4296 non
3233 4238 3515 4307 dissensit;
3540 4243 3758 4312 quando

2180 4321 2307 4360 vero
2336 4306 2401 4360 ad
2423 4309 2601 4363 carnis
2623 4310 3113 4379 concupiscentiam
3134 4321 3189 4367 et
3208 4306 3626 4370 delectationem
3657 4324 3757 4368 ter-

2182 4391 2365 4453 renam
2395 4395 2453 4432 se
2499 4382 2822 4453 incurvavit,
2848 4392 2972 4435 tunc
3016 4384 3232 4450 spiritus
3260 4384 3378 4453 ejus
3417 4386 3683 4438 distortus
3711 4393 3761 4437 et

2188 4448 2511 4503 inveteratus
2539 4462 2640 4505 est.
2682 4452 2747 4504 Et
2775 4452 2895 4505 ideo
2929 4448 3067 4506 nunc
3097 4463 3247 4523 rogat
3278 4448 3334 4508 ut
3363 4456 3677 4518 inuovetur,
3714 4465 3761 4507 et

2184 4533 2396 4573 sursum
2444 4531 2677 4590 regatur.
2714 4534 2769 4576 ut
2806 4538 2992 4577 rursus
3038 4523 3256 4590 Spiritui
3289 4524 3382 4579 Dei
3432 4524 3757 4584 colliruetur.

2185 4590 2411 4654 scilicet,
2454 4599 2511 4643 ut
2540 4592 2671 4646 nihil
2715 4594 2857 4662 quod
2886 4593 2996 4648 Deo
3032 4596 3287 4661 placuerit
3319 4597 3418 4650 sibi
3444 4594 3751 4662 displiceat,

2187 4670 2242 4735 ut
2271 4662 2775 4735 quidquidpatitur,
2809 4664 2921 4729 ipse
2967 4667 3049 4718 vel
3082 4664 3218 4720 alius
3244 4668 3443 4735 justum
3483 4680 3606 4720 esse
3646 4681 3760 4720 cre-

2185 4730 2299 4806 dat,
2348 4731 2489 4798 quod
2538 4734 2604 4785 ita
2656 4734 2851 4786 factum
2881 4744 2980 4788 est.
3029 4735 3180 4790 Tune
3223 4730 3364 4790 enim
3395 4738 3616 4806 spiritus
3650 4737 3762 4806 ejus

2188 4799 2286 4877 fuit
2315 4810 2514 4877 rectus,
2546 4818 2664 4856 cum
2689 4819 2901 4857 omnem
2927 4808 3350 4873 persecutionem
3374 4799 3535 4877 quam
3563 4807 3636 4861 ab
3658 4799 3763 4861 Ᾱὺ·

2188 4871 2355 4946 salom
2388 4872 2498 4946 lilio
2525 4888 2623 4926 suo
2648 4888 2836 4941 passus
2873 4871 2955 4928 est
2987 4876 3192 4931 meritis
3219 4880 3332 4932 suis
3362 4871 3671 4946 imputavit.
3701 4879 3762 4930 Et

2188 4944 2314 4993 dum
2342 4942 2553 5008 quidem
2585 4947 2738 4998 miles
2770 4946 3017 4999 Absalom
3051 4947 3212 5002 multa
3243 4942 3483 5003 convicia
3512 4948 3559 5001 ei
3589 4948 3757 5002 infer-

2189 5019 2290 5083 ret,
2324 5019 2380 5064 et
2414 5012 2632 5083 quidam
2681 5015 2749 5068 de
2792 5016 2902 5068 suis
2948 5017 3252 5074 interﬁcere
3279 5033 3404 5073 cum
3436 5018 3619 5083 vellet,
3669 5021 3765 5071 hoc

2191 5081 2303 5155 liert
2354 5080 2624 5148 prohibuit
2671 5087 2893 5139 dicens:
2948 5085 3077 5139 Noli
3118 5103 3231 5141 eum
3276 5080 3767 5155 interﬁcere;imisit

2190 5151 2322 5228 enim
2352 5155 2486 5228 Deus
2502 5164 2709 5228 eumut
2738 5158 3004 5228 maledicat
3034 5158 3154 5211 mihi
3178 5169 3382 5227 propter
3402 5151 3609 5228 peccata
3637 5174 3765 5221 mea,

2193 5222 2354 5273 multa
2386 5223 2541 5275 nituis
2564 5233 2615 5276 et
2639 5226 3035 5281 inenarrabilia.

2262 5290 2345 5344 Ne
2390 5294 2629 5368 projicias
2658 5310 2736 5347 me
2774 5313 2803 5347 a
2834 5299 3116 5368 [acie_tua,
3163 5308 3210 5353 et
3255 5299 3509 5368 Spiritum
3538 5308 3768 5352 sanctum

2192 5371 2338 5415 tuum
2387 5380 2448 5415 ne
2494 5365 2697 5439 auferas
2741 5382 2773 5417 a
2812 5384 2907 5419 me.
2965 5364 3183 5433 lnnova,
3236 5364 3484 5439 inquam,
3535 5371 3767 5437 spiritum

2193 5447 2392 5498 meum,
2426 5442 2481 5487 et
2511 5434 2592 5508 de»
2617 5448 2813 5490 caetero
2844 5453 2908 5490 ne
2940 5440 3181 5508 projicias
3206 5456 3283 5492 me
3310 5434 3357 5493 ‘a
3404 5442 3540 5508 [acie
3564 5434 3768 5503 'tua,'id

2192 5512 2397 5577 est,r‘n_e
2428 5506 2705 5573 permittas
2735 5523 2819 5561 tne
2850 5506 3080 5576 amplius
3106 5511 3269 5563 relabi
3300 5514 3349 5562 in
3381 5506 3681 5577 peccatum,
3714 5517 3768 5563 ut

2195 5574 2443 5650 projiciar
2472 5593 2498 5627 a
2544 5578 2675 5630 facie
2706 5588 2813 5641 tua,
2846 5579 2895 5631 id
2939 5574 3040 5644 est,
3076 5578 3197 5633 liam
3241 5574 3489 5650 indignus
3521 5592 3605 5634 tua
3638 5574 3768 5648 pra-

2194 5644 2456 5720 sentia,_et
2482 5662 2544 5699 ne
2568 5650 2770 5720 auferas
2800 5665 2831 5699 a
2855 5664 2935 5701 me
2953 5659 3095 5702 luunt
3114 5660 3342 5704 sanctum
3354 5644 3652 5720 ‘Spiritum,
3681 5662 3767 5718 per

2194 5715 2344 5791 cujus
2373 5716 2570 5769 donum
2619 5719 2732 5791 haec
2764 5720 2954 5784 habeo,
2987 5727 3045 5772 ut
3070 5722 3177 5786 jam
3222 5715 3483 5777 conﬁtear
3517 5732 3573 5777 et
3600 5715 3767 5791 ptiui-

2184 5786 2413 5867 _tentiam
2462 5800 2611 5856 agam
2656 5789 2722 5845 de
2769 5799 2987 5858 peccato
3019 5805 3156 5848 meo.
3200 5791 3369 5850 Nemo
3411 5794 3555 5850 enim
3596 5786 3693 5862 per
3713 5802 3767 5846 se
