3984 6362
250 397 354 453 155

1001 390 1064 443 IN
1106 390 1524 448 PSALMORUM
1571 389 1828 446 LIBRUM
1870 389 2229 448 EXEGESIS.
2272 420 2342 432 ——
2382 393 2626 449 ιδΒᾹῐιΜ.
2676 395 2757 449 LI.

3410 401 3510 458 768

244 508 413 561 nabet
456 502 595 572 quod
629 499 989 575 paenitentiam
1029 511 1093 575 Aet
1125 504 1521 575 confessionem
1550 502 1694 575 facit,
1727 503 1819 557 sed
1851 503 1902 560 A
1924 504 2269 569 acceptabile,
2303 505 2425 573 quia
2469 506 2569 558 erit
2616 506 2830 575 quando
2888 519 3096 565 taurum
3126 520 3179 568 et
3209 513 3415 567 hircum
3452 530 3506 574 ρι

242 592 346 649 per
373 575 626 649 Spiritum
661 572 771 637 Dei,
818 572 899 649 cui
932 572 1134 649 scelera
1186 572 1598 649 etimmunditia
1637 572 1823 649 displi-

240 640 563 713 centfsicut
588 658 620 700 e
648 650 832 698 contra
875 640 1152 713 immundo
1194 642 1398 711 spiritui
1450 645 1677 711 placent.
1708 644 1825 700 Non

242 703 431 785 potest
454 713 788 784 ergo-negari
805 713 943 785 quin
991 703 1179 785 David,
1212 703 1331 768 cum
1379 703 1485 781 jam
1518 716 1822 784 paeniteret,

240 782 776 859 Spiritum'sanctum
802 782 1042 859 haberet.
1073 783 1142 859 Et
1153 799 1263 859 pro
1294 784 1619 859 hocAspiritu
1651 782 1823 859 rogat,

243 854 320 915 ne
343 858 448 913 sibi
483 858 620 911 Deus
647 870 767 910 eum
793 854 1023 919 auferat,
1049 854 1275 921 scilicet,
1306 870 1375 911 ne
1400 855 1535 910 forte
1557 870 1586 909 a
1617 857 1827 912 confes-

240 930 407 987 sione
433 936 489 983 et
510 924 820 997 poenitentia
850 924 1088 979 desistat.

320 995 652 1055 Redde'mihi
676 996 904 1050 lwtiliam
931 996 1174 1049 salutaris
1204 998 1297 1059 lui,
1328 1006 1376 1049 et
1405 995 1602 1066 Spiritu
1630 998 1823 1065 princi~

241 1071 360 1142 pali
390 1070 641 1139 conﬁrma
664 1082 763 1121 me.
787 1066 902 1142 Non
932 1069 1155 1142 auferas,
1181 1067 1415 1142 inquam,
1446 1084 1476 1119 a
1492 1082 1573 1142 me
1591 1070 1828 1142 spiritum

243 1136 420 1203 tuum.
453 1136 529 1208 et,
570 1154 675 1193 non
711 1136 1004 1208 auferendo
1028 1137 1206 1201 illmn,
1244 1137 1401 1191 redde
1434 1136 1559 1191 milii
1599 1139 1829 1193 lwtitiam

240 1206 522 1267 salutaris
551 1210 648 1272 tui,
697 1222 854 1276 quam
906 1206 1137 1260 laetitiam
1192 1222 1283 1273 per
1324 1218 1600 1274 peccatum
1649 1211 1824 1273 amisi.

242 1285 375 1353 quia
412 1297 518 1337 non
547 1281 660 1336 scio
685 1293 805 1353 esse
836 1277 1482 1353 laetandum_de__a_dventu
1505 1281 1622 1353 ejus
1642 1281 1825 1353 alicui,

249 1348 358 1409 nisi
386 1354 476 1421 qui
508 1368 566 1407 se
590 1350 1002 1421 conformaverit
1024 1349 1106 1421 ei.
1130 1349 1195 1421 Et
1227 1348 1368 1402 illam
1400 1349 1557 1421 talem
1601 1350 1830 1406 ltetitiam

245 1440 347 1493 per
375 1418 637 1493 Spiritum
650 1429 811 1493 tuum
836 1418 1164 1493 redde-milii,
1191 1429 1244 1493 et
1264 1433 1325 1493 ea
1341 1420 1557 1493 reddita
1580 1422 1830 1486 conﬁrma

242 1488 351 1559 ine,
384 1488 455 1548 ne
500 1492 726 1559 amplius
755 1506 871 1545 eam
902 1490 1171 1553 amittam,
1206 1488 1405 1556 Spiritu
1439 1492 1728 1559 principali,
1776 1493 1829 1547 id

247 1576 336 1620 est
367 1564 574 1633 Spiritu
600 1571 807 1627 sancto,
838 1562 925 1630 qui
958 1560 1078 1614 ideo
1108 1559 1305 1633 dicitur
1334 1561 1661 1633 principalis,
1705 1563 1826 1633 quia

243 1630 512 1706 quidquid
536 1633 656 1689 boni
683 1642 766 1687 est
790 1640 973 1706 nostro
1002 1631 1213 1706 spiritui
1240 1630 1307 1706 ab
1333 1632 1423 1706 illo
1450 1633 1707 1700 procedit.

318 1702 531 1761 Docebo
550 1706 750 1774 iniquos
772 1703 881 1756 vias
907 1714 1038 1764 tuas,
1064 1712 1107 1754 cl
1129 1703 1274 1771 impii
1299 1702 1367 1754 ad
1390 1711 1438 1753 te
1455 1713 1827 1759 convertentur.

245 1777 525 1843 Conﬁrma
547 1773 645 1840 me,
677 1777 924 1841 inquam,
958 1773 1078 1841 quia
1110 1789 1208 1841 ego
1237 1774 1584 1827 conlirmatus
1605 1789 1709 1829 non
1735 1791 1828 1830 ero

243 1851 517 1918 ingratus.
565 1846 805 1913 Namque
834 1843 1021 1897 docebo
1060 1845 1225 1899 verbo
1272 1854 1326 1899 et
1358 1844 1604 1913 exemplo
1634 1846 1831 1914 iniquos

243 1920 542 1988 quoslibet,
582 1926 637 1973 et
666 1930 762 1986 per
814 1930 900 1970 me
939 1923 994 1969 et
1036 1930 1130 1983 per
1154 1928 1499 1988 successores
1526 1930 1677 1970 meos
1727 1918 1832 1971 vias

256 1986 404 2055 tuas,
433 1988 485 2043 id
510 1998 612 2053 est,
638 2002 798 2057 opera
822 1995 908 2040 tua
920 1993 1025 2057 ret
1055 2001 1160 2040 non
1182 1986 1351 2040 solum
1375 1986 1583 2055 iniquos
1606 1987 1831 2053 docebo,

241 2061 346 2115 sed
380 2070 435 2115 et
458 2055 687 2128 impios,
708 2058 759 2112 id
787 2066 892 2122 est,
914 2055 1239 2121 idololatras,
1274 2058 1396 2128 quia
1427 2072 1726 2126 proponam
1749 2072 1836 2114 me

240 2127 559 2196 exemplum
593 2130 690 2194 eis,
724 2143 791 2183 ne
819 2129 1139 2195 desperent;
1195 2137 1250 2183 et
1290 2127 1368 2182 sic
1416 2128 1582 2196 impii,
1634 2128 1686 2182 id
1729 2138 1834 2196 est,

242 2201 373 2255 alite
403 2202 510 2257 illae
533 2214 661 2255 oves
687 2200 754 2252 ad
783 2208 829 2253 te
858 2204 1228 2253 convertentur.

322 2272 508 2326 Libera
544 2287 623 2324 me
648 2270 711 2324 de
735 2267 1067 2339 sanguinibus
1101 2267 1262 2335 Deus,
1288 2267 1426 2323 Deus
1467 2270 1654 2324 salutis
1686 2288 1831 2328 mete.

242 2342 422 2409 Quasi
450 2342 593 2396 dicat
620 2359 631 2395 :
667 2342 734 2395 Et
763 2350 818 2395 ut
859 2341 1077 2411 doceam
1120 2340 1331 2411 iniquos
1360 2350 1414 2395 et
1444 2340 1660 2411 impios,
1690 2341 1834 2409 ideo,

245 2415 419 2478 Deus,
455 2414 615 2467 libera
658 2427 738 2465 me
779 2412 842 2466 de
869 2409 1219 2482 sanguinibus,
1254 2409 1307 2464 id
1336 2418 1437 2478 est,
1481 2409 1546 2466 de
1576 2415 1833 2482 concupi-

245 2486 481 2539 scentiis
510 2483 846 2547 carnalibus;
882 2483 979 2535 has
1021 2480 1162 2534 enim
1200 2492 1457 2552 expertus
1488 2482 1685 2551 fuerat,
1712 2480 1834 2552 quia

244 2570 350 2625 per
382 2556 480 2609 has
510 2552 796 2621 ceciderat,
831 2553 1032 2625 etich
1062 2552 1127 2605 ab
1163 2551 1241 2606 eis
1266 2552 1485 2625 liberari
1528 2565 1697 2625 rogat.
1732 2551 1832 2623 Tu,

242 2623 397 2687 ilico,
430 2627 518 2695 qui
566 2639 624 2679 es
657 2625 815 2695 Deus,
864 2624 1016 2677 dator
1062 2637 1206 2676 vera:
1247 2623 1437 2678 salutis
1481 2623 1640 2686 mea},
1672 2625 1833 2691 illius,

244 2694 490 2762 scilicet,
521 2696 609 2750 cui
636 2694 779 2749 nulla
806 2695 1377 2762 subrepetcorruptio,
1404 2695 1488 2748 cui
1519 2695 1663 2749 nulla
1688 2710 1837 2752 acce-

246 2768 346 2821 det
375 2761 625 2833 defectio,
651 2766 737 2821 ubi
774 2766 896 2821 cibo
924 2761 1031 2819 non
1054 2761 1352 2830 folciamur,
1391 2780 1564 2834 neque
1590 2781 1711 2821 esca
1742 2782 1833 2823 re-

244 2839 522 2904 ficiamur,
572 2837 664 2892 sed
705 2847 882 2892 tamen
922 2850 1029 2890 non
1072 2835 1272 2889 erimus
1305 2845 1433 2906 tunc
1468 2836 1584 2891 sine
1612 2846 1738 2906 potu
1782 2849 1836 2893 et

244 2910 400 2973 cibo,
432 2911 555 2976 quia
584 2908 697 2976 ipse
731 2907 872 2962 Deus
900 2907 1000 2961 erit
1044 2916 1226 2960 noster
1267 2905 1418 2960 cibus
1448 2916 1502 2962 et
1533 2905 1709 2977 potus,
1753 2910 1831 2964 ci-

248 2979 379 3048 bus,
415 2980 643 3045 scilicet,
673 2979 939 3043 reﬁcieus,
968 2986 1022 3032 et
1046 2992 1315 3045 nunquam
1342 2977 1619 3033 deﬁciens.
1651 2978 1834 3034 Libera

246 3068 358 3117 me,
393 3052 626 3120 inquam.
662 3050 786 3106 etsi
818 3060 870 3102 tu
901 3063 987 3102 me
1012 3048 1339 3113 liberaveris,
1374 3058 1497 3103 tunc
1519 3050 1695 3119 lingua
1724 3067 1835 3106 mea

246 3119 551 3187 exsultabit,
585 3122 634 3175 id
664 3130 767 3187 est,
800 3120 1130 3175 exsultauter
1159 3119 1281 3174 aliis
1310 3120 1648 3175 annuntiabit
1675 3125 1802 3189 iusti
1824 3153 1831 3159 -

248 3193 379 3246 tiam
411 3208 643 3247 omnem»
664 3207 782 3247 esse
807 3200 968 3256 luant,
1012 3189 1210 3243 nullam
1238 3205 1432 3246 meam.
1465 3191 1627 3257 Quasi
1650 3193 1791 3247 dicat
1817 3212 1829 3247 :

246 3265 375 3318 Non
407 3278 502 3319 ero
549 3264 616 3318 de
643 3278 864 3319 numero
892 3263 1124 3328 illorum,
1154 3261 1243 3331 qui
1290 3261 1358 3317 de
1388 3264 1590 3317 meritis
1628 3278 1833 3330 praesu-

247 3344 492 3400 mentes,
522 3344 577 3389 et
604 3348 751 3389 suam
778 3332 1042 3403 justitiam
1072 3340 1307 3403 statuere
1332 3334 1594 3398 volentes,
1616 3332 1840 3403 justitiae

248 3414 366 3460 tua:
415 3406 699 3460 noluerunt
747 3421 865 3459 esse
904 3402 1166 3472 subjecti;
1211 3412 1264 3457 et
1312 3403 1432 3459 ideo
1482 3419 1589 3457 non
1622 3402 1837 3472 justitia

252 3477 602 3541 meritorum,
631 3476 723 3531 sed
755 3476 924 3529 solam
960 3473 1220 3543 justitiam
1252 3482 1395 3529 tuam
1441 3475 1605 3544 gratis
1642 3474 1832 3544 justiﬁ-

250 3556 473 3602 cantem
497 3546 846 3602 annuntiabo.

331 3616 571 3683 Domine,
604 3617 738 3670 labia
779 3633 893 3671 mea
917 3617 1136 3686 aperies,
1168 3624 1217 3669 et
1256 3631 1311 3670 os
1354 3632 1520 3669 meum
1556 3621 1836 3686 annuntia-

254 3690 329 3742 bit
358 3689 568 3743 laudem
596 3698 755 3741 tuam.
802 3687 937 3744 Vere
957 3685 1227 3743 liberabis
1256 3701 1363 3753 me,
1395 3688 1513 3757 quia
1549 3694 1625 3753 tu,
1658 3685 1840 3742 Domi-

254 3772 345 3823 ne,
392 3760 587 3829 aperies
633 3758 769 3812 labia
797 3776 927 3823 mea,
959 3758 1009 3812 id
1039 3768 1141 3824 est,
1185 3758 1325 3812 labia
1354 3759 1530 3812 cordis
1565 3757 1690 3823 mei,
1719 3775 1839 3828 qua:

258 3831 411 3895 prius
428 3828 610 3884 'clausa
633 3840 785 3885 erant
809 3846 899 3899 per
922 3838 1217 3898 peccatum,
1246 3828 1332 3883 illa
1357 3829 1562 3898 aperies
1588 3830 1655 3882 ad
1679 3830 1838 3885 intel-

256 3900 569 3967 ligendum;
598 3911 651 3955 et
678 3900 798 3956 ideo
821 3917 876 3955 os
901 3916 1068 3954 meum
1101 3901 1331 3954 exterius
1369 3899 1693 3953 annuntiabit
1720 3902 1839 3955 lau-

257 3972 380 4026 dem
405 3982 565 4037 tuam,
598 3986 703 4027 non
730 3987 927 4037 meam,
976 3973 1131 4037 hanc,
1165 3970 1391 4036 scilicet,
1424 3971 1656 4037 laudem,
1699 3972 1838 4040 quod

259 4058 293 4097 a
326 4052 382 4098 te
410 4053 622 4097 creatus
645 4058 782 4108 sum,
808 4057 1036 4113 peccans
1066 4058 1170 4096 non
1202 4042 1490 4097 derelictus
1515 4057 1654 4108 sum,
1681 4051 1839 4113 atque

259 4123 323 4168 ut
352 4114 640 4168 confiterer
687 4114 987 4168 admonitus
1016 4128 1154 4179 sum,
1198 4120 1253 4168 et
1299 4121 1354 4167 ut
1399 4128 1619 4167 securus
1659 4128 1835 4170 essem

259 4183 556 4239 mundatus
601 4199 741 4239 sum.
792 4184 859 4239 Et
908 4184 1006 4239 hoc
1060 4184 1207 4251 quasi
1259 4183 1450 4239 dicat:
1504 4184 1836 4241 Sacriﬁcium

260 4254 441 4309 laudis
472 4255 562 4309 tibi
607 4254 825 4309 oderam
866 4262 1090 4317 tantum,
1135 4255 1252 4309 ideo
1282 4257 1404 4324 quia
1446 4254 1586 4309 aliud
1627 4255 1837 4310 sacriﬁ-

258 4327 411 4382 cium
455 4340 559 4380 nou
599 4327 678 4380 vis
710 4324 801 4380 tibi
829 4325 1026 4380 oﬂ‘erri.
1062 4325 1190 4381 Nam
1218 4326 1263 4380 si
1306 4339 1357 4381 tu
1400 4326 1545 4380 aliud
1571 4327 1831 4393 voluisses,

259 4411 365 4465 ego
396 4398 576 4465 utique
607 4396 737 4450 illud
768 4397 1057 4461 dedissem,
1100 4397 1152 4450 id
1180 4406 1282 4458 est,
1317 4398 1426 4465 jam
1457 4397 1659 4465 pridem
1694 4414 1777 4451 me
1803 4413 1835 4451 a

262 4468 467 4521 talibus
497 4468 652 4521 etiam
688 4484 790 4521 non
820 4468 1216 4520 abstinuissem.
1246 4466 1348 4521 Sed
1371 4481 1452 4521 εει
1475 4470 1623 4534 quasi
1652 4467 1833 4524 dicat:

258 4538 491 4605 Quando
516 4552 623 4592 nou
655 4538 751 4604 vis,
784 4538 903 4607 quia
937 4542 1165 4592 futurum
1198 4546 1278 4589 est
1306 4540 1445 4606 quod
1474 4551 1524 4590 tu
1550 4554 1654 4591 non
1685 4539 1833 4593 dele-

258 4593 497 4679 ctaberis
537 4623 641 4663 non
693 4593 863 4662 soldm
906 4607 1200 4662 minoribus
1246 4593 1500 4679 legalibus
1530 4608 1826 4679 sacriﬁciis,
1859 4593 1911 4653 D

259 4680 360 4734 sed
414 4678 572 4734 etiam
618 4679 962 4743 holocaustis,
1018 4679 1210 4745 quibus
1242 4678 1495 4742 maxime,
1550 4679 1670 4747 quia
1701 4678 1830 4734 nihil

260 4751 598 4804 subtrahitur
647 4750 759 4811 tibi,
807 4750 857 4803 in
888 4751 962 4803 eis
1003 4750 1252 4803 delectari
1286 4748 1498 4804 videris.
1545 4750 1831 4805 Sciendum

260 4822 391 4889 quia
424 4829 661 4889 tempore
692 4821 863 4875 sancti
905 4820 1069 4877 David
1099 4822 1271 4873 locum
1315 4820 1489 4872 adhuc
1534 4820 1837 4875 habuerunt

264 4892 458 4961 legalia
490 4893 773 4956 sacriﬁcia,
805 4891 897 4946 sed
923 4890 1149 4945 attendit
1179 4892 1279 4944 iste
1320 4906 1414 4960 per
1444 4891 1702 4961 Spiritum
1747 4892 1831 4945 illa

260 4960 388 5016 csSe
441 4961 589 5030 signa
629 4972 682 5015 et
730 4964 1107 5028 promittentis,
1160 4973 1212 5017 et
1261 4961 1379 5016 ideo
1431 4960 1666 5015 futurum
1713 4977 1836 5018 esse

262 5033 482 5102 quando
508 5034 693 5087 ﬁerent
725 5032 894 5095 irrita,
945 5045 999 5087 et
1025 5033 1280 5086 haberent
1318 5033 1493 5087 locum
1538 5032 1835 5103 signiﬁcata

268 5112 480 5157 tantum
509 5113 666 5170 atque
696 5103 976 5170 promissa,
1013 5113 1289 5172 postquam
1320 5104 1461 5158 enim
1518 5105 1711 5157 veritas
1754 5113 1840 5157 est

266 5173 471 5241 oblata,
520 5174 749 5229 cessavit
792 5174 994 5227 umbra.
1038 5172 1261 5244 Semper
1305 5182 1484 5229 tamen
1534 5175 1708 5229 locum
1740 5177 1836 5228 ha-

266 5245 509 5315 buerunt
542 5244 837 5315 signiﬁcata
886 5245 1165 5306 sacriﬁcia.
1215 5246 1337 5315 quia
1384 5247 1543 5300 etiam
1594 5254 1839 5300 manente

267 5316 458 5369 umbra
486 5314 932 5369 Deo’exstiterunt
959 5314 1274 5383 gratissima.

343 5384 674 5453 Sacri/icium
704 5385 810 5439 Deo
837 5386 1044 5453 spiritus
1084 5386 1455 5440 contribulatus
1474 5427 1490 5451 ,
1529 5402 1615 5438 cor
1645 5396 1841 5440 contri-

270 5467 382 5510 tum
410 5466 459 5509 et
488 5452 833 5509 huim'liatum.
857 5452 1232 5526 Quasialiquis
1284 5455 1430 5510 dicat
1456 5475 1467 5509 :
1497 5456 1839 5524 Quandoqui-

268 5527 399 5581 dem
422 5526 677 5581 Dominus
698 5543 802 5580 uou
825 5528 935 5581 vult
958 5528 1236 5590 Sacrificia,
1258 5528 1384 5596 quid
1398 5543 1525 5595 ergo
1549 5527 1839 5581 faciemus?

276 5596 521 5665 nunquid
561 5598 625 5651 ad
668 5598 834 5651 altare
886 5598 1001 5666 ejus
1032 5600 1208 5652 vacuis
1255 5599 1497 5653 manibus
1527 5598 1840 5653 veniemus?

270 5669 390 5723 Non
419 5668 619 5737 utique.
644 5668 780 5733 Quia
803 5668 897 5721 tibi
920 5666 1029 5722 Deo
1056 5670 1158 5723 erit
1182 5669 1486 5736 sacriﬁcium
1513 5669 1841 5734 acceptabile

270 5738 487 5806 spiritus
516 5740 900 5793 contribulatus.
930 5740 993 5792 Et
1024 5740 1110 5808 qui
1141 5740 1210 5793 sit
1235 5741 1446 5808 spiritus
1472 5738 1841 5792 contribulatus

272 5809 652 5878 exponit,.cor,
690 5811 913 5877 scilicet,
946 5812 1216 5863 contritum
1264 5810 1446 5865 labore
1484 5810 1838 5879 poenitentiae,

274 5891 321 5935 et
350 5880 726 5954 humiliatuma
753 5883 940 5937 timore
972 5883 1252 5950 superbiae,
1278 5882 1378 5937 erit
1408 5881 1498 5936 tibi
1521 5880 1840 5936 sacriﬁcium

1862 3230 1909 3295 C

1928 584 2116 653 caetera
2171 575 2291 627 talia
2351 576 2655 645 despicies,
2714 578 2854 632 istud
2903 594 3029 635 vero
3077 597 3347 651 nunquam
3411 582 3501 637 de.

1965 659 1978 695 ι
2015 660 2027 695 ι
2065 660 2110 697 ε.

1926 657 2227 785 ῗῖἒηὶθηε
2261 720 2363 784 fac,
2412 716 2646 782 Domine,
2680 721 2735 772 in
2760 720 2891 775 bona
2929 722 3189 778 voluntate
3218 732 3308 779 tua
3347 723 3503 784 Sion.

1928 783 1997 868 pt
2024 783 2146 865 talia
2176 783 2435 868 sacriﬁcia
2468 789 2559 842 tibi
2588 789 2877 868 offerantur
2900 832 2937 868 ,_
2963 792 3085 847 ideo
3104 838 3117 858 ,
3151 794 3392 868 Domine,
3420 783 3505 868 fac

1929 855 2141 925 benigne
2173 856 2323 933 Sion,
2352 857 2533 933 idest,
2566 861 2712 933 mitte
2738 855 2991 933 Ecclesia:
3019 855 3123 917 tum
3146 855 3507 933 Salvatorem,

1847 982 1858 993 ι
1928 940 2088 1003 quem
2132 942 2191 981 es
2219 929 2310 1003 _e_is
2354 928 2794 1003 missurussQna:
2833 932 3068 988 Ecclesia
3116 936 3245 991 Sion
3288 928 3508 1003 dicitur,

1929 997 2050 1064 quia
2081 1012 2191 1075 per_
2215 998 2345 1052 Sion
2388 1014 2593 1075 omnes
2619 997 2700 1054 illi
2744 1003 3110 1073 signiﬁcantur
3157 1008 3246 1075 qui
3295 1016 3419 1062 sunt
3451 997 3503 1063 in

1930 1069 2321 1148 speculatione,
2354 1078 2407 1148 et
2454 1070 2542 1148 qui
2581 1070 2633 1123 in
2665 1069 3146 1148 praesentitantum
3174 1069 3360 1132 volunt
3390 1093 3511 1133 esse

1930 1139 1987 1218 in
2028 1153 2143 1218 spe,
2172 1151 2223 1196 et
2258 1139 2469 1218 tandem
2486 1141 2550 1218 in
2580 1139 2758 1196 reIEt
2788 1144 2889 1199 hoc
2913 1146 3073 1201 iacias
3120 1163 3226 1201 non
3272 1150 3322 1202 in
3353 1149 3513 1203 meri-

1933 1208 2017 1288 tis.
2040 1208 2156 1277 ejus
2182 1252 2197 1276 ,
2232 1211 2343 1288 sed
2399 1212 2450 1288 in
2479 1211 2609 1264 bona
2652 1222 2852 1288 tantum
2892 1218 3151 1272 voluntate
3176 1228 3282 1273 tua.
3332 1218 3513 1274 Gratia

1931 1281 2077 1333 enim
2109 1281 2274 1348 gratis
2303 1291 2386 1335 est
2416 1282 2564 1345 data,
2598 1294 2655 1335 et—
2682 1285 3013 1342 aediﬁcentur
3051 1290 3187 1343 muri
3217 1292 3515 1345 Jerusalem

1932 1349 2150 1430 futurm,
2185 1351 2237 1430 id
2268 1362 2369 1430 est,
2416 1354 2740 1430 munimenta
2774 1368 2972 1430 nostrae
3001 1359 3417 1415 immortalitatis
3462 1368 3516 1415 et

1933 1423 2373 1491 incorruptionis.
2420 1423 2518 1488 Qui
2570 1427 2705 1478 muri
2737 1428 2894 1482 modo
2937 1430 3266 1485 :cdilicantur
3297 1433 3346 1484 in
3387 1431 3515 1486 Sion

1933 1505 2030 1561 per
2048 1489 2230 1567 ﬁdem,
2256 1508 2429 1567 spem,
2461 1495 2799 1567 charitatem,
2824 1507 2949 1553 tunc
2968 1512 3145 1554 autem
3173 1502 3310 1556 ﬁrmi
3335 1510 3512 1567 erunt,

1934 1576 2056 1642 cum
2089 1562 2154 1616 ad
2182 1564 2507 1642 Jerusalem,
2542 1566 2716 1642 idest,
2743 1562 2808 1642 ad
2834 1585 3015 1625 veram
3040 1571 3300 1627 visionem
3334 1562 3518 1641 perve;

1934 1634 2165 1688 niemus.
2211 1634 2353 1688 Nihil
2394 1634 2538 1689 enim
2570 1637 2716 1691 aliud
2752 1640 2803 1693 hi
2838 1642 2976 1696 mttri
3006 1650 3152 1703 sunt,
3187 1643 3283 1697 nisi
3332 1634 3517 1697 indeﬁ-

1935 1704 2082 1757 ciens
2132 1707 2503 1778 immortalitas
2552 1717 2604 1760 et
2654 1709 3073 1778 impassibilitas.
3133 1712 3315 1769 Potest
3354 1715 3516 1769 etiam

1936 1788 2123 1849 versus
2175 1776 2771 1849 iste‘adquamcunqu’e
2817 1782 3026 1837 ﬁdelem
3058 1786 3291 1838 animam
3338 1800 3431 1849 per
3461 1800 3519 1838 se

1864 1870 1912 1928 Β
1938 1843 2146 1928 referri,
2179 1846 2339 1928 utsic
2360 1843 2604 1928 dicatur“:
2634 1843 2999 1928 Benignefac,
3025 1854 3265 1928 Domine,
3308 1843 3519 1928 unicui-

1936 1930 2047 1995 que
2062 1915 2212 1995 Sion,
2240 1916 2292 1970 id
2321 1926 2426 1982 est,
2457 1917 2600 1973 ﬁdeli
2622 1929 2675 1973 et
2704 1915 3001 1995 speculanti
3025 1915 3520 1987 animiefmittendo

1938 1986 1985 2061 ei
2016 1986 2343 2043 Salvatorem
2388 2003 2564 2061 suum,
2598 2004 2701 2043 non
2732 1986 2789 2047 in
2826 1994 3049 2061 meritis,
3081 1997 3171 2049 sed
3194 1998 3246 2049 in
3273 1998 3406 2050 bona
3431 2012 3520 2049 vo-

1939 2056 2291 2135 luntate_tua;
2319 2067 2367 2111 et
2412 2059 2735 2135 tediﬁccngtr
2760 2064 2912 2135 muri,
2945 2065 3000 2120 id
3037 2056 3165 2134 est,
3197 2068 3521 2121 munimenta

1937 2129 2077 2210 ejus,
2110 2129 2375 2210 virtutesa
2391 2130 2617 2210 scilicet.
2636 2132 2777 2210 _Ejus
2805 2134 2925 2188 dico
2954 2151 3073 2210 qua:
3096 2129 3236 2192 nunc
3264 2149 3353 2210 est
3370 2138 3518 2210 Sion,

1938 2206 1994 2250 et
2037 2199 2250 2280 tandem
2300 2199 2402 2280 erit
2442 2198 2763 2270 Jerusalem,
2811 2218 2932 2259 cum
2968 2198 3252 2273 adveram,
3286 2198 3512 2272 scilicet,

1940 2282 2241 2334 pervenerit
2279 2286 2564 2326 Vismnem.

2007 2338 2153 2416 Tunc
2196 2342 2475 2416 acceptabis
2511 2345 2821 2416 sacriﬁcium
2856 2348 3092 2416 justitiaz.
3127 2346 3289 2414 Quasi
3336 2351 3519 2405 dicat:

1940 2411 2323 2487 nunc_interim
2350 2411 2764 2487 acceptabis‘pro
2808 2411 3023 2484 peccato
3075 2411 3381 2487 sacri/icium
3432 2434 3521 2475 cor

1938 2483 2207 2556 contritum
2246 2492 2293 2536 et
2340 2483 2700 2556 bumiliatum;
2728 2483 2821 2541 sed
2847 2501 2992 2552 tunc,
3026 2488 3077 2543 id
3105 2483 3218 2556 est,
3249 2490 3521 2547 aediﬁcati:

1938 2553 2104 2629 muris
2145 2553 2467 2617 Jerusalem.
2495 2556 2801 2629 acceptabis,
2849 2558 2900 2611 id
2930 2568 3030 2624 est,
3079 2553 3401 2629 acceptabile
3430 2560 3520 2615 ha-

1940 2622 2090 2698 bebis
2124 2632 2325 2678 tantum
2373 2622 2678 2698 sacri/icium
2698 2629 2939 2698 justitite,
2970 2622 3025 2684 id
3071 2643 3173 2698 est,
3209 2622 3404 2686 vitulos
3448 2633 3521 2685 Ia-

1936 2692 2187 2772 bioruui,_
2205 2709 2339 2762 quos
2369 2692 2862 2772 tunc_:tilii_oll‘erent
2894 2692 3077 2754 :Beati
3104 2692 3237 2755 enim
3263 2704 3350 2772 qui
3381 2701 3525 2755 habi-

1937 2772 2045 2815 tant
2072 2765 2123 2816 in
2154 2764 2308 2818 domo
2334 2774 2442 2828 tua,
2475 2764 2709 2833 Domine,
2743 2770 2795 2823 in
2851 2772 3039 2825 saecula
3068 2764 3375 2826 swculorum
3403 2774 3523 2825 lau-

1935 2834 2127 2914 dabunt
2152 2847 2217 2915 te:
2251 2836 2388 2915 Quae
2412 2836 2527 2891 laus
2575 2838 2694 2891 ideo
2722 2840 2921 2915 dicitur
2943 2843 3251 2910 sacri/icium
3269 2843 3486 2915 justitiw
3508 2883 3525 2908 ,

1934 2906 2211 2980 quiaquid
2233 2906 2457 2980 ΔῙιιειιιιε
2482 2923 2637 2974 quam
2670 2920 2723 2961 ut
2763 2911 2817 2964 iu
2848 2924 3045 2967 aeterna
3077 2906 3397 2968 beatitudine
3432 2906 3526 2980 po?-

1934 2976 2025 3054 tjiti
2054 2977 2199 3030 illum
2232 2977 2469 3054 laudent,
2498 2994 2589 3054 per
2610 2996 2769 3054 quem
2800 2983 2911 3037 illic
2937 2982 3127 3037 erunt?
3154 2985 3296 3038 Nihil
3323 2976 3525 3054 utique.

1937 3046 2002 3099 Et
2053 3056 2173 3119 tunc
2199 3046 2517 3119 acceptabis,
2530 3046 2836 3119 oblationes,
2872 3054 2922 3107 id
2950 3063 3063 3119 est,
3094 3046 3526 3111 sacriﬁciutu'se-

1934 3118 2166 3190 cundum
2208 3121 2462 3174 animam.
2494 3118 2563 3174 Et
2604 3122 2903 3177 holocausta
2927 3164 2943 3190 ,
2974 3125 3024 3178 id
3052 3118 3173 3189 est,
3203 3126 3525 3180 sacriﬁcium

1939 3189 2233 3267 secundum
2268 3191 2568 3267 universam
2614 3202 2862 3267 naturam
2899 3189 3180 3249 humanam
3202 3235 3219 3260 ,
3250 3196 3369 3267 quia
3419 3210 3526 3267 non

1940 3262 2113 3315 solum
2145 3262 2323 3315 anima
2372 3264 2422 3314 iu
2466 3276 2619 3315 usum
2670 3265 2915 3319 sacrificii
2961 3262 3301 3320 consumetu}
3338 3281 3365 3317 a
3396 3266 3523 3320 cha-

1938 3330 2095 3405 ritate
2118 3332 2171 3405 in
2202 3348 2351 3386 suam
2406 3333 2859 3389 immortalitatem
2913 3347 2967 3391 et
3018 3337 3524 3405 impassibilitatem,

1940 3402 2033 3474 sed
2076 3403 2235 3474 etiam
2286 3416 2482 3471 corpus
2523 3416 2871 3461 consumetur
2920 3406 2973 3460 iu
3020 3402 3420 3474 corruptionem
3467 3416 3524 3463 et

1941 3472 2450 3546 impassibilitatem
2473 3483 2757 3529 aeternam.
2784 3475 2851 3529 Et
2883 3477 3003 3531 ideo
3027 3487 3146 3531 tunc
3169 3472 3427 3546 imponent
3452 3479 3528 3531 vi-

1940 3543 2099 3609 tulos,
2130 3545 2181 3597 id
2213 3554 2317 3610 eSt,
2352 3559 2413 3597 se
2441 3545 2584 3613 ipsos
2616 3547 2669 3599 in
2700 3548 3006 3602 innocentia
3038 3563 3187 3603 nova:
3214 3543 3337 3603 vita:
3368 3564 3528 3603 reno-

1941 3624 2093 3685 vatos
2122 3626 2274 3683 super
2303 3622 2450 3668 tuum
2480 3614 2668 3683 altare,
2702 3617 2754 3671 id
2780 3626 2882 3685 est,
2918 3620 2969 3672 iu
2996 3620 3178 3673 intima
3211 3623 3403 3673 mentis
3428 3619 3523 3675 de-

1941 3684 2175 3760 votione,
2207 3701 2325 3760 qua:
2369 3695 2452 3760 est
2500 3695 2654 3760 tuum
2679 3684 2875 3760 altare,
2917 3691 3039 3760 quia
3089 3690 3159 3745 ibi
3190 3690 3523 3745 sacriﬁcatur

2084 3757 2237 3833 quod.
2269 3764 2350 3810 est
2374 3758 2588 3833 dicere:
2620 3756 2789 3833 Omni
2817 3756 3100 3816 devotione
3131 3764 3525 3831 praeseutabuut

1941 3826 2032 3881 tibi
2060 3841 2119 3881 se
2145 3827 2194 3881 in
2226 3826 2530 3883 innocentia
2562 3843 2716 3884 novas
2747 3831 2887 3886 vitta.

2461 3941 2522 3995 IN
2563 3941 2893 3998 PSALMUM
2924 3944 3007 3999 LI.

1937 4030 1993 4085 lu
2026 4029 2184 4084 ﬁnem
2216 4030 2519 4105 intellectus
2548 4033 2867 4105 ipsikDavid,
2900 4050 3018 4089 cum
3052 4037 3193 4088 venit
3223 4018 3363 4105 Doeg
3406 4035 3520 4090 ldu-

2011 4117 2201 4167 mteus,
2245 4112 2299 4156 et
2349 4104 2611 4157 nuntiavit
2652 4102 2822 4169 Sauli,
2856 4117 2906 4159 et
2948 4105 3119 4159 dixit:
3166 4104 3309 4160 Venit
3336 4102 3517 4162 David

1966 4240 1978 4250 ~
2008 4175 2061 4227 in
2088 4174 2295 4226 dontum
2322 4174 2626 4227 Abimelecli.

2542 4281 2925 4323 ARGUMENTUI.‘

2007 4359 2202 4438 _Contra
2244 4358 2400 4438 verba
2448 4356 2709 4438 liabsacis
2744 4373 3229 4438 potest_cantatum
3265 4367 3512 4438 intelligi.

1937 4431 2107 4497 Aliter
2136 4444 2237 4482 vox
2265 4426 2459 4483 Christi
2488 4430 2553 4484 ad
2586 4426 2773 4485 ludam
2808 4434 3137 4488 traditorem.

2559 4539 2912 4579 EXPLANATIO.

2016 4612 2147 4679 Quia
2174 4611 2349 4664 titulus
2382 4612 2537 4683 juxta
2580 4614 2846 4668 historiam
2890 4628 3037 4671 notus
3064 4629 3157 4683 est,
3202 4620 3416 4673 breviter
3459 4622 3522 4673 de

1939 4683 2184 4751 allegoria
2215 4684 2465 4737 dicamus.
2491 4682 2617 4738 Ideo
2647 4701 2821 4739 eorum
2858 4688 3136 4741 intellectus
3168 4691 3314 4743 titulo
3339 4692 3521 4744 inseri-

1937 4764 2137 4827 tangat
2191 4754 2487 4827 mysterium
2527 4772 2749 4823 quaerere
2776 4774 2878 4810 non
2918 4759 3136 4823 dubites,
3182 4762 3299 4827 quia
3340 4771 3386 4814 et
3417 4764 3525 4826 ipss

1943 4823 2104 4902 David
2134 4824 2240 4902 suis
2288 4824 2661 4902 calamitatibus
2689 4828 2985 4902 admonitus
3016 4830 3079 4882 de
3122 4823 3324 4885 Christo
3370 4823 3524 4902 futu-

1937 4912 2051 4948 rum
2076 4896 2385 4969 intellexisse
2414 4908 2673 4969 narratur.
2702 4896 2869 4951 David
2895 4916 3015 4969 ergo
3044 4911 3096 4953 ut
3132 4918 3329 4969 semper
3370 4896 3523 4956 Utri-

1940 4977 2017 5043 tus
2040 4968 2125 5031 sit,
2171 4966 2300 5020 Saul
2330 4963 2506 5020 Ιιιιιιεὶ
2526 4979 2893 5043 prsequentes.
2930 4963 3083 5043 _Do_eg
3112 4963 3398 5042 Idumaeas,
3426 4975 3518 5043 qui

1940 5039 2299 5111 interpretatur
2331 5048 2503 5091 motus
2527 5042 2849 5107 sanguineus
2872 5081 2887 5105 ,
2914 5039 3081 5093 ludas
3102 5044 3369 5111 proditor;
3387 5039 3526 5098 ἈΜ-

1941 5108 2127 5181 meleclt
2168 5110 2417 5181 sacerdos
2451 5111 2597 5181 electi
2623 5111 2883 5181 discipuli,
2914 5114 3053 5181 apud
3080 5108 3204 5178 quos
3247 5108 3525 5170 Dominum

1941 5189 1985 5233 et
2010 5180 2129 5231 vidit
2159 5190 2203 5232 et
2228 5180 2461 5251 tradidit.
2498 5180 2722 5251 Quidam
2752 5183 2924 5235 dicunt
2952 5180 3112 5251 'Doeg
3161 5184 3527 5240 dntichristum

1940 5265 2069 5314 esse,
2122 5252 2270 5318 cujus
2310 5249 2587 5302 membrum
2634 5248 2799 5303 ludas
2844 5253 3052 5317 exstitit,
3084 5248 3217 5320 quia
3255 5256 3386 5310 sicut
3434 5256 3525 5311 ille

1942 5323 2179 5397 sacerdos
2224 5322 2483 5397 octoginta
2514 5322 2745 5387 percutit,
2790 5322 2877 5397 sic
2902 5332 2949 5375 et
2974 5324 3069 5376 iste
3107 5334 3390 5397 martyres,
3433 5330 3525 5397 qui

1942 5392 2095 5469 ﬁdem
2121 5392 2507 5469 resurrectionis
2532 5400 2738 5469 _ter_tent,
2772 5393 3049 5469 occisurus.
3075 5391 3161 5469 Δ1η
3186 5391 3352 5469 prima
3370 5391 3526 5469 parte

1946 5463 2129 5528 psalmi
2161 5462 2407 5533 prapheta
2438 5462 2487 5512 in
2514 5458 2708 5513 ludam
2750 5464 2821 5513 vel
2853 5458 3222 5519 Antichristum
3244 5458 3522 5533 inveliitur,

1944 5550 2004 5605 ne
2026 5548 2079 5584 se
2104 5533 2155 5584 in
2202 5532 2412 5605 ﬂagitiis
2441 5533 2674 5605 extollat,
2706 5535 2786 5583 cui
2825 5536 2941 5601 prus
2985 5538 3315 5605 gravissimus
3345 5532 3520 5591 restet.

1944 5601 2255 5676 Insecunda
2284 5601 2405 5652 dicit
2426 5618 2541 5676 eum
2570 5603 2709 5676 ocius
2737 5601 3017 5676 periturum
3037 5646 3050 5667 ,
3091 5618 3383 5660 sanctorum
3432 5623 3525 5676 per

1946 5665 2115 5746 omnia
2147 5665 2745 5746 societate__privandum.
2782 5673 2847 5726 In
2893 5665 3046 5729 tertia
3080 5688 3279 5731 sanctos
3323 5665 3525 5746 stupere

1945 5745 2063 5796 dicit
2119 5742 2324 5811 quando
2371 5742 2631 5795 diabolum
2684 5761 2817 5797 nunc
2867 5748 2919 5799 in
2951 5750 3138 5800 saeculo
3197 5742 3523 5803 bacchantem

1946 5812 2297 5881 conspcxcrint
2330 5812 2381 5865 in
2408 5813 2512 5890 ﬁne
2541 5816 2794 5890 datitnari.
2826 5813 2893 5890 lu
2922 5828 3100 5890 quarti;
3133 5821 3240 5888 ipse
3270 5821 3520 5890 prop/tcta

1946 5894 2112 5951 sperat
2137 5899 2189 5937 se
2208 5899 2320 5935 cum
2348 5885 2534 5937 sanctis
2558 5886 2609 5937 in
2634 5886 2806 5952 futura
2834 5888 2934 5941 vita
2960 5885 3229 5943 beantlu'm.
