3984 6362
507 340 605 396 159

1018 337 1224 395 ΒΕΒᾸΞ
1266 337 1712 396 VENERABILIS
1749 337 1899 395 OPP.
1937 336 2113 393 PARS
2150 337 2213 393 ll.
2246 336 2439 394 SECT.
2471 338 2535 394 ll.
2556 366 2630 381 -—
2664 334 2870 395 DUBIA
2906 336 2997 393 ET
3031 335 3300 396 SPURlA.

3644 338 3747 395 760

503 457 754 513 societate
783 464 1069 512 sanctorum
1094 463 1318 521 tuorum,
1349 453 1453 521 his,
1482 453 1704 521 scilicet,
1736 454 1824 522 qui
1851 453 1931 509 eis
1977 466 2066 507 as-
2092 452 2147 513 Δ
2173 452 2439 516 riendum,
2469 467 2609 508 nunc
2628 465 2747 507 esse
2772 451 3081 520 dolendum,
3120 451 3244 522 quia
3288 452 3432 508 hunc
3459 452 3621 507 ﬁnem
3652 453 3750 507 ha-

505 528 865 585 sociabuntur.

1011 595 1074 650 IN
1110 593 1434 651 PSALMUM
1474 594 1580 648 LII.

610 692 666 748 In
705 692 857 747 linem
891 704 986 759 pro
1032 687 1373 752 Abimelech,
1406 687 1707 742 intellectus
1749 685 1938 741 David.

1109 794 1485 835 ARGUIBNTUI.

579 875 647 930 Et
668 875 755 929 hic
801 874 1034 942 psalmus
1062 872 1339 928 Rabsacen
1370 871 1613 942 percutit.
1644 872 1811 927 Aliter
1840 872 2082 939 increpat

508 946 718 1001 ludieos
755 944 1054 1000 incredulos
1077 944 1327 1008 operibus
1358 953 1612 1003 negantes
1654 942 1845 997 Deum.
1872 942 2079 1013 Legen-

510 1018 609 1072 dus
640 1017 705 1071 ad
734 1014 1075 1087 Evangelium
1109 1015 1361 1069 Matthzei.

1119 1123 1467 1164 EXPLANATIO.

580 1202 778 1272 [legum
803 1212 975 1254 narrat
1006 1190 1233 1265 historia,
1278 1217 1392 1254 cum
1422 1200 1587 1254 David
1628 1201 1767 1270 apud
1793 1200 1948 1253 Achis
1994 1215 2083 1253 ea:-

510 1271 722 1335 sularet,
746 1282 791 1324 et
814 1288 927 1324 cum
955 1287 1011 1325 eo
1044 1272 1362 1326 descenderet
1385 1272 1439 1325 in
1459 1282 1625 1324 castra
1646 1273 1712 1324 ad
1748 1272 2087 1337 proeliandum

510 1353 687 1397 contra
717 1341 869 1405 Saul,
889 1342 1207 1397 latrunculos
1238 1342 1443 1396 Amalec
1472 1354 1692 1397 vastasse
1717 1344 1965 1397 civitatem
1995 1344 2085 1397 Si-

511 1414 684 1483 celeg,
725 1414 979 1482 raptisque
1032 1413 1201 1467 David
1246 1425 1295 1468 et
1344 1415 1597 1467 sociorum
1649 1416 1759 1484 ejus
1811 1415 2084 1484 uxoribus,

512 1486 634 1554 ﬁliis
664 1500 723 1536 ac
748 1485 1060 1549 substantiis,
1088 1486 1303 1549 abiisse;
1331 1494 1377 1537 et
1399 1487 1493 1537 hoc
1522 1483 1776 1555 comperto
1810 1483 1973 1538 David
2001 1501 2087 1539 eos

514 1566 828 1625 persecutum
856 1572 979 1619 esse,
1006 1567 1052 1608 et
1077 1556 1206 1609 inter
1234 1556 1462 1610 convivia
1506 1564 1729 1624 repertos
1760 1557 2088 1610 internecioni

514 1623 727 1679 dedisse.
754 1623 1015 1679 Intellexit
1042 1643 1160 1697 ergo
1193 1626 1356 1680 David
1386 1623 1644 1680 Christum
1672 1628 1733 1679 de
1772 1642 1865 1681 suo
1903 1629 2091 1683 semine

517 1698 847 1762 nasciturum,
867 1699 1185 1767 gentiumque
1210 1698 1576 1767 persecutiones
1604 1706 1782 1750 contra
1806 1697 2091 1751 Ecclesium

518 1768 650 1838 ejus,
680 1769 828 1836 quasi
858 1766 1062 1821 Amalec
1090 1766 1265 1821 contra
1290 1767 1489 1839 Siceleg
1519 1768 1769 1821 civitatem
1791 1767 1957 1821 David
1985 1786 2091 1839 esse

514 1837 798 1903 stevituras,
825 1840 913 1892 sed
960 1840 1159 1892 easdem
1198 1855 1318 1892 mox
1371 1855 1433 1891 ne
1463 1837 1675 1892 animas
1714 1856 1838 1908 quas
1878 1839 1939 1892 de
1985 1837 2091 1894 Ec-

516 1909 674 1963 clesia
702 1918 978 1975 rapuerant
1009 1910 1198 1975 possint
1227 1910 1472 1971 occidere,
1506 1908 1707 1963 Christo
1733 1910 1940 1973 victore,
1970 1927 2091 1978 pro-

521 1982 840 2045 sternendas,
865 1978 942 2034 uel
969 1982 1036 2032 ad
1057 1980 1207 2047 ﬁdem
1245 1981 1454 2045 scilicet,
1499 1981 1576 2034 vel
1604 1980 1671 2031 ad
1697 1981 2088 2035 damnationem.

518 2047 589 2102 Et
611 2051 723 2121 ideo
749 2061 878 2103 recte
904 2050 1081 2103 titulus
1100 2050 1225 2103 dicit
1253 2066 1271 2105 :
1295 2049 1361 2103 In
1392 2050 1492 2117 ﬁne
1531 2068 1624 2121 pro
1656 2051 1881 2115 Amalec,
1909 2051 1963 2104 id
1992 2063 2088 2119 est,

519 2121 575 2193 in
612 2119 869 2193 Christum
897 2137 989 2189 pro
1030 2120 1259 2190 gentibus
1286 2119 1569 2174 intellectus
1614 2121 1796 2187 David,
1824 2123 1944 2190 quia
1987 2124 2095 2193 ipse

521 2190 775 2245 intellexit
795 2193 917 2259 quid
957 2194 1063 2244 hinc
1090 2208 1202 2259 qua:
1232 2202 1453 2262 gesserat
1482 2194 1707 2261 mysterii
1752 2190 2095 2248 salutaris'te-

525 2270 718 2314 iterent.
743 2263 950 2316 Amalec
978 2263 1337 2332 interpretatur
1381 2265 1605 2331 populus
1654 2264 1893 2318 lambens
1920 2306 1934 2327 ,
1977 2267 2097 2333 quia

522 2333 611 2404 qui
642 2342 837 2387 terrena
880 2334 1091 2404 nimium
1131 2334 1449 2396 desiderant,
1482 2336 1633 2387 etiam
1661 2334 1926 2388 ambiendo
1948 2337 2097 2404 quasi

524 2403 743 2457 lambere
770 2404 1022 2457 videntur.
1054 2402 1160 2475 Pro
1189 2404 1372 2458 horum
1398 2421 1519 2475 ergo
1542 2406 1860 2459 conversione
1893 2402 1969 2460 vel
1996 2424 2095 2475 pu-

452 2488 457 2493 ‘
524 2475 712 2545 nitione
730 2476 955 2543 psalmus
975 2477 1070 2528 iste
1092 2474 1364 2543 formatur.
1382 2474 1637 2544 ln’primo
1665 2476 1885 2530 membro
1914 2474 2099 2545 psalmi

528 2543 759 2599 Ecclesia
788 2548 1029 2612 loquitur,
1054 2548 1320 2616 increpans
1343 2562 1425 2599 eos
1448 2543 1533 2613 qui
1556 2547 1631 2599 vel
1662 2548 1811 2601 corde
1836 2543 1922 2600 vel
1952 2564 2101 2615 apere

524 2619 783 2684 corrumpi
816 2634 915 2670 non
940 2626 1187 2687 metuunt.
1210 2618 1277 2670 In
1301 2618 1521 2687 secundo
1545 2617 1667 2670 dicit
1698 2634 1781 2671 cos
1812 2632 2100 2687 recepturos

526 2690 661 2738 mata
690 2704 804 2754 qua:
831 2689 1033 2756 fecerint
1073 2686 1393 2743 Christianis.
1421 2686 1489 2740 In
1528 2690 1673 2741 tertio
1722 2688 1900 2753 fideles
1931 2697 2101 2743 monet

527 2758 874 2823 aequanimiter
902 2758 1077 2811 steculi
1133 2762 1265 2827 ferre
1310 2761 1565 2813 molestias
1588 2798 1602 2818 .
1656 2760 1811 2812 donec
1833 2760 2097 2827 judicium

530 2828 810 2900 majestatis
839 2830 1092 2895 adveniat,
1124 2830 1207 2882 ubi
1249 2845 1417 2883 omnes
1465 2829 1593 2883 beati
1633 2830 1940 2900 induantur,
1972 2829 2103 2885 bona

528 2899 792 2967 recipient.

1107 2986 1528 3026 COMMENTARIUS.

605 3063 747 3118 Dixit
775 3063 1018 3131 insipiens
1060 3062 1113 3115 in
1150 3061 1303 3116 corde
1335 3078 1427 3116 suo
1468 3078 1570 3115 non
1608 3072 1681 3116 est
1708 3060 1867 3116 Deus.
1896 3061 2103 3120 Titulus

531 3146 611 3191 est
640 3137 759 3191 talis
791 3152 802 3188 :
832 3133 898 3186 In
920 3134 1073 3200 ﬁnem
1100 3152 1193 3204 pro
1225 3135 1449 3199 Amalec,
1484 3134 1563 3188 vel
1614 3148 1709 3203 pro
1754 3132 1981 3201 Melech,
2020 3150 2103 3189 m-

534 3208 758 3261 tetlectus
799 3206 895 3273 ipsi
922 3204 1106 3259 David.
1150 3206 1365 3260 Amalec
1406 3205 1627 3274 populus
1657 3204 1755 3259 fuit
1800 3215 2106 3272 persecutor

532 3280 700 3331 saueii
730 3276 914 3342 David,
949 3288 1001 3332 et
1048 3279 1193 3343 regni
1224 3278 1289 3331 ad
1320 3278 1490 3344 ipsum
1533 3275 1876 3345 pertinentis,
1921 3276 1972 3330 id
2002 3287 2104 3344 est,

531 3348 862 3413 Israeliticae,
894 3348 1087 3417 gentis.
1121 3348 1218 3415 Qui
1260 3350 1461 3403 scilicet
1490 3349 1705 3402 Amalec
1744 3347 1953 3417 Siceleg
1978 3348 2107 3403 civi-

534 3430 696 3474 tatem
719 3420 1015 3483 succendit,
1047 3428 1100 3472 et
1127 3420 1250 3473 inde
1278 3435 1495 3474 uxorem
1529 3418 1695 3473 David
1749 3428 1803 3473 et
1848 3418 2105 3475 familiam

535 3504 656 3545 cum
690 3490 937 3545 facultate
960 3492 1075 3557 ejus
1114 3491 1352 3559 diripuit.
1388 3492 1454 3543 Et
1494 3491 1914 3555 interpretantur
1939 3493 2106 3545 Ama-

535 3562 712 3615 lecitae
759 3562 1008 3630 tingentes
1059 3570 1265 3629 terram,
1299 3577 1392 3629 per
1441 3576 1575 3631 quos
1622 3569 1890 3614 amatores
1922 3562 2108 3617 mundi

538 3631 925 3699 intelliguntur,
951 3633 1017 3686 de
1042 3633 1231 3700 quibus
1254 3646 1471 3687 necesse
1496 3641 1577 3686 est
1601 3640 1935 3687 utamatorss
1961 3634 2107 3699 caeli,

538 3702 629 3768 qui
660 3717 752 3769 per
787 3702 952 3755 David
1006 3703 1390 3771 intelliguntur,
1437 3704 1859 3771 persecutionem
1903 3703 2107 3770 patian-

544 3780 650 3825 tur.
682 3771 893 3825 Titulus
922 3773 1000 3825 sic
1030 3774 1311 3839 exponitur
1339 3791 1353 3825 :
1385 3773 1506 3827 llaec
1536 3774 1693 3827 verba
1728 3774 2026 3828 referuntur
2053 3773 2106 3829 in

544 3843 708 3897 linem
754 3850 1074 3910 temporum,
1124 3845 1173 3895 id
1228 3852 1345 3905 est,
1387 3846 1450 3897 ad
1501 3842 1772 3898 Christum
1825 3853 2006 3898 natum
2054 3844 2110 3899 in

541 3911 649 3966 ﬁne
678 3920 998 3981 temporum,
1014 3913 1163 3981 juxta
1192 3914 1331 3979 quod
1358 3913 1433 3967 ait
1456 3915 1740 3978 Apostolus
1776 3932 1787 3966 :
1826 3914 2112 3970 Nouissime

542 3983 682 4053 nobis
712 3984 912 4037 locutus
936 3992 1008 4037 est
1047 3985 1098 4037 in
1128 3983 1288 4046 Filio,
1322 3992 1374 4038 et
1422 3983 1542 4052 quia
1586 3986 1827 4039 Christus
1856 3996 1938 4039 est
1968 3986 2109 4053 linis,

546 4052 602 4107 iii
632 4069 789 4118 quem
841 4056 1093 4124 quidquid
1144 4056 1269 4109 boni
1302 4056 1504 4123 agimus
1555 4055 1854 4121 dirigimus,
1906 4064 1959 4109 et
2008 4052 2111 4124 quo

549 4125 743 4191 adepto
791 4126 922 4179 nihil
970 4138 1050 4179 νει
1079 4126 1219 4195 quod
1270 4126 1405 4179 ultia
1467 4135 1727 4193 petamus.
1776 4126 1904 4193 Qua:
1952 4128 2113 4183 verba

551 4206 675 4248 sunt
695 4196 994 4263 [impositus
1022 4198 1319 4252 intellectus
1344 4196 1443 4264 ipsi
1473 4197 1754 4263 David,vel
1786 4198 2114 4265 dignioribus

548 4265 617 4319 de
645 4282 865 4333 corpore
888 4267 1105 4332 Christi,
1138 4284 1230 4334 pro
1258 4269 1492 4334 Amalec,
1524 4268 1577 4321 id
1608 4279 1710 4335 est,
1744 4283 1837 4335 pro
1861 4282 2115 4335 persecu-

552 4337 717 4389 tione.
753 4336 1042 4405 lledarguit
1069 4340 1209 4393 enim
1244 4339 1499 4406 propheta
1531 4340 1581 4392 in
1616 4341 1714 4392 hoc
1744 4346 1947 4406 psalmo
1996 4354 2114 4407 per-

549 4416 823 4461 secutores
856 4410 1091 4475 corporis
1119 4409 1337 4473 Christi,
1372 4420 1423 4462 et
1452 4410 1763 4463 exhortatur
1791 4410 1961 4475 ipsum
1989 4425 2111 4464 cor-

552 4490 671 4545 pus,
696 4476 877 4549 idest,
912 4478 1226 4545 Ecclesium,
1251 4489 1306 4532 ut
1334 4496 1453 4533 cum
1484 4481 1628 4534 omni
1668 4480 1920 4549 patientia
1951 4481 2113 4534 susti-

552 4533 677 4603 ᾖεεί
708 4533 1097 4619 tribulationem
1144 4533 1226 4603 et,
1246 4533 1692 4617 persecutionem:
1716 4533 1873 4619 atque
1902 4533 2114 4607 tandem
2142 4533 2192 4593 Ι)

552 4618 741 4673 inserit
774 4618 941 4687 ipsius
966 4620 1208 4688 corporis
1248 4622 1688 4675 consolationem.
1725 4618 1873 4677 Unde
1904 4620 2033 4675 dicit
2062 4624 2117 4677 in

553 4691 704 4760 titulo
732 4692 872 4759 quod
902 4691 970 4744 sit
1016 4692 1248 4759 psalmus
1303 4693 1403 4745 iste
1452 4692 1775 4758 intellectus,
1820 4693 2117 4760 propositus

552 4759 768 4826 ﬁdibus,
799 4776 892 4827 pro
917 4763 1305 4828 persecutione,
1330 4763 1552 4830 scilicet,
1580 4772 1635 4816 ut
1658 4759 1956 4831 intelligant
1983 4764 2119 4818 tole-

554 4831 773 4885 randam
802 4846 921 4885 esse
954 4833 1397 4900 persecutionem,
1426 4837 1546 4901 quia
1577 4836 1734 4887 linem
1764 4836 1980 4887 habebit
2003 4850 2116 4899 per-

554 4901 778 4968 secutio,
802 4901 893 4956 sed
925 4902 1198 4971 pra-miunt
1224 4906 1607 4972 persecutionis
1636 4904 1797 4959 linem
1828 4918 1932 4957 non
1956 4904 2119 4959 habe-

553 4972 651 5027 bit.
686 4972 778 5026 Vel
812 4988 905 5039 pro
934 4972 1153 5036 Mclecli,
1205 4985 1259 5025 ut
1288 4973 1642 5044 Hieronymus
1672 4977 1819 5039 dicit,
1845 4976 2117 5042 interpre-

556 5054 694 5097 tatur
723 5044 1027 5113 parturiens,
1061 5044 1176 5096 sive
1198 5044 1394 5097 dolens.
1425 5045 1553 5110 Quis
1581 5058 1755 5100 autem
1782 5046 1867 5098 hic
1896 5055 1979 5098 est
2002 5060 2118 5112 par-

557 5116 777 5180 turiens,
810 5114 923 5167 sive
952 5113 1170 5168 dolens?
1198 5114 1423 5182 Corpus,
1456 5117 1679 5179 scilicet,
1711 5116 1931 5169 Christi.
1964 5116 2117 5171 Dolet

557 5186 700 5239 enim
732 5184 916 5256 videtis
958 5186 1097 5256 quod
1126 5186 1245 5253 quia
1280 5186 1705 5255 superabundabit
1745 5188 2006 5256 iniquitas,
2034 5202 2117 5239 re-

555 5256 700 5324 frixit
729 5255 953 5307 chai'itas
981 5255 1281 5308 multorum.
1330 5258 1560 5311 l’arturit
1589 5271 1714 5311 vero
1736 5257 1855 5310 illos
1901 5257 2117 5311 eosdem

554 5339 652 5397 pro
685 5326 869 5397 quibus
886 5325 1186 5390 dolet,cum
1212 5326 1418 5397 aliquos
1444 5343 1509 5381 ex
1538 5328 1615 5382 eis
1632 5327 1809 5397 impiis
1834 5326 1957 5380 facit
1980 5329 2115 5393 pios.

555 5394 825 5449 Parturire
872 5397 1011 5450 enim
1058 5405 1139 5451 est
1186 5394 1317 5450 cum
1358 5398 1621 5452 laborare.
1658 5396 1809 5453 Unde
1856 5398 2118 5463 quoddam

556 5465 851 5537 membrum
886 5465 1040 5535 hujus
1090 5467 1331 5534 corporis
1383 5467 1639 5524 cbaritale
1686 5481 1961 5537 praegnans
1989 5469 2119 5537 ait:

558 5534 737 5609 Filioli
801 5534 971 5609 mei,’
996 5554 1121 5605 quos
1173 5540 1352 5591 iterum
1420 5534 1701 5609 parturit);
1745 5538 1905 5590 donec
1972 5535 2121 5609 Chri-

555 5616 663 5659 stus
692 5606 936 5675 formetur
959 5608 1011 5659 in
1038 5609 1193 5663 vobis.
1232 5610 1324 5665 Est
1357 5606 1531 5678 itaque
1562 5612 1795 5677 psalmus
1836 5610 1938 5662 iste
1962 5608 2118 5661 intel-

557 5678 725 5731 lectus
748 5679 1053 5749 propositus
1084 5679 1183 5747 ipsi
1218 5680 1382 5734 David
1412 5697 1507 5749 pro
1538 5682 1761 5744 blelecli,
1790 5680 1844 5733 id
1874 5688 1976 5745 est,
2026 5695 2121 5746 pro

558 5748 902 5815 parturienie,
940 5750 1054 5802 sive
1082 5752 1315 5816 dolente,
1356 5754 1453 5804 hoc
1482 5764 1584 5817 est,
1617 5762 1671 5805 ut
1699 5752 1958 5818 intelligat
1996 5764 2117 5803 cor-

559 5834 654 5886 pus
695 5818 895 5873 Christi
924 5820 1223 5887 parturieus
1272 5832 1325 5875 et
1372 5822 1558 5876 dolens
1603 5838 1745 5877 nunc
1798 5836 1916 5877 esse
1950 5833 2122 5890 partu-

2176 523 2397 588 bebunt,
2454 525 2671 592 prtemia
2714 538 2843 578 vero
2890 538 3075 579 eorum
3143 538 3412 593 nunquam
3473 523 3748 578 habebunt

2177 594 2359 648 ﬁnem.
2406 594 2473 647 Et
2500 594 2771 660 redarguit
2806 594 2889 648 hic
2917 595 3172 661 propheta
3219 595 3337 649 illos
3366 606 3585 663 propter
3614 611 3751 658 quos

2177 678 2370 733 corpus
2393 664 2589 719 Christi
2620 664 2787 729 dolet,
2813 674 2971 733 atque
3001 664 3240 728 demum,
3271 666 3407 719 sicut
3432 665 3745 731 pricdictum

2178 745 2283 804 est,
2304 736 2719 789 consolationem
2750 736 2866 803 ejus
2890 737 3179 790 interserit.
3204 735 3281 791 Ne
3303 734 3572 800 superﬂue
3612 736 3751 802 psal-

2180 821 2299 859 mus
2329 807 2427 861 iste
2474 808 2728 873 repetitus
2756 806 3038 870 videatur,
3079 807 3198 873 quia
3246 807 3314 861 ad
3344 806 3488 860 aliud
3526 808 3633 870 hic,
3679 806 3748 860 ad

2182 876 2324 931 aliud
2350 879 2611 945 superius,
2638 876 3032 931 intendebatur.
3080 878 3181 943 Qui
3213 892 3343 933 vero
3392 885 3519 929 sunt
3550 877 3627 931 illi
3660 890 3753 942 pro

2183 947 2373 1012 quibus
2421 948 2563 1002 dolet
2612 959 2665 1001 et
2722 950 2949 1016 parturit
3002 964 3196 1016 corpus
3243 948 3460 1012 Christi,
3518 949 3753 1011 psalmus

2184 1017 2284 1071 iste
2314 1022 2483 1085 aperit
2512 1017 2695 1072 dicens
2724 1036 2735 1069 :
2770 1017 3029 1085 lnsipiens
3058 1020 3283 1086 populus
3324 1034 3430 1071 non
3465 1018 3751 1085 providens

2185 1087 2283 1141 sibi
2318 1088 2369 1141 in
2401 1088 2658 1153 laturum,
2689 1088 2824 1142 dixit
2851 1090 2975 1157 quia
3022 1105 3119 1142 non
3166 1100 3237 1142 est
3285 1088 3446 1142 Deus.
3482 1087 3545 1141 Et
3576 1090 3675 1142 hoc
3702 1090 3754 1141 in

2186 1159 2337 1212 corde
2361 1176 2475 1219 suo.
2509 1159 2560 1213 id
2584 1168 2689 1222 est,
2716 1159 2769 1212 in
2798 1159 3122 1227 cogitatione
3151 1173 3267 1213 sua.
3302 1159 3446 1213 Multi
3480 1160 3640 1212 etiam
3665 1174 3757 1213 ore

2189 1228 2377 1283 dicunt
2394 1231 2515 1299 quia
2547 1244 2651 1283 non
2678 1230 2951 1299 eSt‘Deus.
2981 1229 3084 1284 Sed
3128 1240 3186 1284 ut
3212 1230 3587 1283 universaliter
3618 1230 3756 1282 acci-

2190 1297 2426 1364 peretur,
2452 1300 2571 1353 ideo
2592 1300 2734 1353 dixit
2759 1297 2825 1352 In
2856 1300 3007 1353 corde
3036 1317 3145 1353 suo.
3171 1300 3367 1354 Omnes
3389 1300 3533 1354 enim
3562 1300 3635 1353 illi
3662 1299 3749 1365 qui

2190 1370 2418 1439 cogitant
2443 1369 2552 1424 Deo
2576 1371 3132 1439 placereiniquitatem
3164 1372 3475 1437 suam,quia
3508 1384 3754 1439 superse—

2191 1441 2279 1493 det
2305 1455 2333 1493 a
2364 1442 2612 1507 vindicta,
2661 1456 2758 1496 nec
2810 1443 2990 1495 statim
3023 1442 3174 1506 punit
3204 1456 3343 1505 eam,
3382 1440 3549 1493 Deum
3580 1451 3756 1506 aperte

2194 1525 2298 1565 non
2325 1526 2445 1567 esse
2473 1512 2674 1565 dicunt.
2706 1511 2839 1578 Quia
2870 1511 2917 1564 si
2947 1512 3086 1565 Deus
3116 1521 3217 1574 est,
3248 1511 3558 1565 necessario
3585 1511 3755 1576 justus

2191 1592 2303 1647 est;
2333 1589 2387 1635 ct
2414 1582 2456 1635 si
2475 1584 2649 1651 justus
2667 1591 2769 1648 εει,
2804 1582 2943 1636 nulla
2971 1583 3021 1637 ei
3045 1582 3295 1650 iniquitas
3315 1582 3511 1643 placet.
3530 1581 3609 1634 Illi
3636 1595 3755 1633 vero

2192 1653 2281 1719 qui
2311 1652 2639 1721 iniquitatem
2666 1657 2714 1708 ei
2764 1653 2975 1722 placere
3003 1663 3206 1721 putant,
3242 1651 3363 1722 quia
3394 1652 3677 1706 destruunt
3706 1654 3756 1705 in

2194 1735 2260 1777 eo
2277 1722 2503 1789 justum,
2528 1724 2805 1779 destruunt
2834 1733 2886 1777 et
2915 1722 3101 1778 Deuin.

2123 1810 2171 1871 Β
2210 1862 2243 1871 _
2266 1791 2507 1871 Corrupti
2532 1805 2669 1849 sunt.
2698 1794 2953 1861 lnsipiens
2989 1794 3215 1871 populus
3245 1792 3375 1847 dicit
3415 1792 3539 1871 quia
3567 1800 3759 1871 nonest

2129 3174 2177 3236 C

2197 1862 2368 1928 Deus;
2392 1866 2491 1918 hoc
2521 1876 2697 1920 autem
2725 1880 2829 1920 non
2849 1876 2928 1918 est
2959 1865 3111 1932 culpa
3143 1872 3370 1928 naturae,
3394 1863 3491 1917 sed
3519 1862 3642 1929 quia
3665 1863 3758 1930 ipsi

2196 1936 2435 2005 corrupti
2464 1945 2587 1990 sunt
2615 1954 2642 1989 a
2672 1937 2808 1991 bona
2834 1945 3044 1997 natura,
3076 1935 3127 1988 in
3149 1950 3249 2003 qua
3274 1936 3441 1988 creati
3461 1944 3607 1998 sunt,
3620 1934 3759 2002 juxta

2196 2004 2324 2059 illud
2355 2004 2371 2058 ἑ
2400 2004 2467 2059 Ει
2486 2008 2611 2060 vidit
2634 2006 2771 2061 Deus
2792 2018 2976 2059 cuncta
3003 2021 3119 2076 qua:
3141 2006 3350 2075 fecerat,
3383 2014 3433 2058 et
3458 2014 3602 2058 erant
3625 2005 3759 2058 valde

2198 2076 2350 2131 bona.
2386 2076 2527 2131 Bona
2555 2078 2695 2132 enim
2726 2086 2909 2131 natura
2950 2076 2999 2129 in
3050 2076 3263 2129 homine
3293 2075 3414 2141 fuit,
3444 2076 3679 2143 quandiu
3710 2076 3759 2129 in

2200 2146 2531 2215 plenitudine
2569 2148 2779 2203 virtutis
2829 2148 3043 2209 mansit,
3091 2147 3213 2213 quia
3268 2146 3466 2201 bonam
3525 2156 3757 2199 naturam

2201 2218 2607 2283 praevaricando
2644 2220 2839 2273 amisit.
2871 2215 3110 2286 Corrupti
3139 2225 3273 2281 sunt,
3309 2217 3551 2285 inquam,
3582 2228 3633 2270 et
3656 2217 3761 2273 ideo

2200 2288 2325 2358 facti
2346 2299 2460 2341 sunt
2500 2307 2531 2343 a
2559 2290 2781 2344 Domino
2804 2288 3184 2351 abominabiles,
3215 2288 3264 2340 id
3294 2298 3398 2353 est,
3443 2287 3761 2341 ethredati

2201 2368 2256 2411 et
2297 2360 2673 2415 exsecrabiles.
2723 2359 2963 2426 Quandin
3008 2360 3148 2412 enim
3206 2358 3342 2413 bene
3390 2359 3589 2427 aliquis
3646 2358 3757 2425 agit,

2207 2429 2391 2483 tandiu
2436 2439 2636 2485 tantum
2688 2430 2937 2483 Dominus
2970 2428 3334 2483 litereditatein
3384 2428 3437 2482 ei
3493 2428 3759 2496 promittit,

2202 2499 2325 2566 ipsi,
2358 2499 2500 2566 dico,
2542 2512 2696 2555 entes
2731 2501 2784 2553 in
2836 2499 3218 2566 iniquitatibus,
3252 2499 3300 2553 id
3343 2510 3454 2562 est,
3496 2515 3605 2552 non
3633 2501 3759 2552 desi-

2204 2578 2408 2691 ztentes
2434 2572 2502 2627 ab
2531 2571 2827 2642 iniquitate,
2858 2572 2978 2638 quia
3009 2586 3109 2623 non
3158 2578 3230 2624 est
3269 2572 3322 2624 in
3371 2572 3453 2625 eis
3501 2570 3593 2639 qui
3624 2571 3761 2639 faciat

2238 2657 2411 2691 onum.

2238 2657 2411 2694 onum.

2276 2710 2416 2765 Deus
2442 2712 2505 2765 de
2525 2712 2648 2767 coelo
2671 2713 2949 2782 prospexit.
2973 2712 3080 2765 Cor
3105 2710 3318 2782 quidem
3345 2711 3655 2779 insipientis
3680 2726 3763 2765 au-

2204 2781 2311 2836 fert
2339 2782 2527 2847 Deum,
2555 2797 2648 2837 cor
2673 2780 2886 2852 quidem
2912 2783 3185 2851 sapientis,
3219 2780 3271 2835 id
3318 2793 3422 2845 εει,
3454 2782 3611 2849 justi,
3638 2783 3766 2849 ponit

2204 2852 2393 2917 Deum,
2424 2854 2543 2922 quia
2566 2853 2632 2907 de
2656 2856 2812 2919 C(Blo,
2839 2855 2890 2908 id
2913 2864 3016 2918 est,
3042 2854 3109 2908 de
3130 2852 3291 2907 corde
3317 2853 3468 2919 justi,
3496 2854 3640 2918 quod
3662 2854 3767 2906 ideo

2205 2924 2402 2978 ctelum
2441 2923 2651 2989 dicitur,
2674 2926 2794 2993 quia
2823 2939 3034 2992 semper
3064 2924 3115 2977 in
3165 2924 3301 2978 ctelo
3328 2934 3697 2985 conversatur,
3723 2933 3769 2977 et

2205 2994 2296 3048 ubi
2327 2995 2467 3049 Deus
2498 2997 2833 3063 manet,quia
2855 2998 3027 3049 anima
3045 2994 3171 3063 justi
3196 2994 3350 3048 sedes
3369 3006 3451 3048 est
3483 2997 3767 3059 sapientia.

2206 3063 2286 3135 De
2311 3065 2427 3131 illo,
2456 3066 2692 3133 inquam,
2743 3068 2866 3121 calo
2915 3066 3173 3135 prospexit
3208 3065 3373 3131 Deus,
3407 3066 3460 3118 id
3492 3076 3597 3127 est,
3645 3066 3769 3119 Deus

2211 3134 2335 3190 fecit
2364 3135 2492 3189 illud
2523 3136 2751 3201 coelum,
2786 3138 2835 3189 id
2877 3134 2994 3202 est,
3048 3138 3220 3205 justos
3276 3135 3583 3204 prospicere
3633 3152 3771 3200 super

2252 3205 2346 3258 tios
2373 3205 2655 3273 hominum,
2697 3209 2749 3262 id
2780 3216 2881 3276 est,
2923 3224 2952 3260 a
2996 3209 3149 3275 longe
3184 3208 3305 3261 l'ecit
3342 3208 3592 3275 aspicere
3646 3206 3772 3261 lilios

2249 3278 2505 3342 ominum,
2528 3278 2579 3330 id
2600 3288 2702 3342 est,
2728 3280 2865 3333 male
2882 3289 3166 3347 operantes
3187 3278 3413 3346 alonge,
3434 3278 3655 3347 quidem
3677 3292 3769 3331 non

2209 3347 2500 3402 secundum
2530 3348 2726 3413 locum,
2752 3350 2845 3403 sed
2885 3352 3174 3403 secundum
3199 3348 3513 3417 dignitatem
3547 3362 3765 3411 morum,

2211 3418 2357 3485 ipsos
2402 3418 2522 3473 dico
2555 3419 2751 3487 positos
2804 3434 2897 3488 per
2924 3420 3233 3488 dignitatem
3267 3434 3429 3488 super
3469 3434 3586 3473 eos.
3636 3420 3772 3473 Solet

2210 3503 2437 3559 namque
2458 3504 2609 3543 sacra
2631 3490 2901 3557 Scriptura
2930 3506 2991 3543 ea
3019 3506 3135 3559 qua:
3168 3504 3261 3556 per
3294 3504 3388 3543 nos
3418 3490 3561 3544 Deus
3593 3505 3764 3559 opera-

2212 3570 2296 3631 tur
2350 3560 2449 3627 ipsi
2498 3560 2824 3624 attribuere,
2880 3571 2935 3615 ut
2976 3561 3062 3614 ubi
3114 3561 3306 3614 dicitur
3352 3559 3522 3628 :Ipse
3574 3562 3769 3631 quidem

2211 3629 2441 3698 Spiritus
2462 3632 2685 3700 postulat
2708 3647 2799 3700 pro
2830 3633 2993 3694 nobis,
3019 3633 3070 3685 id
3100 3641 3203 3698 est,
3233 3632 3500 3699 postulare
3537 3629 3637 3685 nes
3662 3634 3772 3685 facit

2210 3700 2473 3769 gemitibus
2503 3702 2960 3767 inenarrabilibus;
2985 3712 3040 3756 et
3069 3704 3190 3756 item
3225 3724 3235 3754 ;
3270 3702 3497 3769 Spiritus
3520 3701 3618 3755 Dei
3643 3720 3772 3755 scrti—

2213 3780 2353 3824 tatur
2374 3772 2563 3838 omnia,
2586 3776 2733 3825 etiam
2758 3775 2918 3839 ipsam
2940 3773 3259 3826 altitudinem
3281 3771 3414 3837 caeli,
3440 3773 3495 3825 id
3512 3783 3616 3840 est,
3641 3790 3774 3827 scru-

2214 3842 2313 3896 tari
2343 3857 2440 3896 nos
2467 3844 2616 3907 facit;
2649 3851 2702 3898 et
2727 3861 2737 3896 :
2764 3842 2941 3897 Tentat
2964 3860 3054 3898 nos
3080 3844 3236 3909 Deus,
3272 3853 3325 3895 ut
3347 3844 3498 3907 sciat,
3527 3844 3579 3896 id
3609 3855 3706 3907 est,
3727 3854 3773 3897 ut

2212 3915 2354 3968 scire
2406 3928 2500 3968 nos
2550 3912 2728 3967 faciat.
2762 3913 2849 3969 Sic
2880 3925 2933 3969 et
2988 3915 3076 3969 hic
3104 3914 3297 3968 dicitur
3328 3930 3342 3966 :
3376 3913 3517 3966 Deus
3554 3915 3617 3967 de
3665 3919 3773 3966 malo

2215 3986 2493 4051 prospexit,
2520 3982 2567 4037 id
2592 3992 2696 4051 est,
2730 3986 2849 4040 fecit
2883 3986 3075 4040 cmluni
3109 3983 3410 4053 prOSpicere
3454 4002 3614 4051 super
3652 3984 3772 4052 filios

2216 4054 2497 4118 hominum,
2525 4055 2591 4109 ad
2618 4054 2720 4109 hoc
2744 4096 2758 4119 ,
2800 4067 2853 4108 ut
2884 4057 3070 4119 videat,
3104 4058 3155 4110 id
3183 4066 3285 4118 est,
3315 4065 3371 4107 ut
3396 4055 3583 4109 videre
3614 4058 3768 4123 ipsum

2216 4127 2407 4178 ctelum
2436 4128 2613 4193 lactat,
2646 4135 2699 4180 et
2720 4128 3010 4196 dijudicare
3036 4130 3079 4180 si
3106 4135 3176 4179 est
3212 4127 3349 4178 inter
3379 4126 3496 4178 illos
3529 4128 3665 4179 tilios
3692 4129 3768 4177 tio-

2216 4197 2418 4249 mitium
2450 4197 2644 4264 aliquis
2690 4198 2971 4267 intelligens
3004 4196 3167 4251 Deum
3192 4197 3377 4262 corde,
3405 4206 3497 4248 aut
3526 4199 3769 4265 requirens

2217 4281 2400 4335 opere.
2426 4268 2576 4332 Quod
2604 4282 2729 4321 vere
2760 4283 2862 4322 non
2893 4279 2993 4333 est,
3034 4269 3154 4335 quia
3202 4283 3371 4319 omnes
3403 4269 3771 4319 declinavi-runt

2217 4337 2269 4389 in
2300 4338 2531 4402 malum;
2559 4338 2733 4405 simul,
2763 4339 2811 4392 id
2839 4349 2938 4405 est,
2962 4351 3015 4393 et
3043 4340 3108 4392 de
3136 4337 3329 4391 ludat-is
3350 4350 3400 4391 et
3428 4338 3497 4395 de
3521 4342 3771 4405 gentibus.

2218 4406 2284 4460 Et
2312 4408 2431 4462 ideo
2457 4408 2582 4478 facti
2616 4418 2733 4462 sunt
2760 4410 2985 4471 inutiles,
3011 4408 3144 4463 adeo
3172 4410 3308 4475 quod
3358 4425 3457 4461 non
3509 4418 3583 4462 est
3628 4411 3675 4462 iu
3708 4412 3773 4461 cis

2217 4479 2302 4545 qui
2335 4479 2491 4549 faciat
2523 4478 2731 4545 bonum,
2762 4496 2865 4534 non
2908 4488 2999 4546 est,
3025 4479 3162 4544 dico,
3194 4495 3349 4549 usque
3394 4480 3461 4531 ad
3496 4497 3653 4532 unum
3680 4522 3692 4544 ,
3732 4480 3773 4530 id

2217 4558 2447 4614 est,iiec
2478 4564 2643 4614 unus,
2675 4551 2759 4605 vel
2802 4565 2967 4619 usque
3016 4550 3081 4603 ad
3130 4550 3275 4604 illum
3326 4552 3414 4617 qui
3466 4554 3697 4616 pertinet
3721 4550 3775 4601 ad

2220 4634 2400 4685 unum,
2434 4620 2499 4674 ad
2528 4620 2821 4689 Christum,
2851 4622 2940 4691 qui
2984 4635 3120 4675 unus
3165 4628 3268 4685 εει,
3299 4622 3615 4674 multorum.
3671 4620 3779 4674 Filii

2217 4704 2445 4760 namque
2509 4692 2781 4745 hominum
2854 4696 3099 4745 dicuntur
3173 4691 3472 4759 quicunque
3548 4692 3782 4745 homines

2217 4760 2342 4814 dum
2370 4762 2508 4815 male
2532 4773 2713 4830 agunt.
2745 4762 2862 4816 Filii
2889 4778 3014 4817 vero
3055 4761 3147 4816 Dei
3178 4762 3449 4827 dicuntur,
3481 4762 3614 4816 dum
3649 4764 3779 4815 bene

2217 4841 2402 4900 agunt,
2433 4835 2555 4901 quia
2589 4835 2678 4887 ille
2717 4833 2783 4887 tle
2814 4832 2936 4887 tiliis
2991 4834 3264 4888 hominum
3322 4834 3460 4887 bene
3514 4834 3779 4901 Operando

2219 4902 2343 4957 fecit
2372 4902 2512 4955 ﬁlios
2541 4904 2659 4965 Dei,
2683 4905 2771 4972 qui
2802 4902 2928 4959 fecit
2956 4904 3119 4957 lilium
3156 4904 3248 4956 Dei
3272 4917 3390 4956 esse
3419 4904 3587 4956 liliqu
3620 4904 3783 4956 homi-

2218 4972 2326 5043 nis.
2356 4972 2503 5026 Fecit
2530 4974 2670 5027 enim
2701 4974 2850 5027 illum
2894 4975 3203 5043 participem
3249 4988 3370 5028 esse
3397 4984 3597 5027 nostra:
3626 4976 3783 5027 inise-

2184 5104 2187 5105 ν
2218 5042 2333 5108 rite,
2367 5043 2813 5115 utnosJieriinus
2845 5042 3128 5115 participes
3160 5045 3275 5113 ejus
3317 5046 3524 5115 gloriae.
3555 5044 3786 5097 Tollatur

2218 5122 2397 5166 autem
2418 5113 2485 5167 de
2527 5114 2829 5169 hominibus
2846 5113 3003 5169 'li‘lius
3034 5117 3145 5179 Dei,
3177 5116 3225 5168 id
3257 5125 3359 5180 est,
3380 5114 3519 5169 bene
3550 5128 3785 5183 agentes,

2219 5192 2497 5254 remanent
2527 5185 2618 5237 lilii
2656 5186 2953 5251 hominum,
3007 5187 3057 5239 id
3087 5196 3187 5249 est,
3220 5187 3358 5239 male
3385 5196 3694 5254 operaiites,
3722 5187 3787 5239 de

2220 5252 2409 5321 quibus
2445 5262 2588 5327 recte
2639 5256 2827 5310 dicitur
2857 5256 2998 5327 quod
3046 5266 3243 5309 nonest
3290 5256 3344 5310 in
3385 5252 3466 5311 eis
3520 5271 3687 5326 usque
3721 5258 3787 5309 ad

2220 5340 2377 5376 unum
2400 5326 2484 5391 qui
2509 5326 2664 5392 faciat
2685 5326 2889 5382 bonum.

2295 5393 2485 5449 Nonne
2504 5397 2661 5468 scient
2689 5413 2861 5451 omnes
2889 5398 2975 5467 qui
3020 5407 3292 5465 operantur
3318 5397 3658 5465 iniquitatem,
3708 5405 3789 5468 qui

2220 5465 2457 5518 devorant
2496 5467 2689 5537 plebem
2732 5465 2908 5521 meant
2939 5477 2993 5521 ut
3042 5468 3205 5521 cibum
3236 5469 3404 5535 panis.
3461 5469 3618 5523 Modo
3650 5465 3786 5539 quod

2222 5551 2322 5588 non
2372 5546 2441 5589 est
2482 5540 2569 5605 qui
2614 5539 2767 5607 faciat
2820 5542 3027 5604 bonum,
3082 5548 3128 5592 et
3174 5554 3344 5591 omnes
3390 5540 3790 5609 declinaverunt,

2222 5621 2397 5681 nonne
2428 5619 2602 5681 autem
2635 5625 2804 5663 omnes
2840 5614 2925 5679 qui
2954 5626 3093 5663 nunc
3136 5620 3411 5679 operantur
3451 5612 3788 5681 iniquitatem,

2227 5677 2439 5753 tandem
2487 5680 2666 5753 scient,
2713 5684 2765 5734 id
2814 5677 2912 5753 es_t,
2946 5677 3290 5753 cognoscent,
3325 5696 3491 5748 ipsam
3536 5677 3785 5753 iniquiiaQ

2226 5750 2375 5801 tein?
2404 5752 2562 5814 Quasi
2582 5751 2762 5815 dicat:
2795 5744 2951 5805 Ce‘rte
2990 5744 3079 5820 q'ui
3112 5768 3249 5805 nunc
3277 5744 3604 5820 iiii—quitatem
3638 5744 3790 5811 'scire

2225 5820 2434 5887 nolunt,
2463 5833 2515 5874 ut
2542 5836 2598 5874 se
2627 5834 2971 5890 cognoscant,
3013 5825 3223 5877 tandem
3268 5824 3436 5878 scient
3466 5840 3579 5878 eam
3629 5839 3690 5883 ut
3733 5846 3788 5886 se
