3984 6362
524 329 626 385 765

1014 326 1214 382 ΒΕΒΑΞ
1257 325 1703 392 VENEBABILIS
1737 326 1882 382 OPP.
1928 325 2098 382 PARS
2138 327 2199 383 ll.
2245 327 2438 386 SECT.
2479 330 2544 386 li.
2590 362 2652 371 —
2697 331 2899 394 DUBiA
2940 331 3028 392 ET
3064 331 3328 389 SPURIA.

3658 333 3776 404 764

523 459 690 528 terant
717 452 1052 528 accedamus.
1109 447 1217 500 Vox
1251 456 1368 528 est,
1409 457 1468 528 ut
1497 448 1804 528 prmdictum
1848 458 1955 528 est,
1999 447 2078 512 vel
2113 450 2159 520 Α
2184 449 2422 528 criﬁcabo
2454 460 2498 502 et
2531 450 2827 528 conﬁtebor,
2874 448 3126 528 quoniam
3175 451 3643 528 tu_er_ipuist_i_;am
3691 468 3779 514 me

523 521 874 601 perlecturum
909 518 958 571 itr
993 531 1224 600 corpore.
1247 515 1465 602 Chriti,
1498 515 1576 600 itcl
1610 518 1774 602 ipsius
1807 519 2084 602 propheta;

520 588 637 644 vice
662 604 846 644 eorum
877 589 1098 655 agentis,
1132 597 1177 640 et
1213 589 1279 641 ita
1321 589 1584 652 dicentis:
1617 588 1774 653 Deus,
1806 588 1857 642 in
1882 591 2085 658 nomine

525 672 608 714 tuo
639 663 832 716 salvum
853 675 928 718 me
950 661 1049 730 (ac.
1076 659 1256 730 Quasi
1302 660 1477 730 dicat;
1520 660 1718 714 Nomen
1751 669 1896 716 tuum
1944 663 2082 726 quod

525 732 864 808 praedicatum
891 728 969 808 est
1001 728 1150 789 nobis
1183 731 1232 808 in
1264 729 1588 794 inﬁrmitate,
1620 733 1739 800 quia
1767 731 2002 808 mortalis
2030 738 2083 793 et

526 800 792 874 passibilis
822 801 974 852 trolris
1004 801 1344 874 annuntiatus
1382 817 1458 866 es,
1511 815 1777 874 cognosco
1821 801 2079 874 suhl‘ima-

525 869 633 928 ἰιιιιι
665 874 714 936 in
746 870 955 926 virtute.
1004 869 1198 922 Venisti
1230 871 1368 924 enim
1399 881 1454 923 ut
1483 872 1728 925 moriaris
1751 885 1815 925 ex
1864 869 2084 924 infirmi-

524 952 650 1012 tate,
698 943 1035 1012 veniesvero
1067 949 1121 1012 ut
1145 941 1423 1012 judicesin
1458 941 1667 1012 virtute.
1723 940 1787 993 Et
1815 956 2083 1010 quoscun-

526 1010 796 1083 qne'trnnc
822 1010 1048 1083 saitjabis
1090 1010 1150 1063 in
1173 1010 1490 1083 prteced'vnti
1520 1013 1752 1083 nomine,
1790 1012 1907 1072 illos
1934 1012 2080 1078 salu-

524 1081 689 1139 briter
718 1081 962 1135 liberabis
1003 1081 1052 1133 in
1099 1091 1184 1140 tua
1213 1082 1555 1149 subscquenti
1586 1081 1782 1136 virtute
1813 1099 1826 1147 ;
1880 1090 1933 1134 et
1963 1083 2083 1144 ideo

525 1163 602 1218 tu,
637 1152 877 1218 Domine,
909 1164 994 1204 me
1020 1151 1320 1204 credentem
1350 1162 1401 1204 et
1432 1162 1754 1218 sperantem,
1777 1153 1826 1204 in
1863 1160 1947 1205 tuo
1986 1168 2082 1205 no-

525 1166 602 1218 tu,
637 1166 856 1206 nomine
909 1166 994 1204 me
1020 1166 1320 1204 creuentem
1350 1166 1401 1204 et
1432 1168 1453 1204 s
1499 1166 1754 1216 r-rann-m,
1777 1169 1826 1204 nr
1863 1166 1947 1205 tuo
1986 1168 2082 1205 no-

522 1227 653 1296 mine
677 1193 1154 1296 praacedente,_non
1181 1221 1232 1275 in
1264 1237 1366 1287 me,
1387 1166 1591 1296 servum
1620 1238 1700 1296 ore
1721 1226 1820 1296 (ac.
1858 1223 1921 1275 Et
1948 1222 2083 1296 bene

523 1294 651 1349 dicit
690 1293 908 1355 salvum,
949 1293 1068 1360 quia
1086 1293 1258 1362 justus
1283 1308 1342 1344 ex
1367 1292 1466 1360 ﬁde
1491 1294 1630 1347 vivit.
1664 1292 1730 1345 Et
1763 1293 1840 1347 sic
1869 1295 2081 1349 tandem

547 1365 754 1426 perfecte
788 1363 955 1428 libera
994 1360 1096 1414 mc'
1124 1360 1173 1414 in
1204 1372 1287 1415 tua
1328 1363 1670 1431 snlrsequenti
1703 1365 1913 1430 virtute,
1948 1373 1998 1418 et
2027 1374 2083 1418 ut

544 1435 731 1498 iberes,
766 1451 795 1482 o
825 1431 982 1494 Deus,
1031 1434 1216 1485 exaudi
1238 1434 1513 1485 orationem
1546 1449 1727 1498 trseam,
1771 1449 1872 1486 non
1904 1449 2086 1503 quatu-

522 1507 672 1568 libet,
701 1503 792 1557 sed
825 1518 1018 1568 meam,
1072 1503 1273 1567 (iorem,
1327 1505 1555 1567 scilicet,
1605 1503 1936 1572 Zipharorum
1977 1519 2081 1558 non

523 1586 824 1644 rogantem.
880 1573 941 1625 Et
967 1572 1114 1625 verba
1143 1574 1262 1637 oris,
1297 1588 1398 1627 non
1439 1573 1796 1640 Ziphaeornm,
1827 1574 1918 1626 sed
1961 1576 2080 1640 mei,

521 1643 715 1709 id’est,
749 1655 944 1697 {eterna
977 1643 1116 1696 bona
1141 1659 1168 1704 a
1200 1653 1251 1698 te
1294 1646 1552 1712 rogantis,
1593 1660 1710 1712 qua:
1757 1645 1830 1698 illi
1862 1645 2077 1713 quidem

523 1718 762 1786 audiunt,
795 1714 886 1770 sed
919 1729 1020 1776 non
1063 1714 1381 1784 percipiunt,
1433 1715 1552 1784 quia
1598 1730 1701 1768 nun
1741 1724 1937 1786 aeterna
1970 1730 2080 1770 rne-

2189 520 2238 572 in
2283 535 2396 586 spe,
2437 537 2502 573 ex
2550 520 2687 573 omni
2728 520 3054 574 tribulatione
3094 520 3369 585 interiori,
3424 522 3658 587 scilicet,
3719 531 3781 580 et

2188 590 2464 662 estet-iuri.
2519 590 2782 644 Elocutus
2824 607 2983 658 meus,
3030 591 3272 653 interior,
3315 591 3536 662 scilice.-,
3569 593 3773 662 tactus,

2189 675 2280 727 per
2308 659 2444 734 hanc
2469 662 2799 734 ereptionem
2822 678 2973 730 super
2989 661 3232 734 inimicas
3263 677 3400 734 meos
3421 659 3670 734 despexit,
3715 659 3775 720 id

2187 737 2285 793 est,
2319 731 2721 800 despectibilem
2775 731 2959 785 florem
2988 731 3322 800 Ziphmorum
3350 731 3553 800 habuit,
3586 743 3773 789 atten—

2187 800 2379 874 dendo,
2409 803 2634 865 scilicet,
2681 802 2802 872 quia
2842 803 3004 862 omnis
3047 819 3164 856 caro
3194 807 3367 874 ferrum
3395 815 3489 874 est,
3521 814 3570 857 et
3599 807 3774 874 omnis

2185 871 2350 943 gloria
2370 874 2481 938 eius
2509 871 2748 942 tanquam
2771 874 3011 943 ﬂosferri.
3048 871 3201 926 Aruit
3232 872 3432 942 fenum,
3477 871 3545 927 ἐι
3569 873 3775 929 cecidit

2185 939 2324 1012 flos;
2373 939 2816 997 verbum'autcin
2858 939 3083 1005 Domini,
3139 943 3189 997 id
3217 951 3314 1006 est,
3375 939 3771 1012 promissione:

2188 1011 2394 1082 Domini
2423 1022 2636 1066 nrarrent
2659 1013 2709 1065 in
2742 1022 3018 1072 arternum.
3069 1014 3286 1082 Quare?
3313 1011 3474 1080 Quasi
3497 1015 3644 1069 dicat
3670 1034 3681 1068 :
3713 1018 3771 1071 Si

2186 1081 2270 1154 hic
2297 1082 2558 1154 humilior,
2608 1084 2888 1137 exaltahor
2937 1098 3056 1138 cum
3096 1081 3363 1140 Dominus
3392 1085 3576 1152 dicat:
3628 1086 3768 1154 Quia

2184 1153 2340 1219 quise
2361 1153 2616 1222 humiliut,
2652 1155 2976 1208 excitabitur.

2680 1288 2742 1343 IN
2781 1288 3103 1345 PSALMUM
3133 1289 3262 1344 LIV.

2434 1398 2488 1454 in
2519 1400 2676 1458 linem
2713 1401 2966 1462 carminis
3001 1402 3298 1460 intellectus
3324 1403 3510 1462 David.

2785 1511 3159 1551 ABGUMENTUM.

2257 1581 2332 1659 Et:
2359 1596 2585 1659 persona
2615 1582 2760 1659 O_ni:e
2796 1584 3094 1659 sacerdotis
3140 1593 3326 1654 sponte
3357 1584 3648 1659 Egyptum
3675 1603 3769 1656 pe-

2189 1655 2346 1728 tentis
2377 1655 2612 1728 psalmus
2651 1656 2749 1728 iste
2779 1656 3129 1724 depromitur,
3181 1659 3392 1725 quando
3440 1655 3608 1711 Iason
3640 1655 3767 1728 pro-

2185 1723 2410 1806 pinquus
2435 1725 2583 1806 eius,
2615 1726 2706 1806 sed
2742 1723 2956 1806 horteris
2990 1723 3364 1806 etnvitmiilins
3402 1723 3656 1806 aemulus,
3707 1731 3772 1782 ab

520 1804 661 1855 cttm,
696 1785 757 1868 _si
797 1795 1002 1868 terrain
1032 1790 1266 1854 cupiunt,
1322 1786 1552 1866 inquam,
1597 1788 1827 1868 percipe,
1976 1796 2076 1856 est,

2200 1785 2478 1868 ⁵ιιιιῖοιῖιιιιξ
2499 1785 2704 1850 Seleuci
2737 1797 2859 1868 lilio,
2890 1797 3251 1866 pontiﬁcatum
3274 1797 3522 1862 redemit,
3556 1785 3772 1862 ea'con-

518 1854 1134 1936 (rstendepercli'ecturn
1185 1858 1481 1936 percepisse
1523 1865 1571 1914 te
1601 1857 1829 1926 auribus,
1880 1855 1932 1910 id
1973 1854 2075 1915 est.
2116 1854 2157 1874 ’⁸
2188 1864 2417 1936 (titione,
2457 1854 2512 1920 ut
2557 1882 2743 1921 omnes
2773 1854 2985 1922 Judccos
3015 1868 3067 1922 in
3101 1869 3376 1936 gentilium
3420 1854 3554 1922 sciia
3588 1857 3769 1922 tradu-

519 1929 766 1993 audiendi
793 1928 1049 1994 potentia,
1082 1927 1199 1995 quai
1231 1927 1280 1982 in
1314 1936 1363 1980 te
1394 1936 1493 1982 est.

595 1999 846 2065 Quoniam
873 1997 1024 2052 alieni
1052 1996 1432 2060 insurrexerunt
1467 1999 1734 2064 adversum
1780 2016 1877 2064 me,
1929 1999 2087 2066 fortes

517 2072 819 2142 quwsier'unt
841 2067 1066 2121 animam
1108 2084 1289 2143 meatu,
1314 2078 1359 2122 et
1389 2085 1488 2126 non
1520 2081 1896 2143 prazposuerunt
1925 2070 2088 2143 Deum

519 2139 635 2207 ante
656 2147 981 2208 conspectum
1005 2153 1167 2190 suum.
1209 2139 1330 2192 ideo
1363 2139 1581 2208 necesse
1609 2139 1689 2202 est
1718 2151 1772 2195 ut
1796 2151 1848 2204 tu
1879 2157 1965 2208 tne
1985 2139 2087 2196 sal-

520 2228 642 2278 vum
688 2207 851 2266 iacias
897 2217 947 2262 ct
979 2207 1192 2273 liberes,
1247 2209 1366 2278 quia
1409 2207 1582 2280 atrerri,
1635 2211 1684 2280 id
1736 2224 1839 2278 esr,
1888 2209 2089 2280 Ziplttni

519 2280 674 2338 alieni
706 2295 735 2336 a
763 2293 974 2333 menon
1005 2279 1341 2352 cognatione,
1365 2279 1459 2335 sed
1481 2279 1782 2345 adiectione,
1814 2297 1918 2340 non
1943 2279 2063 2352 ioco

645 2322 792 2415 licio,
834 2322 1236 2414 ittsurrexgrttnt,
1287 2322 1341 2404 ui
1372 2360 1548 2403 essent
1579 2322 2007 2417 adtrersuriturue,
2035 2322 2089 2405 id

518 2435 616 2488 est,
649 2432 701 2488 ut
732 2419 1094 2488 opprimerent
1133 2435 1235 2474 me.
1275 2421 1336 2473 Et
1367 2423 1468 2480 hoc
1499 2422 1654 2474 modo
1685 2422 2084 2488 insurrexerunt,

518 2493 635 2568 quia
664 2494 759 2568 ipsi
793 2489 970 2568 fortes,
1003 2506 1102 2545 non
1133 2490 1183 2568 in
1219 2491 1294 2546 rei
1326 2490 1570 2558 veritate,
1614 2492 1733 2568 sed
1755 2507 1848 2551 sua
1875 2503 2089 2568 reputa-

522 2562 696 2634 tione,
725 2562 1031 2634 quieuerunt
1072 2562 1506 2634 animantum/tm,
1551 2574 1602 2616 ut
1637 2563 1736 2628 silri
1789 2562 2090 2620 conforma-

519 2644 637 2694 rent
666 2631 806 2696 eam.
841 2634 904 2686 Et
935 2632 1032 2684 hoc
1065 2640 1230 2689 totum
1264 2631 1382 2686 ideo
1410 2633 1674 2702 fecerunt,
1707 2634 1824 2700 quia
1846 2650 1946 2686 non
1977 2649 2091 2702 pro-

520 2712 796 2774 posuerunt
827 2713 944 2760 ante
965 2712 1450 2774 corrspecturnsttttttt
1475 2701 1656 2769 Deum,
1688 2704 1777 2765 sed
1812 2705 2087 2772 mundum,

521 2773 572 2829 id
606 2786 709 2841 est,
741 2775 1025 2832 noluerunt
1055 2773 1218 2826 Deum
1268 2773 1513 2842 diligere,
1555 2776 1647 2834 sed
1681 2775 1857 2848 potius
1907 2775 2089 2848 volue-

523 2855 651 2900 runt
688 2859 960 2916 nutriuntur
991 2857 1148 2911 super
1179 2859 1448 2900 nurnmunr
1482 2845 1750 2916 ponere‘et
1781 2845 1955 2906 omnia
1989 2854 2094 2910 ter-

520 2931 647 2972 rena
681 2913 958 2969 commoda
989 2925 1203 2982 angere,
1487 2913 1493 2916 '
1891 2940 1897 2946 .

594 2985 722 3040 Ecce
751 2987 882 3039 enim
926 2982 1299 3058 [tertstadjuvut
1318 2999 1402 3058 me
1423 2999 1466 3058 ;_
1490 2993 1536 3037 et
1566 2985 1813 3054 Dominus
1837 2993 2094 3058 susceptor

521 3066 593 3112 est
618 3058 805 3112 anima:
831 3069 972 3126 mete:
1002 3055 1172 3126 altern
1204 3055 1417 3126 quidem
1457 3055 1856 3126 insurrexerunt
1881 3055 2087 3126 contra,

522 3128 616 3202 sed
644 3143 761 3196 quae
801 3141 924 3179 cura
949 3122 973 3174 ?
1000 3121 1150 3177 Nulla
1177 3121 1400 3202 scilicet,
1432 3130 1553 3194 quia
1587 3121 1962 3202 Deus-adjuvat
1991 3121 2085 3202 me;

520 3267 824 3336 manifeste,
875 3267 1095 3338 interius
1151 3273 1326 3334 tamen
1373 3272 1600 3334 occulte,
1648 3272 1769 3338 quia
1809 3284 1934 3334 vere
1981 3285 2093 3338 tua-

520 3331 684 3412 gnunt
712 3327 1162 3414 adiutorium-illis
1187 3331 1290 3414 est,
1324 3339 1411 3410 qui
1445 3327 1679 3414 possunt
1706 3327 1883 3402 dicere
1911 3359 1921 3414 ς
1965 3327 2090 3394 Clo-

523 3408 604 3466 i'ia
636 3408 808 3472 nostra
839 3418 911 3464 est
948 3408 1287 3471 testimonium
1316 3408 1632 3466 conscientia:
1674 3419 1879 3473 rrostrte.
1912 3413 2093 3479 inquo

520 3485 785 3558 adiutorio
817 3483 914 3558 iste
946 3494 1154 3558 quoque
1180 3481 1440 3558 glot'iatut‘
1468 3496 1586 3558 curn
1615 3482 1774 3536 dicit:
1810 3480 2090 3558 ⁸Υοιιιιιιίιη

520 3550 601 3620 ne
631 3555 716 3614 tibi
739 3550 1082 3625 sacriﬁcabo,
1107 3557 1210 3625 etc'.
1265 3550 1427 3625 Deus,
1469 3554 1704 3625 inquam,
1740 3554 1962 3625 adjuvat
1991 3569 2089 3606 me.

525 3625 590 3678 Et
619 3640 744 3682 ecce
775 3623 1044 3691 quomodo
1074 3622 1308 3694 adjuvet,
1338 3620 1559 3688 scilicet,
1592 3623 1710 3694 quia
1739 3620 1994 3678 Doirr'inus
2022 3633 2094 3678 est

522 3705 803 3765 susceptor,
844 3694 894 3748 id
924 3700 1037 3757 est,
1087 3693 1356 3765 deicttsor,
1407 3693 1775 3760 anirrrteimeaa,
1817 3707 1868 3748 et
1916 3697 1959 3748 si
1989 3709 2094 3763 non

523 3763 764 3840 corporis
794 3766 897 3840 tnei
927 3774 1128 3840 contra"
1159 3763 1404 3840 leiltBO_S
1431 3765 1605 3826 dando
1634 3765 1760 3840 uniti
1803 3765 2093 3840 gloriosam

523 3831 926 3902 conscientiam,
955 3849 1071 3908 qua;
1103 3831 1320 3908 facitine
1347 3836 1423 3892 eis
1451 3831 1810 3908 consentiamﬁ

594 3911 773 3961 Averte
802 3908 937 3959 mala
963 3904 1025 3960 ab
1055 3904 1274 3960 inimicis
1311 3907 1454 3974 meis,
1485 3914 1529 3964 et
1559 3907 1611 3959 in
1651 3909 1856 3970 veritate
1887 3915 1974 3959 tua
2005 3906 2098 3964 di-

527 3978 864 4051 sperdeillos.
916 3977 1010 4051 ilic
1042 3979 1315 4051 interserit
1359 3978 1649 4051 orationem
1693 3993 1790 4048 pro
1838 3992 2092 4050 persecu-

525 4048 724 4106 turibus
749 4051 872 4116 illis,
901 4048 1036 4102 dans
1063 4048 1215 4102 nobis
1239 4048 1564 4119 exemplum,
1598 4057 1654 4101 ut
1673 4051 1803 4104 tales
1833 4048 1936 4103 non
1956 4051 2097 4103 odia-

523 4138 660 4195 mus,
703 4123 794 4176 sed
826 4136 919 4195 pro
947 4120 1073 4190 ipsis
1100 4133 1334 4174 orerrrus.
1369 4123 1533 4195 Quasi
1562 4121 1702 4195 dicat
1731 4138 1744 4174 :
1775 4120 1849 4186 illi
1879 4119 2094 4195 quidem

525 4193 805 4260 insurgunt
829 4192 1011 4245 contra
1052 4206 1160 4256 tne,
1209 4202 1260 4244 tu
1287 4203 1485 4257 autem,
1521 4192 1761 4259 Domine,
1814 4204 1979 4245 averte
2030 4193 2096 4245 ab

525 4265 630 4322 illis
662 4263 796 4316 meis
825 4263 958 4314 rrrala
998 4261 1274 4329 interiora,
1305 4264 1538 4328 scilicet,
1569 4273 1620 4322 et
1650 4266 1917 4332 graviora.
1968 4261 2095 4328 Nul-

483 4369 488 4376 -
527 4335 636 4390 lunt
671 4334 810 4387 cnitn
845 4333 1040 4388 malum
1085 4333 1299 4400 gravius
1342 4350 1502 4402 quam
1534 4349 1714 4388 amare
1766 4345 1996 4400 terrena,
2044 4342 2098 4388 et

527 4404 796 4474 negligere
824 4412 1025 4457 aeterna
1051 4420 1064 4469 ;
1098 4411 1151 4458 ct
1174 4405 1316 4472 ipsus
1343 4408 1544 4474 positos
1573 4409 1622 4457 in
1654 4405 1860 4460 veritate
1889 4415 1998 4475 tua,
2042 4406 2093 4459 id

527 4488 627 4540 cst,
662 4493 712 4530 lli
741 4490 924 4547 auore
954 4488 1294 4538 aeternorum,
1337 4478 1566 4547 disperge
1606 4479 1658 4530 in
1696 4475 1922 4543 falsitate
1973 4491 2091 4539 sua,

527 4550 579 4602 id
603 4555 704 4612 est,
741 4548 790 4600 ιιι
822 4545 1099 4600 adiectione
1127 4545 1480 4608 terrenornrrr.

606 4617 903 4671 Voluntaria
932 4619 1227 4690 sacriﬁcabo
1257 4620 1367 4686 tibi,
1395 4632 1441 4675 et
1469 4619 1744 4690 conﬁtebor
1770 4618 1965 4674 nomini
1988 4627 2091 4680 tuo,

534 4689 766 4754 Domine,
789 4689 1027 4757 quoniam
1049 4693 1230 4762 bonum
1259 4702 1351 4744 est.
1386 4695 1464 4748 Ad
1496 4689 1785 4762 prrncrpale
1813 4691 2093 4750 continua-

529 4769 632 4816 tur.
668 4763 828 4832 Quasr
862 4762 1043 4818 dicat;
1076 4759 1210 4815 Vere
1257 4771 1334 4828 tu,
1371 4759 1613 4828 Domine,
1655 4759 1872 4832 adiuvas
1911 4776 2012 4826 me,
2046 4769 2098 4813 et

527 4847 586 4888 es
611 4840 886 4898 susceptor
910 4847 1078 4888 meus.
1118 4832 1268 4897 Quod
1299 4850 1391 4903 per
1415 4835 1554 4898 hunc
1577 4835 1822 4898 edoctum
1854 4844 2095 4902 apparet,

528 4903 652 4973 quia
682 4919 779 4972 ego
817 4903 1113 4971 sacriﬁcabo
1142 4905 1248 4967 tibi,
1298 4906 1348 4961 id
1396 4916 1479 4961 est
1518 4907 1854 4973 sacrrliciutu,
1903 4903 2094 4966 laudi,

527 4975 749 5030 scilicet.
786 4974 848 5028 Et
875 4981 973 5028 hoc
1005 4991 1108 5030 rrotr
1133 4994 1194 5031 ex
1222 4982 1559 5044 neceSsitate,
1591 4981 1681 5031 sed
1704 4992 1769 5030 ex
1802 4975 2094 5028 voluntate.

527 5047 677 5113 Quod
712 5047 1022 5100 estdicere:
1057 5047 1228 5102 Gratis
1262 5060 1312 5104 te
1339 5052 1584 5110 laudabo,
1625 5060 1675 5101 et
1708 5049 1758 5112 in
1801 5050 1914 5116 eius
1944 5047 2100 5112 iam“:

528 5118 795 5188 gaudebo,
821 5134 923 5185 quo
955 5117 1190 5188 laudato,
1225 5138 1491 5189 nunquam
1524 5123 1805 5176 erubesco.
1839 5117 2096 5174 Volunta—

532 5193 610 5241 r'ie
645 5190 782 5244 Deus
814 5190 1077 5256 laudetur,
1106 5193 1362 5246 charitate
1386 5203 1610 5256 ametur,
1637 5192 1802 5258 gratis
1833 5189 2098 5250 laudetur,

529 5263 693 5329 gratis
730 5269 956 5326 ametur,
988 5264 1087 5317 hoc
1123 5274 1224 5330 est,
1273 5275 1485 5332 propter
1529 5277 1588 5316 se
1620 5272 1849 5325 ametur,
1899 5276 2000 5314 non
2033 5273 2100 5309 ex

532 5332 873 5400 necessitate,
918 5333 967 5386 id
1007 5346 1108 5400 est,
1161 5351 1263 5390 non
1316 5331 1530 5402 propter
1561 5350 1748 5386 aurum
1797 5331 1880 5388 vel
1912 5346 2100 5397 urget.—

535 5414 666 5469 tum,
721 5407 804 5457 vel
833 5404 1028 5474 aliquid
1077 5413 1199 5460 tale.
1245 5406 1563 5478 Sacri/icabo
1593 5403 1720 5478 tibi,
1763 5404 1998 5478 inquam,
2050 5408 2102 5451 et

531 5479 635 5534 hoc
664 5481 856 5542 taliter,
912 5481 1036 5548 quia
1082 5479 1359 5544 confitebor
1399 5478 1511 5541 tibi,
1554 5476 1604 5531 id
1658 5486 1759 5548 est,
1803 5474 2098 5548 perlectam

532 5552 744 5608 Iaudem
777 5564 891 5616 ore,
922 5542 1082 5605 corde
1107 5561 1160 5604 et
1183 5542 1348 5620 opere
1380 5549 1566 5602 iaciam
1617 5546 1812 5620 nomini
1841 5555 1944 5608 tuo,
1980 5542 2100 5620 llo-

533 5624 686 5677 mine.
723 5621 788 5676 Et
822 5624 920 5680 hoc
942 5629 1153 5692 propter
1181 5619 1341 5685 aliud,
1376 5622 1467 5686 sed
1507 5622 1749 5690 quoniam
1778 5618 1945 5687 ipsum
1978 5618 2102 5666 inse

531 5695 647 5765 ipso
678 5697 862 5752 bonum
885 5703 976 5749 est.

607 5770 862 5834 Quoniam
891 5783 954 5822 ex
980 5767 1117 5820 omni
1141 5763 1467 5839 tribulatione
1489 5763 1720 5839 eripuisti
1746 5776 1842 5839 inc,
1875 5768 1921 5839 et
1949 5772 2104 5836 super

533 5831 760 5896 intriricos
798 5855 934 5896 meos
965 5839 1188 5906 despexit
1228 5837 1406 5898 oculus
1437 5851 1597 5898 meus.-
1639 5833 1826 5900 Mcritu
1870 5831 1961 5900 tibi
2013 5843 2101 5882 sa-

2120 3159 2167 3226 C

520 3197 659 3254 Deus
687 3211 874 3251 orrrnes
900 3202 1114 3250 sanctos
1145 3211 1269 3254 suos
1297 3196 1530 3265 adjuvat,
1565 3205 1616 3252 et
1656 3199 1698 3252 si
1725 3196 1829 3258 noti
1858 3199 2092 3265 exterius
2120 3196 2156 3240 Ἠ

2123 4520 2171 4582 D

2192 1946 2356 2009 ceret.
2404 1935 2521 2003 ipse
2551 1952 2676 1990 vero
2705 1939 2888 2004 Onias,
2919 1935 3224 2009 constructo
3255 1939 3305 1991 in
3334 1937 3570 2009 IEgypto
3598 1942 3768 2006 altari,

2192 2005 2572 2078 ritus_sacros,
2626 2023 2756 2077 quos
2808 2008 3156 2078 Jerosoiymis
3186 2008 3344 2064 .laSon
3398 2005 3770 2077 profanaverat

2191 2089 2308 2134 cum
2338 2075 2554 2145 iudicis,
2609 2075 2696 2148 qui
2730 2079 2967 2132 invenire
3000 2075 3298 2145 potuerant,
3347 2075 3576 2134 antistes
3607 2082 3764 2135 devo-

2192 2153 2276 2202 tus
2308 2147 2636 2215 instauravit;
2684 2149 2851 2203 Aliter
2896 2147 3067 2202 fidelis
3113 2149 3378 2218 qniSpiam
3419 2161 3607 2206 contra
3641 2151 3758 2205 vitia

2192 2219 2371 2272 carnis
2403 2229 2453 2276 et
2477 2219 2644 2286 ipsam
2674 2235 2888 2273 carnem
2918 2221 3255 2287 deprecatur.

2795 2326 3153 2374 EXPLANATIO.

2264 2400 2328 2455 In
2353 2402 2503 2468 ﬁnem
2531 2404 2582 2455 irr
2609 2402 2870 2458 Christum
2913 2404 2965 2456 in
2995 2403 3326 2467 carminibus,
3356 2405 3412 2458 in
3436 2405 3644 2473 gaudiis
3666 2407 3768 2472 spi-

2191 2473 2461 2544 ritualibus
2488 2473 2771 2527 intellectus
2802 2474 2985 2537 David,
3032 2476 3152 2544 quia
3176 2492 3286 2528 eum
3319 2477 3573 2529 intellexit
3606 2477 3765 2528 incor-

2196 2543 2449 2614 nandum,
2482 2560 2572 2614 per
2602 2561 2748 2612 quem
2778 2561 2829 2597 se
2859 2548 2992 2598 navit
3019 2543 3051 2598 a
3073 2545 3398 2600 tribulatione
3429 2546 3767 2600 liberandum.

2196 2612 2298 2666 Per
2328 2612 2490 2666 totum
2539 2617 2813 2683 psalmum,
2873 2616 3069 2670 duobus
3113 2617 3548 2685 diapsalmatibus
3595 2619 3768 2678 distin-

2193 2693 2346 2747 ctum,
2376 2687 2522 2738 verba
2547 2695 2663 2738 sunt
2695 2686 2919 2740 Domini.
2960 2687 3021 2740 In
3065 2689 3227 2754 prima
3257 2698 3401 2754 parte
3444 2689 3572 2753 petit
3597 2705 3659 2742 tu
3681 2707 3772 2747 suo

2195 2757 2247 2807 in
2280 2756 2599 2828 tribulatione
2625 2759 2774 2826 positi
2804 2757 3113 2823 despiciatur
3143 2760 3323 2821 oratio,
3359 2760 3641 2828 deprecans
3661 2762 3770 2814 libe‘

2195 2826 2408 2899 rationis
2436 2829 2765 2899 celeritatem,
2793 2844 2946 2896 quant
2968 2845 3030 2882 es
3058 2831 3226 2882 carnis
3255 2826 3561 2896 inﬁrmitate
3589 2833 3768 2899 proboa

2198 2897 2346 2973 betur
2383 2909 2634 2973 expetere.
2679 2897 2918 2973 Secundo
2944 2903 3052 2952 loco
3081 2899 3383 2973 Judteorurrt
3415 2897 3616 2954 destrui
3660 2918 3770 2973 utp-

2197 2968 2352 3036 plicat
2383 2969 2710 3037 iniquitates,
2760 2971 3004 3038 quoniam
3049 2973 3100 3022 in
3145 2971 3344 3024 civitate
3393 2975 3628 3037 ipsorum
3673 2968 3771 3025 erat

2200 3039 2530 3092 contradictio
2557 3042 2801 3094 veritatis.
2849 3041 3022 3094 Tertio
3061 3041 3182 3094 dicit
3212 3057 3326 3109 qua:
3356 3042 3633 3096 obstinatis
3675 3041 3770 3095 Ju-

2201 3110 2322 3162 dazis
2355 3127 2444 3174 pro
2471 3111 2576 3164 suis
2601 3111 2872 3166 sceleribus
2901 3122 3102 3166 noverat
3133 3113 3345 3166 evenire.
3402 3111 3533 3165 Post
3563 3115 3669 3168 hac
3693 3115 3772 3166 in-

2199 3182 2598 3257 troduciturpia
2623 3183 2924 3248 consolatio,
2959 3199 3018 3237 ne
3040 3186 3147 3253 quis
3178 3184 3429 3252 fidelium,
3465 3185 3650 3238 audita
3683 3186 3773 3257 ju-

2197 3251 2324 3306 dicis
2352 3255 2615 3308 seueritate
2641 3265 2905 3309 terreatur.

2781 3363 3200 3403 COMMENTARIUS.

2272 3425 2496 3492 Exaudi,
2534 3427 2692 3492 Deus,
2733 3432 3007 3482 oralionem
3051 3445 3233 3494 meam,
3276 3439 3380 3482 etc.
3437 3428 3648 3484 Titulus
3693 3439 3772 3486 est

2201 3497 2318 3570 talis
2344 3514 2357 3554 :
2398 3498 2459 3552 lit
2480 3499 2631 3566 ﬁnem
2661 3501 2712 3552 in
2745 3501 2941 3570 hymnis
2970 3502 3248 3554 intellectus
3277 3501 3377 3566 ipsi
3402 3499 3599 3568 Dauid,
3632 3501 3772 3568 Quod

2197 3569 2274 3639 sic
2305 3573 2606 3634 exrrOrritttr-.
2645 3569 2950 3626 iltec’verba
2979 3572 3280 3626 referuntur
3309 3574 3358 3624 in
3391 3574 3573 3639 linem,
3602 3572 3769 3637 idest,

2199 3637 2253 3703 in
2287 3639 2578 3712 tilrristttm,
2612 3641 2698 3710 qui
2733 3641 2849 3694 linis
2874 3653 2954 3696 est
2985 3645 3124 3695 onrrri
3157 3641 3394 3696 credenti
3427 3644 3492 3696 ad
3519 3637 3771 3712 jusntiam

2196 3709 2559 3776 accipiendam
2588 3712 2637 3764 itr
2671 3712 2903 3780 hymnis,
2946 3713 2994 3766 id
3028 3723 3128 3778 est,
3164 3713 3214 3764 itr
3245 3709 3535 3776 laudibnsf
3557 3713 3772 3778 scilicet,

2197 3788 2253 3833 ut
2278 3783 2390 3834 sive
2420 3783 2746 3836 exsultcmus
2777 3794 2829 3836 et
2862 3785 3124 3849 iactemur,
3171 3784 3288 3836 sive
3322 3783 3676 3850 tribulemur,
3725 3797 3774 3837 et

2197 3855 2578 3922 angustiemur,
2630 3854 2715 3906 ille
2746 3868 2957 3922 semper
2985 3854 3051 3906 sit
3082 3854 3379 3908 laudandus
3410 3856 3497 3921 qui
3533 3855 3585 3908 itr
3619 3855 3775 3907 tribu-

2198 3920 2482 3977 Iationihus
2530 3920 2721 3987 erudit,
2755 3935 2806 3977 et
2856 3920 3161 3979 consolatur
3191 3925 3242 3978 in
3290 3920 3588 3993 prosperis.
3634 3925 3770 3992 Nuno

2197 4006 2351 4060 quam
2383 3995 2520 4048 enim
2556 3997 2663 4046 laus
2693 3994 2784 4049 Dei
2817 3996 2974 4049 debet
3002 3995 3068 4048 ab
3095 4011 3188 4049 ore
3218 4005 3269 4049 et
3304 3996 3468 4048 corde
3492 3997 3775 4050 Christiani

2201 4063 2472 4128 recedere,
2503 4083 2603 4119 non
2638 4079 2688 4119 ιιι
2723 4067 2896 4119 laudet
2925 4067 2976 4119 in
3010 4068 3296 4136 prosperis,
3326 4077 3377 4120 et
3412 4068 3703 4136 prehendat
3728 4069 3775 4126 in

2197 4136 2458 4208 adversis,
2507 4137 2597 4190 sed
2633 4150 2686 4189 ιιι
2725 4154 2942 4204 semper,
2987 4147 3041 4189 ut
3082 4138 3365 4192 Psalmista
3396 4140 3492 4204 ait,
3527 4140 3636 4191 laus
3670 4142 3774 4208 ejus

2197 4206 2257 4260 sit
2278 4208 2333 4278 in
2367 4225 2448 4278 ore
2475 4224 2600 4259 meo.
2634 4208 2864 4270 (laudes,
2889 4224 3118 4278 agnosce
3146 4208 3353 4263 i’atretn
3380 4206 3773 4273 emendantenr,

2197 4277 2318 4348 quia
2343 4277 2456 4330 sive
2489 4279 2775 4344 blanditur,
2808 4277 3219 4344 siveetuurdat,
3270 4281 3416 4333 illum
3447 4281 3644 4348 erudit,
3696 4284 3773 4330 cui

2199 4346 2564 4422 litereditatt-rn
2600 4359 2765 4422 parat.
2809 4349 2917 4403 i‘ioc
2951 4351 3107 4402 modo
3140 4352 3189 4404 in
3227 4350 3438 4422 hymnis
3473 4346 3638 4412 verba
3659 4359 3778 4402 sunt

2198 4417 2530 4494 accipienda,
2556 4417 2627 4494 et
2655 4432 2780 4494 sunt
2806 4421 3106 4475 intellectus
3135 4417 3418 4475 attributus
3449 4421 3548 4494 ipsi
3598 4422 3774 4483 David,

2201 4505 2228 4542 a
2255 4489 2408 4558 cujus
2437 4491 2637 4544 semine
2656 4491 2901 4545 Christus
2931 4494 3185 4557 processit
3213 4489 3510 4548 secundum
3538 4507 3773 4555 carnem,

2200 4565 2318 4628 quia
2356 4559 2518 4614 Filius
2559 4562 2672 4628 ejus
2703 4562 2795 4614 iuit
2827 4563 3118 4616 secundum
3153 4565 3558 4626 humanitatem,
3600 4562 3775 4615 Durni-

2203 4645 2299 4684 nus
2323 4629 2439 4700 ejus
2473 4633 2759 4686 secundum
2789 4633 3138 4687 divinitatem.
3184 4635 3460 4702 Significat
3493 4635 3583 4690 hic
3612 4643 3774 4688 totum

2200 4702 2469 4755 Christum
2499 4711 2676 4769 caput,
2707 4706 2928 4768 St'liicel,
2957 4714 3008 4758 et
3035 4720 3248 4773 corpus,
3285 4707 3405 4774 quia
3434 4716 3610 4773 potest
3634 4705 3775 4758 Psal-

2204 4788 2319 4826 tnus
2350 4774 2446 4826 iste
2474 4790 2568 4826 vox
2600 4790 2716 4828 esse
2743 4775 2823 4828 vel
2849 4774 3036 4841 capitis
3080 4779 3159 4829 vel
3189 4773 3491 4842 drgriiorur‘u
3516 4777 3778 4829 membru-

2201 4859 2317 4896 rurn
2348 4845 2396 4896 in
2424 4859 2667 4911 corpore.
2704 4845 2764 4897 Et
2791 4856 2870 4898 est
2897 4846 3216 4899 intellectrrs.
3250 4847 3617 4899 Admorrcmnr
3639 4848 3775 4899 enim

2203 4925 2278 4973 ut,
2311 4930 2428 4968 cum
2479 4917 2742 4978 audimus,
2793 4918 3150 4984 intelligamus
3191 4919 3310 4985 quia
3346 4933 3539 4984 magna
3587 4917 3652 4968 ad
3684 4932 3778 4970 nos

2201 4986 2391 5040 attinet
2418 4999 2540 5039 cura
2572 4985 2924 5052 intelligendi,
2961 4991 3010 5040 in
3041 5002 3144 5055 quo
3177 4988 3315 5040 malo
3344 4989 3517 5041 simus
3544 4998 3600 5041 et
3626 5005 3654 5039 a
3675 5002 3778 5055 quo

2203 5057 2341 5112 malo
2382 5070 2593 5121 semper
2633 5057 2840 5110 liberari
2873 5066 3137 5124 optamus.
3171 5058 3311 5111 inter
3340 5060 3537 5112 multas
3565 5060 3778 5114 tribula-

2206 5128 2378 5197 tiones
2409 5124 2566 5197 huius
2609 5128 2786 5180 saeculi
2821 5129 3021 5197 plangit
3064 5129 3258 5196 aliquid
3303 5132 3543 5194 psalmus
3590 5132 3688 5183 iste
3717 5131 3781 5181 de

2204 5196 2494 5269 intellectu.
2528 5195 2639 5248 Non
2668 5195 2842 5252 autem
2877 5195 3094 5269 plangit,
3125 5215 3242 5252 cum
3277 5199 3375 5252 hoc
3407 5201 3618 5268 psalmo
3647 5202 3781 5267 quis-

2203 5267 2321 5335 quis
2355 5283 2456 5318 nort
2489 5269 2660 5338 habet
2708 5267 3054 5338 intellectum.
3108 5269 3270 5322 Porro
3301 5282 3480 5324 autem
3515 5272 3643 5325 illuc
3674 5285 3777 5324 tne-

2205 5338 2422 5391 tniniSse
2468 5337 2766 5404 debemus,
2819 5341 2938 5406 quia
2990 5340 3284 5394 secundum
3341 5341 3671 5396 intellectum
3718 5343 3779 5391 :ul

2207 5409 2490 5475 imaginem
2529 5407 2619 5462 Dei
2667 5411 2786 5463 lacti
2839 5426 3041 5474 sumus,
3093 5420 3146 5464 et
3199 5428 3292 5477 per
3336 5413 3666 5467 intellectum
3717 5413 3782 5464 ab

2203 5479 2318 5533 aliis
2368 5477 2688 5532 animalibus
2737 5479 3052 5541 differimus.
3107 5481 3254 5535 Unde
3296 5487 3512 5550 quidam
3544 5496 3782 5536 contem.

2204 5560 2382 5618 plores
2431 5551 2560 5622 tanti
2613 5550 2736 5622 boni
2784 5551 2836 5604 irr
2869 5552 3101 5619 quodam
3146 5555 3349 5620 psalmo
3381 5555 3784 5622 reprehendun-

2204 5634 2310 5692 tur,
2364 5636 2482 5692 cum
2513 5619 2590 5672 eis
2620 5619 2815 5692 dicitur
2843 5639 2852 5673 :
2903 5621 3078 5675 Nolite
3109 5619 3219 5689 lieri
3249 5627 3376 5689 sicut
3403 5619 3564 5692 equus
3594 5634 3638 5679 ct
3667 5642 3783 5676 uru-

2205 5687 2302 5746 lus.
2340 5692 2403 5744 Et
2431 5690 2558 5750 item
2590 5709 2601 5743 :
2646 5690 2816 5746 Homo
2842 5709 2956 5746 cum
3001 5693 3055 5747 in
3094 5687 3281 5748 liouore
3307 5687 3456 5760 esset,
3484 5713 3587 5749 non
3635 5699 3783 5750 intel—

2205 5762 2347 5817 lexit.
2403 5764 2768 5830 Agnoscamus
2799 5780 2925 5833 ergo
2955 5775 3197 5820 nostrum
3229 5769 3510 5831 honorem,
3538 5778 3592 5821 et
3625 5766 3779 5821 intel-

2208 5833 2434 5907 ligaiirus
2467 5849 2574 5890 non
2616 5836 2770 5892 istam
2802 5835 3031 5907 patriam
3061 5851 3180 5894 esse
3222 5837 3519 5906 gaudendi,
3566 5837 3660 5892 sed
3687 5837 3777 5891 .io-
