3984 6362
132 348 263 411 765

912 350 976 415 ΙΝ
1018 348 1431 419 PSALMORUM
1472 349 1725 417 ιιιιιιιιιι
1768 349 2121 417 EXEGESIS.
2165 380 2233 395 -—
2275 352 2515 417 PSALM.
2560 353 2691 411 LIV.

3314 360 3415 418 766

133 466 323 541 lcndi,
348 464 595 541 nondum
623 463 945 541 exsultaudt,
986 465 1081 541 sed
1112 465 1286 541 adhuc
1315 464 1581 541 gemendi.
1609 465 1731 541 quia
1760 463 1812 535 Α
1838 475 1978 533 runt,
2006 465 2055 541 id
2082 473 2182 529 est.
2210 465 2357 533 quasi
2387 465 2604 541 (latiore
2630 474 2912 541 voluerunt,
2936 485 2988 523 in
3020 486 3096 524 me
3121 470 3415 539 iniquitates

132 548 195 592 et
227 536 279 593 si
311 536 492 606 aliqua
523 538 574 595 in
604 534 756 606 nobis
802 545 882 599 est
926 534 1228 601 exsultatio,
1283 534 1520 603 nondum
1550 546 1632 591 est
1678 536 1729 599 in

132 625 223 681 re,
260 608 362 681 sed
401 605 451 665 in
477 622 589 677 spe.
638 605 719 670 Es
752 606 1015 681 promisso
1042 609 1181 681 enim
1230 608 1472 673 lzctallltll’
1505 609 1735 681 scientes

134 679 548 749 prbmissorem
602 693 703 735 nos
744 693 847 737 non
880 679 1077 737 fallere.
1126 680 1391 746 Quantum
1441 689 1617 741 autem
1668 679 1734 733 ad

134 767 402 831 praesens
433 763 637 831 tempus
668 749 878 831 attinet,
930 750 981 805 in
1009 764 1132 831 quo
1162 751 1299 831 nullo
1341 758 1395 813 et
1438 751 1489 831 i_n
1542 749 1734 831 opibus

134 819 422 889 angustiis
448 822 613 874 simus
639 820 935 887 audiamus,
970 829 1022 874 et
1054 819 1104 873 in
1138 821 1290 879 nobis
1316 820 1458 889 quod
1488 819 1732 881 audimus

133 906 535 962 agnoscamus.
588 892 642 949 Si
693 900 866 953 autem
918 890 1149 955 nondum
1198 894 1248 953 in
1298 890 1452 951 nobis
1482 891 1729 960 agnosci-

135 980 295 1028 mus,
355 962 518 1023 David
546 963 951 1031 incorporemur
978 972 1029 1015 et
1058 963 1133 1015 sic
1178 964 1488 1027 sentiamus,
1532 971 1583 1019 et
1608 976 1731 1025 cum

136 1034 265 1111 ipso
298 1035 578 1099 dicamus;
614 1031 770 1111 Qui},
805 1032 990 1111 exaudi
1019 1034 1296 1111 orationem
1320 1050 1509 1111 meum,
1546 1032 1595 1095 id
1625 1042 1726 1099 est,

133 1102 229 1163 lite
285 1114 555 1167 orantem.
608 1102 672 1158 Et
718 1103 820 1158 hoc
861 1104 934 1159 ita
975 1120 1037 1157 ne
1066 1104 1373 1174 despexeris,
1420 1105 1471 1159 id
1518 1112 1621 1165 est.
1673 1114 1731 1163 ut

132 1176 389 1256 amplius
421 1192 522 1239 non
553 1176 813 1256 despicias
861 1175 1259 1256 deprecationem
1304 1192 1489 1237 meam.
1533 1175 1725 1256 Multo-

134 1263 267 1301 rum
298 1248 447 1303 enim
477 1245 758 1307 exauditur
809 1245 981 1299 oratio
1028 1260 1148 1300 cum
1203 1262 1297 1314 pro
1342 1246 1728 1315 temporalibus

133 1326 376 1385 rogant,
434 1328 487 1372 et
516 1317 827 1371 conceditur
869 1317 945 1371 eis
991 1317 1129 1387 quod
1160 1317 1449 1386 postulant,
1500 1332 1726 1385 quorum

134 1400 336 1455 postea
365 1388 664 1456 despicitur
692 1387 1015 1456 deprecatio,
1046 1389 1168 1457 quia
1202 1398 1411 1447 terrena
1440 1398 1591 1445 orant
1619 1404 1723 1445 non

132 1470 344 1513 aeterna
378 1477 394 1525 ;
426 1470 477 1513 et
511 1459 625 1512 ideo
649 1459 747 1514 iste
777 1468 1057 1528 utrumque
1082 1459 1247 1526 ponit,
1281 1459 1501 1523 scilicet,
1535 1468 1726 1517 utora-

133 1528 347 1591 tionem
383 1530 654 1598 exaudiat,
687 1540 739 1583 et
770 1530 1199 1598 deprecationem
1228 1546 1331 1585 non
1361 1529 1638 1598 despiciat,
1671 1531 1722 1585 id

130 1609 242 1667 est,
301 1609 519 1655 terrena
546 1615 667 1655 eum
698 1614 854 1659 orare
880 1615 985 1655 non
1037 1601 1327 1668 permittat.
1380 1602 1491 1661 lloc
1521 1616 1722 1656 secuit.

129 1671 263 1724 dum
299 1670 707 1739 Cassiodorum,
738 1671 825 1742 qui
870 1687 976 1735 non
1027 1671 1305 1739 distinguit
1345 1671 1638 1727 orationem
1669 1684 1722 1727 et

129 1742 625 1810 deprecationem;
666 1742 812 1807 juxta
853 1757 985 1807 vero
1030 1741 1379 1811 Augustinum
1426 1752 1479 1797 et
1531 1742 1718 1797 Hiero-

130 1829 363 1881 nymum
431 1815 503 1868 ita
551 1813 935 1883 distinguitur:
984 1812 1141 1879 Deus,
1200 1813 1385 1873 rarandi
1431 1816 1716 1867 orationem

128 1900 303 1937 meam
334 1885 554 1949 factam,
602 1899 693 1951 pro
728 1885 1143 1952 perseverantia,
1178 1883 1228 1943 id
1259 1894 1363 1950 est,
1414 1883 1495 1939 iac
1522 1900 1607 1939 me
1636 1887 1717 1947 in-

130 1964 211 2009 ter
234 1956 417 2009 malos
448 1969 800 2025 perseverare
847 1969 911 2013 ne
931 1953 1199 2019 deficiam,
1250 1955 1381 2021 imo,
1422 1954 1718 2023 proficiam.

128 2026 187 2078 Et
226 2037 286 2079 ut
320 2024 581 2085 exaudias
605 2024 927 2088 orationem.
975 2042 1037 2085 tte
1064 2026 1354 2093 despexeris
1388 2026 1722 2093 praemissam

132 2112 232 2165 pro
286 2098 526 2167 peccatis
566 2096 1012 2161 deprecationem;
1065 2098 1210 2164 prius
1250 2097 1392 2167 enim
1440 2096 1725 2165 unicuique

130 2182 226 2235 pro
259 2168 502 2234 peccatis
530 2174 609 2222 est
642 2166 1057 2235 deprecandum,
1102 2166 1295 2225 deinde
1327 2182 1423 2235 pro
1475 2182 1723 2235 perseve«

131 2239 315 2293 rantia
343 2236 627 2299 orandum.
684 2235 920 2301 Intende,
963 2237 1105 2302 dico,
1138 2237 1263 2293 mihi
1291 2238 1343 2293 in
1374 2238 1636 2302 oratione,
1671 2245 1725 2293 et

130 2319 187 2363 ut
239 2309 519 2375 intendas,
572 2309 763 2369 exaudi
817 2325 895 2367 nte
927 2308 1072 2375 Prius
1112 2309 1164 2362 in
1216 2308 1612 2376 deprecatione.
1661 2309 1728 2369 Et

129 2378 287 2444 quasi
331 2378 478 2433 dicat
504 2378 552 2433 ei
582 2397 593 2431 :
625 2378 759 2447 Quid
788 2378 1003 2449 gemis?
1051 2378 1186 2445 Quid
1219 2378 1459 2446 pateris?
1498 2378 1683 2437 Subdit
1710 2400 1720 2433 :

129 2449 478 2505 Contrislatns
523 2467 636 2511 sunt
682 2450 738 2511 in
786 2450 1142 2513 exercitatione
1170 2465 1299 2511 mea.
1358 2450 1519 2516 Quasi
1551 2450 1723 2507 dicat:

131 2521 373 2579 Posuisti
405 2536 489 2581 me
520 2519 755 2583 exerceri
786 2521 924 2575 inter
955 2522 1147 2586 malos,
1171 2522 1264 2575 sed
1294 2522 1412 2591 quia
1444 2520 1540 2588 ipsi
1567 2539 1726 2591 supra

128 2594 275 2655 vires
310 2606 459 2651 meas
509 2592 786 2660 insurgunt
828 2599 1012 2651 contra
1060 2607 1167 2658 me,
1199 2591 1317 2646 ideo
1354 2601 1431 2659 tu,
1478 2592 1724 2659 Domine,

130 2663 428 2733 tranquilla
476 2663 905 2733 persecutionem
938 2676 1144 2721 eorum.
1194 2663 1298 2719 Isle
1342 2663 1546 2733 positus
1589 2666 1726 2722 inter

129 2731 305 2789 malus
342 2731 513 2797 VOlttit
563 2734 851 2799 extendere
894 2732 1225 2797 dilectionem
1272 2731 1423 2793 suam
1452 2750 1621 2803 usque
1658 2738 1724 2792 ad

130 2805 404 2869 inimicos,
448 2814 503 2859 et
549 2803 673 2858 dum
716 2818 865 2859 more
914 2804 1133 2872 perlaeti
1166 2805 1264 2863 viri
1314 2804 1627 2863 admoneret
1673 2817 1725 2863 et

131 2879 517 2941 exhortaretur
555 2889 649 2928 eos
680 2873 818 2931 inter
850 2889 984 2940 quos
1027 2876 1464 2938 conversabutur.
1510 2886 1563 2933 et
1592 2879 1724 2935 nihil

132 2948 450 3015 proficeret,
503 2946 626 3014 quia
677 2946 749 3005 illi
804 2960 962 3013 supra
1015 2948 1153 3009 vires
1207 2946 1324 3014 ejus
1373 2947 1726 3015 objurgaliant

131 3034 258 3075 eum
318 3032 441 3079 cum
488 3016 631 3069 vitiis
676 3026 731 3079 et
757 3017 1079 3083 opprobriis,
1106 3027 1159 3075 et
1185 3019 1342 3071 etiam
1373 3020 1725 3081 molestabant

131 3104 254 3149 eum
285 3090 337 3142 in
365 3088 526 3152 vitiis,
547 3086 957 3157 timuitpeidere
974 3088 1335 3145 dilectionem.
1358 3087 1421 3145 Et
1448 3092 1720 3149 noluiteos

132 3161 355 3215 vincere
386 3174 506 3213 cum
536 3159 699 3223 vitiis,
732 3158 856 3226 quia
901 3159 1013 3214 inec
1054 3168 1135 3213 est
1176 3160 1355 3227 regula
1400 3160 1633 3229 pietatis,
1668 3173 1722 3218 ut

134 3231 275 3285 tales
311 3245 406 3297 per
434 3230 673 3284 convicia
703 3245 806 3284 non
835 3230 1126 3289 vincamus.
1155 3245 1251 3283 nec
1281 3230 1425 3298 ipsos
1455 3234 1716 3299 odiamus,

132 3302 245 3355 imo
279 3316 376 3369 pro
406 3301 532 3369 ipsis
562 3315 776 3363 oremus
821 3309 875 3355 ut
906 3313 1307 3365 convertantur,
1352 3312 1405 3356 et
1445 3304 1745 3360 nobiscum

132 3382 515 3435 exerceantur.
550 3371 662 3435 Non
686 3371 829 3443 enim
878 3371 1074 3431 frustra
1107 3381 1228 3431 sunt
1258 3373 1423 3441 impii.
1458 3375 1578 3443 quia
1604 3392 1721 3430 om-

134 3446 220 3497 nis
268 3443 468 3515 impius
496 3449 586 3497 aut
633 3441 699 3505 ad
743 3442 843 3497 hoc
868 3444 1005 3515 vivit
1052 3452 1109 3515 nt
1150 3441 1595 3510 comitatum—aut
1628 3461 1722 3515 per

133 3529 257 3567 eum
294 3512 469 3575 bonus
495 3521 828 3577 exerceatur.
866 3513 1017 3569 Unde
1048 3514 1145 3573 iste
1187 3516 1353 3567 nolint
1394 3516 1561 3573 malos
1592 3512 1721 3569 con-

133 3585 297 3637 viciis
341 3584 588 3651 vincere,
633 3584 725 3645 sed
774 3586 1037 3648 convertit
1078 3598 1139 3635 se
1177 3584 1241 3638 ad
1285 3586 1602 3650 orationum.
1655 3602 1723 3642 ne

133 3655 392 3724 νειόθι-ει
419 3655 757 3711 dilectionem
780 3656 1001 3718 orando,
1027 3653 1249 3721 scilicet,
1280 3656 1414 3709 inter
1444 3657 1574 3711 tales
1603 3672 1722 3725 per-

135 3725 522 3785 seterauliam.
558 3725 786 3780 Maxime
811 3727 952 3779 enim
987 3725 1126 3780 bono
1161 3725 1270 3779 viro
1297 3729 1591 3789 cavendum
1617 3736 1718 3795 est,

136 3810 206 3851 ne
239 3797 293 3849 in
325 3795 415 3850 tali
449 3796 789 3850 tribulatione
820 3798 1007 3864 perdat
1035 3797 1401 3858 dilectionem,
1432 3800 1554 3865 quia
1586 3799 1720 3855 duos

136 3867 327 3927 hostes
367 3868 619 3936 patimur,
653 3867 878 3929 alterum
932 3867 1234 3933 visibilem,
1272 3877 1326 3921 et
1363 3868 1592 3927 alterum
1640 3870 1719 3925 in-

134 3938 429 4004 visibile"),
470 3939 561 3991 sed
593 3937 635 3991 si
683 3940 917 3993 exterius
954 3940 1178 3993 sa~viens
1220 3951 1445 4002 amatur,
1497 3941 1719 3997 interius

134 4010 369 4062 szeriens
441 4009 591 4069 facile
643 4018 946 4075 superatur.
1007 4008 1237 4075 Uterque
1304 4022 1478 4063 autem
1540 4013 1722 4068 nititur

136 4080 295 4133 nobis
323 4079 531 4133 auferre
558 4079 707 4144 illud,
736 4080 786 4135 in
811 4096 915 4148 quo
947 4095 1044 4139 nos
1068 4080 1210 4139 videt
1240 4097 1316 4145 su,
1342 4083 1543 4137 criures
1568 4098 1720 4148 esse;

136 4149 305 4221 homo
353 4165 583 4219 namque
624 4160 839 4217 superat
890 4149 1156 4211 hominem
1187 4160 1391 4205 terrena
1427 4152 1717 4221 felicitate;

134 4220 304 4275 homo
323 4236 451 4276 vero
476 4234 689 4288 superat
720 4221 985 4283 diabolum
1012 4223 1205 4279 inimici
1230 4221 1537 4277 dilectione.
1567 4220 1720 4281 Unde

134 4293 262 4349 dicit
301 4292 485 4355 beatus
516 4290 804 4360 Gregorius
836 4310 846 4343 :
888 4310 905 4345 ι
944 4293 1073 4358 Quia
1121 4294 1341 4349 suscitat
1372 4294 1718 4353 infirmiorem

133 4362 362 4417 fratrem
392 4364 646 4421 adversus
678 4378 793 4427 nos,
837 4377 933 4417 nec
981 4374 1129 4423 curat
1177 4370 1423 4431 antiquus
1470 4368 1637 4423 ltosiis
1666 4378 1723 4421 ιιι

132 4445 321 4489 nostra
357 4435 527 4499 tollat,
562 4433 654 4489 sed
689 4443 741 4495 ιιι
772 4433 1084 4487 cltaritatem
1127 4436 1178 4488 in
1209 4434 1361 4490 nobis
1394 4434 1563 4490 feriat.
1601 4457 1619 4491 ι
1655 4437 1722 4493 Ει

134 4504 256 4558 ideo
290 4504 414 4570 iste,
446 4516 500 4558 ut
527 4504 893 4571 prmdiximus,
918 4506 1182 4563 convertit
1212 4520 1271 4560 se
1298 4508 1361 4563 ad
1387 4507 1710 4575 orationem,

1836 550 1980 601 suas,
2008 536 2187 608 idest,
2221 552 2305 591 me
2347 538 2683 608 conturmare
2738 538 2838 592 sibi
2886 540 3065 595 conati
3101 536 3247 608 sunt,
3292 562 3415 603 cuiu

1838 608 2009 673 potius
2047 605 2304 662 deberent
2346 607 2475 667 mihi
2522 607 2862 665 conformari.
2912 609 2975 669 Et
3024 605 3242 671 molesti-
3269 625 3416 675 erant

1836 679 1978 743 mihi,
2002 679 2052 732 id
2083 686 2181 743 est,
2210 678 2561 741 molestabant
2588 694 2672 735 me
2704 682 3142 747 contradicendo,
3168 695 3222 741 et
3248 689 3408 745 etiam

1835 747 2263 811 contrafaciendn
2292 751 2342 805 in
2377 751 2451 805 ira
2480 764 2596 816 sua.
2630 752 2681 815 id
2708 761 2810 816 est,
2846 763 3059 820 propter
3088 756 3410 813 admonitim

1836 835 1955 887 nam
1986 834 2133 875 suam
2158 829 2211 877 el
2249 820 2679 883 exhortationem
2724 822 2843 879 irati
2884 823 3013 885 mihi
3056 838 3228 883 erant.
3256 827 3411 887 Unde

1832 906 1941 958 cor,
1972 892 2021 957 id
2053 901 2153 967 est,
2183 890 2402 967 interius
2428 908 2589 947 meum
2619 892 2971 967 conturbatum
2994 907 3086 961 est,
3113 899 3181 957 ita
3206 908 3408 967 tamen,

1834 971 1893 1025 ut
1945 962 2279 1019 conturbatio
2328 962 2413 1038 illa
2460 974 2706 1038 maneret
2726 965 2779 1017 in
2823 981 2900 1038 nte
2951 976 3171 1029 tantum,
3207 970 3255 1023 id
3299 962 3405 1038 est,

1834 1047 1937 1095 non
1968 1046 2116 1091 extra
2168 1032 2475 1100 procederet
2520 1034 2569 1087 in
2622 1035 2800 1091 odium
2836 1034 3068 1093 illorum.
3108 1040 3170 1097 lit
3198 1049 3282 1095 est
3325 1032 3409 1099 hic

1830 1102 2670 1179 determinatioconturbationis.
2715 1106 2779 1165 Et
2811 1104 2927 1179 ideo
2957 1124 3059 1171 non
3103 1113 3404 1179 supr-rlluit,

1831 1173 1953 1231 licet
1982 1176 2122 1239 idem
2154 1174 2299 1248 prius
2324 1175 2521 1248 dictum
2555 1177 2640 1241 sit,
2669 1175 3021 1248 conturbatum
3042 1188 3140 1243 est,
3167 1173 3407 1248 inquam,

1828 1261 2138 1323 cornicum.
2167 1245 2229 1323 Et
2252 1246 2359 1323 hoc
2408 1246 2561 1323 adeo,
2596 1245 2734 1316 quod
2757 1248 2957 1323 cecidit
3005 1245 3261 1315 superine
3299 1245 3408 1323 far-4

1828 1317 1965 1379 mith
1993 1320 2187 1381 mortis,
2216 1316 2266 1369 id
2294 1326 2392 1382 est,
2420 1318 2575 1371 titnnr
2612 1318 2797 1371 mortis
2839 1334 2942 1372 non
2975 1322 3279 1381 exterioi'is.
3300 1316 3403 1379 sed

1830 1387 2117 1449 interioris.
2168 1388 2283 1447 Non
2328 1388 2468 1443 enim
2515 1388 2734 1445 timebat
2783 1398 3007 1443 mortetn
3060 1392 3402 1455 exteriorem,

1828 1467 2011 1524 contra
2044 1475 2200 1527 quam
2231 1460 2497 1513 munierat
2526 1474 2648 1515 eum
2680 1457 2932 1515 Dominus
2972 1459 3157 1517 dicens
3184 1480 3197 1516 :
3231 1462 3407 1518 Nolite

1829 1530 2002 1585 timere
2048 1547 2133 1585 eos
2170 1532 2257 1597 qui
2295 1546 2477 1598 corpus
2517 1530 2774 1594 occidunt,
2831 1531 3057 1587 animant
3098 1542 3265 1595 autem
3302 1551 3406 1589 non

1828 1609 2035 1667 possunt
2063 1602 2333 1664 occidere;
2376 1600 2631 1655 timebant
2659 1609 2883 1671 mortem
2926 1601 3257 1670 interiorem,
3288 1620 3404 1671 qua:

1825 1671 2035 1737 gravior
2065 1682 2165 1737 est,
2198 1672 2249 1726 id
2289 1678 2391 1733 est,
2428 1671 2606 1729 odium
2639 1669 2916 1737 timebant,
2948 1672 3071 1740 quia
3108 1675 3245 1728 sicut
3276 1669 3407 1733 dile-

1825 1742 1929 1799 ctio
1960 1750 2041 1797 est
2073 1743 2198 1807 vita,
2234 1744 2303 1801 ita
2326 1741 2502 1801 odium
2530 1750 2611 1795 est
2642 1756 2782 1799 mors
2803 1743 3016 1797 auium.

1899 1810 2074 1873 Timor
2102 1823 2145 1866 et
2170 1825 2373 1867 tremor.
2409 1813 2543 1878 lloc,
2571 1810 2805 1880 inquam,
2826 1812 2982 1867 modo
3015 1815 3232 1882 formido
3262 1831 3403 1871 mors

1830 1884 1892 1954 tis
1921 1883 2101 1937 cecidit
2124 1901 2273 1954 super
2298 1899 2398 1954 nte,
2430 1885 2549 1951 quia
2598 1894 2837 1954 uerterunt
2866 1900 3019 1948 super
3050 1902 3127 1939 me
3158 1887 3307 1939 timor
3338 1886 3407 1940 de

1828 1952 1928 2018 ira,
1962 1963 2146 2015 tremor
2168 1952 2235 2009 de
2262 1953 2404 2011 odio.
2432 1954 2510 2013 Ira
2542 1952 2681 2008 enim
2712 1953 2889 2007 brevis
2921 1954 3066 2011 furor
3090 1966 3192 2020 est,
3224 1956 3403 2011 odium

1830 2024 2125 2081 inveterata
2181 2025 2279 2081 ira.
2336 2024 2520 2078 Timor
2567 2040 2778 2093 quoque
2823 2024 2985 2077 animi
3048 2037 3150 2090 est,
3205 2035 3405 2083 tremor

1828 2109 1955 2159 vero
2006 2096 2264 2162 corporis.
2315 2096 2377 2150 Et
2430 2094 2634 2149 videtur
2695 2095 2810 2162 plus
2862 2110 2980 2150 esse
3037 2106 3261 2161 tremor,
3314 2097 3403 2153 ubi

1830 2166 1989 2231 etiam
2019 2180 2113 2234 per
2137 2167 2543 2222 concessionem
2588 2168 2832 2234 corporis
2868 2168 3100 2221 exterius
3144 2167 3402 2233 aperitur,

1828 2249 2053 2305 quantus
2101 2236 2170 2291 sit
2202 2238 2360 2292 timor
2408 2236 2646 2295 interius.
2696 2235 2763 2301 Et
2812 2235 2928 2291 ideo
2964 2238 3122 2299 timor
3172 2236 3402 2297 refertur

1829 2305 1894 2369 ad
1928 2306 2079 2370 iram,
2109 2322 2227 2376 quae
2254 2307 2383 2364 levis
2408 2315 2510 2372 est,
2542 2315 2739 2367 tremor
2770 2321 2897 2363 vero
2926 2307 2990 2367 ad
3023 2308 3227 2371 odium,
3258 2308 3398 2374 quod

1829 2387 2113 2448 utrumque
2153 2393 2311 2448 grave
2343 2386 2442 2432 est.
2480 2380 2541 2432 Et
2593 2386 2765 2445 potest
2797 2376 2881 2435 hic
2927 2378 3070 2432 trabs
3116 2386 3169 2432 et
3199 2377 3399 2437 festuca

1830 2446 1917 2517 illa
1958 2446 2258 2512 ttotari,‘de
2299 2449 2488 2517 quibus
2523 2449 2778 2509 Dominus
2828 2448 2879 2505 in
2916 2449 3203 2515 Evangelia
3228 2448 3396 2505 dicit:

1832 2515 2116 2587 llypocrita
2144 2520 2271 2589 cjioe
2300 2515 2517 2589 primum
2544 2524 2730 2581 trabem
2763 2520 2823 2581 de
2853 2521 2995 2577 oculo
3021 2531 3128 2585 tuo,
3153 2528 3198 2572 ct
3222 2520 3403 2575 deinde

1830 2592 2076 2655 festucam
2097 2590 2160 2644 de
2182 2593 2327 2644 oculo
2352 2590 2526 2658 fratris
2556 2591 2650 2643 tui.
2678 2590 2775 2651 Per
2800 2590 3001 2653 trabem
3021 2592 3162 2647 enim
3193 2590 3395 2653 odium,

1832 2676 1924 2736 per
1957 2660 2211 2736 festucam
2259 2676 2387 2736 vero
2441 2661 2517 2719 ira
2548 2661 2873 2736 designatur.
2932 2661 2997 2715 Et
3048 2663 3205 2736 multi
3245 2660 3396 2736 pravi
3436 2722 3448 2736 '

1830 2730 2075 2795 doctores
2101 2731 2230 2787 alios
2257 2732 2322 2795 de
2351 2731 2426 2793 ira
2458 2732 2875 2796 reprehendunt.
2901 2747 3021 2793 cum
3047 2732 3145 2801 ipsi
3177 2731 3402 2793 interius

1829 2816 1986 2865 grave
2033 2811 2221 2871 gerant
2249 2804 2446 2863 odium.
2499 2801 2692 2866 Timor,
2728 2802 2966 2868 inquam,
3009 2813 3053 2857 et
3096 2814 3281 2865 tremor
3308 2818 3395 2857 tte-

1828 2882 2011 2935 nerunt
2034 2890 2186 2944 super
2212 2889 2309 2939 me,
2340 2882 2394 2926 et
2425 2874 2523 2927 huc
2552 2873 2689 2939 ideo,
2724 2873 2845 2939 quia
2879 2873 3093 2927 tenebras
3115 2872 3221 2944 odii
3248 2872 3399 2940 quasi

1828 2943 2177 3007 contexerant,
2210 2947 2260 2999 id
2293 2952 2397 3009 est,
2426 2955 2804 3011 Oppresseruut
2831 2961 2927 3005 me.
2960 2944 3077 3005 Non
3107 2943 3247 3005 enim
3278 2957 3401 3001 vere

1828 3024 2178 3077 conteserunt
2226 3029 2372 3081 eum,
2421 3017 2512 3069 sed
2564 3016 2614 3071 in
2662 3024 2806 3073 tanto
2856 3026 2999 3073 metu
3042 3024 3177 3077 erat,
3211 3028 3277 3073 ne
3314 3013 3399 3067 di-

1828 3084 2109 3151 lectionem
2138 3086 2404 3153 perderet,
2431 3094 2483 3140 et
2510 3085 2687 3139 odium
2714 3087 3026 3151 incurreret,
3053 3093 3111 3145 ut
3133 3083 3401 3138 videretur

1827 3158 1872 3207 ei
1908 3160 2055 3225 quasi
2088 3160 2265 3210 odium
2314 3156 2485 3225 ipsum
2526 3157 2635 3225 jam
2678 3157 2729 3209 in
2768 3171 2831 3209 eo
2859 3172 2997 3211 esse.
3046 3155 3234 3208 Odium
3279 3153 3401 3208 ideo

1828 3237 1980 3283 vocat
2032 3226 2297 3293 tenebras,
2340 3224 2488 3295 quia,
2526 3224 2581 3285 ut
2621 3224 2854 3285 Joannes
2904 3226 3227 3295 evangelista
3276 3225 3395 3279 ait:

1829 3294 1927 3364 Qui
1957 3298 2063 3355 odit
2096 3298 2305 3368 fratrem
2334 3294 2501 3363 suum,
2534 3297 2584 3351 in
2616 3296 2830 3368 tenebris
2860 3307 2954 3359 est.

1896 3368 1962 3431 Et
1992 3367 2100 3433 dixi
2127 3383 2145 3420 :
2181 3370 2305 3432 Quis
2346 3368 2483 3421 dabit
2515 3368 2655 3423 milii.
2700 3367 2981 3433 Venerunt,
3034 3367 3273 3436 inquam,
3311 3381 3399 3420 su-

1824 3453 1910 3507 per
1941 3455 2017 3503 nte
2056 3440 2207 3499 timor
2249 3448 2293 3492 et
2325 3450 2543 3503 tremor;
2574 3440 2698 3493 etin
2726 3439 2813 3497 illo
2849 3438 3037 3499 titnore
3067 3439 3395 3499 constitutus

1824 3510 1950 3576 dixi,
1987 3526 2095 3577 pro:
2126 3509 2305 3574 tzudiu,
2338 3512 2459 3576 quia
2503 3507 2605 3569 ιιιιί
2633 3524 2727 3569 eos
2768 3525 2897 3577 quos
2930 3509 3281 3569 admouebam
3311 3508 3395 3560 ni-

1826 3578 1899 3634 hil
1949 3582 2225 3647 prolicere,
2273 3581 2364 3633 sed
2414 3582 2584 3646 potius
2632 3579 2898 3641 deiicere:
2935 3581 3059 3645 Quis
3103 3580 3241 3631 dabit
3272 3577 3398 3631 mihi

1825 3668 2035 3717 primas,
2077 3661 2129 3704 ut
2157 3652 2445 3705 cetumer
2490 3651 2708 3717 Quando
2742 3652 2819 3704 vir
2851 3659 3065 3704 sanctus
3103 3651 3246 3703 videt
3278 3664 3395 3707 ma-

1826 3722 1904 3785 los
1949 3723 2087 3785 inter
2116 3738 2248 3791 quos
2286 3734 2639 3777 conversatur
2687 3722 2864 3789 potius
2907 3736 3064 3789 quam
3114 3719 3391 3789 prolicere,

1823 3793 1944 3861 quia
1988 3794 2267 3859 insurgunt
2295 3792 2346 3846 iu
2390 3808 2533 3859 eunt,
2563 3802 2613 3847 el
2665 3793 2936 3847 molestias
2961 3794 3007 3853 ei
3062 3792 3312 3853 inferunt,
3342 3801 3396 3844 et

1825 3880 1903 3925 sic
1934 3874 2206 3932 peccaturo
2254 3872 2468 3931 peccato
2496 3863 2886 3929 superadduut,
2928 3864 3057 3917 solet
3090 3864 3399 3931 contingere

1827 3944 2041 4004 propter
2071 3935 2282 3989 taedium
2310 3944 2365 3990 ut
2386 3934 2559 4005 capiat
2578 3950 2697 3995 eum
2717 3934 3018 3991 solitudinis
3047 3933 3394 4005 desiderium,

1828 4016 1880 4061 et
1913 4008 2023 4063 vult
2071 4006 2325 4071 recedere
2360 4024 2387 4058 e
2426 4004 2673 4073 corpore,
2707 4020 2812 4057 non
2844 4020 3044 4070 amore,
3078 4004 3306 4070 scilicet,
3341 4012 3397 4063 ut

1825 4078 2014 4146 quibus
2044 4094 2147 4131 non
2182 4087 2387 4143 poterat
2418 4079 2674 4145 prodesse
2698 4075 2978 4146 hortando,
3007 4077 3173 4142 prosit
3202 4075 3391 4127 saltem

1825 4145 2065 4214 orando;
2096 4150 2189 4201 sed
2223 4148 2371 4212 "initi
2404 4157 2521 4202 sunt
2550 4146 2741 4214 quibus
2768 4160 2871 4198 non
2903 4145 3026 4199 licet
3053 4146 3134 4199 sic
3159 4146 3396 4208 avolare,

1825 4222 1946 4288 quia
1981 4220 2166 4285 ligatas
2213 4219 2324 4275 alas
2358 4218 2570 4273 habent
2610 4231 2715 4270 non
2748 4216 2912 4279 visco,
2958 4216 3048 4275 sed
3096 4216 3296 4273 officio.
3334 4216 3397 4271 lit

1826 4287 1945 4347 ideo
1988 4290 2039 4353 lti
2082 4289 2226 4351 aliud
2256 4291 2527 4349 desertum
2580 4294 2781 4356 petunt,
2828 4287 3122 4351 deseruitut,
3168 4287 3394 4351 δοιιιυιιι,

1825 4361 2001 4423 cordis
2031 4370 2237 4429 petunt,
2270 4369 2325 4419 ut
2355 4361 2453 4412 soli
2483 4358 2588 4417 sint
2614 4360 2664 4417 iu
2694 4357 2919 4423 puritate
2966 4362 3183 4422 inclitis,
3210 4372 3309 4425 qua
3339 4372 3396 4410 se

1824 4447 1942 4495 cum
1979 4431 2087 4491 Deo
2114 4446 2210 4484 suo
2239 4431 2531 4492 oblectent,
2565 4446 2667 4487 non
2701 4439 2876 4489 tatnen
2905 4429 3004 4483 soli
3037 4438 3159 4482 sunt
3188 4430 3237 4481 in
3267 4429 3395 4480 clla-

1827 4505 2003 4567 ritate,
2027 4501 2147 4569 quia
2194 4516 2284 4569 per
2314 4500 2626 4559 cltaritatcm
2664 4515 2782 4555 cunt
2812 4500 2915 4555 illis
2942 4515 2972 4557 a
3000 4502 3188 4568 quibus
3220 4514 3397 4552 reces-

133 4568 487 4643 ne,perde‘ret
518 4568 639 4628 dilct
660 4568 889 4631 tionem.
916 4576 975 4629 Et
1003 4590 1169 4643 quare
1198 4584 1333 4635 oret,
1359 4591 1571 4635 causam
1595 4568 1713 4635 red;
1742 4568 1793 4627 Ι)
1818 4582 2003 4631 serunt
2044 4568 2307 4629 ευηιᾳειο
2344 4573 2484 4625 enim
2529 4580 2773 4640 quaerunt
2808 4572 3044 4643 requiem
3092 4573 3143 4624 in
3188 4579 3391 4643 mente,

133 4647 232 4711 dit,
268 4647 456 4700 dicens
484 4665 494 4699 :
525 4645 864 4701 Contristutus
885 4657 1076 4700 sumet
1106 4646 1455 4703 conturbatus
1486 4650 1719 4706 timendo

132 4719 362 4786 perdere
392 4717 732 4771 dilectionem
764 4719 815 4769 in
843 4718 1200 4775 exercitatione
1229 4734 1357 4782 mea,
1388 4719 1436 4771 id
1466 4730 1565 4785 est,
1592 4721 1716 4775 dum

132 4803 393 4844 exerceor
423 4789 560 4845 inter
593 4790 762 4847 tnalos
791 4789 1129 4849 admonendo
1159 4803 1271 4852 eos,
1306 4798 1359 4842 et
1407 4788 1561 4855 nihil,
1594 4793 1715 4859 quia

134 4859 424 4931 insurgunt
470 4873 629 4931 super
654 4862 792 4913 vires
833 4875 1000 4931 nicas,
1034 4859 1381 4927 proliciendu.
1412 4862 1544 4917 Nota
1574 4864 1717 4931 quod

132 4930 271 4985 dicit
316 4945 445 4985 mea.
480 4929 605 4991 Duae
635 4931 776 4991 enim
820 4930 1227 4993 exercitationes
1278 4940 1436 4985 sunt:
1471 4929 1714 4987 una—bo-

133 5016 352 5064 norum,
408 5001 571 5063 altera
625 5003 903 5062 inalorum.
956 5002 1278 5057 Exercitatio
1331 5003 1593 5058 malorum
1636 5014 1718 5059 est

130 5072 364 5137 inutilis,
397 5072 607 5139 quando
647 5071 772 5129 mali
816 5073 1018 5135 scilicet
1056 5076 1428 5141 Opprimuntur
1470 5088 1498 5126 ιι
1539 5077 1714 5131 malis.

134 5142 466 5203 Exercitatio
499 5143 756 5199 bonorum
789 5153 871 5197 est
899 5144 1208 5201 exercitatio
1255 5145 1320 5198 ad
1363 5145 1636 5212 pietatem,
1665 5157 1718 5201 et

131 5214 200 5273 ad
232 5215 415 5275 onmia
449 5213 611 5286 utilis,
641 5216 812 5283 qualis
858 5224 940 5286 est
991 5216 1075 5269 hic
1106 5215 1437 5282 accipienda.
1489 5215 1552 5270 Et
1594 5219 1715 5286 quia

133 5286 242 5339 duo
284 5286 483 5352 posuit,
514 5284 621 5347 duo
652 5286 813 5341 etiam
843 5285 1038 5350 subdit.
1082 5286 1230 5354 quasi
1279 5288 1418 5340 diost
1446 5304 1457 5339 ε
1489 5284 1713 5343 Contur—

132 5356 285 5417 battis
313 5372 463 5428 suto,
498 5357 734 5425 inquam,
778 5374 809 5411 a
854 5372 969 5410 voce
1013 5357 1223 5422 inimici,
1267 5357 1315 5410 id
1347 5366 1448 5423 est,
1501 5372 1717 5428 prepter

130 5427 606 5496 exprobrationem
656 5436 711 5483 et
755 5429 990 5481 convicia
1046 5429 1186 5482 illata
1240 5428 1307 5480 ab
1356 5427 1608 5485 inimico.
1649 5429 1715 5482 Et

130 5500 487 5557 contristatus
525 5512 640 5551 sum
680 5514 711 5552 α
751 5499 1077 5557 tribulatione
1124 5499 1421 5567 peccatoris,
1470 5500 1560 5563 qui
1610 5516 1714 5555 non

129 5569 307 5623 solum
353 5568 647 5634 maledixit,
697 5570 788 5622 sed
835 5578 888 5631 ct
928 5581 1108 5629 contra
1160 5568 1281 5625 fecit
1328 5569 1531 5637 ﬂagella
1566 5570 1716 5625 adhi-

130 5640 350 5707 bendo;
402 5640 518 5708 plus
549 5640 690 5695 enim
736 5650 819 5695 est
856 5639 1198 5697 contristatus
1231 5655 1387 5708 quam
1420 5642 1711 5695 conturbat-.-

131 5722 244 5776 tus,
271 5716 401 5779 quia
421 5712 757 5773 conturbatio
782 5713 894 5765 llaec
924 5722 1004 5765 est
1032 5722 1232 5767 tantum
1264 5711 1329 5764 ad
1362 5712 1567 5767 horam.

209 5783 471 5850 Quoniam
510 5781 915 5839 declinaverunt.
963 5783 1084 5839 ideo
1134 5783 1322 5847 merito
1365 5783 1714 5839 contt'istatus

132 5868 254 5922 sunt
289 5866 342 5922 et
373 5853 745 5919 conturbatus,
774 5854 1016 5926 quoidam
1044 5854 1142 5929 ipsi
1180 5854 1379 5919 inimici
1422 5853 1711 5913 declinare

1821 4655 1875 4697 ut
1906 4659 2099 4711 corpus
2144 4653 2319 4699 tamen
2351 4643 2584 4697 exterius
2619 4658 2722 4697 non
2756 4642 3100 4701 subtrahatur
3127 4656 3156 4695 a
3189 4640 3387 4711 labore.

1820 4714 1883 4768 Et
1912 4710 2051 4768 [tunc
2081 4714 2239 4775 talem
2271 4728 2537 4769 recessum
2570 4724 2715 4781 optat
2748 4714 2867 4774 iste,
2902 4728 3020 4767 cum
3064 4711 3227 4766 dicit:
3271 4710 3396 4774 Quis

1818 4784 1954 4861 dabit
1995 4785 2118 4843 uti/ti
2150 4802 2358 4861 pennas,
2391 4784 2584 4861 “idest,
2622 4788 2976 4845 recessionent
3011 4784 3079 4861 ab
3122 4782 3204 4861 itis
3235 4781 3389 4861 illatis

1818 4858 1993 4927 potius
2039 4852 2158 4930 per;
2180 4871 2265 4910 me
2311 4855 2705 4930 deficientibus,
2744 4870 2901 4923 quam
2952 4852 3391 4930 proficientibus:

1821 4922 2019 4995 pennas
2040 4922 2195 4991 dicit,
2221 4942 2338 4995 qua:
2371 4937 2497 4985 sunt
2524 4928 2653 4980 sicut
2686 4922 2871 4995 penna:
2902 4924 3163 4983 columbae.
3197 4922 3265 4995 lit
3300 4937 3389 4974 vo-

1820 4993 1955 5061 labo,
1989 4998 2037 5052 id
2067 5008 2170 5060 est,
2202 4993 2449 5053 recedant
2482 4999 2547 5051 ab
2574 4997 2652 5051 eis
2687 4993 2748 5049 in
2790 4995 2984 5049 mentis
3016 4993 3383 5057 solitudinem,

1818 5080 1863 5124 et
1907 5069 1984 5123 sic
2030 5070 2361 5136 requiescam.
2405 5069 2567 5135 Quasi
2610 5069 2749 5123 dicat
2780 5087 2790 5119 :
2827 5066 2981 5121 Certe
3031 5075 3105 5129 tu,
3142 5065 3385 5127 Durnine,

1818 5140 1969 5201 dabis
1996 5139 2122 5201 milii
2157 5157 2373 5207 patinas,
2409 5143 2494 5208 qui
2527 5140 2747 5193 exaudis
2774 5139 3071 5195 orationem
3106 5151 3298 5198 meant,
3334 5142 3390 5189 et

1818 5229 1921 5267 non
1953 5211 2181 5279 despicis
2206 5213 2640 5280 deprecationem
2672 5224 2864 5263 ineant.
2899 5209 3030 5266 Cum
3070 5223 3255 5280 penna:
3281 5208 3388 5260 sint

1817 5298 2102 5339 corvorum
2134 5291 2188 5336 et
2217 5279 2550 5349 acuipitrum,
2596 5280 2734 5337 sicut
2757 5280 3150 5341 columbarum,
3181 5279 3278 5337 iste
3311 5287 3388 5349 ta—

1817 5372 1938 5411 men
1966 5352 2157 5422 quierit
2186 5354 2288 5409 sibi
2332 5348 2532 5409 tantum
2576 5352 2689 5405 dari
2719 5366 2920 5420 pennas
2952 5351 3233 5414 columine,
3261 5348 3389 5417 quia

1816 5424 2064 5481 columba
2114 5427 2305 5493 quaerit
2344 5441 2373 5480 ιι
2425 5424 2683 5479 molestiis
2731 5422 3111 5485 avolationeui,
3156 5422 3249 5493 sed
3280 5436 3385 5475 non

1818 5497 2011 5555 amittit
2037 5496 2398 5558 ditentioncni,
2430 5496 2552 5563 quia
2580 5495 2787 5559 signum
2814 5502 2895 5545 est
2923 5492 3225 5546 dilectionis
3254 5493 3389 5549 mul-

1820 5569 1884 5623 tis
1913 5568 2105 5621 IIIUtliS.
2140 5568 2228 5620 Sic
2260 5576 2311 5619 et
2355 5568 2452 5619 iste
2489 5576 2691 5634 quaeret
2721 5566 2933 5618 atolare
2966 5579 2994 5618 ιι
3033 5564 3182 5617 malis
3215 5564 3391 5618 fratri-

1821 5640 1942 5703 bus,
1978 5654 2111 5707 quos
2154 5639 2348 5705 patitur
2387 5647 2441 5693 ιιι
2488 5638 2827 5691 dilectionem
2875 5651 2978 5691 non
3027 5635 3261 5698 antittat,
3296 5635 3388 5697 sed

1819 5724 1939 5773 cunt
1974 5711 2051 5763 eis
2078 5725 2289 5773 semper
2321 5724 2410 5777 per
2439 5708 2751 5763 cltaritaten.
2786 5718 3015 5762 maneat.
3063 5707 3130 5759 Et
3167 5708 3392 5761 tuittitur

1818 5780 1903 5835 liie
1948 5780 2012 5834 ad
2044 5780 2370 5848 Scripturani
2413 5780 2578 5843 illam,
2623 5780 2707 5835 ubi
2755 5780 2945 5847 legitur
2972 5780 3110 5849 quod
3144 5778 3391 5849 columba

1817 5851 1886 5917 de
1910 5866 2036 5920 arca
2073 5845 2290 5921 emissa,
2315 5852 2437 5922 quia
2469 5851 2661 5923 ubique
2703 5845 2876 5909 lutosa
2905 5845 3020 5913 loca
3051 5851 3276 5918 invenit,
3322 5845 3387 5904 ad
