3984 6362
547 354 643 409 76ἷ

1030 352 1230 410 ΒΕ)οΕ
1271 350 1721 411 VENERABILIS
1758 350 1907 407 OPP.
1950 348 2128 409 PARS
2164 350 2229 407 ll.
2271 348 2463 409 SEC'I'.
2502 349 2571 407 li.
2602 378 2671 393 —-
2707 349 2919 407 DUBIA
2959 350 3048 408 ET
3087 351 3363 413 SPURIA.

3703 358 3805 413 763

543 483 720 525 arcam
751 481 844 536 per
870 465 1210 540 dilectionem
1239 468 1417 540 rediit.
1447 468 1538 524 Sic
1575 474 1631 523 et
1660 467 1782 532 iste,
1812 469 1901 533 qui
1928 468 2103 540 lutosa
2130 467 2186 526 Α
2207 474 2316 540 εει,Δ
2342 465 2664 540 mandatum
2683 465 2737 540 in
2784 468 2951 540 medio
2995 470 3126 537 ejus,
3155 469 3354 540 idest,
3383 471 3436 525 in
3485 470 3657 525 corde
3689 472 3804 540 ejus

544 540 659 595 loca
699 546 903 594 tantum
945 538 1146 594 invenit
1176 539 1434 594 malorum
1481 540 1533 595 in
1582 549 1845 593 secretum
1899 538 2100 602 cordis,

546 619 757 667 servata
785 616 962 663 tamen
991 610 1044 663 in
1072 625 1132 665 se
1156 610 1462 676 dilectione,
1496 610 1735 677 recipere
1765 623 1823 663 se
1859 608 2068 677 quaerit.

617 681 750 737 Ecce
771 679 1006 752 elongavi
1050 681 1268 752 fugiens.
1306 680 1467 746 Quasi
1496 680 1679 752 dicat_:
1712 679 1943 752 Quafsivi
1972 694 2103 752 peu-

544 768 640 809 nas
656 751 785 807 mihi
807 750 944 817 dari,
968 760 1023 806 et
1043 750 1170 809 ecce
1192 750 1391 807 factum
1417 760 1501 808 est
1524 750 1662 820 quod
1689 750 1955 816 Optabam,
1984 750 2107 819 quia

547 839 736 893 penute
765 831 887 879 sunt
917 823 1046 877 mihi
1073 821 1212 879 datae
1238 840 1253 887 ;
1286 832 1340 878 et
1377 837 1477 890 ego
1506 822 1703 892 fugiens
1728 822 1961 890 elongavi
1996 836 2105 889 me,

544 894 767 959 scilicet,
788 903 844 949 ut
869 893 1016 948 solus
1036 908 1211 950 essem
1228 894 1281 949 in
1306 894 1497 949 mentis
1528 893 1774 956 puritate,
1798 908 1904 946 non
1931 901 2107 947 tamen

543 965 691 1022 solus
741 965 792 1019 in
848 963 1129 1029 charitate,
1172 976 1217 1020 et
1265 968 1319 1018 in
1356 978 1421 1020 ea
1466 964 1741 1019 solitudine
1793 964 1978 1017 mansi.
2011 962 2109 1017 Vel

546 1036 910 1108 clongavi_me
974 1036 1199 1092 tendens
1256 1037 1309 1090 in
1366 1036 1633 1108 desertum
1688 1048 1911 1101 corpore
1931 1047 2110 1108 .___non

546 1105 750 1185 amore.
778 1106 849 1162 Et
877 1110 975 1161 hoc
998 1109 1138 1173 ideo,
1169 1105 1675 1185 quia_exspectabam
1711 1118 1849 1185 cunt,
1885 1105 2107 1185 scilicet,

547 1178 736 1241 Deum,
768 1192 1042 1247 quousque
1068 1192 1152 1231 me
1189 1175 1550 1242 confortaret;
1580 1189 1726 1239 eum,
1754 1175 1895 1247 dico,
1921 1176 2009 1247 qui
2030 1177 2109 1247 si-

545 1258 635 1327 cut
656 1245 1093 1327 jam'mesalvum
1117 1250 1233 1318 fecit
1246 1250 1313 1327 in
1339 1262 1455 1314 spe,
1487 1248 1667 1327 itanie
1709 1245 1913 1327 salvum
1947 1245 2113 1327 faciet

547 1318 603 1374 in
635 1316 693 1374 re
721 1332 753 1374 a
777 1316 1212 1389 pusillanimitate.
1245 1320 1294 1374 id
1324 1329 1425 1383 est,
1444 1318 1522 1389 ab
1551 1316 1855 1389 inﬁrmitate
1877 1317 2110 1385 spiritus,

546 1389 599 1445 id
627 1398 727 1453 est,
760 1387 833 1445 ita
862 1404 947 1444 me
968 1389 1328 1455 confirmaret,
1359 1398 1415 1443 ut
1436 1387 1547 1458 jam
1578 1402 1681 1442 non
1717 1388 2108 1458 timeremiper-

548 1461 679 1517 dere
707 1462 847 1516 inter
876 1460 1045 1517 malos
1073 1460 1415 1515 molestantes
1441 1457 1532 1513 me
1557 1457 1916 1513 dilectionem.
1944 1457 2015 1512 Et
2035 1457 2112 1512 sic

548 1532 766 1597 spiritus
804 1546 953 1587 meus
985 1532 1132 1601 prius
1177 1532 1439 1601 infirmus,
1462 1529 1719 1601 timendo,
1751 1538 1898 1583 esset
1929 1528 2113 1584 firmus

550 1602 680 1657 nihil
710 1598 1063 1670 timendofet
1106 1604 1193 1671 qui
1237 1617 1322 1656 me
1366 1600 1573 1656 salvum
1617 1598 1817 1671 faceret
1843 1606 2114 1671 aitcmpe-

547 1682 698 1741 state,
741 1675 794 1729 id
823 1681 920 1751 est,
954 1669 997 1727 7a
1023 1669 1219 1751 mentis
1240 1671 1675 1751 perturbatione.
1705 1669 1762 1725 Si
1811 1669 1943 1751 quis.
1969 1670 2115 1751 enim

552 1758 658 1799 non
686 1740 924 1799 attendit
951 1745 1073 1814 quid
1104 1740 1357 1799 Dominus
1386 1757 1483 1814 pro
1507 1756 1572 1814 eo
1600 1754 1787 1814 passus
1815 1741 1902 1805 sit,
1932 1742 1982 1793 in
2027 1740 2117 1794 illo

2210 536 2589 611 multitudinis.
2632 537 2732 611 Qui
2783 538 2927 611 enim
2973 536 3156 595 verum
3206 539 3356 606 dicit,
3406 555 3510 596 nou
3564 536 3801 611 laborat,

2212 608 2294 681 vel
2334 608 2385 661 in
2416 608 2772 681 medioejus,_
2790 607 2968 681 idest,
3001 610 3053 668 in
3088 610 3239 680 plebe
3269 613 3387 681 ejus
3414 627 3535 681 qua:
3564 607 3807 668 circum;

2208 677 2365 750 datur
2393 679 2460 733 ab
2509 679 2639 745 ipsis
2670 678 2986 748 majoribus,
3013 677 3100 736 est
3136 677 3313 737 labor.
3342 681 3408 735 Et
3431 677 3702 750 injustitia
3730 694 3807 739 est

2212 748 2275 823 in_
2298 748 2426 823 ipsis
2459 750 2789 823 majoribus;
2846 751 3106 819 injustitia
3132 754 3275 808 enim
3324 748 3538 823 proprie
3566 756 3806 823 pertinet

2212 818 2277 872 ad
2319 820 2443 874 illos
2474 822 2564 889 qui
2591 820 2855 889 judicant.

2285 889 2351 965 _Et
2378 906 2479 965 non
2503 892 2708 965 defecit.
2733 891 2976 947 Ostendit
3006 894 3057 948 in
3090 895 3329 961 partibus
3357 894 3500 965 quod
3522 910 3656 951 vere
3695 912 3804 950 ma-

2212 959 2402 1035 nifesta
2446 962 2701 1035 iniquitas
2734 973 2816 1017 est
2856 965 2907 1019 in
2956 959 3170 1019 civitate
3217 959 3467 1035 prredi'cta
3493 1007 3510 1033 ,
3566 968 3798 1032 scilicet,

2211 1032 2333 1107 quia
2362 1048 2517 1107 usura
2546 1042 2591 1087 et
2615 1034 2777 1107 dolus
2792 1050 2895 1107 non
2926 1037 3107 1105 defecit
3138 1038 3201 1089 de
3219 1032 3410 1107 'plateis
3439 1032 3572 1107 ejus,
3602 1038 3655 1091 id
3690 1050 3794 1104 est,

2212 1101 2280 1156 de
2325 1103 2541 1169 publico
2583 1104 2721 1170 ejus,
2766 1105 2817 1158 id
2866 1101 3277 1169 est,inanifesie
3307 1101 3600 1164 exercetur
3630 1101 3797 1163 usura

2212 1181 2269 1227 et
2294 1173 2469 1248 omnis
2507 1173 2664 1229 dolus
2696 1174 2747 1228 in
2776 1190 2857 1248 ea,
2897 1192 2991 1243 per
3020 1180 3157 1245 quod
3190 1190 3412 1248 augetur
3449 1178 3566 1248 ejus
3600 1180 3801 1247 iniqui-

2216 1251 2314 1306 tas,
2345 1243 2463 1312 quio
2493 1259 2652 1299 omne
2699 1246 2895 1300 malum
2936 1243 3318 1304 exsecrabilius
3368 1243 3636 1310 redditur.
3672 1243 3796 1305 cum

2215 1313 2427 1386 publica
2457 1317 2871 1383 praesumptione
2905 1326 3185 1373 tractatur.
3220 1322 3283 1373 Et
3325 1320 3517 1386 accipit
3550 1322 3641 1373 hic
3672 1336 3801 1373 usu-

2215 1398 2329 1437 ram
2359 1384 2505 1439 illam
2545 1386 2611 1441 de
2656 1402 2757 1455 qua
2805 1388 2931 1442 alibi
2959 1390 3160 1443 dictum
3193 1401 3274 1445 est
3309 1408 3321 1443 :
3364 1384 3467 1453 Qui
3508 1407 3615 1443 non
3668 1392 3803 1443 dedit

2216 1456 2481 1528 pecuniam
2522 1474 2668 1510 suam
2722 1458 2788 1511 ad
2841 1474 3071 1512 usuram.
3124 1459 3214 1515 Vel
3260 1471 3433 1528 potest
3492 1462 3579 1512 hic
3631 1463 3797 1528 accipi

2218 1540 2373 1598 usura
2424 1527 2513 1580 illa
2544 1528 2915 1598 injustissima,
2961 1531 3102 1597 quod
3138 1527 3319 1598 parva,
3367 1532 3597 1591 scilicet,
3628 1527 3796 1585 oﬂ’en-

2217 1595 2366 1670 sione
2394 1595 2617 1670 gravem
2648 1599 2804 1653 nimis
2850 1595 3410 1670 vindictam'exigunt,
3443 1600 3667 1670 quando
3706 1616 3798 1666 pro

2218 1666 2334 1742 solo
2362 1668 2522 1742 verbo
2554 1668 2781 1738 aliquem
2823 1672 3092 1742 occidunt,
3120 1666 3281 1741 quam
3305 1666 3525 1726 usura'm
3553 1673 3798 1742 sequitur

2219 1737 2331 1808 alia_
2354 1737 2567 1805 gravior
2594 1737 2775 1808 usura,
2807 1741 3030 1801 scilicet.
3056 1737 3330 1797 damnatio
3361 1751 3588 1796 aeterna.

551 1815 701 1883 quasi
728 1806 984 1890 Christus:
1001 1815 1219 1890 dormit,
1258 1824 1314 1890 et
1359 1806 1479 1890 ideq
1520 1813 1571 1865 in
1600 1806 1730 1879 'ejus
1759 1820 1935 1890 mente
1978 1819 2116 1890 tem:
2148 1831 2196 1890 Β
2260 1806 2551 1890 ΔΩιιοηὶιιηι
2592 1810 2636 1863 si
2672 1806 2935 1890 inimicus.
2971 1812 3026 1865 Si
3082 1814 3329 1890 superius
3378 1827 3473 1880 per
3523 1814 3799 1890 inimicum

554 1880 733 1948 pestas
784 1884 1195 1953 perturbationis
1250 1884 1347 1947 iit;
1390 1883 1480 1952 qui
1537 1880 1943 1953 verouattendit
1991 1882 2117 1953 quid

555 1951 809 2009 Dominus
836 1969 1021 2021 passus
1049 1955 1140 2021 sit,
1170 1964 1225 2011 et
1254 1954 1308 2008 in
1338 1951 1512 2020 aliqua
1541 1951 1888 2006 similitudine
1917 1952 2119 2018 passio-

553 2040 679 2079 num
707 2020 901 2081 Christi
946 2020 1139 2095 gaudet
1166 2023 1412 2088 inveniri,
1454 2024 1507 2077 in
1549 2023 1640 2078 illo
1683 2024 1832 2095 quasi
1875 2020 2120 2077 Christus

550 2096 783 2165 evigilat,
827 2104 880 2150 et
906 2093 1037 2150 mari
1079 2104 1133 2151 et
1158 2098 1329 2151 ventis
1348 2096 1605 2165 imperat,
1647 2102 1701 2149 et
1727 2093 1804 2147 sic
1834 2101 2120 2165 tempestas

555 2164 749 2222 cessat.
795 2166 885 2222 Vel
916 2167 1074 2221 etiam
1109 2175 1281 2235 potest
1306 2164 1410 2219 dici
1438 2181 1451 2217 :
1483 2165 1583 2230 Qui
1615 2165 1816 2218 salvum
1846 2178 1934 2217 me
1979 2164 2121 2235 iace-

554 2248 636 2292 ret
662 2251 691 2290 a
719 2247 1054 2307 tempestate,
1087 2234 1137 2290 id
1171 2249 1272 2301 est,
1322 2235 1388 2288 ab
1427 2236 1678 2291 exteriori
1730 2234 2120 2307 persecutione,

553 2322 661 2377 non
688 2304 842 2377 quod
858 2307 1068 2375 penitus
1094 2309 1393 2376 persecutio
1436 2315 1695 2373 cessaret,
1728 2304 1822 2359 sed
1863 2319 1965 2373 ego
1993 2320 2123 2362 cou-

458 2393 489 2425 γ’
557 2376 795 2433 firmatus
820 2394 925 2435 non
968 2378 1322 2433 attenderem.

625 2448 925 2521 Prwcipita,
950 2449 1187 2504 Domine.
1211 2448 1299 2506 Sic
1319 2448 1657 2521 continuatur
1679 2464 1695 2502 :
1707 2443 2117 2521 Exspectabam,

559 2516 937 2589 inquam,'eum
980 2522 1067 2589 qui
1095 2522 1291 2574 salvum
1335 2535 1413 2573 me
1441 2518 1659 2573 faceret.
1707 2516 1817 2585 Ego
1853 2519 1975 2589 dico
2002 2518 2123 2588 (di-

554 2588 682 2647 cens
710 2591 805 2661 ita)
835 2608 849 2643 :
879 2592 1162 2659 pracipita,
1188 2590 1421 2661 Domine,
1452 2598 1554 2643 etc.
1590 2590 1680 2661 Vel
1705 2588 1991 2661 secundum
2014 2589 2123 2645 Au-

557 2660 822 2727 gustinum
871 2662 983 2718 ita:
1029 2662 1233 2716 Inimici
1268 2660 1479 2729 quidem
1519 2660 1897 2713 declinaverunt
1946 2660 2002 2713 in
2044 2675 2125 2716 me

557 2732 881 2799 iniquitates;
911 2740 967 2787 tu
992 2740 1189 2795 autem,
1222 2730 1455 2794 Domine,
1490 2732 1755 2799 prtecipita
1784 2745 1875 2785 eos
1902 2732 1969 2784 de
1996 2744 2122 2799 pec-

556 2813 678 2857 cato
702 2804 754 2857 in
784 2813 1077 2869 peccatum.
1112 2802 1178 2856 Et
1209 2801 1414 2873 linguas
1444 2816 1617 2855 eorum
1636 2801 1816 2873 divide
1840 2816 1868 2853 a
1895 2801 2121 2873 veritate

558 2882 666 2936 tua,
697 2874 915 2935 scilicet,
953 2882 1009 2927 ut
1053 2888 1265 2940 semper
1291 2870 1591 2942 loquantur
1624 2872 1929 2926 falsilatem.
1968 2870 2122 2939 Quod

560 2958 662 2998 non
693 2944 815 2999 dico
854 2959 920 2998 ex
964 2943 1369 3012 malevolentia,
1412 2943 1504 2996 sed
1545 2946 1794 3009 quoniam
1843 2942 1942 3010 ipsi
1981 2942 2125 3012 digni

558 3023 701 3085 sunt,
734 3015 856 3085 quia
899 3030 998 3083 ego
1045 3009 1162 3067 vidt‘
1177 3015 1514 3083 iniquitatem,
1564 3022 1665 3085 eic.
1717 3012 1810 3067 Vel
1852 3009 2124 3085 potest'in

562 3084 701 3139 bono
737 3083 905 3154 accipi
948 3086 1065 3145 hoc.
1101 3094 1159 3138 ut
1200 3086 1275 3138 sic
1304 3086 1549 3137 dicatur:
1587 3084 1823 3147 Domine,
1866 3083 2128 3153 praecipita

559 3170 650 3209 eos
680 3171 708 3209 a
759 3158 1003 3223 superbia
1037 3157 1090 3210 in
1133 3154 1506 3218 humilitatem,
1544 3156 1593 3209 id
1623 3166 1724 3216 εει,
1758 3154 1979 3207 humilia
2004 3169 2123 3209 eos.

559 3226 626 3279 Et
657 3226 861 3296 linguas
888 3242 1063 3281 eorum
1099 3229 1242 3295 prius
1285 3226 1656 3291 conSpirantes
1698 3226 1750 3280 in
1798 3226 2016 3291 malum,
2048 3226 2130 3278 di-

562 3298 675 3351 vide
699 3298 766 3351 ita
802 3306 860 3352 ut
888 3298 1115 3368 amplius
1146 3298 1197 3351 in
1222 3297 1362 3352 malo
1389 3297 1490 3351 sibi
1520 3311 1622 3351 non
1650 3299 2007 3366 acquiescant,
2033 3296 2131 3368 sed

564 3369 872 3434 conspirent
922 3367 988 3424 in
1018 3369 1181 3425 bono.
1210 3368 1279 3423 Et
1327 3382 1546 3423 necesse
1590 3378 1671 3423 est
1714 3380 1768 3420 ut
1799 3368 1899 3423 hoc
1940 3367 2127 3433 facias,

562 3442 803 3507 quoniam
830 3440 883 3493 in
908 3441 1126 3506 civitate,
1159 3439 1211 3494 id
1239 3448 1343 3505 est,
1378 3438 1429 3493 in
1454 3454 1637 3493 eorum
1665 3438 2002 3493 multitudine
2029 3438 2131 3493 vidi

564 3510 883 3578 iniquitatem
923 3511 975 3565 in
1021 3510 1175 3566 factis
1221 3520 1269 3565 et
1314 3511 1764 3564 contradictionem
1819 3510 1872 3565 in
1930 3508 2128 3567 verbis.

564 3581 714 3645 Quod
746 3592 823 3634 est
873 3580 1050 3636 dicere
1087 3598 1098 3633 :
1133 3582 1282 3636 Adeo
1314 3580 1591 3635 manifesta
1629 3580 1879 3650 iniquitas
1907 3589 1960 3634 et
1998 3593 2129 3633 con-

567 3651 810 3705 tradictio
839 3662 917 3704 est
965 3652 1015 3705 in
1041 3653 1141 3714 eis,
1172 3661 1233 3705 ut
1268 3652 1334 3705 ab
1361 3653 1608 3706 omnibus
1639 3649 1805 3720 possit
1840 3649 2027 3705 videri.
2064 3650 2131 3707 Et

565 3721 906 3788 dcsiguanter
948 3738 1043 3790 per
1085 3722 1413 3789 iniquitatem
1466 3722 1605 3776 mala
1647 3737 1831 3789 opera,
1866 3736 1958 3789 per
1998 3735 2131 3777 con-

564 3790 935 3861 tradictionem
989 3808 1115 3847 vero
1167 3792 1307 3860 quod
1350 3806 1562 3861 semper
1603 3794 1811 3846 veritati
1863 3792 2133 3848 contradi-

565 3869 734 3914 catur.
762 3859 1041 3917 Civitatem
1083 3859 1259 3917 autem
1283 3870 1437 3917 vocat
1468 3859 1864 3917 multitudinem
1897 3863 2128 3917 illorum.

564 3923 661 4003 Est
688 3926 929 3999 quaedam
960 3934 1145 3987 civitas
1172 3932 1520 3997 confusionis,
1559 3935 1868 4003 Babylonia,
1906 3933 2128 3999 scilicet,

570 4001 637 4055 ad
661 4016 817 4070 quam
849 4019 1034 4058 omnes
1063 4005 1184 4057 mali
1214 4003 1501 4071 pertinent,
1522 4007 1656 4059 sicut
1675 4001 1711 4058 ε
1732 4007 1999 4059 contrario
2019 4016 2134 4059 om-

564 4074 807 4127 nes-boni
834 4074 897 4127 ad
928 4076 1218 4130 Jerusalem
1246 4075 1532 4143 pertinent.
1566 4074 1630 4129 Et
1654 4075 1912 4128 mittimur
1943 4075 2028 4129 hic
2066 4076 2133 4130 ad

563 4152 673 4197 tres
701 4143 941 4216 diversas
970 4147 1269 4214 Scripturas
1295 4162 1309 4210 ;
1344 4160 1436 4213 per
1479 4144 1757 4216 Pra’cipita
1786 4147 1925 4199 enim
1971 4147 2136 4201 mitti-

561 4222 646 4267 tur
675 4213 739 4267 ad
768 4213 1098 4283 Scripturam'
1135 4232 1252 4283 quas
1296 4216 1426 4271 dicit
1472 4217 1611 4285 quod
1650 4213 1870 4284 quidam
1918 4217 2135 4285 superbi

562 4285 661 4337 sub
691 4290 932 4357 tempore
975 4288 1085 4341 Noe
1112 4287 1311 4341 diluvio
1338 4288 1444 4341 sint
1492 4286 1826 4355 praecipitati,
1856 4287 1977 4357 quia
2016 4289 2138 4343 illo~

564 4371 679 4427 rum
734 4356 1087 4424 prtecipitatio
1136 4357 1451 4426 significavit
1496 4358 1784 4427 justorum,
1832 4356 1898 4412 de
1945 4358 2136 4427 quibus

565 4424 651 4478 hic
697 4427 892 4500 agitur,
936 4424 1446 4500 praecipitationem;
1479 4424 1783 4500 pchivide
1821 4424 2024 4500 linguas
2051 4444 2137 4483 eo-

562 4512 676 4567 rum
704 4496 963 4551 mittimur
1007 4498 1073 4551 ad
1107 4499 1226 4552 illos
1272 4500 1361 4566 qui
1414 4496 1532 4567 pust
1559 4498 1833 4553 diluvium'
1860 4496 2045 4553 turrim
2082 4501 2134 4555 in

2153 3187 2201 3251 C

2221 1886 2272 1953 ei
2305 1888 2640 1953 peccatorem
2672 1880 2819 1935 illum
2863 1891 3091 1947 tantum,
3121 1880 3209 1953 qui
3241 1898 3457 1948 semper
3483 1896 3639 1937 extra
3682 1885 3797 1951 fuit,

2221 1948 2273 2023 id
2312 1958 2418 2023 est,
2452 1949 2661 2006 lidelem
2708 1953 3095 2023 acceperimus,
3137 1948 3209 2008 ἰιι
3250 1953 3441 2009 beatus
3472 1948 3798 2023 Augustinus

2222 2018 2348 2073 dicit
2368 2060 2380 2082 ,
2411 2027 2535 2093 tunc
2572 2036 2766 2093 versus
2797 2018 2899 2093 iste
2950 2024 3028 2078 sic
3070 2025 3499 2091 continuabitur,
3528 2018 3681 2093 quasi
3714 2026 3793 2079 di-

2222 2098 2308 2143 cat
2347 2106 2359 2143 :
2406 2090 2615 2165 Quaeris
2670 2092 3023 2165 avolationem
3072 2105 3290 2165 propter
3340 2090 3489 2149 illos
3519 2090 3611 2162 qui
3658 2107 3798 2150 extra

2222 2170 2362 2234 sunt.
2390 2161 2648 2234 Quiescas
2675 2163 2836 2232 igitur
2864 2165 3003 2233 apud
3033 2161 3154 2221 illos
3176 2161 3273 2234 ἰιιιί
3296 2167 3439 2220 intus
3472 2161 3630 2221 sunt.
3667 2167 3797 2221 Dicit

2224 2230 2361 2285 iste:
2389 2230 2502 2285 Non
2532 2230 2770 2305 possum,
2812 2230 2933 2303 quia
2962 2245 3016 2290 et
3046 2237 3131 2290 hic
3170 2230 3289 2291 falsi
3318 2235 3517 2291 fratres
3559 2253 3645 2290 me
3673 2252 3798 2305 per-

2223 2312 2538 2374 sequuntur,
2568 2304 2710 2372 quod
2759 2306 3035 2361 molestius
3083 2316 3165 2361 est
3202 2307 3484 2363 ferendum
3515 2324 3527 2358 :
3563 2304 3796 2374 quoniam

2223 2372 2268 2425 si
2296 2373 2527 2448 inimicus
2566 2384 2789 2448 tantum,
2842 2376 3069 2443 scilicet,
3102 2380 3192 2448 qui
3241 2393 3455 2445 semper
3487 2372 3642 2432 extra
3679 2378 3792 2442 fuit.

2224 2440 2569 2518 rnaledixisset
2626 2445 2770 2518 mihi,
2814 2448 2984 2516 utique
3034 2440 3134 2518 ego
3180 2440 3559 2511 sustinuissent,
3595 2448 3648 2502 id
3695 2440 3792 2513 est,

2225 2514 2598 2588 sustinendum
2647 2516 2749 2571 hoc
2802 2514 3232 2588 putarequuia
3263 2534 3426 2575 omne
3476 2520 3681 2573 malum
3708 2534 3795 2588 pa-

2227 2583 2441 2658 tientius
2471 2585 2630 2641 debet
2681 2583 2849 2658 accipi
2879 2590 3019 2658 quod
3063 2583 3318 2657 probatur
3365 2605 3471 2644 non
3525 2583 3795 2657 opinatum

2227 2656 2450 2722 assumi,
2474 2670 2574 2725 qua
2593 2656 2807 2726 quidem
2842 2656 3171 2723 inopinatum
3199 2663 3514 2716 assumitur.
3547 2661 3663 2714 Non
3689 2662 3797 2727 upi-

2228 2736 2413 2780 natum
2458 2729 2768 2790 assumitur,
2821 2729 3178 2799 quodcunque
3221 2731 3420 2785 malum
3471 2732 3545 2785 ab
3585 2731 3667 2783 his
3716 2732 3799 2798 qui

2228 2806 2377 2870 extra
2409 2807 2532 2852 sunt
2566 2800 2897 2870 assumitur;
2932 2800 3265 2867 inopinatum
3316 2816 3447 2856 vero
3487 2811 3574 2855 est
3604 2802 3742 2870 quod
3772 2817 3801 2855 a

2228 2869 2447 2953 cpncive
2470 2869 2760 2953 accipitur,
2792 2885 2822 2924 a
2853 2887 2958 2953 quo
2989 2872 3118 2953 nihil
3151 2873 3273 2953 mali
3306 2869 3709 2953 exspectamus.
3740 2870 3801 2953 Ei

2228 2936 2353 2992 ideo
2404 2948 2486 3011 est
2511 2936 2749 3008 gravius,
2783 2936 2908 3010 quia
2947 2942 3087 2997 nulla
3135 2945 3297 3011 pestis
3328 2936 3601 2997 efficacior
3629 2952 3710 2997 est
3739 2941 3801 2995 ad

2229 3008 2528 3083 nocendum
2552 3027 2724 3083 Aquam
2783 3008 3059 3067 familiaris
3104 3008 3329 3069 amicus.
3372 3014 3429 3069 Si
3470 3028 3601 3068 vero
3645 3028 3803 3083 supe-

2230 3079 2341 3155 rius
2374 3096 2468 3148 per
2483 3079 2761 3155 inimicum
2793 3094 2846 3155 et
2881 3093 3239 3152 peccatorem,
3274 3096 3331 3138 ut
3356 3084 3569 3155 quidam
3601 3079 3801 3148 volu'nt,

2234 3150 2355 3203 illos
2380 3151 2707 3220 accipiamus
2727 3154 2814 3222 qui
2853 3150 2998 3222 prius
3031 3156 3173 3210 intus
3200 3150 3434 3220 fuerunt,
3464 3155 3560 3209 sed
3592 3172 3620 3208 a
3656 3156 3803 3208 nobis

2234 3222 2506 3287 exierunt,
2534 3223 2587 3295 id
2623 3234 2723 3287 est,
2762 3224 2924 3279 falsos
2956 3227 3170 3293 fratres,
3196 3238 3321 3281 tunc
3354 3227 3541 3295 planus
3566 3226 3633 3279 ad
3666 3226 3803 3279 hunc

2232 3305 2444 3365 versum
2470 3294 2575 3347 erit
2600 3309 2847 3350 accessus
2874 3296 2973 3351 hoc
3006 3299 3165 3353 modo
3192 3316 3202 3350 :
3232 3296 3533 3365 Pra’cipita,
3567 3296 3801 3362 Domine,

2232 3371 2276 3415 et
2301 3362 2478 3436 divide
2498 3364 2697 3436 linguas
2728 3381 2923 3431 eorum,
2950 3368 3040 3436 qui
3072 3370 3349 3424 nobiscum
3381 3362 3528 3436 prius
3566 3370 3803 3433 fuerunt,

2230 3442 2286 3486 et
2306 3448 2335 3507 ξι
2358 3434 2514 3490 nobis
2542 3434 2827 3503 exierunt;
2856 3434 2997 3507 quod
3029 3455 3137 3493 non
3164 3456 3230 3493 ex
3258 3434 3628 3495 malevolentia
3661 3439 3804 3503 dico,

2231 3503 2324 3557 sed
2376 3507 2627 3579 quoniam
2676 3503 2893 3579 dignum
2948 3519 3051 3577 est,
3086 3512 3212 3579 quia
3258 3511 3362 3564 vidi
3413 3511 3809 3579 iniquitatemet

2231 3576 2684 3648 contradictionem
2714 3576 2767 3632 in
2814 3580 3011 3633 civitate
3040 3576 3237 3648 etiam,
3292 3582 3343 3635 id
3372 3591 3475 3648 est,
3498 3576 3569 3635 ἰιι
3617 3580 3809 3634 Eccle-

2232 3647 2329 3718 sia,
2364 3649 2450 3701 ubi
2475 3650 2644 3718 major
2682 3650 2939 3706 securitas
2986 3647 3290 3718 videbatur;
3344 3663 3397 3707 et
3436 3647 3535 3707 hoc
3562 3651 3724 3713 adeo,
3753 3660 3811 3704 ut

2230 3717 2313 3770 die
2344 3727 2389 3792 et
2419 3717 2583 3792 nocte,
2619 3720 2669 3775 id
2719 3731 2819 3787 est,
2851 3736 3078 3790 semper.
3114 3722 3211 3781 Vel
3258 3732 3313 3778 et
3358 3724 3408 3777 iit
3454 3723 3810 3792 prosperitate

2233 3796 2287 3842 et
2344 3789 2396 3844 in
2446 3791 2769 3847 adversitate
2834 3789 3129 3849 circumdet
3176 3808 3338 3861 eam,
3402 3789 3470 3848 id'
3503 3789 3621 3861 cst,
3676 3792 3810 3847 civi-

2234 3867 2432 3933 tatem;
2490 3872 2543 3917 et
2596 3863 2649 3917 in
2700 3862 2991 3917 minoribus
3034 3874 3087 3919 et
3153 3864 3203 3919 in
3256 3864 3585 3933 majoribus,
3641 3873 3707 3916 ut
3759 3866 3810 3916 in

2233 3930 2349 4002 aliis
2402 3934 2632 4000 prtelatis
2678 3933 2943 4002 iniquitas.
2991 3934 3142 4001 Quod
3184 3930 3591 3991 valde—moleste
3622 3933 3806 3989 teren-

2233 4000 2358 4056 dum
2388 4013 2488 4068 est,
2542 4013 2599 4059 et
2645 4000 2856 4069 meri—to,
2904 4000 3144 4073 quoniam
3183 4008 3226 4060 si
3256 4009 3506 4073 inimicus,
3537 4006 3624 4075 qui
3668 4021 3807 4057 nuu-

2234 4088 2389 4146 quam
2421 4075 2513 4139 fui,
2547 4075 2687 4129 intus
2717 4075 3059 4130 maledixisset
3089 4078 3232 4143 mihi,
3263 4079 3433 4146 utique
3468 4078 3595 4131 illud
3643 4077 3807 4129 susti—

2235 4144 2478 4208 nuissent,
2527 4146 2577 4199 id
2629 4156 2708 4200 est
2754 4148 3125 4201 sustinendum
3180 4144 3437 4213 putarem.
3478 4148 3625 4212 Quod
3684 4162 3811 4200 vero

2236 4214 2473 4269 concivis
2501 4216 2791 4287 maledicit
2821 4217 3010 4286 (quasi
3054 4220 3319 4287 diceret),
3353 4218 3693 4273 intolerabile
3734 4226 3815 4269 est

2238 4293 2454 4354 propter
2479 4286 2607 4340 illud
2639 4287 2781 4357 quod
2811 4289 3118 4356 praedictum
3148 4298 3250 4353 est,
3278 4286 3332 4344 et
3362 4291 3405 4343 si
3434 4292 3476 4342 is
3512 4290 3602 4357 qui
3630 4290 3817 4342 oderat

2236 4371 2337 4429 me,
2370 4357 2420 4410 id
2448 4366 2553 4421 est,
2586 4357 2654 4413 de
2697 4373 2803 4429 quo
2858 4358 3199 4413 mauifestum
3255 4361 3505 4429 estquod
3552 4360 3681 4411 odio
3735 4372 3817 4412 me

2240 4427 2420 4491 habet,
2457 4429 2577 4496 quia
2612 4427 2815 4482 mavult
2844 4440 3100 4483 creaturae
3132 4445 3289 4498 quam
3314 4427 3554 4485 Creatori
3580 4434 3813 4484 servire.

2243 4498 2299 4551 Si
2330 4499 2471 4567 quis,
2506 4500 2744 4568 inquam,
2776 4499 2954 4566 fuisset
2998 4502 3196 4555 locutus
3222 4518 3407 4572 magna
3444 4518 3597 4569 super
3618 4518 3720 4564 me,
3767 4500 3819 4553 id

565 4566 761 4639 cmlom
797 4567 1063 4623 aediﬁcare
1094 4558 1392 4634 voluerunt,
1414 4558 1522 4635 'per
1566 4585 1787 4639 quorum
1836 4570 2136 4638 superbiam
2168 4558 2222 4619 D
2245 4558 2362 4633 est;
2382 4558 2609 4635 superbe
2647 4581 2701 4624 et
2730 4558 3041 4639 arroganter
3070 4573 3199 4625 mihi
3230 4558 3557 4635 insinuasset,
3595 4558 3821 4638 forsitan

564 4636 761 4705 lingua:
791 4647 916 4690 sunt
956 4639 1232 4707 dispersae,
1266 4640 1402 4694 sicut
1433 4636 1765 4709 postmodum
1808 4636 2138 4707 per'liumili-

571 4716 728 4780 intem
761 4710 1124 4780 apostolorum
1154 4710 1407 4764 Ecclesia:
1433 4713 1623 4780 linguas
1654 4711 1964 4765 coaduuata:
1993 4719 2136 4767 sunt.

563 4777 663 4831 Per
692 4778 1139 4833 contradictionem
1170 4795 1300 4835 vero
1326 4777 1585 4836 mittimur
1610 4780 1675 4835 ad
1702 4782 1859 4835 totius
1882 4782 2137 4837 schisma-

567 4848 635 4902 tis
664 4848 899 4919 initium,
939 4850 1167 4916 scilicet,
1195 4852 1405 4919 quando
1437 4853 1601 4906 Datan
1630 4860 1684 4907 et
1712 4852 1933 4915 Ahiron,
1956 4860 2141 4908 contra

567 4919 801 4990 divinam
828 4917 1119 4986 jussiouem
1154 4917 1466 4990 usurpantes
1497 4924 1597 4977 sibi
1628 4922 2020 4977 sacerdotalem
2050 4938 2141 4977 or-

567 4989 770 5062 dinem,
801 5004 921 5062 cum
968 4993 1147 5045 multis
1189 4989 1559 5047 consentaneis
1603 4996 1714 5047 suis
1767 5002 2144 5062 processerunt

565 5060 631 5134 ad
667 5059 1080 5134 thuriiicaudum
1105 5080 1119 5129 ;
1150 5078 1255 5129 quo
1285 5064 1477 5117 factum
1506 5071 1588 5117 est
1615 5072 1671 5134 ut
1696 5059 1845 5133 ipsos
1874 5065 2140 5134 principes

564 5127 731 5184 Datan
782 5139 837 5184 et
881 5133 1078 5205 Ahiron
1107 5127 1261 5205 terra
1315 5127 1828 5205 vivosideglutiret,
1875 5127 2142 5205 sequaces

565 5213 691 5271 ver_u
722 5216 908 5254 omnes
938 5204 1072 5271 ignis
1104 5204 1171 5258 de
1200 5205 1338 5258 cmlo
1365 5203 1588 5259 veniens
1616 5205 1943 5259 absumeret.

633 5269 732 5342 Die
754 5280 800 5325 et
828 5269 992 5326 nocte.
1028 5273 1165 5339 Vidi,
1215 5274 1450 5341 inquam,
1498 5275 1819 5342 iniquitatem
1862 5278 1914 5327 in
1946 5277 2143 5331 civitate

565 5341 850 5410 malorum,
877 5352 950 5413 et
993 5344 1095 5399 hoc
1126 5344 1177 5398 in
1211 5354 1434 5413 tantum,
1477 5341 1615 5413 quod
1648 5345 1758 5412 ipsa
1788 5347 2029 5413 iniquitas
2060 5348 2143 5403 die

566 5427 627 5464 ac
673 5420 833 5474 nocte,
870 5411 970 5469 lioc
998 5424 1101 5479 est,
1151 5430 1364 5484 semper
1393 5411 1723 5469 circumdabit
1770 5411 1915 5468 illam
1957 5418 2141 5472 civita-

568 5491 697 5547 tem,
730 5484 907 5555 idest,
943 5485 1175 5540 involvet
1204 5502 1322 5540 eam
1360 5486 1610 5555 undique,
1639 5495 1890 5554 quantum
1931 5487 1995 5539 ad
2041 5488 2142 5542 mi-

565 5567 743 5606 nores.
779 5554 843 5607 Et
898 5554 965 5608 ita
1000 5557 1236 5611 involvet
1281 5554 1533 5623 minores,
1581 5566 1638 5610 ut
1684 5558 1843 5611 etiam
1892 5559 2145 5614 ascendat

565 5638 714 5700 s__uper
752 5638 924 5700 muros
956 5630 1090 5700 ejus,
1133 5628 1184 5682 id
1214 5638 1319 5700 est,
1346 5628 1581 5682 involvat
1607 5626 1765 5681 etiam
1798 5626 2050 5697 majores,
2088 5638 2146 5684 ut

567 5693 851 5770 Donatum,
887 5693 1095 5767 Arium,
1127 5708 1183 5753 et
1211 5698 1345 5753 alios
1378 5700 1530 5766 tales,
1563 5700 1809 5770 quiisuut
1837 5693 1974 5752 m'uri
1998 5700 2143 5770 ejus,

565 5767 686 5834 quia
714 5775 862 5836 quasi
913 5770 1046 5824 muri
1091 5771 1332 5824 muniunt
1370 5785 1508 5835 eam,
1552 5767 1606 5825 et
1632 5768 1962 5823 circumdant
2000 5767 2141 5828 eam.

568 5838 637 5894 Et
662 5838 785 5899 ideo
810 5844 891 5902 sic
934 5841 1176 5910 iniquitas
1219 5841 1554 5897 circumdabit
1578 5857 1712 5909 eam,
1740 5841 1865 5912 quia
1903 5840 2067 5910 labor,
2092 5843 2147 5902 td

2242 4640 2634 4703 abscondisscm,
2676 4642 2726 4694 id
2759 4652 2862 4703 est,
2899 4656 3106 4709 possem
3136 4658 3222 4697 me
3248 4644 3597 4704 abscondere,
3630 4644 3682 4695 id
3717 4651 3820 4707 est,

2242 4710 2555 4764 subtrahere
2584 4714 2649 4765 ab
2678 4727 2761 4772 eo,
2796 4722 2850 4764 ιιι
2882 4716 3196 4780 protervitas
3227 4717 3341 4781 ejus
3373 4716 3661 4779 desineret,
3700 4730 3824 4766 cum

2243 4798 2329 4837 me
2376 4782 2734 4837 adversarium
2782 4796 2888 4854 non
2911 4782 3135 4849 videret,
3166 4785 3232 4841 ab
3272 4786 3364 4841 illo
3394 4799 3521 4840 vero
3544 4785 3635 4854 qui
3677 4787 3824 4837 intus

2240 4862 2322 4907 est
2352 4868 2455 4906 non
2487 4868 2698 4921 possum
2731 4868 2816 4907 me
2844 4853 3192 4910 abscondere.

2311 4923 2391 4976 Tu
2420 4940 2556 4989 vero,
2590 4925 2738 4977 homo
2762 4925 3037 4995 unanimis.
3085 4924 3177 4979 Ille
3222 4926 3435 4995 quidem
3468 4926 3557 4995 qui
3598 4941 3826 4994 semper

2242 5004 2391 5048 extra
2436 4994 2532 5047 fuit
2562 4994 2852 5049 tolerabilis
2872 5006 2953 5049 est
2978 5012 2992 5060 ;
3048 5006 3100 5048 tu
3126 4994 3260 5060 vero,
3293 4999 3445 5051 homo
3470 4994 3558 5065 qui
3586 5013 3619 5051 a
3660 5000 3824 5051 nobis

2243 5065 2421 5127 existi,
2451 5066 2570 5127 quia
2602 5080 2630 5117 a
2665 5066 2816 5119 nobis
2848 5080 2952 5119 non
2986 5066 3150 5134 fuisti,
3176 5070 3266 5136 qui
3293 5068 3518 5123 deberes
3540 5069 3672 5123 mihi
3699 5083 3829 5123 esse

2245 5136 2517 5207 unanimis,
2550 5137 2667 5202 quia
2698 5136 2985 5203 aliquando
3014 5138 3138 5189 dtttn
3173 5141 3314 5192 intus
3341 5153 3514 5207 esses,
3547 5138 3689 5194 fuisti
3716 5141 3829 5192 dux

2244 5221 2403 5267 meas,
2435 5204 2485 5258 id
2515 5215 2597 5260 est
2639 5222 2779 5273 stt-pe
2809 5207 3025 5261 salubre
3064 5212 3343 5264 consilium
3391 5204 3614 5274 dedisti,
3648 5211 3723 5263 ita
3770 5221 3830 5264 ut

2246 5278 2300 5351 in
2323 5277 2659 5351 consulendo
2692 5279 3046 5351 piget-ederes,
3080 5291 3133 5332 ut
3159 5280 3342 5335 beatus
3366 5281 3831 5351 Hieronymus'de

2244 5348 2471 5415 Origene
2496 5347 2659 5402 dicit;
2691 5366 2708 5400 ε
2741 5346 2839 5403 Ubi
2872 5346 3039 5410 bene,
3060 5365 3216 5404 nemo
3261 5352 3450 5405 melius
3477 5368 3491 5415 ;
3525 5346 3617 5406 ubi
3660 5353 3828 5413 male,

2248 5431 2408 5472 nemo
2449 5418 2618 5485 pejus.
2652 5438 2670 5471 ι
2734 5420 2794 5471 Et
2839 5420 2928 5485 qui
2979 5420 3125 5474 fuisti
3182 5432 3497 5475 notusiueus
3530 5424 3583 5477 in
3615 5424 3828 5479 eisdem

2247 5489 2520 5561 institutis,
2552 5498 2607 5544 et
2649 5490 2866 5561 exponit
2909 5492 3173 5558 quomodo
3202 5504 3381 5557 notus,
3427 5495 3661 5556 scilicet,
3692 5500 3830 5561 quia

2247 5559 2481 5626 cupiebas
2520 5559 2674 5613 simul
2704 5576 2823 5614 cum
2866 5562 3046 5615 multis
3076 5563 3196 5617 aliis
3237 5566 3412 5617 dulces
3439 5565 3578 5617 cibos
3608 5559 3830 5620 divi—no-

2248 5645 2373 5704 rum
2407 5631 2836 5704 v_crborum,iens
2857 5633 2922 5704 in
2968 5632 3067 5687 lioc
3097 5650 3308 5694 mecum,
3338 5634 3459 5704 quia
3506 5636 3679 5691 dulcis
3703 5648 3831 5693 erat

2249 5701 2378 5755 tnilii
2409 5701 2543 5756 sicut
2568 5704 2659 5756 tibi
2699 5701 2939 5755 doctrina
2981 5706 3239 5759 veritatis.
3269 5701 3399 5760 Nam
3440 5709 3831 5763 ambulavimus

2252 5772 2446 5839 pariter
2470 5774 2523 5825 in
2544 5774 2693 5828 domo
2723 5774 2834 5837 Dei,
2862 5774 2910 5827 id
2932 5783 3035 5841 est,
3062 5773 3113 5829 in
3135 5778 3511 5833 ecclesiasticis
3534 5779 3827 5844 institutis,

2251 5858 2367 5897 cum
2394 5860 2683 5911 consensu;
2714 5856 2793 5915 tu,
2824 5846 3060 5916 inquam,
3092 5848 3182 5916 qui
3208 5851 3353 5917 prius
3399 5850 3520 5905 talis
3560 5849 3731 5905 fuisti.
3768 5862 3828 5907 et
