3984 6362
181 317 289 374 769

923 320 985 376 IN
1025 321 1439 379 psanuonuu
1478 319 1738 377 LIBRUM
1778 276 2155 387 exsensa,
2179 344 2247 361 --
2283 318 2532 376 Ρειιω..
2575 296 2700 374 LIV.

3314 316 3417 374 770

183 431 285 485 hoc
302 433 467 504 modo
483 432 818 500 apostatasti,
835 438 961 501 quid
976 433 1155 489 dicere
1182 450 1267 490 me
1282 435 1447 504 cogis,
1464 436 1583 498 hoc,
1605 432 1746 504 scili-_
1771 434 1827 493 Α
1850 439 1907 485 ut
1931 434 1998 485 ab
2020 432 2124 487 illis
2151 433 2375 487 redimat
2404 432 2637 504 animam
2662 443 2856 504 meam,
2879 428 3121 504 quoniam
3144 427 3244 497 ipsi
3268 438 3415 504 erant

179 512 263 555 cet
292 522 304 555 :
341 502 526 557 Veniat
547 519 681 555 mors
709 519 859 572 super
880 504 996 557 illos
1021 504 1039 556 !
1065 504 1161 558 Hic
1187 502 1372 559 rursus
1398 505 1656 559 mittimur
1680 502 1747 557 ad

181 574 397 626 initium
426 572 801 629 schismatisin
834 573 997 627 Datan
1023 584 1077 629 et
1097 574 1319 630 Abiron.
1345 576 1409 629 Et
1428 585 1509 630 est
1530 576 1709 629 dicere
1734 590 1745 626 :

182 644 352 708 Mors,
388 644 453 715 id
487 652 599 715 est,
633 646 827 715 mentis
875 645 1120 715 caecitas,
1171 647 1347 701 veniat
1401 660 1561 715 super
1603 645 1748 707 illos,

181 715 410 777 scilicet,
446 712 743 778 inferiores,
776 714 916 767 sicut
958 714 1091 783 ignis
1137 712 1555 783 eousumptionis
1606 714 1751 769 venit

179 798 347 852 super
372 784 546 853 ignem
575 784 916 838 distensionis
948 785 999 837 in
1029 783 1324 840 fautoribus
1356 786 1519 840 Datan
1547 795 1600 840 et
1625 786 1752 840 Abi-

182 870 308 917 ron,
341 866 396 908 et
424 856 561 909 sicut
600 856 864 922 principes
895 855 1032 917 illos,
1080 856 1243 908 Datan
1288 866 1343 911 et
1378 856 1612 920 -Abirou,
1656 859 1750 911 de-

183 928 399 993 glutivit
446 926 595 978 vivos
637 935 800 987 terra,
832 925 901 977 ita
954 928 1217 993 principes
1244 926 1383 981 inter
1409 926 1507 981 bos
1534 937 1746 995 aposta-

183 1007 287 1061 tas,
318 1006 374 1049 ut
417 996 650 1051 Donatus
690 1005 743 1049 et
769 995 947 1059 Arius,
973 996 1208 1059 viventes,
1242 996 1292 1050 id
1330 1007 1431 1061 est,
1461 998 1749 1064 prudentes

180 1076 235 1118 ει
264 1069 518 1126 scientes,
562 1066 867 1119 descendant
911 1067 961 1117 in
1002 1067 1275 1136 infernum,
1318 1066 1370 1120 id
1399 1076 1505 1134 est,
1545 1067 1595 1121 in
1628 1082 1750 1136 pro-

182 1136 405 1189 fundum
432 1136 700 1190 vitiorum.
746 1136 905 1201 Quasi
934 1135 1072 1189 enim
1105 1138 1280 1190 sciens
1318 1137 1370 1190 in
1404 1138 1577 1205 ignem
1626 1135 1749 1191 ma-

182 1223 311 1260 num
343 1208 525 1270 mittit,
559 1207 648 1275 qui
678 1208 816 1275 quod
846 1206 1045 1275 nonsit
1084 1206 1382 1261 faciendum
1415 1206 1535 1274 scit,
1567 1219 1746 1262 etnon

179 1276 328 1331 facit.
354 1277 463 1332 Nec
490 1274 590 1331 hoc
617 1274 789 1346 (quasi
811 1274 975 1344 dicat)
1001 1290 1061 1330 ex
1090 1276 1459 1332 malevolentia
1484 1279 1623 1343 dico,
1651 1278 1747 1333 sed

180 1348 438 1415 quoniam
489 1349 632 1418 digni
681 1356 825 1411 sunt,
854 1347 977 1415 quia
1006 1349 1231 1417 nequitia
1260 1359 1334 1401 est
1364 1350 1416 1400 in
1446 1348 1748 1402 habitaculis

179 1434 386 1485 eorum,
416 1419 466 1471 id
491 1430 591 1483 est,
625 1419 675 1471 in
718 1418 1050 1485 corporibus,
1093 1434 1210 1486 quae
1249 1419 1313 1472 ad
1345 1428 1555 1484 tempus
1597 1419 1747 1473 inha-

179 1487 375 1547 bitant.
406 1489 526 1556 quia
559 1498 680 1542 sunt
708 1489 1003 1556 migraturi,
1041 1497 1095 1541 et
1134 1497 1218 1543 est
1250 1490 1302 1541 in
1342 1490 1527 1553 medio,
1559 1491 1606 1542 id
1640 1500 1743 1554 est,

180 1557 231 1608 in
260 1558 429 1610 corde
458 1560 692 1613 interiori
720 1574 916 1611 eorum.
941 1558 1091 1621 Quod
1120 1568 1202 1614 est
1230 1560 1409 1614 dicere
1436 1579 1447 1612 ε
1480 1560 1745 1616 lmmundi

175 1637 305 1679 sunt
336 1628 558 1682 interius
587 1640 639 1683 et
667 1629 917 1683 exterius.

255 1695 369 1770 Ego
397 1710 585 1754 auiem.
619 1700 671 1753 in
712 1699 817 1753 illis
864 1699 1079 1770 quidem
1125 1708 1209 1755 est
1247 1701 1478 1770 nequitia
1518 1701 1661 1758 intus
1689 1710 1743 1758 et

176 1769 449 1832 exterius;
475 1786 556 1822 me
575 1778 747 1823 autem
777 1769 986 1823 salvabit
1025 1769 1273 1825 Dominus
1303 1769 1367 1824 ab
1396 1771 1611 1826 illorum
1642 1788 1738 1827 ne-

182 1807 287 1818 c-..
309 1807 419 1823 ...ω
477 1807 551 1822 ...υ
575 1807 747 1823 ..ων-η
777 1807 985 1823 σιηυιη..
1025 1807 1273 1825 .,............
1303 1807 1367 1824 ..υ
1396 1807 1611 1826 mum...
1642 1807 1738 1827 ..υ-

182 1838 377 1913 quitia,
400 1812 609 1913 scilicet
635 1879 650 1905 ,
681 1839 855 1913 ne‘eis
883 1838 1214 1913 conformer;
1251 1852 1303 1895 et
1332 1843 1432 1896 hoc
1458 1843 1596 1913 ideo,
1624 1845 1746 1913 quia
1772 1807 1821 1869 Β

181 1910 409 1963 clamavi
432 1911 499 1964 ad
537 1909 719 1975 Deum,
753 1910 803 1964 id
832 1919 941 1975 est,
991 1911 1054 1964 ad
1101 1912 1271 1980 ipsum
1317 1912 1619 1968 Dominum.
1642 1909 1747 1969 'llic

191 1980 290 2031 ilat
321 1982 477 2051 nobis
513 1982 811 2043 exemplum
836 2021 851 2043 ,
878 1982 1105 2047 qualiter
1127 1992 1181 2037 et
1220 1997 1317 2037 nos
1353 1984 1419 2036 ab
1449 1983 1749 2051 hujusmodi

196 2050 435 2117 nequitia
472 2052 735 2120 possimus
762 2051 1011 2119 liberari,
1045 2052 1264 2118 scilicet,
1298 2054 1341 2107 si
1371 2050 1662 2111 clamemus
1684 2057 1749 2111 ad

182 2119 495 2193 Dominum,
528 2121 579 2176 id
609 2129 715 2186 est,
748 2121 1019 2193 irremisse
1051 2124 1185 2178 bene
1212 2138 1455 2193 agamus.

265 2189 483 2259 Vespere
505 2201 553 2246 et
577 2208 740 2246 mane.
776 2192 1048 2263 Dominus,
1070 2189 1305 2263 inquam,
1332 2195 1543 2249 salvabit
1573 2213 1672 2263 me,
1697 2207 1753 2253 et

182 2264 551 2335 egosalvatus
587 2277 699 2335 nou
722 2262 944 2316 existam
976 2262 1232 2334 ingratus,
1268 2269 1389 2335 quia
1432 2262 1751 2323 narraboad

182 2330 611 2406 aediﬁcationem
654 2334 876 2386 aliorum
902 2377 915 2399 ,
950 2330 1066 2406 quin
1114 2344 1236 2389 sunt
1285 2330 1508 2405 respere,
1560 2339 1610 2391 id
1648 2348 1748 2406 est,

181 2402 545 2478 evangelizata
583 2404 649 2458 de
680 2406 972 2478 praeterito.
1009 2404 1098 2459 Vel
1141 2402 1748 2478 Domini—nativitatem,

181 2474 519 2547 passionem,
553 2475 998 2547 resurrectionem
1045 2485 1098 2529 et
1138 2478 1357 2542 similia,
1387 2493 1508 2547 qua:
1548 2494 1639 2547 per
1667 2474 1752 2535 re;

180 2557 328 2610 spere
379 2546 745 2615 designantur,
801 2545 919 2613 quia
980 2547 1191 2615 quando
1242 2545 1463 2615 vespere
1520 2545 1621 2615 est,
1674 2554 1754 2607 sol

183 2615 491 2691 prseteritus
520 2614 723 2691 est.‘_Et
766 2616 1097 2691 annuntiabo,
1140 2620 1292 2691 quod
1323 2614 1446 2673 sunt
1483 2620 1535 2674 in
1586 2614 1752 2691 mane,

181 2683 245 2762 id_
267 2695 374 2749 est,
411 2686 773 2762 evangelizata
808 2687 873 2740 de
917 2687 1132 2762 iuturo,
1156 2683 1220 2762 ut
1264 2689 1332 2745 de
1372 2692 1608 2747 secundo
1637 2683 1755 2762 ejus

180 2753 447 2810 adventu.
479 2753 1244 2829 Annuntiareenimproprie
1288 2762 1518 2829 pertinet
1562 2764 1626 2816 ad
1666 2753 1755 2819 Tu-

180 2833 324 2889 tura,
354 2842 475 2893 quae
504 2842 597 2903 per
629 2842 784 2903 mane
810 2827 950 2903 _ideo
986 2827 1366 2903 designantur,
1395 2832 1513 2902 quia
1544 2835 1755 2903 quando

182 2911 344 2951 mane
370 2905 475 2963 est,
500 2899 582 2953 sol
603 2899 778 2973 adhuc
806 2899 1009 2954 futurus
1042 2899 1143 2973 est.
1170 2902 1236 2973 Et
1264 2906 1385 2972 quia
1413 2899 1513 2973 ego
1536 2899 1757 2962 narrabo

176 2982 406 3033 vespere,
433 2978 482 3021 et
508 2969 821 3022 annuntiabo
854 2986 1020 3035 mane,
1052 2971 1171 3026 ideo
1197 2969 1757 3033 Dominus'exaudivit

180 3052 369 3091 vocem
403 3053 574 3094 meam
602 3038 654 3093 in
696 3042 927 3105 meridie,
963 3040 1015 3094 id
1044 3054 1143 3105 est,
1178 3043 1354 3098 dando
1382 3044 1511 3099 mihi
1555 3056 1757 3103 aeterna

174 3106 320 3185 bona
349 3117 404 3163 et
442 3111 730 3185 manentia.
762 3111 905 3185 Quae
928 3111 1047 3166 ideo
1076 3113 1425 3185 designantur
1447 3130 1543 3185 per
1584 3120 1749 3173 meri-

180 3179 360 3245 diem,
395 3180 514 3248 quia
542 3182 756 3306 quando
782 3182 860 3236 sol
892 3182 945 3237 in
975 3179 1307 3240 meridioitali
1342 3179 1543 3241 circulo
1571 3197 1673 3255 est,
1697 3198 1753 3244 et

180 3248 357 3306 maior
386 3252 538 3306 snlen
580 3267 640 3306 or
667 3264 719 3306 et
749 3252 926 3306 fervor
955 3262 1056 3306 est.
1090 3265 1141 3306 et
1172 3256 1322 3306 quasi
1345 3266 1468 3306 stat.
1501 3258 1621 3306 auia
1654 3276 1752 3306 nm

176 3252 357 3326 major
386 3252 719 3326 splendor‘et
749 3252 926 3307 fervor
955 3262 1070 3326 est,
1090 3265 1141 3326 et
1172 3256 1322 3324 quasi
1345 3266 1469 3323 stat,
1501 3258 1622 3326 quia
1652 3252 1752 3317 nec

174 3320 493 3398 in_ascensu
531 3331 585 3378 et
626 3324 889 3398 descensu
929 3320 1201 3398 est._Nihi[
1243 3342 1369 3382 vero
1409 3320 1618 3398 dignius
1645 3341 1753 3387 stat

176 3392 261 3443 vel
309 3400 493 3469 manet
520 3394 840 3469 qua_r_n_ill_ud
869 3398 953 3449 cui
980 3396 1121 3469 _n_ihil
1156 3399 1368 3469 accedit
1410 3392 1493 3453 vei
1526 3401 1748 3469 recedit,

176 3470 235 3512 ut
265 3464 577 3538 aeternitati.
612 3464 705 3519 Vel
734 3464 891 3538 aliter
920 3484 930 3538 ς
970 3465 1207 3522 Narrabo
1236 3484 1353 3538 qua:
1382 3480 1505 3524 sunt
1533 3470 1671 3525 facta
1696 3464 1748 3529 iri

174 3548 401 3611 vespere,
452 3533 501 3589 id
560 3545 662 3601 est,
708 3535 1021 3611 sapientiam
1078 3533 1378 3611 morientis.
1421 3539 1475 3594 ln
1525 3555 1750 3611 vespere

180 3607 329 3681 enim
364 3616 603 3681 mortuus
632 3613 715 3681 est
752 3606 1028 3681 Dominus.
1078 3609 1134 3681 in
1177 3625 1282 3672 quo
1311 3610 1499 3665 miram
1529 3606 1748 3681 sapien-

178 3671 337 3735 tiam,
372 3673 493 3729 licet
518 3678 1009 3754 gentibusstultitia
1039 3671 1299 3750 videatur,
1329 3671 1608 3748 exercuit;
1625 3685 1750 3754 quia

176 3754 355 3797 morte
386 3760 480 3799 sua
511 3748 787 3812 temporali
830 3757 1063 3803 nostram
1117 3748 1341 3806 mortem
1369 3748 1749 3811 aeternam-de-

178 3814 398 3895 struxit.
431 3817 497 3869 Et
526 3820 742 3895 narrabo
773 3833 893 3887 quae
940 3830 1064 3895 sunt
1101 3819 1236 3875 facta
1268 3823 1319 3877 in
1350 3839 1518 3895 mane,
1564 3826 1614 3879 id
1642 3836 1744 3895 est,

177 3889 344 3937 vitam
386 3889 740 3956 resurgentis;
772 3890 1100 3963 maueenim
1140 3896 1437 3949 resurrexit
1466 3889 1742 3963 Dominus,

176 3962 233 4007 et
262 3970 358 4009 sua
392 3963 779 4014 resurrectione
825 3961 979 4016 nobis
1021 3963 1134 4018 vias
1165 3964 1285 4019 vita:
1333 3965 1642 4022 notii‘tcavit.
1676 3961 1745 4022 Et

170 4028 493 4108 minantiabo
518 4044 637 4098 quae
660 4038 787 4108 sunt
813 4029 949 4085 facta
976 4031 1027 4086 in
1058 4035 1288 4108 meridie,
1316 4037 1368 4108 id
1394 4046 1496 4101 est,
1524 4038 1743 4108 gloriam

172 4098 557 4175 ascendentis,
578 4112 631 4155 et
662 4101 725 4154 ad
757 4102 1031 4175 dexteram
1060 4102 1154 4159 Dei
1182 4098 1356 4161 Patris
1382 4098 1743 4175 consEdentis,

176 4167 265 4221 ubi
315 4170 967 4245 interpellat_pro_nobis,
999 4176 1138 4241 quod
1179 4190 1275 4245 per
1316 4177 1455 4233 hunc
1500 4167 1744 4235 effectum

173 4247 439 4325 apparet,
458 4244 600 4325 quia“
624 4241 878 4325 Dominus
908 4244 1063 4297 Pater
1100 4241 1337 4325 exaudiet
1364 4264 1528 4325 vocem
1559 4267 1741 4325 meum.

180 4306 274 4389 Vel
322 4306 513 4389 aliter:
550 4309 785 4365 Narrabo
825 4329 943 4380 qua:
973 4318 1232 4389 narranda
1261 4327 1386 4372 sunt
1414 4320 1480 4374 ad
1511 4321 1743 4376 mdilica-

174 4385 392 4458 tionem
415 4385 467 4432 in
511 4396 718 4458 pespere
756 4392 802 4436 et
831 4400 976 4439 mane
999 4424 1015 4449 ,
1058 4386 1110 4438 id
1150 4396 1265 4453 est,
1295 4390 1348 4442 in
1376 4390 1743 4458 prosperitate.

171 4446 461 4529 mejdep
491 4446 835 4529 designantur
862 4469 957 4524 per
985 4446 1205 4523 vespere
1233 4446 1289 4512 et
1315 4446 1469 4514 mane
1490 4446 1515 4525 ,’
1540 4462 1663 4529 quia
1689 4446 1743 4517 in

173 4516 264 4594 his
306 4517 517 4575 duobus
560 4516 893 4594 temporibus
935 4516 1320 4594 temperantior
1348 4544 1440 4583 aer
1483 4516 1570 4585 εεί
1605 4547 1634 4585 a
1660 4516 1741 4586 ca;

173 4588 335 4671 lore;
378 4598 434 4644 et
484 4592 606 4660 quia
654 4588 1013 4671 vespertinum
1047 4588 1122 4671 ἐι
1169 4600 1484 4671 matutinum
1522 4610 1748 4671 tempus

170 4669 397 4736 propter
423 4675 565 4715 aurae
593 4666 940 4721 mutationem
986 4667 1354 4736 navigantibus
1385 4679 1439 4724 et
1484 4670 1603 4725 aliis
1636 4666 1754 4728 tali-

172 4731 291 4809 bu_s__
309 4744 637 4809 prosperum
664 4736 804 4809 solet
850 4751 990 4809 esse.
1034 4731 1455 4809 Etiannuntiabo
1485 4744 1647 4796 etiam
1686 4744 1752 4799 ad

171 4801 717 4877 utilitatemAproximi
750 4806 806 4877 in
829 4808 1036 4861 meridie
1055 4849 1070 4873 ,
1100 4808 1152 4862 id
1180 4819 1297 4877 est,
1327 4812 1381 4866 in
1411 4811 1751 4870 adversitatis

172 4868 418 4951 fervore.
463 4868 611 4940 Quod
644 4876 968 4951 estdicere:
998 4868 1107 4933 Nec
1137 4868 1312 4948 erigar
1355 4882 1409 4935 in
1455 4868 1747 4951 prosperis,

169 4946 575 5021 quiunarrem,
600 4960 698 5001 nec
725 4946 1382 5021 frangaradversis,‘quin
1412 4946 1746 5011 aanuntiem;

170 5010 239 5064 Et
273 5012 399 5067 ideo
429 5017 681 5071 Dominus
701 5058 715 5081 ,
746 5010 876 5072 cum-
895 5020 961 5073 ad
987 5036 1106 5074 eum
1138 5010 1474 5087 clatn'avero,
1513 5026 1752 5081 exaudiet

165 5096 345 5135 vocem
364 5100 561 5149 meam;
585 5096 636 5162 ει
660 5088 759 5142 hoc
782 5092 939 5143 modo
961 5092 1225 5159 exaudiet,
1254 5094 1376 5162 quia
1400 5094 1613 5149 redimet
1636 5097 1751 5150 ani-

166 5168 311 5205 mam
338 5171 523 5235 meam,
549 5158 694 5235 prius
721 5162 947 5226 positam
973 5162 1028 5214 in
1048 5178 1188 5231 pace,
1214 5158 1396 5229 id‘est,
1415 5166 1537 5234 quia
1564 5180 1749 5235 pacem

165 5228 409 5306 servavit
431 5228 572 5306 inter
599 5229 842 5306 odientes
890 5228 1096 5306 pacem,
1117 5248 1228 5306 nec
1253 5235 1393 5289 inter
1419 5228 1744 5306 persequen-

173 5304 261 5349 tes
283 5296 841 5374 amisitdilectiouem
863 5296 924 5374 ab
949 5304 1047 5367 his,
1079 5296 1130 5357 id
1159 5312 1263 5368 est,
1294 5321 1321 5358 a
1348 5296 1611 5374 poiestaté
1642 5319 1695 5363 et
1716 5324 1748 5364 a

166 5363 601 5445 conformatione
626 5384 812 5445 eorum
837 5373 923 5441 qui
950 5363 1364 5444 appmpinquani
1396 5378 1542 5440 mihi,
1571 5379 1621 5431 id
1644 5363 1748 5445 est,

168 5438 263 5505 qui
295 5439 580 5514 ex_vicino
627 5438 993 5514 adversantur,
1020 5438 1174 5512 mihi,
1217 5438 1351 5514 quia
1402 5456 1457 5501 et
1502 5438 1749 5504 c'onrives'

168 5518 318 5585 sunt.
373 5508 439 5562 Et
491 5510 636 5585 ideo_
667 5512 787 5565 dico
834 5508 1266 5585 appropinquant,
1326 5521 1564 5585 quoniam
1620 5520 1751 5573 inter

168 5579 388 5644 multos,
438 5581 730 5635 secundum
779 5579 1007 5638 ordines
1047 5579 1412 5641 institutorum
1462 5598 1513 5641 et
1565 5602 1748 5643 sacra-

166 5660 502 5714 mentorum,
553 5663 694 5705 erant
744 5669 957 5707 mecum.
1010 5655 1179 5709 liabet
1230 5657 1331 5710 alia
1383 5657 1685 5713 Translatio
1732 5678 1746 5715 :

169 5718 432 5796 Quoniam
473 5724 603 5776 inter
630 5726 803 5790 paleas
831 5733 973 5779 erant
1001 5741 1213 5793 mecum,
1238 5728 1378 5796 quod
1408 5730 1597 5783 melius
1626 5732 1749 5786 huic

166 5794 455 5847 sententia:
488 5798 713 5851 accedit.
744 5796 836 5853 Vel
880 5798 1032 5854 aliter
1066 5814 1077 5849 :
1120 5794 1636 5856 ideo‘necessarium
1666 5810 1750 5859 est

1777 3162 1827 3230 (Ξ

1854 518 2045 555 mecum
2073 504 2203 556 inter
2238 504 2443 565 multos,
2489 502 2541 556 id
2582 510 2685 565 est,
2719 501 2857 555 inter
2899 500 3093 568 paleas,
3141 514 3244 553 non
3276 499 3416 553 inter

1853 585 2020 639 grana
2047 590 2061 638 ;
2099 573 2274 640 plures
2304 572 2446 627 enim
2476 572 2639 640 palea:
2669 581 2791 627 sunt
2812 572 2863 625 in
2897 583 3023 625 area
3042 584 3198 641 quam
3226 583 3412 640 grana.

1851 643 1942 697 Sic
1972 650 2026 697 et
2053 643 2283 698 simulati
2312 642 2467 698 amici
2517 644 2691 712 plures
2730 650 2855 696 sunt
2882 640 3191 709 quam’veri
3230 641 3410 707 amici,

1851 712 1919 767 de
1946 712 2133 780 quibus
2159 715 2357 767 dictum
2385 724 2465 768 est
2498 730 2511 766 :
2544 713 2793 767 Amicitia
2818 727 2974 783 genus
3002 712 3277 783 pessimum
3316 718 3412 777 est,

1854 784 2009 855 corde
2031 800 2139 837 esse
2159 785 2496 855 aduersarios,
2525 782 2701 855 lingua
2727 784 2965 855 simulare
2989 783 3211 835 devotos.

1921 851 2177 907 Exaudiet
2210 852 2365 907 Deus.
2397 853 2532 908 Vere
2561 851 2701 909 Deus
2738 854 2949 907 redimet
2987 855 3211 906 animant
3248 866 3410 904 meam

1850 921 1919 976 ab
1963 922 2093 987 illis,
2128 923 2251 993 quia
2298 922 2437 977 Deus
2483 926 2717 977 exaudiet
2765 939 2884 987 me,
2917 932 2971 979 et
3016 923 3413 993 exaltabit;eos

1851 1007 1980 1047 vero
2010 995 2096 1062 qui
2130 990 2188 1049 se
2217 1002 2509 1048 erexerunt
2557 995 2610 1048 in
2651 995 3039 1050 dissensionem
3064 1034 3078 1057 ,
3127 990 3415 1062 humiliabit

1850 1062 1905 1116 in
1942 1061 2374 1129 damnationem,
2419 1064 2558 1118 Deus
2599 1065 2750 1133 dico,
2794 1066 2881 1131 qui
2924 1074 2995 1118 est
3038 1074 3153 1117 ante
3199 1061 3409 1117 swcula.

1856 1133 2019 1205 Quasi
2070 1136 2213 1189 dicat
2246 1152 2259 1186 :
2294 1134 2620 1205 lllosrhomo
2667 1136 2757 1205 qui
2798 1136 2893 1189 l'uit
2930 1150 2998 1190 ex
3038 1143 3313 1204 tempore.
3357 1141 3414 1187 ut

1853 1204 2091 1259 Donatus
2111 1244 2126 1269 ,
2158 1206 2253 1275 vel
2283 1204 2472 1275 aliquis
2501 1205 2640 1269 talis,
2669 1204 2871 1271 erexit;
2910 1205 3046 1260 Deus
3072 1220 3200 1260 vero
3225 1205 3313 1272 qui
3341 1214 3414 1257 est

1849 1283 1968 1345 ante
2006 1275 2209 1335 swcula.
2245 1274 2294 1328 id
2327 1274 2427 1345 est,
2460 1277 2546 1345 qui
2578 1284 2659 1331 est
2688 1277 2804 1330 sine
2836 1290 3092 1344 tempore,
3126 1274 3415 1328 humiliubit

1849 1344 1987 1398 illos.
2020 1345 2169 1400 Unde
2195 1345 2324 1399 dicit
2361 1344 2710 1401 CassiodOrus
2745 1365 2755 1398 :
2790 1345 2910 1399 Non
2946 1348 3008 1399 sit
3046 1346 3131 1399 tibi
3162 1346 3413 1399 Dominus

1849 1432 1942 1483 pro
1972 1416 2209 1482 Domino,
2249 1416 2336 1485 qui
2382 1418 2545 1471 noluit
2586 1434 2694 1472 esse
2735 1432 3004 1471 conservus
3036 1426 3152 1471 tuus
3180 1416 3270 1469 sub
3300 1414 3407 1467 Do-

1849 1502 2001 1538 mmo.

1918 1555 2043 1610 Non
2069 1573 2201 1609 enim
2224 1567 2296 1609 est
2323 1559 2447 1612 illis.
2476 1557 2664 1611 Merito
2690 1573 2782 1614 eos
2809 1558 3132 1621 humiliabit,
3159 1556 3279 1626 quia
3309 1555 3412 1609 illis

1847 1643 1947 1697 non
1976 1637 2047 1680 est
2066 1629 2390 1681 commutatio
2422 1630 2471 1681 in
2502 1629 2771 1697 praesenti,
2798 1640 2851 1683 et
2881 1629 3000 1683 ideo
3042 1644 3146 1683 non
3175 1628 3278 1683 erit
3306 1626 3411 1680 illis

1847 1696 1898 1749 in
1932 1698 2125 1751 futuro.
2177 1698 2289 1752 Hoc
2334 1708 2439 1765 est,
2471 1696 2593 1767 quia
2637 1714 2743 1753 non
2776 1700 3072 1754 habuerunt
3116 1706 3323 1767 partem
3358 1702 3408 1750 in

1854 1767 2023 1834 prima
2054 1768 2462 1835 resurrectione,
2498 1784 2597 1823 nec
2628 1771 2893 1825 habebunt
2918 1771 2975 1825 in
3008 1770 3265 1824 secunda.
3295 1767 3413 1821 Erit

1854 1847 2026 1910 tamen
2074 1840 2297 1893 mutatio
2334 1840 2415 1894 eis
2464 1840 2513 1892 in
2567 1839 2744 1895 futuro
2790 1857 2886 1910 per
2924 1841 3413 1903 resurrectionem,

1850 1908 1944 1961 sed
1974 1924 2081 1963 non
2110 1910 2212 1963 erit
2238 1911 2316 1963 eis
2342 1911 2710 1977 commutatio,
2739 1908 2899 1965 idest
2938 1912 2993 1965 in
3022 1910 3213 1964 melius
3242 1918 3414 1963 muta-

1853 1978 1943 2041 tio,
1978 1980 2101 2045 quia
2132 1988 2414 2049 resurgent
2436 1981 2501 2034 ad
2538 1981 2766 2049 poenam,
2796 1997 2901 2035 non
2928 1982 2991 2035 ad
3018 1980 3260 2049 gloriam.
3289 1979 3411 2032 Non

1850 2059 1924 2103 est
1946 2051 2050 2103 illis
2072 2091 2086 2115 ,
2121 2050 2359 2118 inquam,
2388 2055 2733 2116 commutatio,
2766 2064 2818 2105 et
2850 2054 2948 2106 hoc
2976 2053 3117 2115 ideo,
3146 2054 3267 2119 quia
3309 2066 3414 2103 non

1853 2120 2126 2175 timuerunt
2156 2120 2345 2185 Deum,
2378 2123 2428 2174 id
2448 2132 2551 2185 est,
2580 2121 2811 2189 judicem
2844 2124 3077 2176 futurum
3106 2138 3211 2175 non
3242 2130 3418 2176 atten-

1852 2189 2067 2253 derunt,
2101 2200 2159 2245 ut
2202 2193 2450 2245 mandata
2494 2193 2609 2260 ejus
2637 2193 2988 2248 cusmdirent.
3034 2194 3097 2245 Et
3126 2192 3245 2246 ideo
3276 2191 3414 2246 Deus

1850 2262 2076 2314 extendit
2119 2276 2329 2314 manum
2368 2278 2513 2315 suam
2558 2264 2610 2314 in
2653 2264 2991 2327 retribuendo,
3022 2262 3073 2315 id
3100 2271 3200 2328 est,
3235 2260 3417 2328 plena-

1851 2330 1983 2385 riam
2023 2331 2211 2386 inferet
2246 2334 2493 2400 nequitiae
2518 2348 2703 2387 eorum
2745 2334 3173 2388 retributionem.
3208 2331 3275 2385 Et
3298 2347 3409 2386 me-

1852 2401 1977 2469 rito,
1996 2402 2117 2472 quia
2146 2403 2242 2469 ipsi
2265 2404 2749 2469 contaminatverunt,
2776 2404 2827 2458 id
2850 2412 2953 2470 est,
2983 2404 3410 2473 depravaverunt

1852 2480 2225 2547 testamentum,
2248 2473 2321 2547 Aid
2348 2484 2463 2547 est,
2499 2475 2880 2547 promissiones
2917 2479 3049 2547 ejus.
3072 2474 3238 2547 Quod
3270 2480 3412 2528 enim

1854 2542 2056 2597 dictum
2086 2554 2168 2600 est
2199 2542 2265 2597 ad
2296 2545 2567 2599 Abraham
2601 2563 2612 2597 :
2641 2544 2707 2598 In
2735 2550 2922 2600 semine
2938 2542 3035 2599 'tuo
3063 2545 3416 2598 benedicentur

1854 2628 2028 2667 omnes
2053 2625 2248 2685 gentes,
2272 2616 2374 2670 hoc
2400 2627 2727 2683 pervertunt,
2753 2618 2899 2671 verbi
2920 2616 3111 2686 gratia,
3136 2615 3293 2686 utuilb
3325 2616 3414 2683 qui

1852 2686 1918 2757 ad
1946 2684 2141 2757 solam
2193 2686 2429 2741 Africam
2479 2686 2581 2741 boc
2629 2691 2897 2757 pertinere
2927 2684 3251 2757 ’ἁίευηιειῦι
3295 2686 3414 2741 ideo

1853 2755 2000 2809 divisi
2028 2765 2146 2810 sunt
2176 2772 2280 2811 non
2301 2772 2331 2812 a
2360 2755 2865 2813 contaminantibus.
2884 2758 2950 2813 Et
2980 2760 3080 2811 boc
3111 2756 3173 2809 ab
3201 2757 3278 2809 ira
3303 2757 3413 2810 vul-

1854 2834 1937 2909 tus
1957 2829 2089 2909 ejus,
2116 2828 2167 2881 id
2183 2836 2296 2909 est,
2331 2830 2606 2909 perﬁirarn
2654 2839 2921 2909 ostensam
2947 2828 3026 2909 'in
3071 2827 3415 2909 vultu-esitatc

1862 2897 1999 2966 ejus,
2034 2898 2086 2952 id
2114 2906 2218 2965 est,
2252 2897 2365 2953 Dei.
2411 2897 2577 2954 Divisi
2606 2910 2730 2955 sunt
2772 2900 2913 2955 enim
2940 2898 3052 2969 jam
3093 2897 3161 2969 ab
3191 2898 3295 2969 illis
3320 2912 3415 2967 per

1855 2970 2162 3023 interiorem
2202 2970 2519 3036 caecitatem,
2560 2971 2611 3024 id
2642 2981 2745 3037 est,
2776 2967 3071 3025 moraliter.
3099 2967 3416 3023 Dividentur

1854 3039 2014 3093 etiam
2057 3047 2184 3095 tunc
2231 3039 2496 3107 localiter,
2540 3055 2661 3096 cum
2711 3043 2921 3097 dicetur
2947 3041 3070 3096 eis:
3103 3037 3205 3103 Ite,
3257 3040 3415 3094 male-

1855 3110 1998 3181 dicti,
2030 3112 2084 3164 in
2107 3114 2272 3181 ignem
2295 3121 2558 3165 (uernum.
2587 3112 2649 3166 Et
2683 3113 2786 3167 illis
2811 3110 3299 3181 contaminantibus
3329 3110 3414 3164 di-

1855 3180 1986 3235 visis
2014 3190 2069 3236 ει
2112 3180 2413 3249 εκεεεεειίε,
2446 3199 2536 3237 cor
2563 3182 2725 3250 illius,
2774 3183 2824 3237 id
2854 3193 2971 3247 est,
3010 3182 3131 3247 Dei,
3180 3180 3283 3235 hoc
3312 3191 3415 3246 est,

1854 3266 2005 3307 sacra
2037 3252 2329 3321 Scriptura,
2357 3268 2475 3323 qua:
2505 3254 2626 3308 ideo
2655 3254 2848 3309 dicitur
2867 3268 2960 3308 cor
2986 3251 3102 3315 Dei,
3129 3251 3256 3323 quia
3286 3265 3417 3305 con-

1856 3322 1987 3377 tinet
2025 3320 2275 3395 interiora
2305 3333 2360 3379 et
2376 3320 2585 3379 occulta
2610 3324 2863 3395 mysteria
2893 3324 2961 3379 de
2992 3336 3079 3387 eo,
3110 3320 3195 3395 illa
3219 3338 3410 3395 appro-

1856 3394 2133 3465 pinquavit,
2160 3394 2212 3449 id
2240 3403 2345 3459 est,
2376 3395 2633 3461 patefacta
2658 3394 2760 3461 est,
2794 3409 2899 3450 non
2928 3394 3413 3448 contaminantibus

1855 3472 2255 3521 testamentum.
2285 3466 2423 3531 Quia
2450 3467 2593 3521 enim
2632 3466 2704 3520 illi
2752 3466 2952 3535 repulsi
2994 3473 3156 3531 sunt,
3191 3477 3414 3519 necesse

1854 3535 1951 3589 fuit
1989 3536 2093 3591 illis
2112 3577 2127 3602 ,
2160 3536 2212 3590 id
2240 3547 2343 3602 est,
2384 3536 2903 3603 contaminantibus,
2934 3536 3241 3605 perquirere
3270 3537 3410 3590 veri-

1855 3614 2016 3677 tatem
2070 3608 2487 3674 Scripturarum,
2535 3617 2606 3663 ut'
2642 3608 2850 3677 possint
2899 3607 3151 3663 resistere
3196 3605 3416 3663 falsitati

1852 3676 2088 3734 illorum.
2138 3677 2206 3732 Et
2252 3679 2333 3733 sic
2371 3676 2661 3747 Scripturae
2704 3680 2784 3733 eis
2829 3679 3412 3748 appropinquaverunt,

1852 3748 1975 3818 quia
2002 3760 2203 3819 quanto
2242 3750 2411 3819 magis
2449 3758 2503 3805 et
2524 3750 2739 3820 saepius
2764 3764 2855 3805 eas
2884 3749 3229 3820 quaesierunt,
3264 3758 3414 3807 tanto

1852 3818 2033 3891 magis
2056 3818 2452 3875 intellexerunt.
2484 3818 2636 3877 Unde
2680 3818 2967 3891 Apostolus
2996 3836 3010 3875 :
3046 3818 3257 3890 Oportet
3303 3837 3411 3877 esse

1851 3888 2085 3954 haereses,
2120 3901 2173 3945 ut
2199 3892 2286 3960 qui
2306 3892 2503 3960 probati
2530 3901 2648 3946 sunt
2669 3888 2925 3959 manifesti
2948 3892 3095 3961 ﬂant.

1925 3961 2117 4035 Molliti
2151 3973 2267 4017 sunt
2295 3978 2549 4035 sermones
2586 3965 2719 4035 ejus.
2752 3962 2982 4035 Exponit
3010 3961 3416 4035 quomodoqcor

1853 4031 1948 4104 Dei
1980 4033 2084 4089 illis
2113 4033 2557 4104 appropinquabit
2581 4031 2725 4099 (ita,
2765 4034 3009 4104 scilicet,
3042 4033 3161 4100 quia
3202 4032 3409 4100 molliti,

1853 4102 1905 4157 id
1944 4113 2044 4169 est,
2093 4102 2452 4175 intelligibiles
2496 4102 2621 4158 facti
2667 4114 2783 4175 sunt
2825 4103 2929 4157 illis
2970 4117 3226 4175 sermones
3266 4106 3404 4175 ejus,

1852 4175 2074 4240 scilicet,
2112 4174 2225 4239 Dei,
2259 4172 2312 4228 in
2358 4175 2550 4243 quibus
2602 4174 2779 4228 solent
2820 4186 2939 4227 esse
2967 4173 3210 4242 quaedam
3250 4172 3401 4239 dura,

1852 4253 1909 4298 ut
1938 4259 2058 4299 cum
2089 4245 2343 4299 Dominus
2386 4244 2521 4298 dixit
2551 4262 2563 4294 :
2597 4243 2718 4297 Nisi
2747 4243 3170 4297 manducaveritis
3208 4260 3409 4299 carnem

1850 4331 2036 4380 meant,
2060 4325 2108 4369 et
2132 4316 2353 4369 biberitis
2386 4315 2684 4384 sanguinem
2717 4331 2902 4381 meum,
2935 4331 3036 4368 non
3067 4313 3311 4369 habebitis
3340 4319 3411 4369 vi-

1850 4396 1975 4457 tam.
2000 4385 2173 4440 Durus
2203 4395 2276 4457 est
2296 4385 2377 4457 hic
2404 4400 2569 4440 sermo
2588 4427 2600 4449 ,
2623 4394 2668 4438 et
2688 4388 2800 4456 quis
2821 4386 3001 4457 poterit
3043 4400 3157 4438 eum
3192 4388 3415 4441 audire?

1853 4456 1920 4508 Et
1940 4456 2277 4527 scandalizati
2303 4456 2460 4525 ferme
2490 4460 2810 4527 septuaginta
2826 4456 2936 4509 duo
2963 4457 3194 4509 abierunt
3224 4468 3411 4511 retrorw

1778 4542 1985 4609 Dium;
2032 4524 2191 4609 Petro
2236 4524 2362 4609 vero
2413 4524 2585 4609 mollis
2624 4524 3135 4609 bic‘sermofactqs
3166 4538 3267 4608 est,
3305 4545 3409 4609 non

1858 4604 2035 4668 tamen
2071 4599 2191 4667 quia
2240 4598 2431 4668 Petrus
2478 4598 2583 4668 hoc
2624 4598 2973 4668 intelligebat,
3020 4596 3112 4653 sed
3157 4597 3281 4666 quia
3322 4599 3410 4668 pie

1855 4666 2055 4722 dictum
2078 4666 2159 4723 est
2184 4667 2459 4722 credebat.
2495 4667 2687 4724 Molliti
2714 4666 2851 4735 sunt,
2882 4668 3119 4737 inquam,
3153 4666 3407 4724 sermones

1853 4739 1984 4808 ejus,
2013 4748 2065 4792 et
2108 4755 2210 4821 non
2240 4752 2448 4808 parum,
2491 4741 2763 4821 sed-super
2801 4736 2987 4821 oleum,
3015 4736 3069 4821 id
3109 4749 3229 4819 est,
3248 4753 3409 4808 super

1853 4823 2063 4879 omnem
2134 4810 2391 4879 liquorem
2465 4810 2837 4865 mollissimum
2891 4818 2945 4864 et
3013 4810 3401 4865 tenuissimum.

1852 4878 2037 4934 Oleum
2064 4878 2202 4934 enim
2234 4881 2297 4933 ad
2329 4896 2393 4934 ea
2419 4882 2580 4936 molle
2616 4891 2671 4936 et
2702 4892 2857 4936 tenue
2887 4890 2966 4935 est
2988 4920 3003 4947 ,
3034 4879 3175 4949 quod
3213 4881 3405 4936 dicitur

1850 4964 2045 5019 corpus
2072 4960 2386 5020 penetrare;
2414 4966 2689 5007 sermones
2718 4967 2844 5006 vero
2874 4952 2959 5005 isti
2999 4951 3172 5004 adhuc
3203 4951 3409 5007 mollio-

1850 5035 1937 5091 res
1965 5019 2106 5086 sunt,
2139 5023 2259 5091 quia
2286 5032 2563 5090 penetrant
2593 5037 2762 5091 usque
2788 5022 2855 5077 ad
2892 5019 3142 5075 animam.
3184 5021 3251 5076 Et
3281 5024 3409 5079 licet

1851 5090 1934 5163 ita,
1957 5090 2161 5147 molles
2189 5093 2313 5146 facti
2359 5094 2500 5160 sint,
2530 5090 2685 5148 vires
2712 5103 2886 5148 tamen
2938 5107 3041 5146 non
3084 5093 3401 5163 amiserunt,

1850 5160 1968 5233 quia
1996 5164 2093 5232 ipsi
2130 5172 2249 5217 sunt
2285 5164 2486 5233 jacula,
2519 5165 2571 5233 id
2598 5172 2701 5231 est,
2730 5171 2940 5218 armant
2962 5172 3017 5218 et
3039 5166 3283 5218 muniunt
3311 5160 3407 5222 eos

1850 5232 1916 5286 ab
1948 5234 2187 5288 bostibus
2215 5251 2229 5300 ;
2259 5232 2312 5289 et
2340 5235 2439 5303 ipsi
2478 5232 2692 5289 mittunt
2716 5248 2811 5289 eos
2846 5234 2991 5287 velut
3018 5232 3239 5301 sagittas
3274 5249 3407 5292 acu-

1854 5311 1954 5366 tas,
1986 5305 2146 5359 corda
2176 5306 2526 5372 transientes,
2553 5313 2607 5360 et
2634 5304 2948 5359 charitatem
2979 5303 3336 5361 intendentes.

1920 5372 2072 5428 Jacta
2110 5391 2261 5443 super
2298 5375 2572 5429 Dominum
2616 5387 2995 5447 curanituam,
3040 5386 3085 5428 et
3132 5376 3273 5447 ipse,
3303 5388 3409 5436 etc.

1852 5444 1948 5499 Hic
1976 5446 2227 5514 majores,
2268 5460 2495 5515 quorum
2528 5460 2632 5516 vox
2660 5454 2762 5507 est,
2805 5446 2859 5500 in
2891 5448 2990 5516 hoc
3032 5444 3409 5516 psalmo’hor-

1853 5524 2030 5589 tantur
2059 5518 2347 5589 inferiores
2362 5531 2515 5589 suos.
2536 5515 2697 5583 Quasi
2728 5516 2904 5589 dicati:
2933 5515 2999 5571 Ut
3018 5515 3176 5589 vobis
3196 5532 3406 5589 quoque

1854 5587 2197 5661 inferioribus
2226 5588 2533 5641 molliantur
2560 5601 2836 5661 sermones
2865 5588 2980 5651 Dei,
3012 5587 3133 5643 ideo
3165 5597 3217 5643 tu
3247 5587 3409 5661 quili—

1852 5659 1942 5731 bet
1961 5662 2112 5731 jaeta
2149 5673 2322 5731 curam
2364 5665 2520 5723 luant,
2556 5658 2755 5731 idest,
2795 5669 2939 5731 tuum
2983 5673 3199 5731 curare,
3230 5658 3411 5731 reputa

1852 5728 1983 5781 nihil
2022 5728 2115 5799 tibi
2164 5728 2437 5796 prodesse,
2476 5729 2567 5784 sed
2621 5729 2794 5799 ipsum
2839 5728 3027 5784 salutis
3076 5736 3180 5785 tua:
3229 5728 3409 5788 curam

1849 5813 2059 5869 gerere.
2088 5798 2245 5855 Juxta
2272 5801 2413 5869 quod
2442 5800 2568 5856 alibi
2599 5798 2800 5857 dictum
2821 5806 2905 5858 est
2934 5815 2947 5855 :
2982 5800 3197 5868 Omnem
3217 5802 3397 5857 soltici
