3984 6362
206 330 321 389 775

980 337 1043 392 ΙΝ
1086 338 1507 396 PSALMORUM
1548 336 1804 396 LIBRUM
1846 339 2200 399 EXEGICSIS.
2248 372 2310 382 —
2352 342 2595 399 PSALM.
2639 341 2739 397 LV.

3392 344 3486 408 774

208 464 461 530 paterna:
490 452 899 530 confessionis,
933 468 1053 530 qua!
1085 453 1203 508 ideo
1235 455 1643 530 meritqtlicitur
1669 454 1795 530 soli-
1825 455 1871 513 Α
1901 460 2040 530 tum,
2072 464 2124 509 et
2156 457 2268 525 ipse
2299 471 2382 530 me
2410 467 2463 510 et
2492 470 2640 510 meos
2664 455 2908 530 exaudiat
2941 454 2991 530 in
3026 455 3254 525 meridie,
3291 459 3341 515 id
3370 475 3474 530 est,

216 524 378 591 tudo,
412 527 534 595 quia
560 525 797 579 nondum
822 524 1013 591 aliquis
1036 526 1385 593 corporaliter
1410 526 1531 582 illuc
1553 529 1797 595 pervenit

210 608 422 670 prieter
453 612 597 651 eum.
649 594 938 670 Egtimer‘to
967 597 1140 670 (quasi
1171 596 1331 664 dicat)
1368 598 1467 652 hoc
1511 594 1638 651 mihi
1669 612 1796 653 eon-

212 666 441 726 cessum
472 676 555 723 est
576 709 589 731 ,
622 666 857 730 scilicet,
891 676 943 720 ut
978 666 1252 723 avolarem
1283 677 1336 722 et
1375 670 1789 736 requiescerent,

218 742 350 812 quia
385 748 486 808 ego
530 754 651 793 cum
697 739 951 812 patientia
997 740 1611 812 obedientianiexplevi.
1663 740 1791 793 Nam

210 810 573 880 exspectabam
615 810 879 879 patienter
926 824 1059 873 eum,
1100 810 1149 862 id
1190 821 1289 874 est,
1340 810 1502 864 Deum
1556 812 1790 878 Patrem,

209 886 303 957 qui
336 896 498 962 Antinc
526 883 677 962 prius
710 882 915 962 salvum
950 897 1027 962 me
1066 881 1184 962 fecit
1228 882 1295 962 in.
1323 896 1448 962 spe,
1486 885 1555 962 ita
1589 886 1790 962 salvum

210 952 303 1011 tne
332 956 491 1010 faciet
526 954 577 1007 in
605 962 665 1007 re
694 966 726 1005 α
756 952 1187 1021 pusillanimitote
1216 952 1429 1019 spiritus
1448 992 1462 1017 ,
1492 954 1540 1005 id
1577 964 1655 1006 est
1678 994 1693 1019 ,
1725 957 1792 1007 ab

214 1026 533 1082 inﬁrmitate
584 1025 673 1078 illa
722 1022 942 1089 Spiritus
994 1037 1089 1090 pro
1131 1038 1233 1087 qua
1264 1023 1395 1077 dixit
1444 1042 1457 1077 :
1496 1023 1678 1078 Tristis
1720 1036 1793 1078 est

213 1101 394 1151 animo
425 1106 537 1150 inea
568 1106 724 1161 usque
750 1096 817 1147 ad
850 1104 1080 1147 mortem.
1110 1091 1175 1145 Et
1198 1109 1226 1145 a
1256 1102 1573 1161 tempestate,
1605 1097 1653 1149 id
1685 1106 1787 1161 est,

211 1170 281 1223 ab
331 1171 535 1235 impetu
588 1167 809 1220 [urentis
859 1166 1057 1233 populi.
1112 1163 1222 1231 Ego
1271 1166 1389 1219 dico
1439 1166 1625 1219 dicens
1674 1166 1788 1220 ita:

212 1238 518 1312 Pftecipita,
559 1239 795 1312 Domine,
829 1246 883 1312 et
914 1237 1083 1312 divide
1127 1237 1330 1305 linguas
1358 1236 1789 1312 eogtmilnplici-

212 1321 315 1375 ter,
349 1308 410 1366 ut
453 1313 503 1365 in
556 1309 719 1377 priori
764 1308 994 1361 lectione
1030 1308 1229 1359 dictum
1275 1316 1374 1360 est.
1427 1308 1492 1361 Et
1542 1310 1640 1361 hoc
1684 1324 1789 1362 non

210 1382 334 1436 dico
361 1386 427 1437 ei
470 1379 867 1444 malevolentia,
919 1379 1008 1430 sed
1036 1378 1165 1449 quis
1189 1378 1332 1441 digni
1367 1389 1517 1443 sunt,
1550 1381 1789 1449 quoniam

209 1451 261 1503 in
294 1448 519 1514 civitate,
569 1451 620 1501 id
671 1458 773 1512 est,
809 1450 859 1498 in
913 1451 1110 1515 populo
1143 1448 1471 1514 .ludamrnut,
1515 1448 1603 1518 qui
1637 1454 1788 1519 quasi

209 1520 404 1588 civitas
454 1520 577 1586 fuit,
625 1526 844 1588 propter
890 1519 1056 1580 legem
1100 1529 1153 1572 et
1186 1520 1497 1583 prophetas.
1532 1531 1588 1573 ut
1618 1523 1790 1575 minus

210 1587 499 1646 videbatur
526 1587 842 1643 timendum.
887 1587 959 1639 lbi
989 1590 1112 1652 vidi,
1164 1590 1213 1641 id
1257 1598 1359 1657 est,
1410 1596 1694 1659 recognovi
1736 1602 1791 1647 et

214 1663 556 1717 manifestius
577 1668 827 1725 expertus
853 1672 994 1721 sum,
1020 1660 1068 1711 id
1100 1669 1201 1719 Bst,
1226 1669 1278 1713 et
1310 1663 1784 1729 contradictiones,

208 1744 262 1788 et
298 1750 411 1787 eam
444 1734 711 1787 civitatein
746 1730 1081 1783 circumdabit
1124 1733 1368 1798 iniquitas
1412 1734 1495 1786 die
1532 1750 1591 1787 ac
1620 1746 1785 1797 nocte,

1898 525 2071 578 dando
2097 538 2316 599 (eterna.
2353 527 2579 599 Possunt
2605 526 2765 581 etiam
2798 526 2878 580 llic
2909 527 3024 581 alia:
3053 530 3318 599 pruidictm
3350 525 3476 587 seu;

1899 599 2074 650 lentim
2104 598 2206 652 dici
2239 598 2426 665 partim
2458 597 2521 650 ad
2549 614 2703 662 cum,
2739 598 2929 666 partim
2971 599 3035 652 ad
3056 596 3212 654 'snos.
3252 596 3314 656 Et
3348 621 3475 662 vere

1896 670 2150 729 exaudiet,
2185 671 2304 736 quia
2337 670 2543 722 redimet
2574 672 2797 722 animam
2824 686 2987 723 meam
3013 672 3061 722 in
3096 688 3219 735 pace
3248 675 3481 732 existen-

1897 746 2033 813 teni,
2070 739 2119 793 id
2148 751 2256 813 est,
2292 743 2431 793 inter
2461 741 2891 813 odicutcsetiam
2926 756 3107 810 pacem
3140 758 3476 813 servantem,

1895 808 1955 881 ab
1982 810 2060 863 his
2088 812 2176 879 qui
2203 813 2614 881 appmpinquant
2642 809 2789 874 mihi,
2826 812 2876 864 id
2905 808 3010 873 est,
3038 826 3066 865 a
3104 826 3365 881 potestate
3389 810 3484 873 Jué-

1896 880 2175 946 (latorum,
2232 882 2321 950 qui
2375 898 2437 935 ex
2497 884 2864 951 appropinquo
2920 884 3270 940 adversantur
3328 888 3477 943 milii.

1902 951 2055 1015 Quod
2084 967 2308 1008 necesse
2336 962 2437 1017 est,
2472 953 2721 1020 quoniam
2764 954 2861 1020 ipsi
2904 970 3110 1008 mecum
3141 966 3294 1013 erant
3344 962 3479 1017 inter

1894 1023 2109 1085 multos,
2142 1024 2190 1076 id
2225 1034 2327 1086 est,
2360 1023 2496 1077 inter
2527 1025 2700 1089 paleas
2730 1034 2954 1091 tantum,
2993 1037 3051 1079 ιιι
3080 1028 3242 1089 prius.

1967 1091 2448 1167 Contaminaverunt
2491 1103 2841 1167 testamentum
2872 1097 3001 1164 ejus.
3055 1096 3151 1151 llic
3180 1101 3361 1167 accipe
3393 1112 3471 1157 tc-

1893 1174 2217 1241 stamentum
2253 1165 2347 1241 _Dei
2398 1164 2874 1241 promissioncs-de
2918 1170 3134 1241 aeternis
3182 1164 3475 1241 sub'gratia

1892 1232 2061 1307 iactas
2088 1252 2098 1289 :
2127 1235 2267 1304 quod
2294 1243 2675 1307 testamentum
2704 1234 2873 1289 Judaei
2904 1254 3066 1307 super
3098 1240 3285 1307 legalis
3312 1232 3479 1295 sacri-

1896 1306 2011 1359 ﬁcia
2060 1322 2165 1359 non
2212 1305 2617 1367 ordinaverunt,
2652 1306 2761 1359 imo
2808 1305 3045 1362 terrenas
3087 1320 3138 1363 et
3157 1305 3387 1367 Veteres
3429 1316 3477 1368 ci

1895 1377 2277 1443 promissiones
2307 1390 2734 1444 praeposuerunt.
2769 1377 2920 1433 Unde
2945 1381 3071 1433 dicit
3100 1398 3111 1431 :
3143 1379 3473 1437 Contamina-

1890 1458 2091 1515 verunt,
2137 1449 2186 1501 id
2228 1457 2334 1508 est,
2378 1450 2893 1519 deSpexeruntejus
2939 1461 3316 1518 testamentum,
3361 1470 3484 1509 san-

1891 1520 2074 1586 guine,
2118 1518 2342 1581 scilicet,
2377 1520 2480 1572 mei
2524 1518 3231 1588 testatoriscontinuatum,
3277 1534 3331 1579 et
3360 1526 3484 1581 ideo

1891 1589 2049 1641 divisi
2077 1598 2201 1641 sunt
2231 1598 2289 1643 ut
2321 1591 2487 1656 prius.

1975 1658 2081 1731 i’iri
2109 1661 2439 1731 sanguinantis
2486 1658 2672 1715 Merito
2701 1660 2916 1714 deduces
2947 1679 3033 1716 eos
3062 1666 3113 1717 in
3157 1674 3367 1731 puteum
3396 1668 3476 1720 in-

1892 1730 2089 1802 teritus,
2114 1729 2244 1802 quia
2264 1729 2367 1798 ipsi
2396 1741 2519 1783 sunt
2538 1733 2630 1784 viri
2654 1734 2982 1801 sunguinum,
3010 1729 3343 1802 appetentes,
3377 1739 3482 1792 sci-

208 1804 261 1858 id
307 1813 413 1865 est.
446 1810 682 1872 semper,
716 1806 821 1854 non
856 1802 1027 1855 solum
1062 1802 1129 1875 in_
1150 1803 1462 1865 minoribus,
1497 1805 1588 1858 sed
1620 1806 1687 1857 ita
1734 1814 1791 1861 ut
1822 1814 1869 1875 Β
1897 1800 2347 1875 licet,eﬂ'undere
2375 1804 2689 1875 sanguinem
2723 1800 2897 1856 meum
2928 1821 3023 1871 pro
3048 1800 3172 1859 loco
3198 1817 3251 1861 et
3279 1800 3475 1875 gente;

207 1877 466 1931 ascendat
502 1890 652 1945 super
694 1888 869 1946 muros
901 1877 1043 1943 ejus,
1081 1873 1131 1925 id
1166 1881 1247 1925 est
1275 1915 1288 1939 ,
1324 1888 1486 1942 super
1521 1878 1789 1946 principes

206 1946 347 2017 ejus,
386 1945 635 2011 Pilatum,
687 1944 934 2006 scilicet,
969 1954 1020 1998 et
1067 1946 1278 1997 Annam
1320 1955 1375 1999 et
1412 1944 1789 2015 Caipltamet

208 2016 310 2072 hoc
343 2017 490 2080 ideo,
528 2019 648 2085 quia
681 2017 824 2069 labor
845 2024 927 2069 est
955 2017 1007 2067 in
1048 2016 1215 2068 medio
1245 2016 1379 2085 ejus,
1414 2025 1471 2070 ut
1520 2020 1570 2071 in
1622 2021 1785 2086 priori

206 2091 443 2145 lectiOne
472 2091 672 2142 dictum
702 2096 803 2147 est.

280 2162 543 2226 Quoniam
585 2160 630 2213 si
669 2160 907 2212 inimicus
938 2158 1298 2211 maledixisset.
1368 2157 1512 2223 Vidi,
1548 2159 1783 2228 inquam,

207 2233 259 2285 in
292 2233 500 2286 civitate
522 2231 995 2289 contradictionem,
1029 2230 1165 2297 quod
1200 2230 1579 2284 molestissime
1610 2237 1785 2287 teren-

206 2303 339 2357 dum
367 2314 473 2368 est,
499 2306 552 2357 et
576 2300 930 2355 intolerabile.
962 2300 1222 2364 Quoniam
1266 2302 1308 2353 si
1339 2302 1651 2355 manifestus
1687 2305 1785 2357 ini-

206 2375 405 2441 micus,
453 2372 505 2427 id
566 2381 682 2437 est,
729 2370 940 2439 gentilis
986 2372 1213 2440 populus
1251 2371 1591 2426 maledixisset
1636 2374 1781 2440 mihi,

206 2442 339 2499 illud
375 2447 546 2514 utique
576 2444 924 2496 sustinuissem
947 2483 961 2505 ,
985 2444 1045 2514 id
1075 2451 1187 2507 est,
1230 2444 1598 2499 sustinettduttt
1633 2452 1784 2509 puta;

207 2528 347 2571 rem.
392 2512 542 2583 Quod
590 2522 695 2568 non
744 2515 815 2568 ita
869 2512 1271 2573 intelligendum
1318 2523 1418 2579 est,
1458 2516 1601 2584 quod
1644 2516 1784 2571 Deus

205 2586 444 2656 aliquam
487 2587 821 2657 iniquitatem
859 2584 1139 2657 sustineat,
1190 2584 1238 2636 id
1268 2594 1369 2650 est,
1419 2587 1642 2653 alicujus
1684 2588 1786 2641 ini-

282 2653 397 2712 itati
427 2653 629 2726 parcat,
663 2655 756 2710 sed
786 2653 933 2725 quasi
959 2657 1185 2709 sustinet
1209 2660 1513 2711 nescienter
1539 2672 1775 2725 peccan-

206 2727 341 2784 tium
400 2729 760 2797 iniquitatem,
805 2727 926 2795 quia
959 2727 1133 2779 minus
1180 2730 1329 2792 punit
1362 2742 1502 2793 eam,
1534 2742 1689 2798 quam
1732 2732 1778 2785 si

204 2811 389 2856 essem
426 2801 657 2854 Scienter
689 2809 989 2862 peccantes.
1034 2797 1097 2851 Et
1126 2798 1169 2851 si
1197 2798 1241 2851 is
1268 2799 1355 2868 qui
1386 2797 1570 2865 aperte
1605 2802 1783 2856 oderat

204 2887 317 2939 me,
376 2872 499 2940 quia
552 2872 736 2925 maluit
793 2878 1091 2923 creaturam
1149 2882 1305 2940 quam
1364 2870 1527 2923 Deum
1581 2871 1779 2940 colere,

205 2938 616 3011 fuisset—locutus
638 2954 820 3010 magna
842 2952 992 3009 super
1014 2956 1111 3003 me,
1138 2938 1321 2994 dicens
1356 2957 1370 2993 :
1401 2940 1522 2993 Non
1544 2938 1783 2998 habemus

204 3030 379 3086 regem
403 3014 789 3086 nisitia'sarem,
814 3014 1051 3086 forsitan,
1084 3012 1131 3063 id
1168 3018 1267 3086 est,
1304 3012 1423 3065 talis
1454 3024 1631 3080 posset
1661 3030 1782 3070 esse

205 3078 349 3154 quod
407 3078 779 3139 abscondissem
822 3098 901 3137 me
945 3082 1128 3154 abeo,
1176 3081 1228 3135 id
1260 3093 1361 3149 est,
1396 3078 1501 3136 non
1549 3100 1644 3149 per
1673 3095 1777 3139 tam

205 3153 454 3227 asperam
506 3155 791 3210 vindictam
854 3153 1331 3227 ostenderemme
1388 3154 1778 3227 illisForsitan

206 3224 331 3282 ideo
368 3228 611 3295 opponit,
644 3228 731 3295 qni
776 3226 989 3294 quidam
1020 3224 1178 3277 etiam
1211 3225 1350 3278 inter
1373 3225 1600 3295 gentiles
1628 3238 1781 3284 erant

207 3299 405 3366 quibus
438 3295 577 3353 Deus
627 3306 831 3352 tantum
882 3295 1150 3367 ingenium
1193 3297 1480 3359 concessit,
1527 3305 1581 3350 ut
1614 3299 1783 3367 legem

206 3369 525 3423 naturaliter
562 3370 814 3437 scriptam
848 3368 899 3421 in
931 3366 1184 3437 cordibus
1215 3367 1494 3421 haberent.
1522 3371 1589 3421 Ut
1634 3366 1784 3425 Plato

205 3450 260 3511 et
313 3440 405 3494 alii
448 3436 773 3511 philosophi.
804 3439 870 3491 Et
898 3439 978 3511 bis
1012 3436 1205 3511 talibus
1246 3446 1358 3511 non
1390 3438 1682 3511 abscondit
1726 3457 1785 3496 se

206 3509 350 3565 Deus
377 3552 393 3577 ,
436 3509 557 3581 quia
588 3512 660 3564 ita
702 3524 887 3564 severe
931 3509 985 3561 in
1012 3524 1104 3564 eos
1138 3509 1442 3573 vindicabit,
1477 3511 1615 3565 sicut
1645 3523 1701 3566 et
1730 3515 1785 3567 iu

206 3581 330 3636 illos
359 3584 448 3652 qui
478 3584 645 3652 legem
678 3581 928 3652 scriptam
955 3588 1294 3652 acceperunt.

235 3667 244 3675 '
281 3653 359 3705 Tn
383 3651 508 3707 cera
535 3651 710 3706 homo.
756 3651 901 3704 Illum
936 3651 1147 3716 quidem
1189 3651 1596 3717 sustinuissent,
1639 3662 1693 3706 et
1722 3656 1785 3709 ab

204 3723 300 3793 illo
346 3742 425 3778 me
470 3722 877 3787 abscondissem;
922 3734 975 3774 tu
1020 3737 1134 3775 vero
1165 3734 1319 3791 quem
1352 3734 1450 3792 ego
1495 3734 1589 3790 per
1618 3726 1783 3793 legem

210 3790 388 3849 datam
422 3796 517 3849 Περὶ
562 3794 829 3847 hominem
856 3835 868 3854 ,
912 3793 961 3845 id
995 3802 1113 3855 est,
1158 3790 1569 3860 iittelligeittem,
1614 3790 1783 3864 et'qui

206 3865 432 3920 deberes
464 3868 717 3919 unanimis
750 3864 875 3917 mibi
906 3879 1050 3929 esse,
1084 3865 1187 3916 dar
1213 3878 1376 3929 mens,
1410 3865 1458 3917 id
1488 3873 1597 3929 cst,
1629 3880 1785 3933 quem

206 3950 307 4007 ego
346 3936 533 3991 ducem
564 3937 683 3991 aliis
712 3937 996 4007 constitui,
1038 3935 1370 4007 scilicet,_ut
1412 3936 1461 3987 in
1505 3944 1554 3989 te
1584 3942 1784 3993 vuitum

208 4005 303 4061 Π.ιὶ
324 4010 629 4071 ecrnerent,
656 4018 707 4061 ct
735 4006 858 4074 quid
887 4006 1120 4060 colerent
1150 4005 1537 4074 intelligerent;
1569 4018 1613 4059 et
1637 4020 1786 4063 notus

205 4096 346 4132 meus
378 4080 671 4133 secandum
702 4092 948 4137 carnem,
989 4077 1075 4145 qui
1115 4076 1345 4146 cupiebas
1384 4093 1578 4130 mecum
1617 4081 1788 4135 dulces

208 4152 367 4215 cibos,
396 4151 446 4204 id
480 4160 580 4218 est,
614 4149 799 4218 lcgalia
830 4148 1098 4209 instituta;
1131 4160 1249 4215 qote
1279 4158 1429 4200 νομαί
1458 4149 1648 4217 dulcia,
1684 4169 1786 4207 Ill)"

204 4234 467 4289 quantum
499 4223 560 4274 ad
594 4222 763 4288 signa,
796 4220 888 4275 Sed
922 4227 1175 4288 quantum
1206 4219 1268 4271 ad
1302 4219 1595 4287 signiﬁcata
1618 4264 1632 4285 ,
1666 4222 1790 4278 iic‘et

204 4292 281 4345 illi
327 4293 427 4345 hoc
456 4300 558 4346 non
589 4292 942 4346 attenderem.
990 4292 1052 4342 Et
1087 4298 1212 4343 vere
1245 4296 1474 4354 Mecum;
1517 4305 1636 4345 nam
1676 4310 1787 4345 am-

205 4362 491 4417 bulavin'tu's
521 4381 635 4417 cum
671 4378 921 4415 consensu
962 4363 1014 4413 in
1040 4362 1189 4413 domo
1220 4358 1429 4413 Domini
1452 4406 1463 4419 ,
1500 4363 1547 4415 id
1582 4372 1661 4416 est
1686 4405 1698 4425 ,
1734 4367 1786 4417 in

204 4437 492 4503 praeceptis
523 4436 670 4503 legis.
707 4434 945 4501 Quorum
981 4434 1131 4500 plura
1165 4433 1277 4500 ipse
1306 4433 1467 4484 etiam
1498 4435 1790 4488 carnaliter

203 4505 549 4575 adimplet-it,
592 4508 712 4573 quia
754 4516 805 4558 et
846 4505 1195 4575 circumcisus
1235 4513 1351 4575 e31,
1393 4510 1447 4556 et
1494 4506 1547 4575 in
1588 4507 1787 4573 templo

190 4586 325 4629 cum
355 4572 501 4629 nium
525 4572 668 4629 ribus
700 4584 1070 4644 prtcsentatns.
1102 4572 1179 4626 Tu
1200 4613 1213 4634 ,
1249 4573 1495 4639 inquam,
1528 4573 1678 4627 homo
1701 4572 1785 4629 ita

204 4648 332 4700 mihi
366 4648 674 4710 familiaris,
723 4648 786 4699 ad
821 4646 944 4715 quid
984 4646 1270 4697 dicendum
1304 4658 1387 4715 me
1420 4646 1665 4697 inducis?
1710 4646 1788 4701 Ad

205 4719 331 4781 hoc,
382 4718 625 4773 scilicet:
680 4717 861 4772 Veniat
907 4734 1038 4769 mors
1090 4730 1238 4784 super
1284 4714 1423 4777 illos,
1476 4723 1531 4769 et
1570 4726 1787 4773 caetera.

203 4789 359 4854 Quid
394 4790 571 4843 itidem
603 4790 793 4843 dicitur
824 4789 906 4841 hic
929 4830 942 4852 ,
986 4791 1123 4840 sicut
1154 4790 1203 4839 in
1241 4786 1467 4839 lectione
1502 4790 1701 4854 priori.
1738 4790 1789 4842 in

205 4861 444 4925 malum,
480 4861 702 4914 scilitet.
748 4861 927 4914 Potest
965 4861 1122 4911 etiam
1171 4858 1459 4911 secundum
1502 4861 1787 4911 Cassiodo.

204 4946 324 4984 ratn
358 4934 548 5000 exponi
581 4932 631 4984 in
668 4932 861 4983 bonum
888 4973 901 4995 ,
935 4932 1002 4983 ita
1036 4949 1047 4982 :
1087 4928 1226 4982 Mors
1258 4930 1417 4981 veniat
1449 4946 1601 4998 super
1631 4931 1749 4983 illos
1773 4973 1786 4995 ,

202 5002 255 5053 id
288 5011 403 5067 est,
440 5003 599 5071 priori
632 5004 737 5055 vita
771 5003 1087 5067 moriantur,
1120 5011 1165 5054 et
1196 5002 1293 5067 ipsi
1324 5002 1564 5068 viventes,
1602 5001 1652 5053 id
1684 5015 1786 5068 eSt,

204 5077 346 5126 male
378 5082 550 5127 actam
584 5075 741 5126 vitam
788 5088 935 5125 suam
980 5074 1339 5132 attenlentcs,
1390 5073 1694 5124 (lescwndant
1734 5074 1787 5125 in

202 5145 488 5212 infernum,
524 5145 571 5197 id
608 5157 717 5207 est,
753 5156 929 5197 mente
963 5152 1289 5211 praecurrant
1320 5145 1367 5195 in
1404 5146 1705 5207 inici-unm,
1736 5154 1789 5199 et

200 5216 427 5268 Videant
456 5222 571 5284 qua?
604 5230 760 5283 pinna
792 5216 1049 5267 debeatur
1091 5215 1221 5281 illis,
1265 5222 1317 5267 ct
1357 5215 1432 5267 sic
1458 5220 1786 5269 cmit'ertan-

203 5292 315 5339 tttr.
354 5286 417 5338 Et
445 5294 665 5341 necesse
694 5296 777 5339 est
821 5298 875 5339 ut
907 5289 1003 5339 hoc
1030 5286 1261 5347 iaciant,
1295 5289 1533 5352 quoniam
1564 5288 1788 5352 nequitia

200 5362 281 5425 est
306 5359 359 5409 in
381 5356 686 5412 habitaculis
712 5370 906 5410 eorum.
938 5358 1091 5422 Quod
1124 5357 1368 5410 similiter
1395 5368 1495 5419 eet,
1522 5367 1577 5409 ut
1605 5372 1783 5425 supra.

208 5424 305 5481 Vel
338 5435 513 5495 potest
543 5430 644 5482 dici
676 5429 935 5482 ad'soluul
970 5430 1369 5481 sitnilitu’tliiwm
1393 5472 1403 5489 ,
1444 5424 1683 5493 scilicet,
1715 5430 1785 5483 ita

203 5498 411 5552 sordidi
441 5507 561 5553 sant
592 5501 643 5553 iu
680 5503 933 5567 nequitia,
964 5512 1016 5551 nt
1048 5499 1119 5553 illi
1153 5500 1351 5553 sordidi
1384 5509 1529 5563 sunt,
1566 5500 1616 5552 in
1648 5514 1784 5568 quo-

204 5582 329 5623 rum
375 5570 686 5624 habitaculis
722 5572 907 5624 sordes
946 5582 1069 5624 sunt
1109 5584 1212 5623 non
1254 5571 1369 5623 sola
1396 5592 1421 5619 ππ
1467 5570 1517 5621 in
1558 5572 1782 5638 angulis,

204 5640 305 5693 sed
353 5643 527 5705 etiam,
558 5660 610 5695 in
659 5644 843 5695 medio.
898 5644 977 5695 Me
1024 5656 1195 5695 autem
1229 5640 1295 5694 ab
1336 5650 1515 5694 rerum
1550 5645 1785 5710 ncqmtia

207 5712 465 5765 Dominus
492 5715 702 5767 saltabit
735 5716 783 5766 iit
828 5730 912 5767 me
953 5725 1005 5767 et
1046 5716 1097 5767 in
1130 5716 1277 5766 meis.
1322 5714 1384 5764 Et.
1416 5726 1512 5779 ego
1555 5715 1786 5768 salvatus

205 5785 434 5837 narrabo
464 5786 516 5838 in
544 5800 625 5839 me
647 5800 695 5838 et
726 5787 775 5838 in
812 5786 942 5837 meis
968 5800 1183 5853 rapere,
1212 5786 1260 5836 id
1291 5794 1393 5847 est,
1427 5788 1786 5852 evniigclizata

204 5855 279 5911 de
300 5859 592 5922 prazterito.
622 5856 686 5913 Et
716 5857 1028 5913 annuuliabo
1052 5872 1220 5924 tuane,
1247 5857 1296 5910 id
1326 5866 1423 5925 cst,
1452 5858 1587 5912 dicta
1610 5858 1675 5912 dc
1698 5858 1779 5913 lu-

1895 1881 1942 1947 ei
1968 1874 2092 1941 quia
2122 1873 2286 1947 dolosi
2314 1880 2460 1947 sunt,
2497 1873 2548 1926 id
2574 1882 2681 1947 est,
2713 1874 3021 1943 deceptorio
3052 1891 3261 1930 mecum
3285 1873 3478 1947 agunt,

1893 1942 2130 1998 dicentes
2158 1961 2171 1997 :
2206 1941 2477 2012 Magister,
2509 1945 2695 1997 scimus
2736 1941 2861 2009 quia
2880 1961 3033 1999 verax
3060 1961 3110 1999 es
3129 1990 3141 2008 ,
3172 1959 3225 2001 et
3266 1941 3386 2002 simi
3412 1941 3480 2004 ia.

1894 2014 1959 2067 Et
1990 2022 2163 2069 tamen
2202 2015 2326 2090 licet
2365 2014 2679 2090 sanguinein
2712 2017 3214 2090 tneutnil'undendo
3261 2035 3480 2090 regnum

1893 2093 2149 2159 aeternum
2181 2086 2283 2159 sibi
2316 2099 2502 2159 parare
2542 2086 2850 2159 intendant,
2883 2088 2992 2141 dies
3016 2106 3133 2141 suos
3163 2105 3297 2157 quos
3323 2086 3480 2159 quasi

1891 2157 2213 2210 aeternaliter
2242 2158 2294 2211 in
2334 2158 2426 2211 illo
2457 2172 2623 2225 regno
2652 2158 2919 2212 deducere
2951 2161 3233 2227 putabant,
3270 2157 3359 2214 nec
3392 2164 3476 2214 di-

1891 2228 2173 2281 midiabunt
2223 2227 2315 2290 ibi,
2358 2228 2479 2295 quia
2527 2230 2937 2296 quadragesimo
2980 2232 3216 2285 secundo
3263 2249 3404 2286 anno
3448 2249 3479 2288 a

1890 2296 2010 2351 Tito
2040 2307 2093 2351 et.
2130 2298 2454 2364 Vespasiano
2485 2299 2655 2352 eversi
2686 2311 2738 2353 et
2769 2299 3023 2365 captivati
3067 2314 3210 2358 sunt.
3257 2302 3349 2357 Vel
3382 2306 3480 2357 uli-

1891 2370 2155 2444 teriquasi
2200 2369 2385 2444 dicat:
2421 2368 2611 2444 Nonne
2644 2374 2933 2444 proderunt
2962 2372 3039 2444 eis
3070 2374 3307 2427 instituta
3340 2374 3481 2444 lega—

1889 2438 1999 2491 lia't
2044 2439 2157 2494 Non
2180 2482 2195 2508 ,
2237 2440 2477 2505 scilicet,
2508 2442 2627 2509 quia
2657 2442 2769 2495 sola
2798 2444 2952 2510 signa
2983 2443 3231 2499 insistunt
3268 2463 3369 2498 non
3392 2438 3480 2500 3i-

1887 2510 2167 2578 gnilicata;
2217 2511 2310 2567 sed
2343 2520 2519 2565 tamen
2567 2512 2667 2579 ipsi
2716 2513 2822 2565 dies
2870 2528 3011 2579 suos,
3060 2514 3111 2567 id
3161 2526 3260 2576 est,
3318 2526 3478 2572 Vitam

1888 2594 2039 2635 suam
2069 2583 2122 2636 in
2152 2583 2456 2655 carnalibus
2486 2584 2841 2638 observantiis
2869 2600 2970 2638 non
2996 2586 3339 2640 dimidiatmnt
3362 2628 3378 2655 ,
3425 2587 3480 2642 id

1888 2660 1986 2715 est,
2020 2664 2124 2707 non
2151 2654 2222 2708 ita
2254 2668 2508 2723 separare
2535 2665 2785 2723 poterunt
2806 2693 2822 2718 ,
2856 2667 2913 2707 ut
2943 2656 3072 2723 ipsa:
3100 2659 3343 2712 carnales
3366 2654 3475 2712 ob-

1886 2724 2189 2798 servantia,
2220 2740 2342 2798 quae
2371 2738 2494 2798 sunt
2526 2726 2675 2793 signa
2702 2740 2729 2778 a
2748 2726 3075 2798 signiﬁcatis
3104 2731 3311 2793 divisa,
3349 2745 3476 2798 pos~

1886 2796 2011 2849 sunt
2038 2810 2131 2850 eos
2158 2797 2391 2851 salvare.
2428 2797 2527 2851 Per
2557 2796 2931 2862 imperfectum
2964 2800 3130 2863 enim,
3161 2801 3211 2852 id
3245 2796 3361 2863 est,
3382 2814 3475 2867 per

1885 2867 1996 2939 sola
2025 2869 2174 2936 signa
2206 2882 2475 2934 nunquam
2504 2868 2817 2939 pervenient
2846 2869 2911 2920 ad
2944 2872 3257 2935 perlectum,
3293 2872 3342 2924 id
3369 2880 3474 2939 est,

1885 2938 1950 3007 ad
1983 2940 2338 2993 salvationem
2368 2953 2569 2992 veram.
2618 2938 2695 2992 Illi
2718 2974 2733 3003 ,
2775 2940 3023 3007 inquam,
3060 2941 3475 2998 daumalnmtur.

1886 3003 2001 3079 Ego
2029 3020 2201 3063 autem
2229 3021 2285 3062 et
2329 3009 2435 3063 mei
2468 3026 2571 3063 non
2603 3003 3018 3071 damnabimur,
3040 3011 3263 3067 Domine
3296 3014 3472 3079 Pater,

1884 3078 2012 3146 Quia
2041 3086 2142 3151 ego
2173 3088 2228 3136 ct
2259 3082 2363 3135 mei
2393 3082 2446 3134 in
2475 3090 2525 3135 te
2552 3090 2757 3133 tantum
2787 3082 3137 3148 sperabimus.

2396 3164 2461 3226 IN
2502 3170 2829 3227 PSALMUM
2871 3172 2980 3225 LV.

1884 3261 1940 3319 In
1977 3266 2132 3318 linem
2178 3281 2273 3331 pro
2306 3265 2520 3332 populo,
2552 3265 2638 3333 qui
2684 3278 2711 3316 a
2758 3266 2956 3317 sanctis
2990 3263 3143 3334 longe
3175 3264 3342 3320 factus
3370 3280 3468 3334 est,

1961 3334 2124 3405 David
2168 3335 2221 3388 in
2264 3334 2406 3405 tituli
2448 3336 2819 3405 inscriptione,
2858 3342 2979 3389 cuiu
3026 3344 3312 3393 tenuerunt
3349 3354 3470 3394 eum

1959 3402 2227 3477 .‘illopbyli
2262 3400 2313 3460 in
2348 3406 2507 3461 Gelli.

2500 3515 2883 3555 ARGUMENTUM.

1958 3588 2385 3647 blacliabreorum
2434 3593 2790 3663 supplicatio,
2848 3594 3063 3662 quando
3115 3595 3165 3647 in
3219 3584 3479 3651 ultionem

1888 3664 2018 3731 .cgis
2072 3663 2413 3733 conjurantes
2470 3674 2577 3717 tam
2636 3666 3074 3732 przevaricatores
3126 3667 3268 3720 cives
3318 3674 3479 3735 quam

1887 3739 2045 3789 etiam
2079 3738 2259 3789 hostes
2288 3740 2592 3805 expugnare
2624 3738 2919 3791 tentabant.
2968 3738 3134 3791 Aliter
3181 3752 3280 3792 vox
3322 3740 3477 3793 Chri-

1886 3808 1954 3858 su
1995 3806 2061 3859 ad
2106 3807 2337 3861 Patrem.
2388 3808 2515 3860 Item
2552 3808 2815 3861 Arnobius
2852 3826 2862 3859 :
2907 3808 2959 3863 Si
2997 3812 3269 3863 tenuerint
3300 3816 3349 3863 te
3383 3812 3476 3865 Al-

1887 3874 2109 3946 lOpliyli,
2136 3888 2188 3949 et
2216 3894 2242 3931 a
2277 3878 2474 3933 sanctis
2506 3878 2919 3949 cogitationibus
2956 3887 3005 3934 te
3039 3883 3195 3949 longe
3224 3882 3474 3947 iecerint,

1891 3950 2060 4002 clama
2090 3947 2158 4003 ad
2189 3950 2475 4005 Dominum
2510 3947 2694 4005 dicens
2726 3968 2739 4003 :
2773 3949 3024 4005 Miserere
3058 3947 3158 4003 mei
3183 3992 3195 4014 ,
3232 3952 3479 4019 Domine,

1892 4020 2146 4087 quoniam
2178 4024 2515 4076 conculcavit
2556 4036 2642 4077 me
2688 4024 2869 4087 homo,
2930 4023 3091 4075 homo
3123 4024 3306 4092 utique
3336 4034 3481 4078 cxte-

1890 4094 2037 4156 rior;
2075 4106 2169 4160 per
2205 4101 2256 4146 te
2286 4094 2427 4146 enim
2460 4093 2567 4161 agit
2597 4103 2781 4146 contra
2826 4101 2895 4155 te,
2930 4106 3022 4162 per
3054 4096 3222 4161 ipsum
3254 4102 3363 4148 tota
3396 4096 3483 4150 die

1888 4172 2129 4232 pugnant
2158 4172 2341 4218 contra
2376 4170 2426 4217 te
2456 4165 2655 4217 inimici
2689 4163 2783 4216 tul.

2511 4270 2867 4308 EXPLANATIO.

1964 4348 2029 4401 In
2050 4346 2276 4420 Hebraeo
2306 4350 2379 4401 ita
2407 4350 2553 4400 habet
2583 4364 2599 4400 :
2638 4347 3003 4420 Procolumba
3032 4356 3173 4400 muta
3201 4348 3483 4420 longitudi-

1893 4435 2006 4473 nem
2036 4419 2197 4471 David
2231 4421 2434 4472 humilis
2462 4430 2613 4488 atque
2639 4419 2881 4487 perfecti,
2919 4437 3032 4471 cum
3063 4419 3338 4473 tenuissent
3366 4439 3482 4476 eum

1898 4488 2213 4543 l’hilistltiim
2252 4493 2303 4542 in
2330 4490 2483 4543 Gelli.
2526 4490 2775 4545 Columba
2815 4502 2957 4543 muta
2985 4502 3032 4543 et
3077 4490 3240 4543 David
3272 4492 3483 4548 humilis

1819 4548 1867 4606 Ῐ)
1894 4572 2045 4628 atque
2074 4561 2324 4629 perfectus
2356 4562 2586 4615 Christus
2616 4572 2930 4615 monstratur
2960 4564 3009 4614 in
3044 4566 3310 4631 passione;
3349 4566 3483 4631 quod

1892 4648 2007 4684 vero
2044 4644 2221 4684 nostra
2251 4632 2543 4686 Translatio
2571 4635 2692 4686 dicit
2734 4632 2840 4687 Pro
2870 4636 3082 4701 papula,
3113 4635 3199 4701 qui
3229 4652 3260 4686 (ι
3288 4638 3481 4690 sanctis

1890 4705 2041 4773 lotige
2060 4708 2223 4771 factus
2252 4714 2342 4769 est,
2369 4706 2423 4757 id
2448 4715 2541 4769 est,
2566 4722 2657 4775 pro
2681 4706 2947 4758 comitibus
2973 4704 3137 4757 David
3160 4706 3245 4773 qui
3272 4708 3325 4758 in
3353 4707 3477 4759 (.‘eth

1888 4776 2178 4828 exultantes
2222 4777 2373 4845 longe
2418 4778 2539 4846 facti
2580 4786 2697 4830 sunt
2735 4793 2767 4828 a
2805 4776 3014 4837 Judtea,
3064 4780 3114 4827 in
3161 4794 3260 4845 qua
3308 4792 3483 4830 sancta

1890 4856 2183 4897 simctorum
2232 4848 2457 4915 fuerunt,
2508 4849 2764 4918 signiﬁcat
2814 4865 2906 4915 pro
2957 4846 3145 4900 Christi
3193 4848 3479 4916 discipulis,

1890 4918 1979 4984 qui
2010 4928 2231 4982 tempore
2264 4920 2511 4986 passionis
2543 4922 2652 4989 ejus
2692 4920 3026 4972 scandalizati
3056 4919 3293 4987 fuerunt,
3339 4927 3481 4989 psal-

1891 5003 2029 5039 mum
2054 5003 2181 5059 7esse
2210 4999 2501 5055 cantatum,
2561 5006 2654 5059 pro
2684 5007 2902 5059 quorum
2948 4992 3069 5056 ﬁde,
3121 5007 3183 5042 ne
3222 4992 3478 5059 deﬁceret,

1891 5060 1998 5125 ipse
2040 5058 2289 5113 Dominus
2327 5078 2380 5114 se
2418 5078 2623 5131 rogasse
2653 5058 2883 5115 testatur.
2927 5062 3092 5113 David
3130 5064 3182 5113 in
3223 5064 3357 5115 tituli
3399 5064 3482 5114 in-

1890 5132 2163 5199 scriptione
2197 5132 2443 5186 Dominus
2471 5138 2521 5185 in
2555 5135 2809 5200 passione,
2838 5134 2921 5185 ubi
2947 5135 3237 5185 attitulatus
3265 5148 3334 5185 est
3369 5133 3480 5185 lica;

1890 5218 1996 5253 esse
2023 5200 2347 5267 Judtcorum,
2378 5206 2433 5256 id
2474 5215 2564 5267 est,
2607 5207 2833 5258 omnium
2874 5206 3186 5257 credentium
3226 5217 3270 5256 et
3313 5208 3479 5271 con/i-

1893 5275 2105 5325 tentium
2135 5272 2323 5339 Deum,
2355 5291 2469 5329 cum
2500 5280 2773 5329 tenuissent
2804 5274 2916 5328 eum
2947 5275 3212 5345 Allophyli
3245 5278 3293 5327 in
3324 5274 3481 5343 Gelli,

1889 5360 2005 5397 cum
2036 5349 2405 5412 crucirﬁxissent
2435 5364 2547 5399 eum
2579 5346 2774 5412 Judaei,
2812 5351 2885 5400 vel
2917 5349 3101 5401 milites
3134 5348 3315 5399 l‘tlati.
3349 5346 3480 5400 Gelli

1890 5420 2057 5482 enim,
2090 5420 2175 5485 qui
2200 5420 2567 5487 interpretatur
2596 5420 2847 5484 torcular,
2885 5434 3177 5490 pressrtram
3207 5418 3371 5472 crucis
3401 5420 3481 5470 in-

1891 5490 2048 5540 dicat.
2099 5490 2317 5543 l’ossuut
2356 5493 2407 5543 in
2439 5492 2670 5541 columba
2714 5501 2851 5542 muta
2884 5493 2956 5543 vel
2996 5492 3045 5543 in
3086 5492 3298 5561 papula,
3333 5492 3420 5560 qui
3451 5507 3481 5543 a

1889 5561 2080 5611 sanctis
2112 5561 2259 5629 longe
2290 5563 2454 5630 factus
2482 5572 2573 5623 est,
2600 5563 2769 5614 cuncti
2800 5563 2976 5630 ﬁdeles
3006 5563 3247 5632 intelligi,
3279 5564 3388 5632 qui,
3418 5563 3482 5615 ab

1888 5634 2090 5685 retentis
2140 5636 2325 5686 sanctis
2371 5634 2701 5695 exsulantes,
2758 5648 2871 5685 rum
2926 5637 3171 5700 Apostolo
3226 5636 3402 5686 dicunt
3462 5648 3481 5688 .'

1890 5701 2026 5775 Dum
2064 5718 2238 5775 sumus
2284 5706 2334 5757 in
2364 5719 2597 5773 corpore,
2643 5708 3023 5775 peregrinantur
3052 5723 3081 5757 a
3116 5706 3354 5769 Domino,
3389 5721 3482 5771 pro

1888 5774 2067 5839 quibus
2112 5774 2277 5828 David
2319 5776 2537 5847 psallere
2577 5790 2675 5827 non
2716 5787 2911 5839 cessat,
2946 5778 3063 5844 ille,
3098 5778 3358 5837 cide-luet,
3392 5776 3479 5841 qui

1888 5847 2021 5898 srdet
2050 5848 2116 5899 ad
2149 5848 2405 5904 dexteram
2450 5848 2578 5915 Dei,
2607 5849 2692 5918 qui
2715 5851 2828 5919 jant
2861 5851 3144 5919 interpellat
3190 5866 3281 5919 pro
3309 5850 3474 5903 nobis.
