3984 6362
514 287 621 343 775

517 407 692 464 Potest
717 422 765 464 et
791 425 854 464 ex
880 420 1117 493 “persona.
1144 412 1381 466 Ecctesuz
1421 414 1597 493 dictus.
1632 414 1865 493 psalmus
1901 410 2084 493 acetpi,
2114 408 2168 469 Α

514 498 629 550 qua:
654 498 849 550 semper
874 478 925 535 in
964 482 1150 536 steculo
1174 499 1463 550 pressuram
1493 483 1597 550 pati
1626 498 1727 535 non
1758 481 1941 533 desinit
1962 522 1976 546 ,
2009 478 2088 550 di-_

514 500 629 550 qua:
654 500 756 536 sem
796 500 849 534 cr
874 500 925 535 tn
964 500 1150 536 stecuto
1174 500 1463 550 pressuram
1493 500 1596 550 pan
1626 500 1727 535 non
1758 500 1940 533 aesmn
1962 522 1976 546 ,
2009 500 2088 531 at-

514 555 671 606 t'ersis
696 500 1040 623 afflictionibus
1082 563 1311 608 onerata.
1359 554 1423 607 In
1467 556 1627 622 prima
1656 553 1875 606 sectione
1905 548 2090 623 psalmi

516 636 675 676 mater
715 622 825 677 orat
869 622 1115 687 Ecclesia,
1158 625 1415 691 conﬁdens
1458 642 1509 679 se
1556 634 1720 677 tamen
1764 624 1831 674 ab
1872 622 2091 674 inimicis

515 710 622 747 esse
651 693 985 749 liberandam.
1017 694 1250 749 Sectione
1278 696 1500 748 secunda
1524 704 1779 748 enumerat
1805 694 2088 761 passiones,

516 766 705 834 gratias
733 781 903 833 agens,
934 766 1052 834 quia
1081 767 1145 819 de
1176 766 1363 820 crebris
1403 767 1464 820 sit
1504 775 1674 835 erepta
1716 764 1973 835 periculis,
1994 777 2092 835 nec

515 850 569 888 se
595 836 868 903 formidare
894 836 1029 889 mala
1053 853 1164 905 quin
1189 836 1446 890 celerrime
1474 834 1751 889 transeunt.
1786 834 1956 887 Tertio
1982 834 2091 885 loco

516 907 570 958 in
597 907 769 972 futura
793 908 883 959 illa
908 908 1215 975 beatitudine
1244 908 1419 961 laudes
1445 924 1497 961 se
1517 908 1637 959 dicit
1662 906 1879 959 Domino
1896 905 2093 975 jugiter

513 984 859 1100 zantaturam,
900 974 984 1046 qui
1022 994 1131 1032 eam
1173 979 1235 1031 de
1277 978 1432 1047 hujus
1476 978 1650 1033 saculi
1689 974 1989 1030 adversitate
2032 974 2093 1026 li-

545 1056 722 1100 eravtt.

545 1047 722 1101 eravit.

1096 1154 1534 1217 COMMENTARIUS.

588 1251 831 1306 Miserere
857 1251 955 1304 mei
976 1290 991 1312 ,
1026 1250 1182 1321 Deus,
1215 1252 1453 1320 quoniam
1483 1249 1896 1321 conculcavitme
1918 1246 2088 1321 homo.

516 1322 727 1378 Titulus
765 1330 846 1376 est
888 1321 1009 1375 talis
1038 1339 1050 1373 :
1086 1318 1342 1387 In'ﬁ'nem
1383 1338 1477 1390 pro
1507 1321 1695 1389 papqu
1722 1320 1808 1388 qui
1840 1320 1985 1390 longe
2013 1318 2093 1386 fa-

515 1404 621 1447 ctus
652 1402 723 1447 est
751 1410 781 1445 a
804 1392 995 1445 sanctis
1024 1392 1077 1445 in
1103 1393 1236 1446 tituli
1265 1388 1590 1460 inscriptiOne
1619 1391 1716 1457 ipsi
1747 1388 1912 1442 David
1935 1430 1947 1450 ,
1982 1404 2094 1440 cum

517 1470 782 1517 tenuerunt
826 1479 942 1516 eum
984 1462 1249 1532 Allophyli
1288 1464 1338 1515 in
1373 1462 1518 1516 Geth.
1543 1461 1714 1532 Quod
1759 1460 1835 1532 sic
1875 1460 2095 1532 exponi:

517 1544 600 1588 tur
646 1551 661 1588 :
709 1534 831 1587 Haec
872 1532 1037 1587 verba
1080 1529 1379 1588 referuntur
1422 1534 1474 1586 in
1526 1531 1716 1597 ﬁnem,
1766 1530 1815 1583 id
1866 1539 1974 1593 est,
2028 1529 2091 1582 ad

515 1605 807 1667 Christum,
856 1603 944 1672 qui
992 1604 1153 1658 totius
1204 1604 1398 1657 laboris
1447 1613 1501 1657 et
1545 1601 1850 1657 intentionis
1897 1609 2093 1653 nostra:

517 1676 637 1729 ﬁnis
679 1684 792 1737 est;
840 1673 917 1728 sic
960 1674 1108 1728 locus
1146 1677 1211 1728 ad
1238 1689 1394 1744 quam
1428 1672 1679 1744 tenditur,
1716 1672 1834 1744 ﬁnis
1864 1681 1945 1744 est
1974 1672 2087 1744 vim,

993 284 1193 342 BEDE
1234 284 1690 342 VENERABILIS
1728 283 1878 339 OPP.
1924 282 2099 338 PARS
2136 280 2202 337 ll.
2244 279 2434 338 SECT.
2480 278 2542 333 Il.
2585 305 2655 318 —
2692 273 2898 333 DUBIA
2941 274 3027 331 ET
3067 274 3341 333 SPUBIA.

3670 276 3784 331 776

2190 404 2486 471 quicunque
2513 404 2699 458 volunt
2724 400 2810 471 pie
2842 398 3021 453 vivere
3060 396 3111 471 in
3138 394 3505 471 Christolesu
3531 440 3545 462 ,
3584 412 3784 467 perse-

2192 466 2455 529 cutionem
2488 466 2783 542 patiantur;
2831 483 2929 542 nec
2956 467 3267 542 astrin_gitur
3304 466 3562 542 ad_hanc_
3585 466 3783 525 vocem

2191 546 2428 615 quisquis
2457 538 2539 599 est
2567 556 2713 600 extra
2746 540 3067 615 passionem.
3104 539 3170 593 Et
3200 538 3338 615 ideo_
3362 538 3665 615 timendum
3704 553 3786 597 est

2193 608 2260 670 ne
2304 608 2469 669 simus
2513 616 2665 683 longe
2706 608 3051 681 a'passione,
3098 618 3153 663 et
3189 611 3276 683 sic
3308 608 3499 663 ﬁamus
3539 612 3715 683 longe
3758 630 3785 665 a

2193 688 2408 741 sanctis.
2439 680 2793 741 Attendendai
2822 697 2949 749 ergo
2977 688 3137 746 sunt,
3186 680 3296 733 imo
3324 682 3784 749 concupiscenda:

2196 758 2557 811 tribulationes
2582 765 2636 811 et
2660 753 3088 821 persecutiones;
3112 751 3422 806 attendeudi
3454 761 3582 804 sunt
3612 754 3785 807 etiam

2198 826 2377 881 hostes
2407 842 2503 881 nos
2537 832 2949 896 persequentes,
2981 824 3102 896 quia
3132 821 3266 896 duos
3289 821 3479 896 hostes
3507 824 3786 896 patimur,

2194 900 2417 953 alterum
2466 890 2763 964 visibilem,
2816 890 3043 948 alterum
3091 891 3451 957 invisibiletn;
3506 890 3787 949 hominem

2193 969 2455 1034 videmus,
2478 968 2749 1023 diabolum
2771 980 2876 1020 non
2906 964 3184 1030 videmus;
3214 965 3489 1017 hominem
3511 978 3783 1030 amemus,

2193 1039 2460 1094 diabolum
2491 1053 2811 1103 caveamus;
2849 1049 2942 1103 pro
2974 1035 3191 1090 homine
3219 1049 3440 1089 oremus
3460 1078 3475 1098 ,
3508 1046 3561 1089 et
3592 1048 3785 1089 contra

2200 1110 2464 1163 diabolum
2484 1123 2719 1174 oremus,
2744 1117 2799 1162 et
2819 1106 3059 1160 dicamus
3082 1124 3092 1157 :
3120 1103 3359 1159 Miserere
3383 1106 3506 1170 mei,
3534 1105 3785 1161 Domine.

2207 1177 2311 1233 Vox
2345 1190 2427 1235 est
2454 1181 2696 1248 corporis
2721 1177 2919 1233 Christi
2946 1175 3150 1248 orantis
3177 1176 3389 1230 liberari
3421 1178 3492 1231 ab
3518 1178 3604 1231 his
3634 1182 3727 1247 qui
3756 1195 3785 1233 a

2194 1252 2392 1305 sanctis
2422 1246 2581 1321 longe
2610 1257 2752 1321 sunt,
2783 1264 2857 1321 ne
2878 1248 2957 1302 eis
2991 1246 3377 1321 conformetur,
3414 1248 3523 1301 imo
3550 1250 3629 1303 illi
3658 1246 3787 1321 con-

2196 1329 2485 1387 vertantur,
2517 1317 2571 1376 ét
2598 1320 2697 1374 sibi
2727 1317 3161 1382 conformentur;
3212 1326 3265 1371 et
3308 1318 3440 1373 dicit
3488 1321 3557 1373 ita
3593 1340 3605 1373 :
3643 1319 3784 1375 Deus

2195 1390 2373 1458 Pater,
2421 1393 2655 1445 miserere
2699 1392 2822 1456 mei,
2872 1389 3049 1443 dando
3100 1388 3229 1442 mihi
3276 1391 3664 1456 constantiam,
3720 1408 3785 1447 ne

2199 1462 2380 1517 vincar
2409 1462 2475 1516 ab
2515 1460 2827 1532 Allophylis,
2863 1460 2945 1532 vel
2974 1460 3290 1532 conlormer
3302 1460 3419 1532 eis;
3452 1471 3674 1532 etopus
3704 1470 3783 1532 est

2197 1543 2254 1586 ut
2293 1528 2889 1600 misereariquu'oniam
2915 1530 3089 1594 homo,
3123 1538 3226 1582 tam
3258 1528 3383 1600 ille,
3415 1530 3662 1591 scilicet,
3694 1531 3780 1599 qui

2198 1604 2490 1673 ﬁguraliter
2532 1597 2727 1657 dicitur
2770 1602 2951 1667 homo,
2998 1600 3051 1653 id
3088 1607 3199 1673 est,
3240 1597 3617 1673 diaboluslut
3662 1597 3731 1653 ibi
3766 1619 3776 1651 :

2197 1670 2441 1727 Inimicus
2467 1673 2617 1726 homo
2650 1674 2782 1725 venit
2804 1678 2853 1725 et
2899 1670 3318 1738 superseminavit
3339 1670 3590 1740 zizania),
3622 1686 3779 1740 quam

517 1745 640 1814 quia
670 1745 918 1821 sicuthic
949 1745 1156 1799 vivendi
1187 1741 1420 1821 se'dedit
1446 1743 1773 1821 exemplum_,
1820 1743 1886 1795 ita
1930 1742 1980 1794 in
2014 1742 2090 1793 lu-
2121 1760 2169 1821 Β
2199 1744 2286 1799 ille
2314 1745 2403 1821 qui
2436 1744 2750 1797 naturaliter
2776 1741 3067 1821 estnhotno,
3093 1742 3269 1821 idest,
3298 1741 3535 1821 ministri
3560 1743 3778 1810 diaboli,

516 1813 636 1869 tum
665 1816 908 1882 promisit
934 1829 992 1869 se
1016 1814 1415 1884 praemium.‘Et
1446 1824 1723 1883 postquam
1752 1813 1923 1881 ipsum
1958 1825 2093 1878 prae-

516 1887 683 1939 mium
731 1885 1079 1947 habebimus,
1130 1884 1258 1939 nihil
1311 1885 1538 1953 amplius
1585 1884 1725 1953 quod
1776 1896 2093 1951 quazramus,

515 1953 866 2009 inveniemus.
903 1955 1096 2019 Verba,
1127 1955 1269 2019 dico,
1301 1956 1439 2009 dicta
1479 1956 1546 2009 ab
1590 1954 1826 2009 Ecclesia
1870 1967 1965 2020 pro
2004 1968 2098 2019 po-

519 2025 666 2094 pulo,
695 2024 745 2078 id
777 2033 878 2089 est,
910 2034 969 2078 ut
1007 2024 1261 2079 liberetur
1300 2028 1366 2079 ab
1406 2024 1757 2095 Oppressione
1796 2033 1851 2079 et
1887 2024 2097 2077 confor-

519 2096 754 2149 matione
784 2095 926 2149 illius
953 2095 1165 2164 populi,
1195 2099 1284 2164 qui
1314 2097 1470 2166 longe
1498 2097 1667 2150 lactus
1708 2105 1789 2151 est
1829 2110 1860 2148 a
1900 2095 2099 2166 sanctis

520 2182 615 2236 per
645 2166 1048 2231 inscriptionem
1076 2167 1232 2236 tituli.
1264 2167 1393 2231 Quis
1420 2165 1594 2221 autem
1628 2166 1852 2235 populus
1881 2166 1980 2219 iste
2006 2165 2096 2230 sit,

524 2235 707 2290 titulus
737 2236 891 2290 nobis
922 2238 1175 2291 ostendit.
1206 2235 1261 2290 In
1289 2238 1565 2292 Dominica
1596 2237 1841 2305 passione
1869 2236 2100 2303 scriptus

518 2316 602 2361 est
629 2306 841 2376 quidam
871 2308 1055 2361 titulus
1089 2308 1380 2375 Hebraice,
1414 2306 1601 2362 Graece
1628 2319 1675 2363 et
1709 2308 1896 2363 Latine
1932 2306 2099 2361 tribus

519 2377 713 2446 linguis
743 2378 891 2446 quasi
923 2378 1092 2432 tribus
1132 2378 1357 2433 testibus
1387 2379 1754 2434 conﬁrmatus.
1793 2379 1942 2432 Hunc
1975 2379 2099 2431 titu-

516 2447 624 2519 lum
656 2463 777 2502 cum
827 2448 1080 2519 legissent
1125 2447 1318 2513 Judaei,
1362 2450 1617 2519 indignati
1660 2460 1805 2515 sunt,
1846 2457 1900 2503 et
1931 2448 2099 2501 Pilato

516 2518 814 2574 dixerunt:
847 2518 974 2572 Noli
1013 2519 1230 2574 scribere
1266 2536 1434 2587 regem
1475 2518 1796 2586 Iudaeorum,
1839 2520 1926 2573 sed
1964 2519 2101 2587 quod

517 2589 628 2658 ipse
672 2590 801 2643 dixit
845 2605 861 2643 :
914 2590 1024 2643 Rex
1068 2607 1180 2644 sum
1224 2578 1543 2645 Judicorum.
1595 2592 1753 2659 Quasi
1784 2578 2040 2645 'dicere'nt
2084 2607 2096 2642 :

517 2660 702 2715 Scribe
730 2659 951 2727 dixisse,
986 2674 1089 2715 non
1120 2661 1291 2731 ipsum
1320 2677 1458 2718 esse.
1501 2662 1606 2717 Sed
1637 2662 1758 2729 quia
1800 2678 1891 2728 per
1926 2660 2100 2722 Spiri-

520 2738 633 2784 tum
663 2741 905 2785 sanctum
932 2742 1049 2786 erat
1077 2732 1447 2801 prophetatum
1480 2752 1493 2785 :
1530 2733 1610 2786 Ne
1636 2748 1935 2801 corrumpas
1965 2731 2102 2784 tituli

519 2801 923 2871 inscriptionem,
978 2802 1196 2867 Pilatus,
1249 2804 1432 2868 iratus,
1486 2803 1625 2858 dixit
1667 2821 1678 2855 :
1730 2804 1880 2869 Quod
1920 2802 2102 2867 scripsi

521 2873 724 2940 scripsi.
755 2872 917 2938 Quasi
947 2872 1152 2927 diceret
1178 2876 1419 2928 nesciens
1451 2891 1465 2927 :
1498 2876 1611 2929 Non
1643 2888 1929 2939 corrutnpo
1958 2873 2101 2925 veri-

523 2951 711 3015 tatem,
754 2945 801 2998 si
843 2959 936 2997 vos
977 2943 1198 3014 diligitis
1238 2944 1539 3015 falsitatem.
1584 2944 1647 2999 Et
1684 2945 1804 3015 quia
1854 2944 1906 2998 in
1949 2943 2103 2997 titulo

525 3012 711 3067 oﬁ‘ensi
741 3024 896 3080 sunt,
930 3023 983 3070 et
1013 3012 1159 3082 prius
1189 3014 1470 3070 maledicto
1502 3012 1830 3079 habuerunt,
1860 3030 1977 3067 cum
2012 3015 2100 3068 Pi-

2199 1815 2644 1869 conculcaverunt
2692 1827 2795 1866 me.
2849 1812 2914 1865 Et
2960 1812 3095 1866 bene
3138 1811 3267 1865 dicit
3315 1811 3776 1876 conculcaverttnt,

2198 1886 2315 1955 quia
2345 1886 2483 1938 sicut
2510 1901 2614 1938 uva
2661 1884 2897 1952 pendens
2928 1882 2980 1935 in
3010 1884 3115 1937 vite
3140 1882 3291 1952 quasi
3333 1883 3536 1955 sterilis
3564 1896 3776 1949 manet,

2197 1957 2318 2025 quia
2352 1956 2524 2024 liquor
2553 1955 2603 2008 in
2634 1968 2697 2008 ea
2726 1968 2830 2007 non
2859 1962 3262 2025 apparet,cum
3293 1962 3470 2008 autem
3502 1954 3557 2007 in
3591 1964 3774 2008 torcu-

2199 2024 2296 2080 lari
2323 2027 2577 2092 calcatur,
2601 2025 2813 2080 dulcem
2836 2024 3092 2091 exprimit
3117 2024 3375 2092 liquorem
3402 2041 3415 2087 ;
3440 2025 3520 2079 sic
3546 2025 3776 2079 Ecclesia

2198 2098 2252 2151 in
2303 2097 2553 2151 torculari
2598 2095 2980 2166 persecutionis
3023 2094 3189 2166 posita
3231 2098 3497 2166 expressit
3548 2097 3771 2163 plurima

2200 2176 2508 2239 sanctorum
2552 2164 2845 2239 martyrum
2872 2165 3085 2239 egregia
3122 2164 3332 2229 merita,
3377 2165 3611 2239 scilicet,
3642 2166 3775 2233 quod

2200 2239 2265 2291 ad
2299 2238 2527 2291 tumulos
2548 2235 2731 2291 eorum
2755 2236 2886 2290 efﬁci
2916 2235 3308 2299 illuminautur,
3336 2238 3462 2303 aegri
3497 2244 3772 2303 sanantur,

2200 2308 2812 2373 daemoniacicurantur,
2856 2318 2909 2361 et
2937 2306 3152 2361 similia.
3186 2304 3519 2361 Concutcauit
3551 2323 3663 2372 me,
3695 2310 3773 2362 in-

2200 2396 2379 2450 quam,
2412 2382 2585 2447 homo,
2616 2380 2717 2434 hoc
2744 2378 2922 2450 modo,
2954 2379 3175 2442 scilicet,
3207 2380 3329 2450 quia
3352 2379 3667 2449 impugnans
3695 2394 3775 2435 me

2201 2448 2461 2505 tribulavit
2490 2467 2567 2504 me
2606 2460 2712 2504 tota
2740 2450 2822 2503 die
2841 2490 2855 2514 ,
2886 2448 2940 2502 id
2976 2459 3093 2513 est,
3121 2449 3363 2512 assidue,
3401 2451 3482 2504 vel
3518 2463 3631 2504 ιοιο
3655 2465 3775 2504 conc

2201 2522 2515 2577 culcationis
2547 2532 2809 2589 tempore.
2844 2520 2907 2590 Et
2949 2520 3073 2588 quid
3108 2534 3201 2587 per
3241 2519 3513 2574 hominem
3558 2536 3771 2590 accepe-

2204 2595 2304 2657 rit,
2346 2595 2564 2662 exponit
2603 2588 2833 2662 dicensh:
2877 2588 3458 2662 Conculcauel'unt_me,
3493 2592 3639 2653 dico,
3678 2588 3776 2645 tota

2202 2664 2287 2717 die
2317 2659 2507 2717 inimici
2535 2664 2630 2716 mei
2652 2660 2885 2715 visrbiles
2908 2670 2961 2715 et
2987 2660 3300 2715 invisibiles.
3328 2659 3423 2716 Vel
3449 2678 3621 2730 quare
3648 2677 3777 2715 nunc

2202 2735 2398 2789 dixerit
2445 2734 2732 2801 pluraliter,
2782 2732 2923 2800 quod
2978 2734 3121 2799 prius
3164 2731 3524 2800 singulariter,
3571 2747 3772 2787 causam

2203 2805 2381 2860 subdit
2406 2804 2590 2859 dicens
2620 2822 2631 2856 :
2668 2804 2923 2871 Quoniam
2952 2802 3197 2855 bellantes
3224 2804 3494 2856 adversum
3532 2819 3616 2856 me
3641 2806 3777 2857 inte-

2206 2876 2315 2931 rius
2357 2885 2411 2930 et
2452 2876 2688 2930 exterius
2728 2883 2852 2928 sunt
2891 2874 3059 2925 multi.
3110 2873 3214 2928 Sed
3257 2886 3374 2942 qua?
3405 2874 3578 2927 cura?
3619 2874 3773 2935 nulla,

2205 2947 2430 3010 scilicet,
2462 2947 2583 3015 quia
2608 2947 2793 2998 timebo
2818 2958 2917 3013 ego
2943 2946 3006 2996 ab
3036 2944 3324 3007 altitudine,
3354 2943 3405 2997 id
3436 2954 3545 3011 est,
3573 2954 3775 3012 propter

2207 3019 2496 3086 potentiam
2550 3016 2815 3085 aliquam,
2866 3015 2950 3069 vel
2996 3015 3302 3083 superbiam
3356 3026 3774 3082 persecutorum,

527 3084 667 3175 latus
684 3083 900 3175 diceret
926 3084 1045 3175 eisL:
1074 3084 1323 3175 ινεξςινιηη
1352 3102 1519 3167 regem
1547 3088 1842 3175 cruci/ﬁgam
1859 3085 1968 3175 ?|et
1984 3084 2102 3175 ipsi
2130 3110 2179 3175 ο
2206 3083 2325 3143 cum
2347 3092 2417 3175 sit
2437 3088 2559 3175 diei,
2584 3083 2749 3175 est
2768 3128 2790 3167 ,.
2802 3086 3571 3175 temporalisetgtransitorie‘l
3598 3086 3777 3175 Utique

528 3154 778 3229 dicerent
800 3170 816 3210 :
849 3154 969 3209 Non
999 3153 1241 3229 habemus
1270 3153 1435 3229 regem
1462 3158 1559 3210 nisi
1583 3153 1859 3220 Ctesarem,
1893 3156 2046 3225 longe
2074 3172 2103 3210 a

529 3229 729 3281 sanctis
758 3226 877 3281 lacti
905 3236 1046 3281 sunt.
1095 3227 1170 3280 Illi
1204 3226 1378 3281 autem
1419 3230 1618 3282 sanctis
1644 3230 2103 3296 appr0pinquant,

532 3296 620 3364 qui
649 3306 702 3351 et
727 3296 994 3351 Christum
1022 3312 1201 3367 regem
1235 3309 1647 3366 recognoscust,
1677 3311 1731 3353 et
1760 3299 1954 3351 habere
1980 3310 2108 3349 con-

532 3369 831 3435 cupiscunt.
874 3368 983 3421 Nec
1024 3368 1123 3421 hoc
1152 3369 1217 3420 ad
1261 3370 1398 3432 illos,
1445 3370 1668 3436 scilicet,
1717 3368 1929 3423 Judaaos
1973 3367 2109 3421 refe—

532 3439 752 3491 rendam
797 3448 899 3504 est,
948 3439 1042 3493 sed
1092 3448 1148 3493 et
1195 3439 1370 3492 omnis
1412 3440 1636 3507 pOpulus
1690 3449 1902 3493 terreno
1943 3452 2109 3505 regno

534 3508 848 3578 delectatus,
880 3509 1044 3562 Deum
1078 3508 1273 3576 [legem
1302 3524 1561 3578 spernens
1589 3511 1818 3576 habere,
1852 3524 1880 3562 a
1910 3510 2110 3564 sanctis

538 3580 691 3647 longe
720 3575 891 3631 factus
919 3587 1036 3642 est,
1068 3575 1172 3631 sed
1206 3575 1380 3633 tamen
1410 3579 1460 3633 in
1494 3582 1596 3635 illis
1622 3582 1744 3635 data
1774 3575 1897 3635 Sunt
1928 3580 2110 3648 primi-

538 3648 643 3700 tiva
672 3648 938 3720 exempla,
972 3658 1028 3700 ut
1054 3650 1112 3720 in
1136 3649 1224 3702 illo
1254 3651 1448 3719 populo
1481 3652 1718 3706 eluceret
1756 3652 1899 3720 quod
1937 3651 2110 3706 omnis

543 3716 764 3785 populus
792 3726 1026 3771 caveret.
1060 3716 1542 3789 Illiienim'aperte
1568 3716 1838 3777 Christum
1869 3730 2109 3777 contem-

545 3796 798 3856 pserunt,
829 3796 883 3841 et
924 3802 1100 3862 regem
1132 3788 1723 3862 Caesarem’elegerunt.
1765 3793 1873 3848 Nec
1915 3794 1967 3845 iu
2012 3794 2113 3847 hoc

542 3866 927 3931 peccaverunt,
985 3858 1107 3925 quia
1163 3856 1427 3913 Ctesarem
1482 3856 1787 3931 elegerunt,
1846 3863 1940 3917 sed
1991 3864 2113 3931 quia

542 3929 806 4001 Christum
855 3943 1032 4001 regem
1071 3938 1537 3998 contempserunt,
1572 3929 1729 4001 quem
1761 3934 1933 3986 adhuc
1963 3929 2113 3987 multi

541 3998 594 4052 iu
622 4000 759 4053 ccelo
784 4000 1091 4064 sedentem,
1123 4010 1176 4053 et
1208 4002 1400 4067 ubique
1430 3998 1767 4070 regnantem,
1802 4005 1987 4058 nolunt
2015 4004 2115 4058 ba-

542 4070 670 4125 bere
700 4085 898 4139 regem.
928 4072 992 4123 Et
1024 4072 1075 4123 hi
1102 4086 1312 4140 quoque
1341 4073 1497 4142 longe
1524 4089 1554 4127 a
1582 4075 1779 4129 sanctis
1818 4075 1941 4129 facti
1971 4086 2113 4141 sunt,

512 4155 646 4213 .non
688 4156 934 4210 corpore,
977 4142 1070 4196 sed
1115 4144 1297 4213 corde,
1345 4152 1398 4197 et
1444 4153 1832 4213 persequuntur
1882 4157 2112 4201 sanctos.

540 4210 735 4266 Contra
785 4212 1367 4287 hos'veroconﬁrmat
1408 4210 1504 4270 nos
1548 4210 1783 4285 psalmus
1825 4218 1945 4283 iste,
1990 4218 2115 4287 quia

546 4296 765 4357 necesse
789 4284 969 4357 estut
1010 4284 1140 4337 tales
1186 4286 1454 4352 patiantur
1493 4284 1625 4355 quos
1664 4302 1769 4341 non
1812 4284 2116 4357 pateremur

545 4354 659 4428 nisi
677 4352 949 4428 prodesset
968 4397 982 4422 ,
1018 4357 1237 4409 teutatio
1265 4356 1406 4409 enim
1436 4352 1689 4428 operatur
1715 4352 2078 4428 probationem
2097 4400 2113 4427 ,

547 4422 788 4501 probatio
819 4438 943 4476 vero
974 4439 1123 4501 spem
1143 4465 1157 4489 ,
1189 4422 1487 4501 eticteterai
1530 4426 1598 4501 Et
1628 4422 1732 4482 hoc
1755 4437 1837 4483 est
1865 4448 1875 4481 :
1906 4446 1998 4501 pro
2026 4422 2116 4501 p0:-

2209 3175 2311 3214 non
2360 3158 2575 3222 timebo,
2628 3158 2733 3210 imo
2777 3157 2876 3223 ipsi
2927 3160 3140 3226 tandem
3182 3156 3445 3210 timebunt
3473 3167 3531 3211 et
3558 3159 3776 3226 plEtliLe-

2210 3232 2372 3293 bunt,
2406 3231 2498 3283 sed
2532 3227 2858 3281 infructuose
2878 3267 2893 3291 ,
2924 3224 3042 3297 quia
3074 3227 3164 3296 qui
3193 3226 3277 3281 hic
3303 3241 3396 3280 cor
3423 3224 3581 3281 suum
3612 3236 3667 3282 et
3692 3243 3776 3280 au~

2210 3314 2294 3354 res
2342 3313 2464 3353 suas
2504 3298 2896 3352 obduraveruut
2934 3308 3121 3352 contra
3164 3297 3446 3351 Dominum
3494 3300 3782 3354 admonen-

2212 3380 2338 3433 tem,
2375 3369 2580 3439 noniibi
2609 3367 2873 3423 obdurare
2914 3377 3161 3435 poterunt
3202 3380 3383 3421 Contra
3432 3371 3604 3437 ipsum
3647 3370 3782 3439 judi-

2209 3451 2437 3497 Cantem.
2471 3438 2674 3493 Tantus
2702 3440 2845 3493 enim
2874 3442 2974 3493 erit
3005 3448 3176 3493 terror
3202 3439 3315 3507 ejus
3355 3438 3669 3505 sententiae,
3697 3442 3781 3509 qui

2208 3521 2454 3567 conterat
2504 3524 2719 3565 omnem
2773 3511 3075 3580 superbiam
3125 3525 3347 3575 eorum;
3400 3520 3457 3565 et
3512 3512 3584 3565 ibi
3634 3526 3780 3580 asque

2212 3582 2419 3637 timebit
2458 3581 2768 3650 imperator,
2818 3585 2954 3635 sicut
2990 3588 3043 3635 et
3084 3582 3333 3650 piscator.
3378 3581 3492 3647 Illi,
3548 3584 3781 3651 inquam,

2214 3653 2497 3721 timebunt,
2527 3668 2618 3723 ego
2648 3667 2763 3706 vero
2794 3651 3036 3723 (deberet
3064 3656 3266 3723 dicere)
3298 3668 3401 3706 non
3435 3654 3657 3715 timebo,
3698 3654 3785 3707 sed

2212 3740 2279 3778 ne
2312 3722 3118 3793 praasumptuosumvideretur,
3168 3724 3314 3791 ponit
3361 3738 3575 3778 causam
3624 3737 3785 3791 quare

2212 3811 2319 3849 non
2349 3798 2554 3862 timeat,
2583 3794 2823 3861 scilicet,
2852 3795 2973 3864 quia
3003 3796 3214 3862 sperabo
3243 3795 3297 3847 in
3330 3802 3398 3859 te,
3429 3794 3561 3849 nihil
3592 3810 3786 3862 pracsu-

2214 3880 2363 3920 mens
2388 3868 2455 3921 de
2501 3881 2621 3931 me;
2670 3876 2725 3919 et
2770 3865 2889 3932 quia
2925 3866 2980 3917 in
3012 3874 3059 3918 te
3086 3866 3320 3930 sperabo,
3366 3865 3486 3920 ideo
3532 3881 3786 3919 sermones

2214 3954 2347 3991 meos
2378 3952 2484 3991 non
2513 3936 2568 3991 iu
2610 3950 2717 4003 me,
2749 3938 2841 3990 sed
2882 3936 2937 3987 in
2982 3945 3033 3989 te
3064 3934 3170 3988 Deo
3203 3936 3442 3999 laudabo,
3474 3938 3787 3991 ascribendo

2218 4009 2331 4075 tibi,
2382 4023 2489 4062 non
2537 4008 2686 4072 mibi,
2738 4008 2781 4061 si
2825 4022 3009 4061 verum
3053 4006 3252 4076 aliquid
3294 4009 3489 4061 dicam.
3540 4006 3787 4076 Quisquis

2214 4081 2355 4133 enim
2384 4078 2659 4149 cognoscit
2687 4078 2816 4132 nihil
2860 4079 2912 4132 in
2954 4078 3215 4149 sapientia
3243 4078 3337 4134 Dei
3372 4080 3452 4133 vel
3481 4078 3589 4133 ﬁde
3629 4092 3786 4147 posse

2220 4166 2403 4204 verum
2448 4153 2650 4216 dicere,
2692 4149 2791 4203 nisi
2835 4148 2973 4217 quod
3016 4151 3282 4217 acceperit
3318 4151 3385 4205 ab
3423 4150 3538 4217 illo,
3581 4153 3677 4219 qui
3716 4158 3789 4203 est

2218 4220 2338 4275 fons
2366 4231 2419 4275 et
2444 4222 2595 4290 origo
2623 4222 2782 4274 totius
2810 4220 3070 4289 veritatis,
3101 4220 3187 4275 ille
3217 4234 3493 4275 sermones
3518 4235 3651 4274 suos
3679 4221 3791 4274 Iau-

2216 4291 2363 4345 dabit
2401 4293 2454 4345 in
2486 4292 2614 4358 Deo,
2642 4291 2733 4360 qui
2771 4304 3046 4345 sermones
3075 4300 3130 4345 et
3170 4292 3254 4345 sui
3292 4302 3413 4345 sunt
3444 4303 3498 4346 et
3530 4291 3654 4346 Dei.
3702 4292 3788 4347 Dei

2217 4372 2359 4427 sunt,
2392 4365 2511 4430 quia
2550 4363 2664 4432 ipse
2690 4362 2865 4427 dedit;
2914 4363 2995 4417 sui
3039 4369 3179 4426 sunt,
3225 4365 3349 4430 quia
3377 4364 3625 4432 accepit,
3658 4375 3711 4418 et
3743 4365 3788 4416 in

2223 4436 2451 4502 petendo
2476 4448 2570 4487 eos
2616 4448 2642 4485 a
2676 4434 2785 4487 Deo
2832 4446 2935 4485 non
2980 4434 3160 4487 existit
3191 4447 3409 4488 vacuus.
3460 4433 3523 4487 Et
3566 4436 3790 4490 dicendo

548 4486 669 4574 pulo
688 4496 827 4574 quia
846 4486 1030 4574 sanctis
1055 4486 1200 4564 longe
1230 4500 1509 4574 factusest,
1536 4500 1590 4574 in
1613 4500 1748 4574 tituli
1766 4486 2113 4574 inscriptione.
2145 4486 2199 4547 Ῑ)
2224 4486 2349 4559 suos
2370 4486 2513 4569 esse,
2534 4504 2627 4558 sed
2656 4486 2845 4557 abillo
2870 4486 3167 4573 accepisse,
3192 4486 3309 4559 non
3326 4486 3789 4574 existitingratus.

549 4565 921 4638 Inscriptioue,
959 4565 1102 4638 dico,
1146 4573 1281 4638 tacta
1323 4570 1419 4635 ipsi
1468 4569 1632 4623 David
1679 4586 1783 4623 non
1834 4565 2113 4638 historiali,

546 4636 670 4711 quia
720 4652 822 4711 non
870 4636 1061 4711 legitur
1108 4636 1334 4705 scriptus
1377 4638 1543 4693 fuisse
1583 4642 1631 4692 ei
1678 4642 1866 4709 aliqum
1911 4636 2115 4711 titulus,

547 4708 640 4760 sed
670 4707 892 4777 mystico
932 4707 1135 4777 scilicet
1166 4716 1310 4767 tunc,
1356 4724 1469 4761 cum
1511 4707 1778 4764 tenuerunt
1817 4728 1933 4764 eum
1975 4707 2118 4766 Allo-

548 4777 689 4847 phyli
725 4774 805 4847 fin
845 4774 993 4829 Geth.
1048 4777 1190 4831 Istud
1245 4793 1452 4847 quoque
1504 4796 1609 4833 non
1657 4784 1904 4835 convenit
1954 4781 2120 4838 David

550 4845 835 4923 historiali,
863 4849 982 4923 quia
1018 4849 1202 4917 legitur
1224 4845 1437 4923 quidem
1465 4850 1534 4923 ad
1554 4852 1876 4923 fAllophylos
1907 4855 1957 4905 in
1983 4854 2119 4907 Ceth

549 4918 816 4991 civitatem
869 4918 1111 4984 venisse,
1161 4922 1254 4973 sed
1310 4934 1415 4974 non
1463 4921 1654 4991 legitur
1689 4918 1776 4975 'ab'
1812 4924 1889 4977 eis
1944 4933 2121 4979 tentus

552 4988 1005 5063 l'u_iss_e;_0p0rtct
1034 5004 1162 5063 ergo
1190 5000 1245 5043 ut
1274 4991 1338 5043 ad
1379 4988 1659 5061 mysticum
1694 4992 1893 5057 David,
1934 4994 1983 5047 id
2016 5006 2118 5063 est,

551 5060 615 5129 ad
655 5058 924 5129 Christum
970 5062 1252 5125 referatur,
1291 5058 1449 5129 quem
1479 5077 1601 5115 vere
1647 5072 1930 5118 tenuerunt
1973 5058 2119 5119 Allol

555 5127 695 5198 phyli
715 5169 733 5201 γ,
766 5131 817 5201 id
847 5138 961 5194 est,
990 5127 1330 5199 alienigenae,
1362 5132 1445 5186 vel
1476 5134 1690 5201 potione
1716 5137 1983 5199 cadentes,
2018 5138 2119 5191 hoc

553 5209 673 5274 est,
702 5199 867 5252 Juda:i
899 5201 996 5274 viri
1025 5202 1367 5274 alienigenae,
1393 5199 1499 5274 qui
1530 5218 1559 5256 a
1588 5206 1787 5258 sanctis
1815 5206 1971 5274 longe
1997 5216 2124 5261 sunt

555 5269 699 5331 lacti,
728 5279 782 5323 et
810 5272 1023 5338 potione
1049 5273 1323 5345 cadentes,
1428 5269 1535 5338 est,
1570 5274 1688 5327 irati
1718 5277 1764 5328 ei
1798 5292 1893 5345 pro
1908 5269 2041 5331 'loco
2067 5287 2123 5332 et

560 5350 742 5411 gente,
771 5350 823 5394 et
852 5350 1135 5395 tenuerunt
1160 5344 1211 5395 in
1243 5344 1412 5409 Gelli,
1443 5345 1581 5411 quod
1614 5346 1987 5411 interpretatur
2014 5359 2123 5401 tor-

558 5409 723 5475 cular,
757 5412 867 5486 sive
896 5427 1153 5486 pressura,
1186 5415 1284 5486 hoc
1310 5425 1410 5477 est,
1437 5409 1718 5486 tenuerunt
1745 5409 1866 5469 eum
1898 5417 1948 5469 in
1977 5434 2124 5486 pres-

557 5482 992 5560 sura-passionis,
1028 5484 1079 5536 in
1108 5498 1225 5560 qua
1251 5483 1546 5560 botrusillc
1574 5486 1896 5553 primiuvus,
1926 5482 2117 5557 idest,

557 5555 705 5625 quasi
734 5566 851 5625 _uva_
882 5555 934 5603 in
979 5555 1229 5625 torculari
1266 5557 1607 5609 conculcatus
1649 5564 1914 5625 expressit
1945 5555 2123 5615 vinum

558 5621 689 5675 illud
715 5621 1100 5689 dulcissimum,
1128 5624 1195 5679 de
1221 5640 1325 5693 quo
1352 5628 1549 5680 dictum
1581 5637 1662 5681 est
1688 5644 1699 5680 :
1721 5621 1792 5680 Et
1820 5630 1956 5683 calix
1983 5648 2125 5687 meus

557 5693 809 5768 inebrians
839 5708 989 5761 quam
1016 5696 1291 5762 praclarus
1316 5697 1422 5751 est!
1452 5698 1684 5754 Tenetur
1712 5715 1925 5768 quoque
1950 5704 2125 5758 adhuc

560 5764 702 5822 idem
743 5765 985 5821 Christus
1032 5768 1083 5821 in
1125 5780 1352 5838 corpore
1391 5784 1510 5839 suo,
1540 5771 1663 5839 quia
1702 5764 1922 5829 necesse
1951 5782 2035 5831 est
2068 5784 2125 5832 ut

2226 4574 2288 4627 In
2321 4574 2431 4629 Deo
2460 4575 2676 4640 speravi.
2718 4575 2927 4642 Repetit
2954 4576 3091 4643 quod
3126 4576 3390 4643 prmdixit,
3421 4582 3573 4646 quasi
3607 4580 3747 4629 dicat
3778 4594 3789 4627 :

2224 4651 2335 4717 Non
2374 4648 2543 4701 solum
2573 4646 2824 4717 sperabo,
2869 4646 2963 4717 sed
3005 4656 3059 4701 et
3091 4647 3237 4713 prius
3276 4650 3471 4717 speravi
3498 4650 3552 4700 in
3584 4646 3717 4707 Deo,
3747 4656 3795 4699 et

2220 4716 2343 4771 ideo
2370 4732 2470 4769 non
2499 4716 2677 4768 timebo
2695 4716 2817 4784 quid
2844 4716 2999 4786 faciat
3027 4718 3150 4770 mihi
3173 4716 3311 4771 caro.
3338 4719 3467 4772 Nam
3492 4718 3622 4786 quid
3647 4721 3791 4786 faciat

2222 4788 2348 4839 mihi
2395 4787 2554 4839 caro?
2598 4786 2800 4841 Saevit”.
2837 4800 3089 4856 quantum
3123 4790 3246 4843 velit
3286 4804 3435 4854 caro,
3472 4791 3606 4843 nihil
3648 4792 3796 4842 faciet

2224 4858 2377 4922 mihi,
2429 4857 2527 4911 nisi
2573 4857 2717 4925 quod
2748 4868 2926 4927 potest
2953 4873 3077 4913 caro
3108 4875 3122 4910 :
3158 4875 3255 4912 uva
3295 4876 3462 4924 eram,
3507 4875 3639 4914 caro
3673 4875 3795 4914 con-

2222 4929 2451 5001 culcabit
2480 4943 2563 4981 me
2582 4965 2598 4991 ,
2627 4936 2682 4982 et
2708 4931 2888 4983 vinum
2919 4928 3142 4997 elliciar,
3173 4940 3226 4983 et
3253 4930 3305 4985 in
3336 4930 3657 5001 apothecam
3687 4946 3795 4986 cm-

2226 5000 2414 5053 Iestem
2448 5002 2757 5053 translerar.
2804 5001 3029 5053 Carnem
3074 5004 3224 5069 ponit
3262 5000 3640 5069 pro’homine,
3687 5017 3800 5070 par-

2226 5078 2367 5145 tem,
2390 5070 2641 5145 salicet,
2674 5084 2775 5145 pro
2798 5079 2931 5136 toto,
2964 5082 3021 5123 ut
3051 5071 3119 5125 ibi
3155 5090 3167 5123 :
3210 5070 3428 5126 Verbum
3460 5090 3582 5127 caro
3611 5074 3800 5145 [actam

2224 5148 2317 5206 est,
2350 5142 2400 5193 id
2430 5152 2532 5207 εει,
2566 5140 2725 5193 homo
2756 5140 2925 5194 lactus
2954 5152 3055 5196 est.

2298 5210 2423 5263 Tota
2454 5210 2535 5283 die
2560 5212 2709 5263 verba
2737 5225 2872 5265 mea.
2899 5211 3216 5282 Exsequitur
3242 5214 3379 5268 facta
3409 5217 3613 5271 carnis.
3641 5214 3800 5283 Quasi

2224 5281 2414 5335 dicat:
2450 5281 2587 5335 Ecce
2614 5283 2740 5351 quid
2784 5285 2949 5351 possit
2978 5281 3126 5357 caro.
3169 5284 3302 5357 Nam
3349 5288 3423 5341 illi
3467 5289 3554 5357 qui
3601 5281 3798 5342 intelli-

2224 5360 2417 5422 guntur
2448 5366 2541 5420 per
2568 5366 2781 5424 carnem
2805 5397 2819 5419 ,
2851 5356 3264 5421 exsecrabantur,
3293 5356 3344 5412 id
3375 5356 3495 5424 est,
3526 5360 3802 5413 abominaa

2226 5425 2420 5499 bantur
2452 5432 2557 5499 tota
2592 5422 2707 5499 die,
2737 5425 2789 5477 id
2815 5435 2931 5489 est,
2961 5428 3201 5493 assidue,
3236 5429 3382 5481 verba
3413 5422 3543 5483 mea.
3584 5429 3649 5484 Et
3676 5428 3801 5499 quid

2227 5496 2443 5561 mirum,
2470 5496 2510 5547 si
2539 5496 2701 5549 verba
2724 5510 2841 5549 mea
2864 5500 3300 5564 exsecrabantur,
3325 5515 3445 5553 cum
3473 5511 3525 5555 te
3557 5496 3727 5555 Deum
3751 5503 3802 5554 in

2228 5566 2389 5634 ipsis,
2420 5571 2540 5633 quia
2572 5568 2624 5619 in
2656 5578 2706 5620 te
2732 5568 2942 5619 laudata
2974 5576 3159 5633 erant,
3190 5574 3641 5626 exseCiarentur?
3683 5573 3802 5625 Non

2226 5639 2359 5710 enim
2388 5649 2462 5689 est
2492 5636 2772 5710 disc_ipulus
2799 5653 2951 5710 super
2980 5642 3301 5709 magistrum,
3335 5659 3424 5695 ntc
3451 5660 3623 5697 servus
3651 5657 3803 5710 super

2229 5706 2525 5780 Dominum.
2572 5704 2999 5775 Exsecrabantur,
3050 5704 3299 5779 inquam,
3346 5713 3495 5766 verba
3547 5729 3680 5780 mea,
3715 5704 3803 5766 ἠε

2228 5779 2368 5850 quod
2398 5793 2570 5834 omnes
2598 5780 2947 5848 cogitationes,
2976 5783 3134 5837 etiant
3165 5797 3271 5839 non
3302 5787 3472 5840 solum
3503 5779 3672 5853 dicta,
3705 5782 3800 5843 sed
