3984 6362
149 383 267 438 ’Πτ

920 374 985 429 IN
1029 372 1442 430 PSALMORUM
1484 372 1741 429 LIBRUM
1781 371 2135 429 EXEGESIS.
2163 403 2226 415 —-
2268 372 2508 431 PSALM.
2555 374 2687 431 LVI.

3296 382 3402 437 778

147 507 213 548 ct
242 494 380 548 facta
410 499 561 546 erant
593 489 867 546 tendentes
896 494 949 543 in
1000 490 1222 549 malum,
1253 498 1306 542 et
1333 491 1596 541 adversum
1626 503 1723 549 me,
1759 492 1803 547 Α
1835 486 2033 551 lli-iant,
2078 500 2171 540 seu
2213 495 2269 540 ut
2310 496 2621 556 sequantur,
2663 496 2715 541 et
2758 500 2861 541 non
2896 487 3214 556 prmeedant.
3263 489 3397 547 Eum

148 567 213 620 id
244 576 363 627 est,
397 568 463 616 ad
504 577 675 616 meam
706 561 1125 614 damnationem.
1174 560 1237 613 Et
1284 570 1459 611 tamen
1505 560 1629 612 licet
1662 558 1731 610 ita

148 651 247 690 me
287 641 721 698 exsecrarentur,
753 641 806 685 et
835 646 993 683 omne
1038 632 1231 683 malum
1274 629 1323 680 in
1363 644 1447 682 me
1475 630 1729 697 cogitent,

147 706 521 758 inhabitabunt
542 741 557 763 ,
597 703 647 756 id
676 711 790 767 est,
822 715 1032 754 mecum
1059 699 1516 752 conversabuntur
1553 700 1604 753 iu
1643 713 1732 751 sa-

148 774 459 831 cramentis
485 771 639 836 ﬁdei;
668 781 712 825 et
738 773 808 825 ita
837 770 1143 823 abscondent
1164 783 1244 833 se,
1276 770 1327 822 id
1351 778 1449 830 est,
1483 768 1736 822 insidiose

146 858 215 901 et
244 848 433 899 dolose
462 857 668 897 mecum
713 852 969 909 egerunt;
1016 839 1084 893 ad
1134 840 1233 893 hoc
1277 840 1421 892 enim
1453 847 1731 903 venerunt,

150 931 272 971 non
302 926 362 969 ut
386 914 670 976 discerent,
699 913 792 967 sed
823 920 881 964 ut
911 910 1169 964 haberent
1194 909 1335 976 quod
1366 909 1651 974 proderent
1681 919 1734 961 et

148 988 612 1051 improperarent.
641 984 716 1036 De
758 983 948 1050 quibus
974 980 1257 1051 Apostolus
1282 997 1294 1031 :
1322 978 1736 1051 Subintroierunt

145 1048 377 1125 quidam
417 1054 533 1124 falsi
561 1055 743 1125 fratres
770 1048 1033 1120 explorare
1063 1049 1345 1125 libertatem
1378 1060 1618 1125 nostram.
1653 1048 1737 1102 lti-

155 1120 278 1178 irat
307 1120 449 1179 enim
484 1134 540 1177 ut
562 1120 717 1177 Titus
737 1165 751 1187 ,
782 1136 849 1175 ne
872 1130 1124 1176 caveatur
1154 1130 1209 1173 ut
1235 1120 1464 1175 alienus.
1498 1121 1735 1173 Abscon-

147 1200 298 1251 dent
338 1210 419 1260 se,
462 1194 699 1263 inquam,
741 1192 976 1263 adhoc,
1014 1200 1076 1263 ut
1116 1188 1434 1263 insidientur
1472 1192 1621 1263 mihi.
1674 1190 1737 1242 Et

153 1268 236 1317 ita
269 1280 455 1320 revera
501 1260 715 1327 facient,
758 1261 881 1331 quia
925 1260 1025 1328 ipsi
1071 1260 1400 1314 observabant
1442 1260 1737 1313 calcaneum

158 1352 362 1397 meum,
393 1334 444 1389 id
470 1344 570 1397 est,
602 1347 786 1402 magna
817 1332 1018 1386 cautela
1043 1331 1356 1402 insidiantur
1381 1331 1653 1402 calcaneo,
1685 1331 1734 1382 id

148 1418 273 1469 est,
309 1406 477 1474 lapsui
520 1417 662 1469 meo,
696 1400 935 1474 scilicet,
980 1401 1024 1454 si
1068 1400 1150 1474 vel
1196 1402 1346 1474 labar
1378 1401 1429 1455 in
1472 1400 1651 1469 lingua
1680 1409 1739 1474 ut

157 1471 419 1543 prodant.
450 1475 520 1527 Ita
550 1474 670 1526 dico
700 1472 1051 1538 observabant,
1078 1471 1229 1537 sicut,
1262 1471 1313 1524 id
1341 1480 1425 1526 est
1474 1472 1732 1543 quemad-

153 1542 409 1608 modum,
451 1545 523 1598 illi
554 1545 643 1612 qui
684 1548 1030 1596 sustinueruut
1070 1542 1292 1594 animam
1333 1556 1517 1607 meam,
1553 1542 1603 1594 id
1631 1551 1733 1612 est,

153 1617 261 1685 qui
308 1616 549 1670 odiosam
575 1611 891 1685 habuerunt
934 1615 1094 1685 vitam
1146 1626 1340 1679 meam,
1389 1612 1511 1685 quia
1562 1611 1739 1685 gravis

154 1680 319 1740 eram
353 1687 455 1749 eis,
480 1685 641 1739 etiam
670 1683 735 1736 ad
766 1683 1074 1746 videndum,
1108 1693 1322 1751 prOpter
1350 1680 1490 1750 quod
1518 1680 1739 1751 malitin-

154 1758 286 1811 sius
318 1756 656 1810 insidiantur.
698 1754 801 1808 Sed
836 1764 922 1817 tu,
959 1750 1495 1818 Domine,retribues
1523 1750 1621 1817 eis,
1648 1750 1737 1820 qui

154 1828 334 1895 [acies
362 1842 447 1880 eos
472 1824 661 1888 salvos,
692 1824 742 1877 id
768 1834 867 1888 est,
888 1821 1126 1895 isalvabis
1153 1836 1247 1895 eos
1276 1822 1487 1877 tandem
1515 1838 1544 1875 a
1567 1821 1741 1876 carnis

154 1892 542 1964 corruptione,
574 1894 938 1949 resuscitando
976 1907 1070 1947 eos
1108 1892 1175 1947 ad
1220 1907 1427 1964 pinnam
1467 1901 1741 1964 :eternani,

159 1981 283 2021 non
310 1962 379 2030 ad
408 1966 650 2035 gloriam,
691 1964 1073 2035 quaigsalvatio
1115 1980 1207 2031 pro
1251 1962 1415 2017 nihilo
1454 1962 1746 2030 reputanda

155 2049 278 2091 est.
314 2038 384 2090 Et
420 2034 610 2090 merito
638 2034 731 2104 pro
760 2034 942 2103 nihilo,
973 2034 1096 2102 quia
1132 2044 1184 2087 tu
1220 2035 1508 2104 confringes
1536 2035 1748 2103 papulas

158 2108 322 2173 illus,
371 2109 508 2162 sicut
557 2110 806 2170 salvatos,
850 2105 907 2158 in
947 2107 1026 2157 ira
1066 2115 1173 2169 tua,
1215 2104 1267 2157 id
1296 2114 1403 2169 est,
1446 2114 1619 2157 tantus
1646 2106 1748 2157 erit

163 2192 353 2232 terror
382 2179 690 2239 sententiae,
723 2191 880 2246 quam
911 2175 1077 2229 iratus
1102 2176 1248 2228 dabit
1274 2174 1457 2229 dicens
1485 2176 1571 2246 eis
1596 2190 1609 2227 :
1644 2174 1746 2241 Ite,

160 2248 462 2313 maledicti,
482 2248 533 2299 in
561 2249 727 2316 ignem
743 2245 1016 2311 internum,
1048 2246 1187 2312 quod
1215 2260 1280 2299 ex
1312 2254 1423 2299 toto
1451 2245 1750 2316 confringe.-

162 2329 263 2371 tur
288 2330 345 2372 et
380 2314 772 2372 comminuetur
809 2331 996 2371 eorum
1037 2331 1160 2385 spes
1200 2324 1255 2369 et
1290 2314 1560 2384 superbia.
1605 2315 1747 2379 Illos,

162 2390 419 2457 inquam,
458 2403 550 2456 pro
577 2388 747 2441 nihilo
773 2386 1027 2451 salvabis,
1060 2402 1147 2440 me
1174 2394 1353 2441 autem
1380 2385 1613 2439 Salvabis
1643 2400 1747 2438 non

158 2474 269 2522 pro
294 2460 484 2525 nihilo,
518 2460 612 2512 sed
644 2473 738 2525 pro
766 2459 961 2526 aliquo,
1002 2458 1243 2521 scilicet,
1290 2458 1412 2525 quia
1455 2457 1750 2511 annuntiavi

155 2530 265 2581 tibi
297 2530 453 2582 vitam
481 2544 664 2583 meam.
708 2528 890 2582 Potest
914 2527 1071 2581 etiam
1103 2527 1327 2581 salvatio
1354 2528 1664 2597 praecedens
1695 2529 1748 2581 in

160 2600 319 2653 bono
348 2599 542 2666 accipi,
572 2601 687 2654 sic:
716 2598 864 2653 Licet
892 2597 964 2652 illi
991 2607 1098 2651 tam
1130 2596 1278 2666 pravi
1305 2598 1431 2659 sint,
1466 2605 1643 2654 tamen
1672 2608 1747 2661 tu,

166 2674 346 2733 lleus,
389 2672 545 2739 facies
583 2670 698 2723 illos
737 2668 921 2733 salvos,
951 2682 1237 2739 conversos
1265 2676 1319 2739 et
1346 2666 1531 2739 ﬁdeles
1558 2666 1746 2721 factos.

164 2742 234 2793 Et
266 2743 373 2793 hoc
390 2737 481 2795 est
505 2740 596 2793 tibi
625 2755 717 2809 pro
745 2739 922 2803 nihilo,
956 2738 1009 2797 id
1040 2749 1141 2803 est,
1174 2738 1323 2791 nihili
1353 2737 1610 2809 pendens,
1640 2739 1751 2793 sal-

162 2825 304 2865 sare
327 2825 456 2876 eos,
484 2825 606 2877 quia
627 2807 688 2863 in
720 2812 882 2864 verbo
908 2809 1026 2863 solo
1053 2817 1227 2862 salvas
1255 2822 1386 2873 eos;
1416 2822 1513 2862 nec
1542 2807 1752 2863 laboras

160 2882 220 2934 in
276 2882 560 2945 salvando,
594 2881 717 2933 licet
767 2894 865 2935 nos
908 2881 1347 2948 obstupescamus
1398 2879 1449 2932 in
1501 2878 1750 2933 videndo.

163 2950 270 3005 Vel
301 2951 459 3004 aliter
486 2969 500 3003 :
530 2949 711 3005 Facies
753 2966 838 3004 eos
879 2950 1045 3003 salvos
1085 2966 1178 3017 pro
1208 2948 1389 3013 nihilo,
1420 2948 1472 3002 id
1501 2959 1603 3014 est,
1636 2950 1754 3004 sine

158 3021 357 3089 aliquo
398 3022 719 3090 praecedenti
762 3023 953 3075 merito
982 3034 1187 3073 eorum.
1221 3019 1355 3085 Quid
1387 3034 1527 3090 enim
1559 3018 1754 3074 Paulus

156 3089 524 3161 blasphemus,
544 3102 831 3161 persecutor
859 3101 903 3143 et
934 3091 1234 3161 injuriosus,
1257 3106 1375 3143 cum
1403 3089 1455 3142 iu
1480 3092 1557 3143 via
1589 3096 1753 3146 verbo

159 3173 476 3231 prostratus
504 3160 585 3217 εει
621 3172 674 3216 ει
712 3164 961 3225 salvatus,
1006 3161 1214 3217 attulit?
1242 3160 1377 3228 Quid
1417 3161 1576 3215 etiam
1618 3163 1753 3216 latro

156 3234 352 3293 attulit
383 3234 436 3286 in
463 3234 740 3301 judicium,
773 3234 840 3287 de
863 3232 1065 3301 judicio
1093 3232 1145 3285 in
1175 3232 1398 3301 lignum,
1426 3231 1494 3286 de
1522 3232 1666 3301 ligno
1698 3234 1749 3285 in

161 3303 520 3370 paradisum?
549 3304 689 3357 Nihil
721 3305 924 3372 utique,
955 3314 1149 3371 praeter
1178 3302 1332 3356 fidem
1353 3343 1368 3366 ,
1399 3316 1558 3370 quam
1586 3302 1675 3357 ille
1704 3303 1751 3357 ei

155 3375 320 3443 dedit
361 3375 451 3442 qui
494 3375 643 3442 juxta
692 3374 963 3441 pependit,
1014 3374 1064 3426 id
1103 3383 1207 3438 εει,
1238 3374 1513 3437 Christus;
1557 3382 1613 3434 et
1652 3376 1753 3427 hoc

159 3448 334 3498 modo
364 3445 531 3497 salvos
558 3460 641 3498 eos
670 3446 846 3512 facies,
879 3445 998 3513 quia
1028 3445 1080 3497 in
1118 3444 1198 3497 ira
1237 3455 1345 3508 tua,
1388 3444 1443 3496 id
1480 3452 1580 3507 est,
1623 3448 1752 3496 mit-

161 3515 335 3567 tendo
370 3518 451 3568 eis
483 3516 849 3573 tribulationes
876 3518 1101 3581 aliquas,
1130 3514 1280 3580 quasi
1307 3515 1492 3579 iratus,
1520 3514 1751 3583 confrin-

160 3583 359 3655 ges,id
388 3596 491 3650 est,
514 3587 815 3639 butuiliabis
845 3590 1059 3655 papulas
1087 3585 1223 3638 illos.
1258 3584 1507 3641 Irasceris
1531 3585 1673 3643 enim
1703 3593 1756 3638 et

156 3654 487 3723 confringis,
536 3658 691 3709 saivis
733 3667 786 3717 et
828 3654 1022 3720 salvas,
1068 3664 1237 3708 terres
1281 3665 1334 3707 et
1378 3668 1558 3708 vocas.
1603 3654 1753 3709 Multi

160 3727 316 3778 enim
346 3726 685 3783 tribulatione
714 3728 1011 3780 contristati
1038 3766 1052 3790 ,
1084 3724 1187 3783 lide
1216 3734 1341 3778 sunt
1378 3724 1601 3792 repleti,
1633 3726 1755 3793 quia

161 3799 234 3848 ad
268 3801 371 3847 hoc
396 3798 625 3866 exagitat
654 3798 943 3861 tribulatio,
971 3807 1027 3849 ut
1054 3809 1145 3848 vas
1168 3805 1457 3850 evacuetur
1481 3796 1749 3865 nequitiae,

158 3874 220 3919 et
251 3868 523 3936 repleatur
547 3870 737 3936 gratia.

240 3935 411 3997 Deus,
442 3935 591 3993 vitam
615 3955 796 3992 meam.
826 3937 956 4004 Quia
991 3936 1123 3993 tales
1150 3936 1308 3990 etiam
1339 3951 1435 4005 pro
1461 3935 1626 3990 nihilo
1653 3936 1755 3990 sal.

162 4022 289 4070 vas,
345 4007 486 4072 ideo,
536 4008 698 4075 Deus,
744 4010 1043 4065 annuntiavi
1087 4008 1176 4066 tibi
1220 4010 1373 4061 vitam
1420 4024 1602 4074 meam,
1651 4022 1757 4063 non

162 4078 333 4142 mihi,
364 4080 487 4145 quia
516 4083 691 4131 omnis
724 4080 826 4132 vita
856 4079 1165 4132 ascribenda
1196 4088 1276 4130 est
1308 4079 1419 4142 tibi,
1450 4095 1555 4131 nou
1587 4080 1754 4131 alicu-

154 4151 253 4216 jus
296 4150 522 4202 meritis.
556 4151 751 4203 Paulus
778 4151 919 4203 enim
950 4165 1070 4203 cum
1102 4149 1305 4202 diceret
1334 4165 1346 4201 :
1384 4151 1635 4214 Quoniam
1665 4164 1757 4218 ego

161 4220 531 4287 olasphemus,
578 4231 861 4290 persecutor
906 4229 953 4272 et
998 4222 1311 4287 iniuriosus,
1356 4219 1757 4273 misericordiam

158 4306 286 4341 sum
315 4298 649 4356 consecutus,
680 4300 736 4345 et
770 4301 995 4354 caztera,
1028 4302 1186 4342 Vitam
1216 4306 1364 4343 suam
1405 4294 1755 4344 annuntiave-

161 4369 297 4413 runt
345 4374 453 4413 non
500 4362 623 4427 sibi,
669 4362 761 4415 sed
811 4361 909 4425 illi,
957 4363 1009 4414 id
1050 4374 1151 4425 est,
1200 4360 1330 4423 Deo,
1365 4368 1423 4414 ut
1464 4362 1513 4415 ei
1554 4361 1758 4415 stilicet

166 4431 512 4496 crederetur,
542 4446 646 4484 non
674 4433 820 4485 lucra
848 4446 939 4483 sua
968 4446 1233 4501 quaerens,
1264 4431 1356 4484 sed
1391 4431 1529 4485 illius
1557 4432 1623 4485 de
1652 4446 1757 4499 quo

160 4503 567 4568 subsequenter
603 4502 733 4557 dicit
773 4519 784 4554 :
829 4499 1060 4555 Christus
1097 4499 1247 4553 Jesus
1293 4516 1523 4553 mortuus
1562 4514 1653 4565 est,
1703 4511 1757 4553 ut

1839 558 1923 610 bic
1953 566 2072 610 orat
2111 572 2204 624 pro
2248 556 2439 611 visiliili
2488 559 2659 620 hoste,
2704 566 2761 611 ut
2805 559 2854 609 iu
2898 558 3051 611 titulo
3094 562 3401 627 praidictuui

1836 638 1937 681 est.
1977 628 2039 680 Et
2066 627 2212 694 quasi
2240 627 2380 681 dicat
2409 645 2421 680 :
2458 629 2656 683 Revera
2684 628 2876 680 inimici
2911 630 3007 681 mei
3033 639 3407 696 convertentur,

1838 708 1891 769 et
1917 699 1967 749 in
2001 697 2106 750 illis
2126 700 2397 752 conversis
2427 700 2685 752 invocabo
2714 707 2795 761 te;
2821 711 2872 750 et
2898 700 2947 752 in
2976 714 3273 769 quacunque
3299 705 3406 768 die,

1838 767 1891 820 id
1921 777 2023 829 est,
2055 771 2104 820 iu
2136 782 2452 836 quacunque
2477 769 2670 826 mentis
2698 770 2945 836 puritate,
2978 770 3059 823 vel
3092 772 3141 824 in
3177 767 3405 837 quocum

1837 852 1940 905 que
1986 846 2244 905 tempore,
2297 840 2347 892 in
2396 839 2495 892 illis
2538 842 2830 893 invocavero
2878 851 2947 902 te,
2990 854 3305 907 cognoscam
3354 844 3408 898 in

1836 909 2059 970 eisdem,
2105 908 2344 975 quoniam
2387 914 2440 963 et
2486 910 2623 964 Dens
2650 923 2730 975 es,
2776 918 2831 963 et
2861 907 2998 963 Deus
3044 927 3183 965 meus
3224 930 3294 968 es.
3346 915 3414 969 Et

1836 994 1950 1032 ecce
1972 1020 1985 1042 ,
2018 980 2165 1045 quasi
2195 978 2337 1031 dicat
2369 997 2382 1031 :
2420 979 2794 1047 Experimento
2823 980 2942 1037 data
2982 990 3066 1035 est
3106 983 3232 1035 mihi
3276 984 3413 1038 ndu-

1837 1049 1939 1133 cia,
1967 1050 2106 1128 quod
2122 1050 2333 1130 verem
2368 1049 2450 1131 his
2470 1050 2841 1130 convertendis
2862 1050 3034 1131 adhuc
3062 1066 3405 1121 cognoscam,

1838 1121 2087 1190 gu‘oniam
2117 1121 2224 1187 jam
2258 1121 2308 1172 in
2339 1122 2484 1187 prius
2512 1121 2783 1175 conversis
2810 1122 3031 1190 cognovi
3065 1131 3148 1187 te,
3194 1133 3248 1177 et
3286 1139 3412 1179 esse

1838 1188 2005 1242 Deum
2035 1198 2089 1242 et
2120 1204 2325 1255 meum;
2370 1204 2557 1260 magna
2580 1191 2799 1243 scientia
2840 1188 2981 1246 scire
3018 1190 3183 1247 Deum
3227 1210 3409 1249 suum.

1838 1259 1983 1313 'I‘uus
2008 1261 2149 1314 enim
2176 1270 2255 1313 est
2276 1301 2291 1324 ,
2336 1259 2578 1327 quia’tibi
2622 1261 2901 1325 subvenit,
2946 1272 2997 1315 et
3027 1276 3056 1316 a
3084 1277 3143 1316 se
3173 1265 3408 1325 alienum

1840 1338 1891 1383 te
1933 1344 2035 1382 non
2068 1327 2209 1384 fecit.
2256 1330 2322 1384 Et
2363 1332 2443 1384 ha:
2484 1339 2607 1384 sunt
2651 1345 2853 1399 magna:
2880 1332 3055 1386 cordis
3097 1334 3314 1399 divitiae,
3358 1349 3415 1394 et

1839 1415 2087 1472 magnum
2113 1401 2290 1455 lumen
2314 1402 2581 1457 interioris
2606 1402 2856 1467 hominis,
2883 1401 3046 1456 Deum
3070 1417 3223 1459 suum
3246 1407 3409 1472 scire,

1841 1471 2005 1543 Deum
2038 1485 2197 1543 suum
2242 1472 2459 1537 habere,
2507 1473 2609 1525 hoc
2626 1481 2740 1543 est,
2786 1472 2954 1539 gratis
3000 1475 3164 1528 Deum
3211 1471 3411 1543 colere,

1838 1540 2003 1608 gratis
2035 1539 2197 1593 Deum
2228 1556 2409 1599 amare
2434 1553 2487 1596 et
2515 1542 2763 1606 laudare,
2794 1543 2934 1610 quod
2976 1552 3058 1597 est
3092 1546 3254 1597 Deum
3287 1539 3412 1601 vero

1840 1616 2107 1685 invocare.
2135 1612 2283 1685 Quod
2310 1623 2486 1666 autem
2508 1613 2616 1670 dixi
2641 1631 2651 1664 :
2684 1614 3014 1681 Cognoscam
3047 1614 3097 1667 in
3125 1612 3264 1681 istis,
3289 1618 3413 1685 quia

1840 1682 2063 1753 cognovi
2095 1681 2148 1735 in
2183 1684 2305 1747 illis,
2338 1699 2441 1737 nou
2474 1692 2527 1737 te
2556 1686 2871 1747 conturbet,
2904 1685 3022 1753 quia
3056 1699 3153 1747 vox
3186 1695 3268 1739 est
3306 1681 3417 1741 Ec-

1840 1752 2014 1805 clesia:
2033 1792 2049 1815 ,
2075 1768 2191 1819 quas
2218 1764 2273 1807 et
2296 1757 2346 1808 in
2375 1755 2799 1823 prmcedeutibus
2827 1754 3125 1815 invocavit.
3158 1769 3213 1810 et
3242 1756 3295 1815 in
3324 1754 3415 1812 fu-

1848 1822 1977 1875 turis
2008 1823 2287 1877 invocabit.

1922 1891 1988 1945 ln
2015 1892 2125 1945 Deo
2158 1891 2401 1964 laudabo.
2445 1893 2707 1962 Repetitio
2736 1903 2819 1951 est
2856 1904 3072 1964 propter
3099 1906 3419 1951 convertens

1849 1963 1970 2023 dos.
2003 1966 2070 2017 de
2094 1963 2284 2030 quibus
2314 1965 2397 2019 hic
2426 1964 2625 2018 dictum
2654 1976 2755 2020 est.
2782 1965 2857 2019 Ac
2885 1967 2929 2019 si
2959 1963 3109 2020 dicat
3135 1985 3146 2020 :
3198 1967 3345 2023 Sicut
3366 1979 3424 2023 et

1851 2036 1902 2087 in
1935 2033 2040 2087 illis
2071 2035 2336 2100 prioribus
2363 2049 2637 2089 sermones
2665 2050 2814 2091 meos
2843 2036 2893 2089 in
2923 2047 2973 2090 te
3007 2036 3114 2091 Deo
3142 2040 3318 2102 laudo,
3342 2043 3423 2091 ni-

1852 2104 1928 2158 hil
1953 2104 2020 2158 de
2050 2119 2135 2157 me
2167 2119 2495 2171 praesumens
2519 2144 2535 2169 ,
2584 2107 2774 2161 eodem
2804 2106 2963 2161 modo
2993 2109 3045 2160 in
3077 2109 3157 2162 his
3199 2124 3422 2164 conver-

1852 2175 2026 2228 tendis
2056 2174 2183 2227 nihil
2210 2174 2278 2228 de
2307 2192 2391 2229 me
2415 2190 2771 2243 praesumam,
2815 2178 2908 2231 sed
2950 2176 3006 2231 in
3042 2187 3091 2231 te
3130 2179 3235 2232 Deo
3267 2180 3423 2234 Patre

1852 2245 2072 2298 laudabo
2108 2244 2325 2298 Verbum
2354 2260 2527 2299 meum
2557 2248 2674 2310 tibi,
2704 2263 2808 2301 non
2834 2246 2962 2301 mihi
2988 2248 3302 2303 ascribendn
3323 2293 3338 2314 ,
3367 2261 3423 2305 et

1851 2317 1903 2369 in
1928 2316 2151 2369 Domino
2182 2315 2337 2381 Filio,
2366 2317 2486 2385 quia
2519 2316 2586 2370 de
2619 2317 2875 2372 servitute
2898 2332 2994 2371 nos
3018 2320 3260 2373 redemit.
3285 2321 3420 2373 Lau-

1850 2388 1982 2439 dabo
2004 2387 2167 2441 etiam
2198 2402 2472 2440 sermonem
2500 2401 2677 2441 meum
2704 2428 2718 2451 ,
2762 2388 2812 2441 id
2838 2398 2941 2455 est,
2990 2387 3215 2442 Verbum
3240 2430 3257 2454 ,
3289 2401 3342 2444 et
3371 2395 3425 2444 in

1853 2457 2073 2511 Domino
2099 2457 2300 2523 Spiritu
2330 2465 2515 2511 sancto
2545 2458 2785 2526 (deberet
2811 2456 3011 2527 dicere)
3040 2458 3286 2515 similiter
3313 2462 3423 2514 lau-

1851 2528 2022 2591 dabo;
2055 2528 2149 2582 sed
2179 2537 2382 2582 tantum
2414 2528 2543 2581 dicit
2570 2543 2753 2595 quare,
2784 2530 3023 2594 scilicet,
3051 2532 3173 2597 quia
3216 2530 3270 2591 in
3313 2531 3422 2585 Deo

1854 2598 2057 2669 Spiritu
2086 2599 2299 2668 speravi,
2328 2612 2446 2665 quae
2475 2612 2631 2653 causa
2650 2599 2947 2654 communis
2965 2610 3066 2653 est.
3092 2600 3222 2659 Nam
3245 2603 3288 2655 si
3311 2616 3427 2669 Spe-

1853 2680 1937 2723 rat
1960 2668 2011 2722 ιιι
2037 2668 2234 2738 Spiritu
2257 2678 2465 2732 sancto,
2481 2677 2660 2738 sperat
2686 2673 2736 2723 in
2765 2670 2916 2723 Patre
2937 2678 2990 2723 et
3013 2668 3171 2734 Filio,
3193 2668 3421 2739 quorum

1854 2755 1957 2793 una
1978 2748 2060 2793 est
2081 2740 2329 2806 maiestas
2350 2750 2403 2791 et
2423 2740 2675 2793 essentia.
2704 2740 2941 2808 Speraui,
2959 2754 3193 2807 mquam,
3213 2745 3267 2795 in
3296 2740 3426 2807 Deo,

1854 2825 1908 2864 et
1935 2813 2052 2864 ideo
2082 2827 2181 2864 non
2213 2810 2395 2863 timebo
2430 2811 2554 2879 quid
2590 2811 2745 2878 faciat
2785 2811 2910 2863 mihi
2935 2811 3104 2863 homo.
3138 2812 3269 2865 Nam
3299 2816 3423 2879 quid

1855 2881 2017 2935 faciat
2040 2882 2165 2934 mihi
2199 2881 2403 2934 homo?
2434 2882 2631 2936 Saeviat
2661 2893 2912 2949 quantum
2952 2882 3078 2934 velit
3123 2882 3301 2949 homo,
3333 2899 3427 2945 an.

1856 2953 1992 3007 ferat
2020 2967 2231 3015 aurum,
2256 2965 2557 3021 argentum,
2587 2952 2795 3006 auferat
2819 2966 2979 3006 omne
3007 2962 3299 3017 terrenum,
3335 2962 3428 3007 tu-

1856 3040 1977 3079 tuen
2004 3023 2076 3076 nil
2108 3022 2235 3078 mihi
2261 3022 2436 3087 laciet,
2459 3022 2584 3091 quia
2609 3034 2726 3075 vota
2752 3037 2866 3078 mea
2897 3023 3024 3075 mihi
3055 3038 3158 3077 non
3184 3026 3382 3080 auferet
3409 3041 3423 3089 ;

1858 3094 1962 3149 hoc
1990 3096 2131 3149 enim
2164 3094 2538 3163 patrimonium
2578 3104 2662 3147 est
2694 3095 2743 3146 iu
2776 3094 2937 3147 corde
2967 3093 3248 3163 inclusum,
3282 3101 3421 3161 quod

1858 3166 2019 3222 homo
2045 3164 2255 3219 aulerre
2284 3180 2391 3218 non
2440 3164 2670 3231 poterit;
2714 3164 2980 3233 proteram
3021 3163 3089 3217 de
3125 3177 3215 3221 ara
3246 3166 3425 3220 cordis

1857 3238 2027 3291 laudis
2056 3236 2329 3288 incensum
2356 3273 2371 3297 ,
2410 3234 2479 3288 de
2502 3234 2719 3288 cellario
2744 3235 3088 3288 conscientia:
3119 3233 3272 3289 bona:
3298 3238 3424 3289 lidci

1853 3314 2270 3361 sacramentum.
2316 3304 2489 3372 Exigit
2520 3306 2664 3357 enim
2696 3304 2837 3357 Deus
2876 3318 2981 3358 non
3026 3303 3232 3359 hircum
3261 3344 3277 3368 ,
3318 3322 3426 3359 non

1854 3378 2099 3439 vitulum,
2130 3375 2226 3429 sed
2255 3377 2418 3444 exigit
2444 3375 2803 3428 laudationem
2835 3385 2889 3428 et
2930 3374 3346 3439 confessionem,
3376 3377 3426 3435 id

1853 3458 1965 3512 est,
2014 3446 2173 3500 tidem
2196 3484 2213 3511 ,
2246 3462 2402 3513 quam
2436 3460 2590 3499 nemo
2618 3446 2826 3499 auferre
2872 3446 3063 3512 poterit
3085 3483 3101 3508 ,
3133 3446 3175 3497 si
3210 3456 3261 3498 tu
3308 3462 3426 3498 eam

1856 3533 1961 3572 non
1988 3514 2394 3584 contempseris.
2442 3515 2507 3569 Et
2549 3516 2651 3569 boc
2679 3525 2762 3569 est
2787 3516 2926 3580 quod
2954 3515 3117 3571 dicit;
3149 3513 3287 3581 Deus
3318 3528 3431 3569 vota

1856 3597 1966 3653 tua,
1998 3589 2046 3642 id
2075 3596 2180 3652 est,
2214 3587 2306 3639 tibi
2333 3599 2570 3655 congrua
2598 3596 2652 3639 et
2670 3592 2890 3653 accepta
2914 3594 3033 3642 sunt
3053 3586 3105 3637 in
3132 3602 3228 3653 me,
3254 3588 3303 3640 id
3327 3601 3425 3650 est,

1855 3672 1976 3712 sunt
2005 3661 2184 3713 clausa
2218 3657 2272 3709 in
2301 3659 2464 3711 corde
2503 3670 2655 3717 meo.
2691 3665 2747 3711 et
2777 3659 2895 3711 ideo
2922 3671 3026 3708 non
3068 3666 3291 3723 possunt
3329 3674 3428 3709 au-

1856 3729 2002 3789 lerri,
2040 3729 2169 3782 Vota
2200 3729 2319 3781 dico
2345 3741 2461 3796 qua:
2487 3741 2697 3795 semper
2723 3728 2935 3782 reddam
2964 3726 3081 3793 tibi,
3113 3737 3167 3782 et
3192 3744 3310 3796 qua-
3340 3731 3428 3781 illa

1854 3808 1983 3856 sunt
2012 3810 2131 3852 vota
2157 3798 2309 3863 dicit,
2341 3800 2567 3862 scilicet,
2598 3799 2945 3852 laudationes.

1930 3867 2187 3933 Quoniam
2230 3869 2459 3937 eripuisti
2504 3869 2729 3921 animam
2770 3884 2953 3923 meam.
2999 3868 3123 3923 Ideo
3159 3868 3352 3925 merito
3381 3878 3434 3923 te

1858 3940 2121 4002 laudabo,
2166 3941 2408 4007 quoniam
2445 3939 2675 4007 eripuisti
2717 3938 2822 4007 iam
2868 3940 2921 3992 in
2964 3956 3060 4006 spe
3100 3954 3325 4000 animam
3367 3944 3432 3992 de

1858 4022 2040 4080 morte,
2069 4013 2121 4065 id
2147 4020 2248 4074 est,
2278 4009 2346 4063 de
2372 4011 2669 4063 actualibus
2701 4011 2927 4076 peccatis
2970 4012 3304 4077 gravioribus
3327 4048 3342 4069 .
3371 4022 3429 4080 et

1858 4086 2018 4138 etiam
2047 4081 2287 4149 eripuisti
2314 4080 2495 4135 itidem
2525 4082 2577 4133 iu
2604 4094 2700 4145 spe
2726 4080 2875 4147 pedes
2904 4094 3062 4144 meos,
3110 4080 3160 4132 id
3192 4089 3274 4132 est
3302 4079 3427 4141 alle-

1858 4155 2063 4209 ctiones
2093 4166 2258 4206 meas.
2291 4150 2369 4203 De
2394 4152 2564 4219 lapsu,
2596 4152 2645 4202 id
2674 4160 2776 4214 est,
2807 4151 2968 4203 etiam
2998 4151 3291 4203 actualibus
3317 4151 3430 4201 ini-

1858 4225 2037 4285 nimis,
2073 4235 2128 4276 ut
2154 4237 2252 4275 nec
2281 4224 2428 4275 labar
2456 4237 2507 4273 ιιι
2540 4220 2663 4277 illis.
2698 4220 2761 4272 Et
2803 4222 2869 4271 ad
2903 4222 3001 4278 hoc
3029 4235 3115 4282 me
3144 4220 3383 4287 eripuisti
3412 4261 3429 4286 ,

1859 4305 1915 4347 ut
1939 4295 2152 4349 demum
2182 4293 2415 4360 perfecte
2439 4292 2667 4358 placeam
2690 4305 2863 4344 coram
2894 4300 2944 4344 te
2968 4289 3099 4355 Deo,
3128 4294 3350 4355 seilicet,
3377 4294 3431 4345 in

1859 4367 2144 4419 allectiouc
2172 4373 2476 4416 sanctorum
2503 4379 2517 4425 ;
2548 4376 2650 4430 ego
2677 4360 2795 4415 dico
2822 4375 2919 4414 ens
2947 4364 3002 4414 in
3040 4360 3230 4415 lumine
3265 4363 3433 4415 viven-

1861 4438 2005 4487 tium.
2039 4436 2239 4486 Lumen
2273 4436 2607 4493 viventium,
2653 4432 2828 4485 lumen
2875 4442 3178 4487 Sanctorum
3202 4473 3217 4496 ,
3251 4432 3432 4493 lumen

1860 4505 2243 4557 inuuortalmm
2270 4514 2376 4566 est,
2408 4502 2569 4569 gratis
2600 4501 2764 4554 Deum
2797 4517 3001 4568 amare,
3033 4502 3212 4557 colere
3236 4512 3288 4555 et
3315 4505 3432 4563 Ian--

161 4562 461 4636 omnes'qui
493 4572 660 4627 vivunt
703 4575 807 4641 iam
834 4589 935 4625 non
967 4574 1061 4625 sibi
1100 4573 1287 4633 vivant,
1328 4572 1415 4625 scd
1454 4574 1499 4624 ei
1535 4575 1618 4641 qui
1640 4562 1756 4641 'pro
1786 4562 1837 4623 D
1862 4579 2009 4628 dare.
2043 4574 2133 4625 Vel
2161 4576 2212 4626 iu
2244 4562 2442 4627 Iumqu
2470 4572 2781 4637 viventium,
2808 4572 2857 4624 id
2881 4562 3430 4641 est,'immortalitate,

162 4643 411 4694 omnibus
435 4651 664 4696 mortuus
690 4658 783 4696 est.
818 4646 875 4698 Si
904 4657 1032 4711 ergo
1059 4644 1214 4707 vivis,
1245 4650 1301 4696 et
1329 4658 1432 4694 nou
1458 4658 1487 4694 a
1520 4654 1569 4696 te
1598 4646 1751 4707 vivis,

159 4715 263 4766 sed
295 4717 425 4779 quia
456 4714 545 4767 ille
573 4722 630 4766 ut
656 4716 863 4771 viveres
896 4714 1157 4779 praestitit,
1189 4716 1345 4764 vitam
1379 4721 1519 4765 tuam
1549 4729 1757 4766 annuu-

164 4784 239 4835 iia
271 4784 382 4845 illi,
418 4798 522 4836 non
557 4786 680 4848 tibi,
712 4801 817 4838 non
848 4786 953 4852 iam
987 4793 1071 4837 tua
1102 4789 1245 4836 lucra
1277 4797 1541 4850 quaerens,
1568 4786 1662 4838 sed
1693 4785 1756 4837 il-

159 4856 298 4919 Iius,
325 4852 455 4920 quia
486 4856 553 4908 de
578 4856 893 4923 quibusdam
924 4869 1018 4908 sua
1049 4854 1194 4906 lucra
1222 4854 1616 4922 qumrentibus,
1648 4871 1753 4913 non

161 4929 312 4999 illius
335 4924 693 4999 ,_dictum_est
723 4942 736 4978 :
772 4928 1018 4999 Quwrunt
1046 4938 1159 4999 quae
1189 4939 1295 4999 sua.
1316 4934 1470 4999 sunt,
1511 4941 1614 4987 non
1641 4941 1757 4994 qua:

158 4995 299 5047 Jesu
328 4995 540 5047 Christi.
587 4996 649 5049 Et
685 4992 877 5051 merito
904 4996 1198 5056 annuntiapi
1237 4992 1328 5047 tibi
1373 5000 1527 5055 vitam
1568 4992 1750 5059 meam,

158 5067 292 5131 quia
328 5074 384 5117 tu
428 5066 642 5131 posuisti
683 5070 937 5136 lacrymas
980 5081 1116 5119 meas
1156 5067 1208 5136 in
1254 5075 1519 5135 conspectu
1560 5075 1669 5131 tuo,
1704 5070 1755 5120 id

156 5145 273 5198 est,
307 5137 575 5189 exaudisti
607 5151 693 5191 me
721 5135 1121 5205 deprecantem,
1149 5135 1288 5188 sicut
1317 5136 1368 5187 iii
1400 5136 1756 5202 promissione

162 5216 258 5258 tua
292 5206 611 5273 praedictum
650 5210 764 5271 luit,
800 5221 924 5261 tunc
958 5221 1080 5260 cum
1113 5205 1370 5275 propheta
1400 5208 1625 5273 scilicet,
1656 5208 1757 5261 hoc

156 5275 546 5337 annuntiavit;
572 5277 856 5345 promisisti
880 5278 1023 5337 enim
1046 5281 1416 5333 exauditurum
1444 5288 1492 5330 te
1516 5279 1754 5341 ﬂentem.

158 5348 414 5409 (chdidi,
460 5347 603 5412 ﬂevi,
646 5350 926 5403 exauditus
971 5364 1109 5400 sum.
1162 5349 1288 5400 Ilaec
1336 5357 1419 5400 est
1466 5362 1645 5401 autem
1693 5366 1755 5409 ea

156 5417 463 5489 promissio
490 5435 504 5471 :
532 5418 595 5470 In
615 5436 912 5489 quacunque
936 5421 1017 5472 die
1038 5433 1304 5475 conversus
1326 5430 1560 5486 peccator
1580 5420 1754 5488 fuerit,

158 5498 213 5540 et
247 5487 588 5557 ingemuerit,
622 5487 906 5544 convertunt
932 5505 1009 5543 me
1034 5489 1103 5545 ad
1126 5505 1259 5542 eum.
1294 5489 1361 5540 bl
1383 5498 1465 5542 est
1492 5491 1758 5558 tequipoli-

155 5561 351 5616 lettter
378 5559 577 5614 dictum
612 5578 623 5611 :
659 5566 781 5615 Ideo
813 5566 1003 5614 merito
1034 5562 1192 5617 vitam
1218 5573 1389 5612 meam
1424 5558 1517 5613 tibi
1546 5575 1756 5613 annuu-

158 5631 284 5693 tio,
318 5631 445 5698 quia
489 5646 579 5699 per
613 5643 663 5685 te
689 5646 770 5686 est
808 5634 950 5701 quod
978 5632 1121 5685 vivo.
1154 5632 1220 5684 Et
1248 5630 1369 5699 quia
1400 5646 1499 5699 ego
1534 5630 1696 5684 vitam
1726 5649 1754 5689 a

156 5710 223 5762 te
265 5704 522 5767 suscepi,
563 5716 719 5770 quam
751 5703 943 5767 habeo,
975 5716 1103 5770 ergo
1132 5703 1378 5768 exetnplo
1407 5716 1527 5759 meo
1555 5701 1755 5759 inimici

158 5771 280 5827 mei
314 5783 715 5837 convertantur,
748 5774 836 5841 qui
883 5775 1187 5837 praecedere
1218 5774 1522 5826 nitebantur
1552 5780 1756 5826 retror-

158 5854 332 5908 sum;
377 5856 483 5896 ιιοιι
517 5858 643 5897 νεῐο
671 5853 727 5897 ut.
760 5854 1054 5898 τειτοιειιιιι
1095 5852 1365 5905 maneant.
1396 5854 1447 5899 et
1490 5859 1595 5899 IIOll
1635 5860 1756 5924 μω·

457 5933 723 6006 Parnm.
774 5935 997 6005 XClll.

1856 4656 1912 4699 et
1938 4643 2384 4714 nupassibilitate,
2419 4644 2506 4696 ubi
2537 4642 2671 4700 facie
2698 4644 2765 4695 ad
2796 4641 2987 4705 [aciem
3010 4643 3223 4698 videbo.

2332 4760 2397 4814 IN
2445 4758 2770 4821 PSALMUM
2822 4757 2952 4821 LVI.

1858 4853 1914 4909 ln
1945 4852 2103 4906 linem
2126 4894 2139 4916 ,
2186 4866 2251 4905 ue
2294 4850 2569 4925 disperdas
2599 4850 2760 4925 David
2795 4847 2845 4925 in
2878 4849 3014 4925 tituli
3044 4848 3389 4925 inscriptione
3412 4889 3432 4925 ,

1890 4942 2010 4981 .cuui
2041 4925 2246 4993 lugeret
2271 4937 2301 4975 a
2330 4925 2465 4975 lacie
2494 4923 2620 4975 Saul
2644 4922 2781 4989 regis
2809 4920 2967 4976 Israel
2996 4921 3048 4974 in
3075 4922 3408 4990 speluncam.

2451 5024 2831 5065 ARGUIBNTUI.

1932 5105 1999 5169 Et
2050 5106 2136 5167 hic
2178 5101 2622 5161 Macbabacorum.
2675 5100 2866 5156 Verum
2899 5100 3186 5169 incipiente
3210 5097 3321 5171 jam
3352 5103 3434 5154 νιν

1861 5180 2025 5227 ctnria
2053 5174 2350 5227 laetabunda
2375 5176 2632 5227 formatur
2654 5174 2845 5226 oratio.
2866 5172 2993 5225 Item
3019 5187 3117 5225 vox
3141 5171 3285 5224 Pauli
3313 5182 3433 5238 post

1858 5247 2326 5307 remrrectionem.
2380 5242 2507 5296 Item
2558 5244 2862 5303 Arnobius:
2918 5261 2936 5294 ι
2974 5243 3105 5295 Cum
3155 5244 3351 5309 ttigeris
3397 5256 3429 5300 a

1868 5318 2000 5369 facie
2029 5315 2281 5385 principis
2328 5314 2483 5385 hujus
2524 5315 2704 5385 mundi
2753 5314 3119 5383 persequentis
3152 5320 3203 5365 te
3226 5351 3252 5385 ,Α
3288 5315 3426 5367 sicut

1858 5389 1983 5441 Saul
2017 5382 2433 5455 persequebatur
2459 5383 2619 5456 David
2642 5388 2997 5456 ,speluucam
3028 5394 3183 5451 pete,
3239 5382 3290 5437 id
3319 5394 3424 5456 est,

1858 5458 1929 5511 ita
1963 5469 2013 5511 te
2041 5462 2327 5518 constitue,
2372 5462 2428 5506 ut
2456 5454 2521 5506 ab
2552 5454 2765 5515 inuuido
2799 5466 2888 5506 tuo
2919 5456 3141 5507 inveniri
3175 5468 3277 5506 non
3308 5454 3431 5520 pos-

1857 5528 1953 5603 sis,
1985 5538 2038 5582 et
2062 5539 2114 5580 tu
2140 5526 2352 5603 quidem
2378 5526 2644 5603 inimicum
2670 5537 2811 5603 tuum
2839 5526 2976 5579 inter
2998 5538 3193 5603 manus
3210 5526 3428 5594 Iubeas,

1860 5600 1948 5652 ille
1980 5613 2107 5651 vero
2138 5594 2188 5650 te
2216 5611 2321 5648 non
2352 5596 2549 5647 videat.
2582 5594 2691 5647 lloc
2720 5599 2861 5647 enim
2894 5596 3123 5657 eveniet.
3152 5597 3195 5649 si
3225 5611 3287 5649 ex
3316 5606 3429 5650 toto

1858 5670 2021 5723 corde
2048 5670 2194 5729 dicas
2221 5666 2331 5729 Deo
2356 5684 2368 5717 :
2403 5664 2468 5718 In
2495 5669 2669 5716 umbra
2691 5668 2891 5718 alarum
2912 5676 3114 5719 tuarum
3139 5668 3373 5735 sperabo.
3404 5682 3423 5723 ι

2472 5771 2823 5810 εενιλελτιο.

1937 5852 2033 5905 Ριγ
2054 5852 2207 5920 ﬁnem
2236 5851 2505 5903 Dominum
2528 5848 2800 5921 signiﬁcat,
2828 5853 2911 5921 qui
2936 5855 3079 5906 nobis
3102 5852 3325 5912 omnium
3348 5850 3437 5912 bo:

2920 5940 3002 6014 25
