3984 6362
169 327 266 384 781

906 323 971 380 ΙΝ
1013 323 1429 380 ΡΞᾹῙΛῐΟΙὶυΜ
1472 324 1727 378 LIBRUM
1772 322 1777 373 l

1883 321 2124 379 SIJESIS.
2158 357 2224 365 -—
2265 326 2508 381 PS.\I..\I.
2552 324 2708 377 LVlI.

3328 325 3437 381 ’ῖδῖ

171 456 293 498 nem
338 437 648 512 assumpsit}
699 436 838 492 Misrt
878 453 1101 512 quoque
1120 439 1538 494 ntisertcordiam
1578 452 1749 501 suam,
1786 438 1831 495 Α
1863 448 2131 505 mendum,
2179 456 2277 512 ego
2306 457 2433 497 vero
2465 447 2528 497 ad
2560 440 2883 509 patiendum.
2919 438 3048 505 Quia
3082 451 3319 508 pat'alttm
3357 456 3432 497 ea:

172 516 294 582 quia
327 510 752 582 misericorditer
780 510 1147 582 mecttmegit,
1180 521 1233 563 et
1263 512 1539 563 veritatem
1572 524 1747 582 suam,

175 579 297 651 quia
352 596 478 637 vere
532 579 797 641 promisit.
838 579 1253 636 Misericorditer
1297 582 1440 635 enim
1493 580 1748 650 implevit,
1788 584 1791 587 ’

175 653 316 716 quod
370 651 635 706 veraciter
682 651 943 715 promisit,
990 662 1037 704 et
1092 651 1280 719 eripuit
1309 652 1534 704 animam
1567 666 1755 703 meam.

178 724 321 779 Dixit
356 723 600 792 superius
624 721 850 774 liberavit
876 736 973 772 me.
1010 722 1084 775 Ex
1115 721 1215 775 hoc
1244 722 1401 774 modo
1431 721 1579 790 quasi
1612 720 1756 773 dice-

175 805 289 850 ret:
320 792 593 849 Liberavit
632 806 739 855 me,
768 792 888 856 quia
931 792 1117 860 eripuit
1139 794 1364 844 animam
1394 808 1583 853 meam,
1612 805 1761 843 resu-

176 864 424 921 scitando
463 878 549 917 me
576 863 643 917 de
669 862 835 915 medio
865 863 1149 914 catulorum
1190 863 1415 927 leonum,
1458 862 1509 915 id
1566 871 1665 925 est,
1694 861 1762 914 de

177 935 363 991 medio
380 932 584 988 Iudaici
612 932 811 1001 populi,
859 947 888 985 a
925 932 1186 998 leonibus,
1226 932 1277 986 id
1305 941 1405 998 est,
1440 931 1762 1001 principibus

179 1007 247 1060 ad
278 1004 705 1060 interﬁciendum
729 1017 812 1058 me
834 1002 1059 1056 seducti.
1078 1003 1179 1056 Per
1199 1003 1401 1056 catulos
1426 1003 1566 1057 enim
1592 1001 1767 1055 mino-

182 1092 295 1138 res,
328 1090 424 1142 per
456 1076 638 1129 leones
681 1088 811 1128 vero
838 1072 1067 1142 majores
1116 1073 1499 1142 intelliguntur,
1546 1072 1664 1141 quia
1712 1072 1763 1124 in

183 1155 420 1201 mortem
463 1144 581 1212 ejus
610 1158 797 1198 omnes
826 1144 1283 1211 conspiraverunt.
1313 1143 1542 1212 Maiores
1571 1142 1767 1211 quippe

182 1233 313 1272 eum
364 1216 760 1276 interfecerunt,
796 1216 1032 1268 minores
1063 1225 1239 1269 autem
1273 1223 1675 1269 consenserunt.
1704 1214 1768 1265 Et

186 1288 319 1355 quid
351 1302 486 1355 opus
517 1287 611 1339 fuit
639 1284 944 1352 ereptioae‘l
967 1285 1110 1352 Ideo,
1141 1284 1363 1351 scilicet,
1390 1284 1508 1355 quia
1533 1284 1766 1345 dormivi,

187 1358 241 1413 id
278 1354 635 1419 esl,7mortem
666 1356 802 1410 subii
846 1371 964 1425 qua:
1015 1371 1156 1409 mors
1201 1356 1373 1422 potius
1409 1354 1637 1425 dicenda
1682 1363 1764 1407 est

189 1428 451 1482 dortnitio
480 1444 638 1496 quam
683 1441 847 1490 mors,
870 1424 1000 1492 quia
1033 1438 1137 1493 tam
1186 1428 1338 1480 facile
1364 1430 1430 1479 ab
1455 1440 1539 1487 ea,
1565 1424 1705 1478 velut
1740 1439 1767 1476 a

187 1514 387 1553 somno
435 1496 662 1563 surrexi,
705 1512 825 1562 ego,
866 1498 1007 1559 dico,
1051 1498 1402 1550 conturbatus.
1457 1497 1771 1565 Itepugnare

192 1571 411 1623 videtur
457 1570 596 1638 quod
626 1580 678 1622 et
703 1568 935 1621 dormiet
963 1578 1018 1621 et
1046 1571 1392 1622 conturbatus
1437 1576 1599 1628 esset,
1648 1566 1769 1633 quia

184 1641 279 1709 qui
312 1641 685 1706 conturbatur,
709 1649 796 1691 aut
817 1653 1008 1709 somno
1039 1640 1320 1701 excitatur,
1346 1648 1435 1691 aut
1467 1653 1530 1691 ne
1554 1638 1605 1690 ιιι
1629 1652 1772 1709 suin-

184 1708 316 1763 num
345 1720 527 1781 vergat
555 1710 884 1776 prohibetur.
912 1708 1018 1781 Sed
1053 1711 1152 1762 hoc
1174 1709 1303 1763 dicit
1327 1717 1584 1781 quantum
1611 1709 1674 1759 ad
1704 1708 1771 1760 il-

185 1782 389 1862 los_qui
412 1780 504 1846 per
522 1791 767 1841 mortem,
792 1796 949 1848 quam
967 1780 1407 1848 iucundissimam
1426 1780 1629 1841 habuit,
1647 1793 1774 1831 con-
1808 1805 1851 1862 Β

186 1852 463 1907 turbatum
493 1869 610 1904 cunt
646 1862 982 1919 putaverunt.

266 1920 396 1974 Filii
443 1922 725 1975 hominum.
775 1919 935 1985 Quasi
990 1920 1164 1974 dicat:
1206 1921 1307 1987 Qui
1331 1930 1384 1976 te
1411 1919 1776 1974 conturbave-

188 1992 442 2047 rttnt?R.
476 1993 591 2046 Filii
625 1993 895 2045 hominum
919 1994 1495 2047 conturbaveruntme.
1529 1992 1639 2046 IIoc
1658 1989 1778 2043 ideo

187 2066 539 2125 determinat,
574 2072 629 2115 ut
666 2061 912 2116 ostendat
960 2063 1081 2115 illos
1112 2079 1216 2116 non
1268 2078 1391 2117 esse
1417 2060 1777 2124 excusabiles,

187 2136 282 2201 qui
315 2149 377 2188 se
402 2132 736 2189 excusabiles
765 2141 1086 2201 putaverunt
1114 2134 1353 2188 dicentes
1383 2134 1550 2187 Pilato
1582 2149 1595 2185 :
1620 2130 1781 2184 Nobis

190 2223 295 2258 non
325 2206 443 2258 licet
472 2206 756 2270 interﬁcere
781 2220 1099 2273 quemquam.
1124 2205 1256 2259 Tale
1302 2204 1445 2257 enim
1476 2212 1579 2271 est,
1624 2202 1775 2269 quasi

194 2277 405 2330 diceret
426 2274 505 2330 eis
536 2275 823 2342 propheta:
852 2274 906 2328 Si
940 2289 1044 2328 non
1083 2275 1203 2329 licet
1233 2276 1559 2337 interlicere,
1585 2288 1687 2327 nec
1711 2274 1778 2325 li-

192 2356 286 2400 cet
309 2346 381 2399 ad
417 2344 840 2400 interﬁciendum
872 2345 1103 2399 tradere.
1140 2345 1205 2399 Et
1233 2346 1383 2412 quasi
1428 2347 1596 2399 dicat:
1633 2344 1780 2408 Quo-

195 2417 362 2470 modo
393 2426 444 2469 te
472 2418 951 2481 conturbavcruttt,
995 2417 1086 2484 qui
1116 2418 1322 2470 nullum
1364 2416 1414 2469 in
1462 2424 1513 2469 te
1552 2416 1780 2484 gladium

196 2486 577 2541 strinxerunt?
606 2486 765 2541 dicit:
798 2486 1056 2554 Linguam
1095 2502 1282 2541 eorum
1313 2486 1543 2554 gladium
1574 2485 1779 2554 accipe,

196 2560 329 2627 quia
374 2557 570 2621 dentes,
604 2558 655 2611 id
694 2568 797 2622 est,
844 2557 1111 2611 mordacia
1162 2557 1322 2612 verba
1368 2572 1541 2610 eorum
1570 2556 1786 2611 luerunt

195 2644 377 2693 arma,
403 2639 656 2694 quantum
698 2629 765 2682 ad
802 2628 1105 2693 consilium,
1157 2628 1300 2698 quod
1343 2628 1659 2681 invenerunt
1694 2642 1785 2681 oc-

195 2702 365 2754 culte.
404 2698 469 2752 Et
498 2700 719 2770 sagittw.
764 2708 1020 2770 quantum
1036 2700 1113 2770 ad
1144 2700 1373 2752 volantia
1398 2699 1584 2764 verba,
1614 2700 1665 2752 in
1694 2712 1786 2752 ac-

194 2768 574 2824 cusationem.
596 2771 661 2823 Et
690 2770 900 2823 fuerunt
928 2768 1158 2838 gladius,
1191 2780 1447 2839 quantum
1469 2770 1536 2822 ad
1566 2778 1785 2823 senten-

197 2841 328 2894 tiam
383 2841 452 2895 de
501 2852 674 2895 morte
727 2855 848 2895 cum
879 2840 1128 2895 dixerunt
1162 2858 1177 2893 :
1208 2838 1499 2910 Cruci/iga,
1541 2839 1786 2911 crucifige

191 2927 334 2965 eum.

272 2980 532 3036 Exaltare
567 2997 721 3051 super
748 2981 919 3036 caelos.
948 2979 1029 3035 Illi
1067 2979 1280 3049 quidem
1331 2990 1649 3049 putaverunt
1698 2995 1785 3035 me

193 3054 551 3117 conturbare,
604 3050 657 3106 tu
711 3063 914 3115 autem,
968 3051 1195 3106 Domine
1229 3050 1484 3117 Verbum,
1526 3053 1578 3105 in
1619 3067 1782 3106 cruce

200 3129 392 3187 homo,
424 3123 565 3179 Deus
593 3122 644 3177 in
670 3123 831 3187 cmlo,
853 3122 1078 3175 exaltare
1108 3137 1193 3176 me
1238 3123 1452 3176 homine
1499 3122 1733 3176 exaltato
1758 3139 1770 3187 ;

198 3210 361 3264 super
376 3165 568 3258 'cazlos,
604 3210 707 3248 non
738 3165 910 3247 soliim
947 3206 1108 3264 super
1146 3194 1474 3259 materiales,
1497 3192 1591 3246 sed
1615 3165 1776 3261 supei'
1803 3168 1851 3231 (ί

200 3261 404 3319 omnes
429 3267 647 3320 ordines
671 3263 963 3333 angelicos.
1001 3261 1068 3315 Et
1098 3266 1265 3332 gloria
1290 3275 1397 3327 tua,
1431 3265 1480 3317 id
1521 3274 1626 3331 est,
1668 3266 1779 3334 glo-

203 3336 388 3391 riosus
418 3346 561 3399 tuus,
592 3335 801 3389 scilicet
831 3347 929 3402 ego
956 3334 1287 3403 glorificatus
1307 3352 1335 3387 ιι
1367 3344 1419 3388 te
1448 3350 1541 3402 per
1564 3339 1782 3389 humor-

204 3408 473 3461 talitatem
527 3414 585 3461 et
629 3420 724 3474 per
781 3406 1225 3473 incorruptionem
1258 3446 1272 3468 ,
1326 3406 1627 3466 exaltetur,
1676 3420 1781 3459 non

198 3492 371 3546 super
420 3475 663 3531 Judtcam
703 3475 921 3538 solum,
967 3475 1064 3530 sed
1114 3492 1271 3543 super
1326 3492 1526 3529 omnem
1570 3485 1779 3529 terram.

201 3547 364 3616 Quod
414 3558 467 3601 et
517 3547 713 3600 factum
762 3554 865 3608 est,
905 3561 1025 3600 cum
1059 3560 1154 3615 per
1180 3552 1452 3615 apostolos
1485 3547 1536 3598 in
1565 3560 1779 3600 omnem

204 3620 401 3674 orbem
429 3618 748 3684 praedicatus
775 3624 875 3670 est.

283 3688 550 3757 Laqueum
574 3696 880 3756 paraverunt
906 3686 1121 3756 pedibus
1141 3687 1286 3741 meis.
1334 3686 1563 3741 Necesse
1603 3698 1685 3740 est
1728 3698 1781 3743 ul

207 3776 302 3813 me
328 3759 557 3825 exaltes,
586 3761 707 3828 quia
734 3765 858 3812 sunt
898 3757 987 3826 qui
1028 3758 1334 3825 deprimunt
1385 3772 1490 3811 me.
1544 3759 1785 3827 Namque

207 3833 307 3885 lilii
339 3831 619 3884 hominum
644 3837 949 3897 paraverunt
995 3830 1231 3893 laqueum
1258 3870 1272 3893 ,
1320 3828 1371 3882 id
1400 3836 1517 3892 est,
1561 3829 1786 3898 impedi-

210 3909 455 3956 mentum
483 3900 695 3971 pedibus
734 3901 876 3971 meis.
934 3898 998 3952 Et
1040 3899 1430 3971 accipepedes
1486 3899 1654 3971 minas
1705 3902 1784 3955 vel

210 3970 627 4041 promissiOnes,
659 3970 1123 4041 quibusdoctrina
1147 3970 1389 4023 veritatis
1418 3970 1677 4041 procedit,
1700 3974 1785 4025 vel

209 4039 439 4096 sanctos
463 4039 759 4108 apostolos,
788 4039 979 4111 quibus
1019 4042 1133 4107 ipse
1163 4040 1419 4109 processit
1449 4039 1516 4094 ad
1544 4042 1784 4096 notitiam

205 4111 477 4183 gentium.
509 4114 573 4167 Et
612 4128 718 4166 non
749 4114 920 4166 solum
964 4112 1209 4181 laqueum
1262 4121 1581 4179 paraverunt
1612 4114 1737 4166 tnilti
1771 4155 1784 4177 ,

207 4186 310 4238 sed
339 4194 391 4237 et
429 4184 653 4237 animam
681 4199 845 4238 meam
886 4191 941 4237 et
993 4196 1231 4236 nieorum
1262 4183 1657 4237 iucurvaverunt
1683 4226 1697 4249 ,
1734 4185 1787 4238 id

207 4264 319 4317 est,
353 4254 639 4309 incurvare
684 4264 740 4308 et
787 4253 1087 4324 deprimere
1114 4254 1417 4307 voluerunt.
1459 4252 1620 4308 Suam
1672 4256 1787 4324 qui-

210 4325 365 4387 dem,
399 4325 615 4391 quando
655 4325 905 4379 dixerunt
933 4340 945 4375 :
972 4322 1297 4376 Dmmonium
1323 4325 1500 4386 habes,
1531 4333 1586 4378 et
1616 4342 1629 4378 :
1666 4322 1788 4379 Non

205 4406 289 4449 est
312 4396 397 4448 tm:
424 4396 575 4448 homo
603 4412 635 4448 a
662 4393 789 4458 Deo,
813 4405 867 4449 et
888 4395 1079 4447 similia
1107 4410 1122 4459 ;
1154 4408 1369 4448 suorum
1400 4408 1547 4459 vero,
1578 4396 1789 4463 quando

209 4480 312 4520 eos
334 4466 438 4519 sibi
468 4465 805 4519 conformare
832 4467 1132 4519 voluerunt.

1859 525 1947 559 cor
1972 526 2138 563 meum
2166 512 2216 565 in
2249 527 2356 576 me,
2379 523 2431 566 et
2455 524 2688 577 paratum
2719 527 2803 563 cor
2831 528 2995 563 meum
3018 524 3093 565 est
3122 513 3171 563 in
3200 513 3351 575 meis,
3383 525 3439 567 et

1862 578 1999 643 ideo,
2030 596 2061 633 ο
2096 581 2233 636 Deus
2277 582 2452 647 Pater,
2498 584 2710 636 cantabo
2749 583 2841 635 tibi
2889 583 2938 634 iu
2984 596 3068 634 me
3099 593 3153 636 et
3200 582 3251 636 iu
3301 588 3435 637 meis

1860 650 2023 705 corde
2044 664 2090 704 et
2121 666 2236 718 ore,
2266 664 2314 705 et
2342 656 2592 721 psalmum
2623 654 2786 706 dicam
2812 666 2992 715 opere.
3030 651 3093 705 Et
3123 661 3178 704 ut
3212 655 3432 718 psallam

1860 731 1915 774 et.
1960 733 2192 787 cantem,
2219 725 2367 791 quasi
2400 726 2540 778 dicat
2574 743 2585 775 :
2620 724 2827 777 Morere
2854 722 3140 791 ignominia
3190 739 3330 788 mea,
3387 726 3434 775 itl

1862 800 1963 855 est,
1989 806 2113 845 caro
2136 808 2274 857 mea,
2301 795 2350 846 ιιι
2376 796 2476 848 hoc
2498 795 2638 861 quod
2672 794 2929 859 mortalis,
2962 793 3103 861 qttud
3134 795 3435 858 passibilis;

1864 874 1917 913 et
1944 876 2169 929 exsurge
2200 874 2253 916 ut
2282 865 2450 932 gloria
2481 880 2616 929 mea,
2652 864 2701 917 IlI
2731 874 2834 927 est,
2869 864 2920 917 itt
2954 863 3351 918 immortalitate
3381 878 3435 917 et

1868 932 2284 999 impassibilitate
2314 936 2628 1004 glurilicata.
2661 936 2923 1002 Exsurge,
2955 934 3093 997 dico,
3124 949 3251 987 caro
3290 951 3431 996 mea,

1866 1017 1963 1056 tns
1992 1005 2295 1069 psalterium
2341 1016 2395 1059 et
2421 1006 2647 1060 cithara.
2693 1006 2796 1058 lles
2826 1020 2927 1058 una
2958 1014 3058 1065 est,
3104 1013 3160 1058 et
3196 1007 3437 1060 continet

1867 1073 1972 1126 duo
2000 1077 2199 1128 musica
2238 1075 2614 1139 instrumenta,
2661 1077 2781 1141 quia
2814 1075 2864 1127 in
2910 1091 3011 1128 una
3043 1090 3204 1129 carne
3237 1075 3437 1129 Christi

1868 1154 1991 1196 sunt
2014 1145 2166 1199 nobis
2188 1146 2421 1201 exhibita
2451 1148 2557 1199 duo
2580 1148 2785 1200 diversa
2820 1145 3077 1199 factorum
3103 1160 3317 1212 genera,
3348 1148 3442 1199 tle-

1869 1216 2073 1280 signata
2110 1232 2201 1283 per
2230 1217 2335 1269 duo
2365 1216 2571 1271 diversa
2605 1220 2801 1269 musica
2836 1218 3205 1269 instrumenta.
3242 1217 3443 1270 Psalle-

1873 1287 2004 1337 rittut
2036 1302 2263 1354 namque
2292 1290 2431 1356 quod
2464 1304 2491 1341 a
2537 1289 2797 1356 superiori
2841 1296 3015 1351 sonat,
3054 1288 3315 1354 signilicat
3346 1292 3445 1340 ttti—

1872 1356 2047 1408 racula
2095 1356 2346 1411 divinitus
2391 1359 2542 1412 nobis
2588 1358 2854 1419 exhibita;
2886 1359 3085 1409 cithara
3121 1372 3267 1418 vero,
3305 1360 3443 1421 quod

1871 1429 1937 1477 ab
1962 1424 2199 1480 inferiori
2223 1441 2398 1491 sonat,
2424 1429 2786 1484 tribttlatiottes
2804 1440 2852 1482 et
2881 1427 3214 1480 ittl‘trtttitatcs
3238 1439 3447 1481 nostras

1875 1497 1925 1547 itt
1979 1511 2205 1567 corpore
2233 1500 2430 1553 Christi
2473 1501 2743 1554 exhibitas
2797 1500 3080 1567 significa.
3134 1498 3447 1552 Psalterium

1874 1577 2051 1633 sonat,
2085 1570 2213 1622 caeci
2242 1571 2439 1631 vident.
2474 1572 2647 1624 claudi
2684 1570 2976 1630 ambulant,
3025 1578 3082 1623 et
3116 1569 3335 1631 similia;
3367 1570 3446 1622 ci-

1876 1640 2027 1689 thara
2052 1654 2176 1692 vero
2200 1652 2373 1705 sonat,
2409 1643 2600 1694 famem
2634 1642 2845 1707 patitur,
2876 1639 3073 1693 dormit
3104 1647 3157 1692 et
3186 1640 3447 1703 tristatur,

1877 1719 1929 1760 et
1955 1709 2168 1763 similia.
2205 1712 2332 1764 Dico
2357 1728 2583 1779 exsurge,
2620 1712 2685 1764 Et
2729 1726 2910 1764 revera
2944 1711 3011 1763 ita
3043 1710 3167 1773 erit,
3198 1714 3316 1775 quia
3349 1725 3451 1779 ego

1878 1796 2169 1849 ersurgam.
2200 1782 2266 1834 Et
2294 1781 2413 1835 ideo
2433 1783 2583 1847 dicit,
2618 1791 2673 1834 ιιι
2704 1797 2797 1850 per
2830 1782 2929 1834 hoc
2956 1781 3289 1846 comprobet,
3326 1780 3455 1834 Ver-

1885 1852 2009 1903 bum
2040 1852 2390 1917 personaliter
2415 1853 2516 1906 sibi
2546 1853 2909 1920 conjunctum,
2944 1850 3085 1904 I’atri
3111 1852 3382 1919 comquale
3402 1863 3457 1904 et

1879 1922 2368 1987 consubstantiale;
2416 1924 2535 1991 quia
2567 1926 2708 1977 enim
2754 1923 2907 1975 Pater
2932 1931 2986 1975 et
3019 1920 3246 1975 Verbum
3291 1936 3451 1974 unum

1878 2003 2022 2055 sunt,
2053 2002 2110 2046 et
2150 1993 2308 2047 Pater
2336 2008 2458 2048 eum
2507 1993 2867 2052 resuscitavit.
2914 2003 2966 2046 et
3009 1994 3118 2058 ipse
3164 1992 3457 2045 secunduttt

1885 2061 2116 2116 Verbum
2147 2078 2207 2117 se
2249 2064 2605 2119 resuscitavit.
2652 2063 2893 2116 Dilttculo
2928 2064 3073 2128 ponit
3119 2062 3257 2122 ideo,
3293 2065 3370 2116 vel
3403 2074 3461 2115 ut

1883 2141 2029 2187 notet
2050 2143 2262 2202 tempus
2287 2135 2717 2199 resurrectionis,
2741 2149 2859 2201 quae
2881 2148 3038 2186 mane
3063 2134 3194 2186 facta
3220 2142 3337 2194 est;
3375 2149 3461 2196 ve»

1881 2203 2003 2269 quia
2046 2205 2187 2258 sicut
2215 2204 2509 2259 diluculum
2544 2214 2663 2273 pOsl
2707 2205 2955 2257 tenebras
3004 2204 3209 2271 fugatas
3238 2203 3449 2269 dicitur,

1883 2274 1953 2325 ita
1987 2284 2132 2338 tunc,
2164 2274 2357 2345 fugatis
2390 2275 2623 2330 tenebris
2655 2275 3002 2343 inlidelitatis,
3037 2275 3309 2328 lucescere
3344 2289 3460 2329 cu:-

1884 2345 1960 2413 pit
1992 2345 2170 2399 lumen
2201 2347 2321 2400 lidei
2350 2354 2405 2399 et.
2427 2347 2690 2401 veritatis.

1955 2414 2245 2483 Conﬁtebar
2274 2416 2362 2485 tibi
2384 2419 2437 2470 in
2466 2416 2690 2484 populis,
2726 2416 2957 2470 Domine.
2996 2414 3126 2480 Quia
3157 2430 3456 2485 exsurgant,

1886 2485 2027 2550 ideo,
2069 2483 2305 2551 Domine,
2336 2488 2615 2557 con/itebor
2642 2488 2732 2540 tibi
2762 2487 2815 2539 itt
2864 2487 3080 2553 psalmis
3107 2483 3363 2557 Jttdaicis.
3392 2486 3460 2540 Et

1886 2559 2139 2625 psalmum
2164 2559 2332 2613 dicam
2363 2556 2469 2623 tibi,
2497 2558 2720 2612 laudabo
2745 2568 2796 2612 te
2825 2571 2919 2625 per
2946 2571 3107 2625 opera
3137 2556 3273 2609 bona
3295 2556 3456 2610 etiam

1884 2628 2217 2700 ingentibus.
2260 2631 2324 2684 Et
2352 2631 2543 2684 merito
2571 2629 2799 2700 laudabo
2828 2639 2901 2693 te,
2933 2628 3053 2695 quia
3082 2641 3183 2695 ego
3210 2642 3315 2679 non
3360 2642 3455 2700 s_o-

1888 2697 1996 2753 lum
2026 2700 2283 2754 dicendus
2312 2701 2642 2764 misericors,
2669 2700 2763 2753 sed
2790 2699 2901 2769 ipsa
2931 2706 3019 2752 tua
3062 2697 3454 2769 misericordia.

1886 2772 2133 2836 Quicum
2180 2781 2371 2841 potens
2397 2785 2595 2834 essem,
2625 2771 2788 2824 miser
2826 2770 3018 2841 factus,
3063 2778 3121 2821 ut
3156 2768 3457 2841 retttedimn

1886 2838 2197 2897 conferrem
2240 2842 2469 2897 miseriis
2500 2842 2751 2895 aliorum.
2788 2841 2849 2893 Et
2895 2839 2984 2907 qui
3032 2854 3151 2893 sum
3201 2838 3457 2892 dicendus

1887 2913 2082 2966 veritas
2130 2922 2241 2979 tua,
2273 2914 2395 2982 quia
2446 2927 2540 2981 per
2587 2926 2674 2966 me
2712 2910 2911 2965 mundo
2938 2909 3113 2982 omnis
3152 2909 3349 2963 veritas
3377 2920 3456 2982 est

1888 2991 2128 3050 ostensa,
2157 2998 2276 3037 sum
2291 2980 2692 3052 magnificatus,
2718 2982 2769 3036 id
2791 2991 2892 3047 est,
2919 2980 3184 3035 exaltatus
3205 2993 3370 3048 usque
3391 2981 3457 3033 ad

1890 3053 2057 3108 caelos
2086 3055 2507 3118 constituendos,
2542 3064 2595 3108 et
2622 3067 2792 3120 usque
2820 3053 2886 3109 ad
2919 3052 3086 3105 nubes
3123 3052 3458 3104 constituen-

1892 3124 2009 3179 das.
2037 3126 2102 3177 Et
2119 3126 2300 3193 accipe
2322 3139 2414 3189 per
2438 3127 2633 3179 caelum
2657 3133 2711 3178 et
2732 3137 2825 3191 per
2845 3123 3037 3193 nubes,
3060 3122 3456 3193 praedicatores.

1884 3196 1983 3249 Per
2012 3197 2205 3250 caelum
2238 3191 2377 3249 vero
2406 3197 2658 3261 majores,
2694 3204 2752 3246 ut
2792 3192 3112 3260 Apostolus;
3155 3206 3250 3257 per
3288 3191 3460 3245 nubes

1884 3282 2010 3319 vero
2041 3266 2338 3320 inferiores.
2378 3266 2471 3319 Vel
2500 3266 2677 3320 aliter.
2710 3264 2929 3317 Vidi-tur
2954 3261 3361 3315 convenientius
3392 3272 3451 3314 ut
3508 3272 3513 3281 ’

1881 3337 2076 3389 veritas
2102 3335 2395 3391 referretur
2430 3337 2496 3389 ad
2522 3336 2708 3396 etelos,
2742 3343 2796 3388 et
2835 3333 3201 3388 misericordia
3239 3331 3303 3384 ad
3353 3347 3452 3384 nu-

1883 3408 1997 3471 bes,
2031 3409 2149 3474 quia
2195 3409 2318 3461 caeli
2366 3416 2492 3460 sunt
2537 3405 2731 3475 angeli,
2763 3405 2854 3473 qui
2902 3411 3101 3470 quanto
3129 3402 3365 3475 altiores,
3397 3416 3453 3475 et.

1885 3473 2093 3531 veritati
2124 3477 2428 3541 viciniores,
2462 3473 2923 3543 tanto'perleCtius
2964 3474 3081 3527 sine
3104 3473 3338 3541 etligine
3368 3474 3449 3527 vi-

1882 3548 2048 3601 siunis
2076 3562 2223 3616 spem
2254 3547 2493 3602 veritatis
2527 3547 2796 3600 intuentur
2817 3554 2872 3599 et
2901 3545 3135 3616 laudant,
3169 3546 3409 3597 dicentes
3436 3560 3448 3594 :

1884 3619 2123 3682 Sanctus,
2156 3620 2397 3685 Sanctus,
2428 3618 2665 3673 Sanctus.
2693 3618 2869 3670 Nubes
2894 3632 3019 3669 vero
3043 3615 3289 3669 dictttttur
3322 3630 3457 3680 pra:-

1883 3689 2148 3743 dicatores
2177 3700 2395 3757 propter
2425 3693 2760 3743 tenebrosam
2789 3702 3030 3746 carnem,
3059 3701 3159 3755 qua
3186 3697 3455 3752 teguntur,

1885 3760 2010 3814 licet
2064 3762 2316 3813 Dominus
2357 3775 2459 3827 per
2503 3774 2596 3813 eos
2656 3760 2860 3813 intonet
2903 3757 3080 3827 minis,
3114 3765 3169 3809 et
3214 3768 3464 3812 coruscet

1887 3830 2174 3885 miraculis.
2208 3831 2273 3884 Et
2302 3826 2425 3897 quia
2470 3831 2521 3883 in
2553 3829 2631 3884 eis
2668 3838 2752 3883 est
2790 3830 3024 3890 miseria,
3073 3826 3192 3880 ideo
3223 3827 3464 3896 indigent

1887 3902 2272 3955 misericordia.
2304 3905 2479 3967 Quare
2507 3903 2572 3953 ad
2606 3902 2773 3954 nubes
2817 3901 3084 3966 pertinere
3123 3897 3329 3950 videtur
3360 3899 3461 3950 mi-

1886 3973 2198 4039 sericordia,
2231 3982 2288 4027 et
2333 3974 2397 4025 ad
2442 3972 2610 4026 caelus
2656 3972 2871 4025 veritas.
2922 3969 2989 4021 Et
3041 3978 3215 4039 tamen
3257 3968 3464 4039 veritas

1885 4045 2097 4112 quidem
2126 4036 2399 4112 praepollet
2425 4044 2473 4095 itt
2505 4042 2729 4110 angelis,
2761 4042 2854 4112 sed
2888 4040 3140 4112 Dominus
3169 4036 3316 4112 dedit
3339 4052 3459 4112 eam

1885 4108 2047 4168 etiam
2091 4108 2336 4169 nubibus.
2384 4115 2449 4168 Et
2478 4108 2599 4181 quia
2630 4110 2801 4177 angeli
2835 4123 2939 4181 non
2984 4108 3222 4176 indigent
3252 4108 3461 4181 miseri-

1888 4188 2093 4251 cordia,
2128 4187 2248 4240 ideo
2291 4178 2545 4237 Dominus
2577 4181 2879 4235 misericms
2912 4179 3183 4232 hominum
3216 4178 3459 4251 miserias

1890 4249 2195 4319 miseratus,
2225 4256 2370 4310 dedit
2396 4254 2474 4307 eis
2505 4251 2949 4316 misericordiam,
2981 4258 3036 4302 et
3067 4265 3158 4319 per
3195 4249 3461 4303 clarifica-

1893 4330 2091 4381 tionem
2134 4325 2563 4386 resurrectionis,
2596 4332 2650 4377 et
2680 4321 3095 4390 iucorruptionis
3140 4321 3342 4389 angelis
3371 4336 3464 4374 eos

1890 4398 2207 4467 cozeqttavit.
2239 4395 2306 4449 Et
2333 4396 2452 4450 ideo
2479 4396 2679 4446 dictum
2707 4404 2790 4446 est
2817 4404 2960 4446 recte
2985 4409 2996 4443 :
3033 4391 3288 4467 Quoniam
3316 4392 3464 4467 mise-

1891 4462 2114 4521 ricordia
2161 4467 2257 4520 Dei
2290 4467 2617 4535 magniﬁcam
2662 4472 2734 4515 est
2780 4479 2936 4531 usque
2977 4467 3044 4515 ad
3087 4462 3236 4515 cados
3267 4464 3470 4535 consti-

289 4533 562 4589 Fuderunt
585 4544 703 4589 ante
733 4536 913 4605 {aciem
942 4550 1128 4607 meam.
1158 4534 1290 4596 Iloc,
1338 4536 1550 4605 inquam
1574 4575 1591 4600 ,
1622 4537 1781 4591 modo
1819 4530 1870 4590 D
1896 4542 2144 4602 tuendos,
2181 4540 2304 4607 quia
2335 4530 2431 4605 per
2460 4530 2881 4588 uttsericordiattt
2914 4535 3157 4586 homines
3188 4533 3310 4607 lacti
3340 4545 3465 4585 sunt

208 4614 543 4675 paraverunt
570 4607 697 4660 mihi
725 4608 970 4675 laqueum
994 4646 1011 4671 ,
1042 4604 1164 4673 quia
1193 4604 1429 4675 foderunt
1459 4610 1655 4677 foveam
1678 4645 1694 4670 ,
1728 4609 1778 4662 id

202 4687 320 4743 est,
353 4688 676 4747 paraverunt
705 4678 1075 4745 deceptioncm
1096 4684 1150 4731 et
1180 4687 1405 4731 mortem
1438 4678 1567 4732 mihi
1588 4720 1603 4744 ,
1631 4682 1781 4745 quasi

206 4748 481 4802 nescienti
512 4749 901 4816 reputationem
926 4760 1148 4819 eorum;
1201 4748 1296 4801 sed
1334 4758 1509 4819 tamen
1538 4758 1653 4801 ante
1703 4751 1783 4819 fa-

207 4820 346 4872 ciem
383 4834 551 4871 meam
580 4819 706 4883 fuit,
726 4818 785 4871 id
807 4826 908 4881 est,
941 4816 1280 4872 manifestum
1308 4818 1434 4872 mihi
1474 4834 1568 4874 cor
1595 4816 1781 4874 eorum

453 4890 563 4944 emi
588 4890 704 4943 fuit.
733 4888 825 4943 Vel
856 4902 952 4957 per
979 4887 1187 4942 foveam
1232 4903 1514 4956 possumus
1539 4890 1781 4960 accipere

210 4958 563 5014 manifestam
591 4960 947 5013 damnationis
972 4961 1316 5026 sententiam,
1348 4961 1471 5029 quia
1494 4963 1545 5014 in
1575 4958 1778 5015 tantum

207 5042 343 5085 eum
368 5033 741 5099 neglexerunt,
772 5029 913 5099 quod
943 5038 1066 5083 ante
1096 5030 1283 5084 faciem
1314 5032 1466 5099 ejus,
1496 5031 1548 5087 id
1577 5044 1656 5086 est
1682 5076 1698 5101 ,
1728 5034 1779 5087 itt

210 5104 532 5169 prasentia,
564 5102 816 5154 damnare
836 5114 957 5154 eum
990 5114 1093 5155 non
1131 5101 1550 5169 dubitaverunt,
1599 5103 1781 5158 dicen-

206 5182 299 5244 ως
330 5188 344 5224 :
388 5170 531 5244 Reus
553 5184 625 5244 est
650 5173 849 5244 mortis.
867 5171 949 5244 Et
972 5169 1272 5226 inciderunt
1299 5171 1352 5226 in
1375 5174 1590 5244 foveam
1616 5213 1632 5239 ,
1660 5176 1777 5244 quia

200 5242 460 5310 quisquis
497 5243 600 5312 alii
645 5242 1039 5297 damnationem
1069 5252 1258 5310 parat,
1306 5242 1453 5311 prius
1500 5258 1559 5299 se
1608 5242 1780 5312 ipsum

200 5311 463 5366 damnat.
494 5311 648 5368 Prius
678 5314 821 5368 enim
853 5315 903 5366 in
931 5328 991 5366 se
1019 5321 1220 5379 peccat,
1264 5328 1422 5382 quam
1454 5314 1505 5368 in
1528 5311 1775 5370 alterum.

207 5384 279 5437 Et
308 5397 529 5453 semper
559 5385 762 5439 felicior
791 5394 874 5438 est
900 5383 1401 5455 tristitiadpatientis
1425 5424 1440 5450 ,
1472 5401 1629 5455 quam
1682 5388 1780 5440 itii-

202 5468 319 5524 qua
352 5456 535 5509 laetitia
575 5455 869 5510 inferentis.
902 5455 1032 5510 Item
1065 5472 1078 5507 :
1114 5453 1296 5509 Omnis
1326 5453 1572 5510 sententia
1608 5458 1781 5526 inique

202 5526 339 5597 data
364 5528 573 5580 damnat
602 5537 861 5579 auctorem
883 5542 1032 5579 suum
1055 5567 1070 5591 ,
1104 5526 1244 5594 quod
1288 5528 1475 5582 attinet
1514 5530 1577 5582 ad
1607 5537 1785 5597 poste-

206 5595 417 5650 riorem
440 5600 508 5651 de
540 5600 686 5651 fovea
714 5599 1053 5651 sententiam.

288 5666 541 5720 Paratum
571 5685 657 5720 cor
682 5685 848 5721 meum
877 5668 1035 5731 Deus,
1069 5677 1305 5736 parafum
1330 5685 1414 5721 cor
1442 5687 1627 5735 meum,
1659 5686 1785 5723 can-

206 5738 332 5790 tabo
358 5748 405 5791 et
440 5742 689 5805 psalmum
726 5741 891 5792 dicam
933 5739 1168 5791 Domino.
1203 5740 1323 5805 Ipsi,
1359 5743 1593 5809 inquam,
1629 5757 1782 5808 para—

214 5819 410 5863 verunt
442 5813 667 5879 furcam,
700 5825 799 5880 ego
831 5825 957 5867 vero
1001 5808 1335 5879 patientiattt;
1375 5808 1469 5882 ipsi
1510 5814 1573 5867 ad
1605 5813 1782 5882 depri-

1883 4611 2029 4673 caali,
2064 4611 2113 4663 id
2164 4605 2268 4674 εει,
2295 4608 2492 4678 angeli,
2526 4617 2580 4659 et
2608 4608 2800 4678 veritas
2832 4620 2998 4673 usque
3025 4608 3090 4678 ad
3138 4605 3306 4678 nubes
3334 4616 3463 4658 cou-

1884 4682 2204 4747 Stituendas,
2234 4683 2355 4747 quia
2372 4674 2833 4747 praedicatoribus
2854 4675 3094 4729 veritatis
3115 4674 3346 4743 cognitio
3371 4688 3470 4726 suo

1885 4753 2043 4806 modo
2072 4752 2192 4804 data
2219 4759 2321 4805 est.

1955 4823 2199 4875 Ezaltare
2238 4838 2389 4890 super
2418 4820 2569 4873 aulas
2604 4816 2758 4881 Deus,
2794 4827 2841 4871 et
2876 4832 3027 4890 super
3051 4829 3248 4868 omnem
3272 4824 3461 4890 terram

1884 4898 2053 4964 gloria
2084 4903 2190 4945 tua.
2228 4885 2510 4961 Ut'pOpuh
2543 4900 2595 4943 et
2641 4900 2825 4964 gentes
2852 4888 3236 4964 confiteantur.
3272 4885 3363 4964 vel
3402 4894 3460 4937 ut

1885 4955 2253 5019 misericordia
2282 4955 2344 5018 et.
2368 4955 2562 5016 veritas
2594 4955 3021 5028 tnagnilicetttur,
3052 4957 3172 5010 ideo
3206 4964 3283 5028 tu,
3320 4955 3460 5009 Deus

1888 5035 2139 5100 Verbum,
2178 5035 2336 5087 homo
2362 5034 2413 5085 itt
2442 5046 2619 5095 cruce,
2671 5025 2804 5083 tiens
2838 5032 2888 5082 in
2924 5030 3085 5094 caelo,
3116 5025 3458 5100 exaltare‘me

1882 5106 2100 5175 quidem
2128 5096 2358 5159 exaltatu
2386 5118 2539 5172 super
2567 5114 2753 5175 omnes
2781 5101 2953 5161 caelos,
2976 5109 3041 5175 et
3094 5098 3315 5175 reliqua.
3338 5096 3458 5175 lie-

1886 5166 2069 5241 tietttto
2091 5188 2175 5231 est
2198 5193 2301 5230 nun
2318 5191 2384 5229 ex
2409 5166 2725 5228 necessitate
2753 5170 3039 5237 narrantis,
3063 5170 3156 5223 sed
3180 5166 3460 5223 alfectiune

1883 5259 2110 5305 orantis.

2363 5338 2426 5392 IN
2468 5335 2737 5392 PSALMU
2750 5335 2791 5389 II
2834 5332 2986 5388 LVII.

1884 5462 1941 5517 In
1984 5461 2165 5528 finem,
2199 5475 2265 5515 ne
2293 5456 2568 5526 disperdas
2600 5454 2766 5508 David
2813 5455 2862 5507 itt
2915 5454 3052 5507 tituli
3094 5453 3461 5523 inscriptione.

2495 5584 2875 5625 ARGUMENTUI.

1958 5668 2249 5723 Crescente
2275 5664 2326 5718 in
2358 5662 2471 5716 dies
2498 5661 2658 5724 fama,
2683 5668 2738 5714 et
2764 5660 2980 5713 victoria
3012 5658 3457 5718 Macbabzeorttm.

1890 5742 2103 5811 quidam
2152 5752 2230 5811 se
2258 5733 2601 5811 illisittitttici
2653 5730 3393 5811 frauduletttinailmiscebant,
3430 5744 3461 5778 ιι

1891 5801 2085 5883 quibus
2126 5818 2180 5864 et
2208 5806 2462 5863 Jouatltas
2505 5804 2793 5873 Sitttottquc
2822 5818 2940 5858 cum
2974 5802 3093 5855 filiis
3122 5811 3250 5855 sunt
3300 5801 3466 5855 inter.-
