3984 6362
590 330 699 386 733

1052 326 1246 382 BEDAS
1290 322 1737 381 VENERABILIS
1772 322 1919 379 OPP.
1964 319 2139 377 PARS
2176 317 2235 372 ll.
2277 316 2465 373 SECT.
2509 317 2661 372 ll.-—
2686 318 2889 374 DUBIA
2929 317 3016 374 ET
3053 314 3322 374 SPURIA.

3728 319 3824 375 781

590 441 773 508 empti.
809 441 911 495 Hos
942 454 1065 504 ergo
1095 437 1328 508 psalmus
1372 437 1471 490 iste
1500 436 1787 508 redarguit.
1819 434 1989 490 Aliter
2028 449 2151 504 pro-
2180 431 2229 490 Δ
2256 428 2383 482 derit
2408 428 2757 508 mulieremad
2783 428 3390 508 concupiscendupteam,
3414 428 3528 498 jam
3547 432 3826 508 martium:

592 506 747 582 pheta
775 512 841 566 de
863 510 1160 563 senioribus
1183 507 1487 561 Judaeorum
1517 506 1665 561 dicit.

1197 613 1545 655 EXPLANATIO.

663 692 862 747 Nomen
887 692 1001 756 ﬁnis
1022 702 1067 745 et
1099 689 1259 743 David
1296 691 1349 743 in
1385 691 1521 743 tituli
1547 690 1877 760 inscriptione
1904 690 2158 743 Christum

588 764 641 816 in
672 778 818 815 cruce
846 764 1092 831 designat,
1117 772 1552 831 commoneturgue
1596 760 1792 813 Pilatus
1821 776 1882 812 ne
1902 761 2159 831 disperdat

587 835 828 902 scriptum
860 829 1086 896 titulum,
1116 833 1203 902 qui
1240 846 1407 902 regem
1439 829 1711 882 Dominum
1756 831 2059 902 declarabat.
2092 829 2157 902 In

588 899 753 970 prima
783 904 1071 955 narratione
1104 899 1346 953 Dominus
1365 899 1662 952 Judazorum
1691 899 1960 967 exprobrat
1982 900 2158 964 nequi-

589 975 734 1026 tiam.
772 973 833 1025 In
864 973 1087 1025 secunda
1122 972 1471 1023 retributiones
1503 987 1676 1022 torum
1715 970 1987 1038 optissimis
2017 986 2156 1021 com-

588 1042 935 1109 partitionibus
982 1042 1232 1095 declarat.
1279 1040 1344 1092 In
1384 1041 1530 1092 tertia
1565 1040 1733 1108 qualis
1780 1044 1869 1103 [rat
1905 1043 2157 1109 correptio

578 1116 839 1181 justorunt
866 1113 927 1165 de
950 1121 1270 1181 peccatorum
1292 1111 1482 1162 ultione
1504 1118 1827 1162 memoratur.

1148 1234 1574 1275 COHIENTARIUS.

657 1333 718 1389 Si
759 1349 871 1386 vere
913 1333 1086 1402 utique
1112 1332 1367 1403 justitiam
1410 1330 1692 1401 loquimini,
1732 1339 1867 1385 recte
1896 1332 2149 1401 judicare,

624 1406 677 1457 lii
707 1405 983 1456 hominum.

584 1405 677 1471 ﬁlii
707 1405 983 1456 hominum.

653 1474 860 1527 Titulus
885 1482 966 1526 est
994 1472 1110 1525 talis
1154 1490 1193 1541 ε,
1217 1470 1284 1524 1η
1307 1473 1483 1541 ﬁnem,
1523 1487 1585 1524 ne
1610 1472 1873 1541 disperdas
1907 1469 2070 1525 Dauid
2096 1473 2151 1526 in

580 1545 719 1596 tituli
758 1544 1103 1611 inscriptione.
1157 1540 1279 1596 lltec
1310 1540 1628 1596 referuntur
1677 1541 1839 1595 verba
1890 1541 1943 1595 in
1990 1543 2150 1597 linem

577 1613 873 1682 proposita,
909 1628 975 1665 ne
1003 1622 1054 1665 tu
1090 1613 1310 1680 quilibet
1338 1613 1611 1677 disperdas
1642 1611 1827 1682 David,
1857 1611 1908 1664 id
1949 1620 2050 1677 est,
2083 1627 2152 1667 ne

579 1681 829 1749 dissipes,
869 1691 1121 1751 quantum
1155 1684 1205 1735 in
1236 1693 1286 1735 te
1332 1691 1436 1748 est,
1476 1681 1886 1751 regnumDavid
1936 1683 2150 1735 subtra-

568 1754 760 1807 thenth
790 1763 840 1806 te
887 1750 1129 1820 regimini
1174 1752 1311 1819 ejus,
1345 1762 1424 1817 tu,
1455 1753 1595 1814 dico,
1637 1750 1869 1806 oll'ensus
1905 1751 2041 1820 tituli
2069 1752 2145 1805 in-

580 1824 891 1892 scriptione.
926 1818 1028 1876 Fer
1060 1818 1267 1874 titulum
1300 1823 1440 1892 enim
1470 1822 1655 1885 David,
1688 1820 1739 1874 id
1769 1830 1871 1887 est,
1900 1818 2148 1892 Christus

581 1890 811 1946 obtinuit
836 1892 932 1944 sibi
967 1907 1188 1960 regnum
1217 1892 1267 1944 in
1297 1890 1513 1950 .ludteis,
1545 1892 1595 1944 id
1628 1902 1728 1953 εει,
1763 1892 1813 1943 in
1843 1891 2148 1947 conﬁtenti-

580 1960 703 2015 bus.
734 1962 865 2015 Vere
887 1972 1062 2016 autem
1094 1961 1412 2015 confitentes
1438 1972 1582 2025 sunt,
1613 1962 1704 2029 qui
1732 1974 1854 2013 vera
1885 1960 2068 2015 dicunt
2095 1970 2151 2017 et

581 2031 803 2085 faciunt.
852 2031 953 2096 Qui
1000 2044 1127 2099 ergo
1174 2031 1335 2085 aliter
1367 2032 1489 2084 facit
1531 2045 1687 2099 quam
1734 2031 1985 2099 loquitur,
2037 2034 2145 2097 ille,

579 2114 834 2169 quantum
867 2104 919 2153 in
950 2116 1009 2156 se
1038 2109 1139 2164 est,
1170 2102 1465 2168 corrumpit
1494 2101 1728 2165 titulum,
1759 2104 1882 2167 quia
1925 2116 2144 2170 regnum

550 2171 770 2239 -~David,
797 2186 953 2239 quem
982 2186 1086 2224 non
1112 2172 1227 2224 vult
1254 2171 1469 2237 imitari,
1494 2186 1525 2225 a
1554 2184 1612 2225 se
1635 2171 1867 2239 repellit.
1898 2170 2147 2240 Quisquis

580 2243 724 2296 enim
778 2257 993 2296 manere
1024 2242 1075 2296 in
1120 2241 1335 2295 Christo
1377 2256 1437 2295 se
1480 2242 1629 2305 dicit,
1660 2242 1935 2296 ambulare
1969 2242 2145 2309 debet,

552 2312 800 2367 esicutet
828 2310 941 2379 ipse
971 2311 1280 2375 ambulavit,
1329 2311 1381 2365 itl
1416 2320 1518 2380 est,
1564 2311 1722 2366 debet
1769 2326 1889 2366 eum
1931 2311 2143 2367 imitari.

579 2384 769 2436 Potest
796 2391 970 2437 autem
1002 2382 1053 2435 in
1080 2381 1184 2435 hoc
1210 2381 1412 2451 psalmo
1443 2396 1562 2437 esse
1590 2396 1688 2435 vox
1718 2381 1908 2451 capitis
1933 2387 2013 2436 vel
2050 2383 2150 2436 Er-

554 2452 783 2519 clesiae,
805 2453 1059 2522 autquod
1080 2449 1412 2506 commodius
1430 2460 1531 2521 est,
1562 2449 1853 2519 prephetae.
1880 2449 2147 2521 Propheta

554 2523 720 2576 ~inter
748 2521 1178 2577 maledicendum
1207 2532 1261 2574 et
1286 2522 1609 2576 adulantium
1643 2531 1857 2590 peccata
1889 2524 1969 2575 vel
2003 2526 2143 2590 peri-

545 2591 947 2657 rcularvivens,
981 2605 1080 2646 nec
1123 2592 1313 2645 timens
1351 2592 1776 2656 convitiatorem,
1823 2605 1921 2645 nec
1964 2607 2147 2648 amans

552 2661 907 2717 .adulatorem
928 2662 1189 2727 gaudiens
1207 2675 1391 2717 vocem
1414 2664 1675 2727 omnium,
1700 2662 1980 2716 attendens
2010 2662 2144 2718 labia

558 2730 843 2793 -omnium,
870 2731 1151 2800 attendens
1175 2732 1312 2786 labia
1332 2742 1385 2787 et
1406 2733 1617 2787 dissona
1643 2735 1825 2798 corda,
1854 2733 1974 2800 quia
2004 2732 2146 2788 aliud

572 2802 869 2870 perstrepit
898 2803 948 2854 in
975 2799 1147 2867 labiis,
1176 2801 1316 2857 aliud
1347 2803 1398 2855 in
1423 2802 1728 2871 praecordiis
1753 2799 1973 2857 celatur.
2010 2803 2145 2857 Hor-

577 2879 723 2941 tatur
750 2887 847 2925 eos
874 2886 940 2925 ne
974 2872 1264 2941 loquantur
1292 2871 1473 2926 falsam
1503 2872 1785 2941 justitiam,
1834 2872 1927 2927 sed
1966 2887 2143 2927 veram

554 2939 857 3012 .justitiam,
889 2949 943 2995 et
970 2940 1139 3009 ipsam
1172 2942 1247 2995 uti
1287 2951 1369 2995 est
1397 2939 1674 3012 loquenda,
1708 2943 1755 2995 id
1787 2951 1890 3004 est,
1911 2944 2145 3012 utquod

578 3010 777 3082 dicunt.
807 3024 898 3065 ore
929 3014 1155 3081 probent
1178 3020 1235 3082 et
1257 3025 1440 3080 opere.
1484 3011 1550 3064 Et
1574 3012 1700 3066 dicit
1729 3012 1798 3065 ita
1832 3028 1847 3067 :
1891 3011 1952 3067 Si
1980 3010 2146 3082 loqui-

564 3080 727 3148 .mini,
756 3081 936 3145 idest,
967 3084 1010 3136 si
1041 3082 1198 3136 vultis
1229 3081 1367 3150 loqui
1390 3083 1646 3151 justitiam
1669 3098 1799 3145 vere,
1832 3092 1887 3136 et
1914 3083 1989 3137 uti
2019 3080 2142 3139 vera

573 3152 777 3218 justitia
827 3151 1087 3220 loquenda
1126 3160 1227 3215 est,
1267 3168 1383 3217 vos,
1421 3153 1564 3215 dico,
1610 3155 1697 3218 qui
1748 3153 1843 3219 ﬁlii
1886 3152 2145 3208 hominum

562 3221 730 3288 testis,
754 3221 805 3276 id
837 3232 938 3284 est,
966 3222 1055 3291 qui
1087 3224 1343 3275 rationem
1379 3222 1604 3287 habetis,
1636 3223 1756 3276 ideo
1784 3222 1921 3289 quod
1952 3223 2149 3280 bonum

577 3300 680 3363 est,
710 3292 847 3347 velle
868 3293 1093 3355 debetis,
1116 3292 1349 3363 judicate
1369 3302 1521 3353 recte,
1547 3291 1598 3346 id
1623 3302 1726 3354 est,
1749 3293 1888 3361 quod
1907 3292 2151 3361 judican-

576 3361 703 3414 dum
737 3372 818 3417 est
862 3361 1129 3429 judicate,‘
1170 3363 1221 3417 id
1258 3371 1358 3427 est,
1395 3364 1598 3430 placeat
1626 3364 1774 3416 vobis
1805 3378 1907 3417 non
1950 3374 2148 3419 tantum

573 3431 780 3499 justitia
813 3433 1092 3499 labiorum,
1121 3432 1213 3487 sed
1246 3433 1406 3487 etiam
1432 3432 1731 3497 factorum,
1753 3434 1880 3501 quia
1909 3434 1952 3486 si
1999 3436 2152 3489 aliter

576 3501 693 3567 agis
732 3518 889 3567 quam
916 3503 1168 3570 loqueris,
1207 3501 1467 3572 justitiam
1505 3504 1717 3570 quidem
1758 3504 2008 3571 loqueris,
2056 3505 2151 3558 sed

576 3571 836 3637 justitiam
864 3586 970 3625 non
996 3571 1225 3639 judicas.
1254 3572 1439 3626 Nullus
1454 3574 1604 3628 enim
1634 3574 1767 3626 adeo
1797 3587 2074 3639 perversos
2096 3583 2154 3629 et

570 3642 787 3704 devius,
811 3642 895 3694 cui
923 3656 1038 3712 non,
1058 3642 1127 3694 sit
1154 3641 1311 3697 facile
1338 3643 1483 3712 loqui
1508 3643 1575 3696 de
1596 3642 1827 3712 justitia,
1856 3645 1976 3711 quia
2009 3645 2150 3698 veri-

585 3720 669 3763 tas
689 3712 1003 3782 naturaliter
1030 3711 1129 3764 hoc
1150 3711 1450 3767 hominibus
1473 3711 1692 3767 inseruit
1717 3729 1728 3765 :
1756 3711 1903 3775 Quod
1924 3714 2012 3766 tibi
2037 3716 2152 3782 ﬁeri

576 3796 683 3852 non
709 3783 802 3843 vis,
831 3781 920 3852 alii
951 3796 1011 3835 ne
1036 3782 1229 3849 feceris.
1255 3782 1361 3836 Nec
1407 3782 1696 3849 permissus
1724 3792 1810 3837 est
1832 3785 1931 3837 hoc
1958 3781 2151 3852 aliquis

581 3850 1013 3918 ignorareetiam
1035 3860 1157 3922 ante
1188 3852 1355 3921 legem
1385 3853 1581 3917 datam,
1614 3863 1670 3906 ut
1690 3850 2153 3922 essetqundejmli-

582 3931 835 3975 carentur
860 3931 913 3975 et
934 3935 1000 3975 ex
1029 3920 1218 3989 quibus
1246 3925 1329 3975 lex
1359 3937 1462 3974 non
1491 3931 1633 3976 esset
1661 3923 1801 3975 data.
1827 3920 1929 3976 Sed
1961 3920 2026 3976 ne
2054 3924 2151 3976 lio-

584 3992 757 4046 inines
798 3991 996 4059 aliquid
1034 3992 1133 4045 sibi
1162 3991 1348 4045 deesse
1386 4001 1857 4059 conquererentur,
1897 3994 2151 4060 scriptum

582 4070 663 4114 est
691 4072 746 4115 et
790 4062 840 4116 in
891 4060 1079 4131 tabulis
1121 4062 1260 4131 quod
1292 4062 1575 4116 uoluerunt
1615 4062 1788 4130 legere
1818 4066 1868 4113 in
1900 4064 2151 4119 cordibus

581 4133 717 4196 stris,
751 4141 807 4184 ut
838 4146 929 4199 per
954 4130 1252 4186 forinsecus
1277 4133 1506 4199 objecta,
1535 4143 1849 4199 cogerentur
1871 4132 1948 4187 ire
1973 4133 2037 4185 ad
2064 4134 2151 4187 in-

576 4203 777 4255 .teriora
801 4216 917 4266 sua,
942 4202 1150 4256 dicente
1170 4202 1473 4270 Scriptura:
1500 4202 1697 4265 Redite,
1722 4203 2149 4269 praevaricatores,

576 4272 648 4322 ad
695 4288 803 4324 cor.
844 4272 971 4336 Quis
996 4273 1149 4325 enim
1198 4282 1249 4327 te
1277 4272 1477 4339 docuit,
1521 4280 1576 4324 ut
1606 4272 1771 4326 nolles
1810 4273 2037 4340 aliquem
2085 4277 2151 4329 ad

580 4355 804 4394 uxorein
836 4353 977 4394 tuam
1007 4343 1281 4410 accedere,
1316 4353 1407 4394 aut
1450 4342 1647 4408 aliquid
1692 4344 1742 4394 vi
1775 4344 1854 4395 vel
1890 4342 2152 4399 lurto’tibi

581 4425 791 4477 rapere,
822 4426 999 4481 nonne
1026 4426 1119 4465 cor
1146 4413 1325 4466 tuum?
1353 4414 1407 4465 Si
1442 4427 1570 4481 ergo
1592 4426 1702 4465 non
1731 4412 1875 4464 solus
1905 4413 2037 4466 vivis
2069 4417 2149 4467 iti-

2170 3122 2217 3186 C

2257 509 2328 552 est
2356 515 2467 553 eam
2487 499 2538 551 in
2566 498 2718 551 corde
2743 514 2854 551 suo.
2897 517 2917 550 ι
2952 497 3276 564 Operamini,
3308 497 3548 566 inquam,
3576 500 3827 566 iniquita-

2258 576 2336 622 tes
2365 570 2415 622 in
2456 569 2638 622 corde.
2673 569 2736 621 Et
2778 578 2952 621 utrum
2998 575 3199 620 tantum
3231 568 3282 621 in
3313 572 3497 631 corde,
3540 577 3603 623 et
3635 585 3742 623 non
3783 573 3827 624 in

2258 638 2515 706 frequenti
2564 647 2680 690 actu
2730 646 2893 703 esset,
2943 637 3037 689 sed
3083 652 3271 689 manus
3323 637 3662 692 famulantur
3688 642 3824 694 cordi

2258 720 2374 770 suo,
2404 716 2460 763 et
2487 717 2776 775 sequuntur
2800 721 2893 760 cor
2923 721 3099 759 suum.
3129 707 3410 774 Cogitatur
3428 709 3574 761 enim
3614 711 3824 771 malum,

2256 787 2309 830 et
2358 780 2414 831 lit
2445 778 2670 840 malum;
2702 786 2792 829 aut
2818 776 2862 830 si
2892 791 2993 829 non
3025 778 3103 839 fit,
3134 791 3238 830 non
3270 776 3387 831 ideo
3417 789 3664 832 remanet
3713 782 3821 847 quia

2256 846 2523 916 nolumus,
2566 848 2658 900 Sed
2689 847 2808 914 quia
2852 862 2954 898 non
3001 859 3316 916 possumus.
3355 847 3416 899 Et
3447 847 3549 902 hoc
3580 860 3667 902 est
3696 846 3823 916 quod

2255 916 2380 970 dicit
2412 933 2424 968 :
2453 914 2639 969 Manus
2685 925 2857 969 vestra:
2901 916 3222 978 concinnant,
3271 915 3323 969 itl
3375 925 3480 984 est,
3529 914 3821 974 contexunt

2254 995 2510 1054 peccata,
2570 986 2973 1051 superaddendo
3030 986 3351 1055 injustitias,
3404 989 3455 1040 id
3512 998 3646 1053 est,
3697 991 3821 1045 mala

2255 1071 2437 1123 opera,
2488 1057 2607 1122 quia
2636 1057 2772 1109 sicut
2803 1056 2853 1107 in
2895 1056 3166 1108 concinnis
3211 1056 3285 1115 tit,
3331 1055 3419 1109 ubi
3454 1056 3620 1110 simili
3661 1060 3821 1113 simile

2253 1124 2587 1197 supponitur.
2622 1125 2695 1178 De
2718 1126 2905 1178 talibus
2932 1140 3024 1197 per
3044 1124 3233 1197 Isaiam
3259 1124 3453 1179 dicitur
3476 1142 3491 1179 :
3523 1126 3622 1179 γω
3650 1128 3727 1181 liis
3745 1130 3822 1197 qui

2256 1196 2457 1267 trahunt
2495 1207 2751 1267 peccatum
2781 1210 2928 1267 suum
2956 1196 3084 1247 sicut
3108 1195 3311 1267 longam
3343 1198 3543 1251 restim.
3588 1198 3659 1251 Et
3694 1195 3822 1267 quod

2254 1266 2385 1318 tales
2430 1266 2745 1319 concinnant
2790 1266 3114 1329 iniquitates,
3165 1265 3288 1318 inde
3329 1281 3433 1319 non
3483 1265 3815 1332 auctor,‘sed

2254 1334 2352 1400 ipsi
2395 1343 2521 1387 sunt
2546 1333 2889 1396 accusabiles,
2920 1338 3039 1401 quia
3072 1334 3172 1401 ipsi
3215 1334 3293 1387 vel
3325 1350 3545 1401 prorsus
3579 1349 3817 1392 eontem-

2254 1405 2467 1476 nunthin
2497 1412 2647 1458 utero
2677 1403 2865 1456 matris
2897 1404 3148 1457 Ecclesia:
3195 1406 3525 1476 regenerari,
3556 1416 3657 1459 aut
3684 1408 3727 1461 si
3757 1408 3820 1462 ibi

2255 1474 2648 1540 concipiuntur,
2675 1489 2781 1527 non
2800 1483 2973 1527 ortum
2996 1474 3328 1539 exspectant,
3352 1474 3446 1527 sed
3469 1475 3821 1531 abortiuntur.

2253 1542 2448 1597 Uterus
2478 1544 2728 1598 Ecclesia:
2767 1550 2891 1596 sunt
2921 1555 3182 1609 praecepta
3214 1542 3475 1608 veritatis,
3510 1548 3675 1599 vulva
3706 1562 3819 1601 vero

2251 1612 2366 1682 ejus
2392 1614 2632 1683 perfecta
2676 1615 2863 1666 borum
2891 1621 2996 1683 est
3019 1611 3339 1666 informatio.
3362 1614 3439 1683 ,Et
3470 1630 3610 1681 puer
3640 1616 3819 1683 aliquis

2252 1682 2491 1737 nascitur
2520 1684 2571 1737 in
2602 1683 2785 1736 matris
2808 1682 3125 1746 visceribus,
3153 1690 3206 1735 et
3228 1683 3294 1735 de
3323 1682 3647 1738 visceribus.
3680 1682 3818 1739 luvio

2181 1774 2225 1834 Β
2254 1755 2489 1808 sceribus
2510 1754 2741 1834 quidem,
2764 1767 2882 1805 cum
2904 1753 3229 1834 concipitur;
3253 1751 3323 1834 de
3347 1754 3655 1834 visceribus
3680 1771 3812 1834 vero,

2250 1836 2369 1875 cum
2402 1837 2495 1892 per
2520 1825 2727 1875 vulvam
2759 1830 3063 1892 generatur.
3098 1821 3187 1875 Sic
3216 1821 3408 1889 aliquis
3437 1826 3745 1892 concipitur
3770 1828 3814 1881 in

2252 1890 2415 1947 utero‘
2437 1894 2705 1959 Ecclesiae,
2731 1908 2848 1945 cum
2882 1890 3061 1958 incipit
3087 1893 3216 1945 strui
3240 1907 3267 1943 a
3294 1894 3550 1958 veritate;
3581 1890 3630 1947 si
3655 1904 3814 1949 autem

2252 1963 2483 2029 perfecte
2515 1963 2852 2023 inlOrmetur,
2883 1962 3027 2029 quasi
3059 1977 3155 2031 per
3182 1962 3394 2016 vulvam
3427 1977 3739 2031 generatur.
3767 1967 3815 2020 Si

2246 2047 2374 2087 vero
2395 2048 2513 2087 cum
2540 2033 2713 2086 adhuc
2740 2033 2874 2085 lacte
2898 2042 3071 2099 egeat,
3107 2046 3199 2099 per
3224 2034 3533 2098 superbiam
3560 2035 3688 2089 velit
3708 2051 3814 2089 esse

2252 2105 2523 2172 magister,
2558 2118 2651 2171 per
2676 2103 2919 2155 abortum
2949 2102 3070 2172 inde
3099 2103 3229 2166 exit,
3253 2101 3393 2170 quod
3423 2102 3631 2157 faciunt
3662 2106 3814 2158 hatre-

2249 2175 2358 2226 tici.
2390 2172 2525 2228 Sunt
2555 2180 2733 2243 autem
2762 2172 2912 2243 multi
2943 2171 3030 2239 qui
3063 2185 3159 2224 nec
3184 2172 3261 2243 ibi
3303 2173 3467 2243 velint
3501 2176 3730 2243 concipi.
3758 2178 3814 2229 Et

2249 2243 2350 2296 hoc
2375 2253 2458 2297 est
2477 2243 2616 2312 quod
2636 2242 2761 2296 dicit
2789 2260 2800 2293 :
2831 2242 3150 2304 Peccatores,
3181 2241 3232 2295 id
3255 2251 3358 2309 est,
3394 2242 3532 2309 legis
3565 2241 3675 2297 tam
3697 2248 3811 2299 scri-

2250 2322 2373 2381 ptae,
2414 2328 2570 2382 quam
2603 2312 2877 2377 naturalis,
2920 2323 3329 2382 trangressores,
3382 2314 3601 2366 alienati
3650 2325 3808 2367 strata

2248 2380 2498 2450 uult~a,‘id
2544 2392 2645 2447 est,
2678 2397 2705 2434 a
2734 2382 3134 2450 regeneratione
3180 2380 3435 2450 perlecta.
3473 2385 3584 2437 Alii
3626 2396 3808 2449 autem,

2246 2454 2367 2521 quia
2401 2468 2667 2519 nunquam
2698 2467 2817 2506 esse
2860 2462 3215 2516 accesserunt,
3249 2452 3336 2505 alii
3373 2466 3510 2506 vero
3540 2462 3599 2509 et
3642 2454 3683 2507 si
3730 2470 3809 2507 ac-

2247 2532 2548 2587 cesserunt,
2594 2522 2717 2577 ideo
2766 2532 2936 2575 tamen
2966 2535 2995 2573 a
3045 2521 3363 2587 perfectione
3402 2522 3632 2575 alienati
3676 2533 3805 2586 sunt,

2246 2596 2366 2662 quia
2397 2594 2459 2646 ab
2486 2604 2629 2662 utero
2658 2592 2822 2645 avulsi
2853 2600 3165 2655 erraverunt,
3197 2589 3247 2643 id
3275 2603 3377 2662 εει,
3412 2592 3507 2661 qui
3541 2604 3808 2661 antequam

2248 2660 2481 2731 perfecte
2523 2661 2939 2716 informarentur
2986 2662 3038 2713 in
3068 2670 3237 2723 utero,
3285 2660 3455 2714 latera
3504 2660 3693 2717 matris
3723 2666 3810 2717 Ec-

2246 2730 2421 2813 CIcsia:
2445 2733 2676 2813 graviter
2701 2745 2883 2787 errore
2911 2745 3008 2785 suo
3032 2730 3421 2797 concutientes,
3448 2741 3704 2803 tanquam
3728 2734 3812 2789 ab-

2246 2816 2402 2857 Ol'llVI
2427 2814 2690 2857 CXIGI‘UIII.

2319 2874 2387 2926 Et
2415 2875 2532 2927 ideo
2562 2872 2717 2925 locuti
2744 2879 2861 2925 sunt
2892 2870 3045 2942 falsa,
3077 2870 3126 2924 id
3156 2879 3258 2936 est,
3292 2870 3510 2940 placent
3544 2872 3625 2927 eis
3652 2872 3807 2937 falsa;

2246 2957 2370 2999 vera
2399 2954 2573 2997 autem
2605 2942 2703 2997 nec
2727 2941 2911 2996 audire
2941 2941 3148 3005 volunt,
3177 2942 3296 3009 quia
3328 2943 3433 2994 illis
3463 2948 3621 3009 furor
3642 2955 3740 3009 est,
3766 2946 3809 2997 id

2246 3024 2346 3079 est,
2382 3016 2456 3067 ira
2479 3020 2663 3065 contra
2689 3012 3069 3081 praedicatores
3094 3012 3351 3076 veritatis,
3374 3016 3663 3065 secundum
3683 3016 3813 3066 simi-

2248 3084 2513 3137 litudinem
2543 3084 2819 3152 serpentis;
2858 3081 3119 3149 serpentis
3164 3082 3302 3148 dico,
3334 3083 3466 3135 sicut
3514 3083 3674 3151 hujus
3710 3098 3813 3137 ser-

2254 3158 2425 3222 pentis
2453 3154 2663 3222 aspidis,
2693 3168 2807 3221 qua:
2836 3166 2936 3204 non
2963 3154 3195 3204 exaudiet
3231 3168 3398 3204 vocem
3428 3154 3809 3215 incantantistl.

2252 3235 2305 3280 et
2336 3240 2438 3278 non
2469 3225 2713 3277 exaudiet
2743 3237 2923 3274 vocem
2952 3225 3156 3289 veneﬁci
3184 3223 3515 3275 incantantis.
3545 3226 3814 3292 Sapienter

2252 3295 2422 3349 solent
2451 3295 2603 3348 Marsi
2632 3294 2844 3360 aSpltleS
2874 3293 3193 3347 incantaudo
3222 3293 3287 3345 de
3318 3294 3623 3348 tenebrosis
3648 3298 3806 3347 antris

2252 3366 2466 3427 elicere,
2500 3366 2568 3417 de
2615 3376 2819 3416 veneno
2863 3362 3067 3415 illarum
3100 3371 3294 3415 norunt
3342 3362 3524 3417 facere
3552 3364 3807 3431 quoddam

2253 3435 2580 3496 antidotum;
2608 3436 2699 3486 sed
2723 3436 2843 3502 quia
2862 3433 2960 3484 scit
2982 3445 3202 3498 serpens
3225 3435 3313 3484 illa
3338 3435 3651 3485 naturaliter
3672 3448 3727 3486 se
3750 3436 3810 3486 ad

2254 3519 2479 3558 mortem
2505 3506 2799 3570 provocari,
2828 3517 2981 3554 unam
3004 3518 3182 3555 aurem
3209 3512 3361 3555 terra:
3379 3503 3641 3570 adiungit,
3665 3516 3815 3572 atque

2253 3588 2373 3627 cum
2405 3575 2572 3627 cauda
2602 3575 2758 3625 aliam
2790 3575 3042 3635 obtrudit,
3080 3584 3132 3625 et
3163 3574 3239 3625 sic
3280 3572 3665 3625 incantatoretn
3708 3582 3813 3640 pte-

2255 3660 2477 3709 rumque
2508 3660 2611 3696 non
2660 3644 2825 3696 audit.
2878 3642 3255 3694 l‘raedrca’tores
3284 3653 3407 3694 sunt
3439 3644 3810 3699 incantatores.

2252 3716 2339 3780 qui
2364 3714 2427 3766 ad
2462 3716 2559 3765 hoc
2584 3715 2873 3776 incantant,
2906 3713 2955 3764 id
2986 3723 3087 3778 cst,
3124 3713 3430 3779 praedicant,
3465 3724 3520 3765 ut
3549 3716 3813 3767 hominem

2253 3787 2321 3838 de
2351 3784 2581 3838 tenebris
2620 3782 2818 3837 erroris
2860 3791 2948 3835 aut
2980 3781 3301 3835 infelicitatis
3340 3781 3575 3836 eliciant.
3627 3784 3698 3836 Et
3735 3799 3814 3835 sa-

2255 3852 2457 3921 pienter
2485 3858 2772 3915 incautam,
2806 3851 2924 3920 quia
2948 3860 3166 3905 monent
3196 3866 3293 3906 ens
3321 3863 3375 3903 ut
3401 3853 3469 3904 de
3493 3856 3730 3907 terrenis
3755 3858 3812 3905 ad

2249 3925 2492 3978 cmlestia
2523 3924 2759 3976 tendant.
2798 3924 2894 3974 l'er
2922 3922 3161 3988 aSpidem
3192 3935 3320 3975 vero
3347 3922 3698 3989 designantur
3724 3925 3815 3987 illi,

2254 3996 2342 4062 qui
2372 3994 2723 4048 delectatione
2754 3996 3119 4059 praesentium,
3161 4007 3279 4059 quae
3319 4006 3411 4057 per
3450 4006 3632 4046 aurem
3668 4003 3815 4047 term:

2255 4061 2573 4131 applicatam
2615 4062 2997 4131 intelliguntur,
3040 4072 3094 4115 et
3126 4061 3491 4115 recordatione
3521 4067 3817 4129 pra-terit:-

2255 4148 2372 4188 rum
2402 4135 2832 4196 delectationum,
2875 4146 2994 4199 qua:
3040 4146 3133 4199 per
3173 4132 3391 4185 caudam
3434 4141 3710 4195 notantur,
3753 4135 3817 4188 ita

2251 4219 2349 4256 cor
2387 4218 2543 4257 suum
2592 4203 2875 4265 obdurant,
2909 4212 2963 4255 ut
2992 4201 3263 4268 praeconia
3285 4201 3520 4254 veritatis
3572 4217 3682 4255 non
3726 4217 3817 4254 au-

2256 4275 2420 4337 diant,
2448 4284 2503 4327 et
2530 4274 2579 4325 in
2608 4272 2933 4326 infidelitatis
2967 4273 3043 4324 vel
3071 4274 3267 4325 ert-oris
3294 4285 3374 4324 snt
3416 4270 3651 4324 tenebris
3703 4288 3817 4338 per-

2255 4353 2521 4397 maneant.
2556 4346 2653 4395 l’er
2681 4344 2970 4396 venelicum
3002 4356 3209 4409 quoque
3248 4341 3617 4407 pradicatores
3668 4342 3817 4396 desi-

2249 4422 2502 4482 gnantur,
2535 4414 2655 4477 quia
2684 4413 2823 4482 sicut
2854 4426 3110 4482 venenum
3137 4415 3186 4464 vi
3219 4426 3311 4478 per
3344 4424 3500 4464 venas
3526 4415 3724 4477 currit,
3756 4415 3817 4466 ita

583 4474 661 4533 ter
701 4474 964 4546 homines,
998 4482 1091 4536 sed
1138 4484 1311 4550 potius
1357 4492 1438 4535 est
1466 4474 1531 4535 ἱιῖ
1550 4484 1778 4534 humano
1801 4497 2017 4550 genere,
2061 4484 2148 4551 qui
2180 4474 2230 4534 Ι)
2254 4474 2431 4537 sermo
2459 4474 2644 4536 eorum
2670 4483 2734 4533 ad
2765 4480 3014 4534 interiora
3042 4482 3091 4533 vi
3114 4474 3501 4548 sua'irrumpit.

581 4561 755 4603 tecum
788 4562 941 4605 natus
970 4562 1073 4615 est,
1105 4551 1355 4620 quidquid
1380 4552 1504 4605 mali
1533 4552 1623 4604 tibi
1651 4566 1754 4605 non
1786 4556 1863 4605 vis
1891 4555 2022 4618 fieri,
2056 4569 2151 4606 no-

580 4622 645 4673 lis
671 4624 847 4674 l'acere
877 4621 1064 4685 alteri,
1096 4632 1148 4676 et
1187 4622 1437 4690 quidquid
1477 4622 1599 4675 boni
1631 4623 1720 4675 tibi
1750 4623 1827 4675 vis
1856 4625 1988 4687 fieri,
2022 4624 2150 4677 velis

578 4692 889 4757 impendere
903 4692 1076 4745 alteri.
1101 4692 1383 4747 Sciendum
1397 4702 1500 4757 est,
1525 4690 1665 4758 quod
1685 4692 1875 4760 aliquis
1892 4694 2148 4759 justitiam

579 4775 706 4816 vere
735 4761 876 4828 loqui
903 4771 1096 4829 potest,
1119 4773 1169 4816 et
1201 4776 1305 4816 non
1333 4761 1405 4814 uti
1430 4763 1603 4826 debet,
1634 4770 1693 4814 ut
1713 4762 1899 4829 aliquis
1922 4763 2149 4816 interro-

578 4839 752 4897 gatus,
784 4847 850 4886 an
884 4831 1036 4896 fides,
1064 4847 1132 4886 an
1164 4835 1383 4901 pecunia
1421 4831 1626 4899 dignior
1658 4840 1759 4894 est,
1785 4840 1840 4886 et
1868 4833 2006 4898 quod
2031 4832 2148 4900 jus-

582 4911 690 4954 tum
719 4910 800 4954 est
830 4902 1155 4969 respondere
1180 4913 1361 4972 potest
1388 4915 1441 4955 et
1471 4918 1615 4966 vere,
1648 4904 1691 4954 si
1726 4903 1882 4955 iidem
1914 4903 2147 4969 przcl'ert,

579 4985 632 5024 et
657 4981 858 5027 tantum
893 4989 995 5025 non
1023 4973 1122 5026 hoc
1154 4972 1308 5026 faciet
1335 4983 1389 5025 ut
1419 4974 1592 5031 decet,
1623 4973 1743 5040 quia
1776 4973 1820 5023 si
1849 4974 1967 5025 locu
1995 4986 2055 5024 us
2082 4976 2152 5026 sit

581 5044 711 5105 tito,
744 5044 898 5097 iidem
948 5044 1181 5111 pecuniis:
1212 5050 1513 5110 postponet.
1552 5043 1615 5093 lit
1662 5042 1780 5094 ideo
1811 5057 1914 5094 non
1946 5052 2027 5095 est
2052 5056 2116 5095 su
2146 5078 2149 5081 λ

582 5114 842 5182 perlluum
874 5110 1054 5181 utique
1082 5114 1160 5167 sic
1188 5114 1510 5179 expositum.
1559 5110 1738 5182 Potest
1765 5119 1820 5164 et
1848 5125 1967 5165 esse
1992 5111 2149 5164 illati-

581 5180 727 5255 vmn,
754 5186 913 5255 quasi,
932 5180 1191 5251 propheta
1219 5183 1294 5255 sic
1320 5182 1428 5255 illis
1458 5194 1589 5255 quos
1628 5180 1878 5255 admonet
1904 5182 2101 5255 diceret
2132 5197 2147 5232 :

586 5254 752 5307 Video
770 5249 919 5322 'quod
940 5249 1193 5307 omnibus
1214 5253 1361 5307 vobis
1384 5250 1537 5305 facile
1562 5250 1702 5322 loqui
1722 5249 1790 5322 de
1806 5250 2015 5317 justitia
2044 5260 2125 5306 est

582 5338 710 5390 ergo
739 5323 783 5377 si
805 5321 963 5377 vultis
991 5337 1107 5377 eam
1140 5323 1281 5391 loqui
1303 5335 1447 5386 vere,
1477 5327 1620 5374 recte
1640 5321 1893 5391 iudicate.

657 5388 853 5447 Etenim
882 5394 935 5446 in
962 5394 1135 5446 corde.
1168 5388 1290 5446 Ideo
1317 5391 1435 5445 dico
1454 5398 1583 5444 recte
1602 5389 1834 5459 judicate
1857 5404 1876 5454 ;
1904 5388 2023 5458 quia
2057 5405 2151 5446 vos

582 5462 736 5517 aliter
779 5463 970 5519 facitis.
1021 5461 1226 5517 Etenim
1253 5461 1533 5531 operamini
1561 5461 1863 5531 iniquitates
1895 5463 1950 5515 in
1976 5463 2147 5526 corde,

585 5531 639 5586 id
668 5540 771 5597 est,
797 5535 953 5587 vultis
995 5547 1153 5587 omne
1180 5528 1399 5593 malum.
1432 5542 1485 5587 et
1526 5532 1570 5585 si
1604 5528 1707 5584 neu
1738 5528 2013 5599 perficitis,
2044 5548 2150 5586 non

584 5600 706 5656 ideo
748 5612 986 5657 remanet
1012 5603 1131 5672 quia
1160 5618 1267 5657 non
1297 5603 1475 5669 vultis,
1505 5600 1602 5656 sed
1625 5602 1748 5672 quia
1774 5600 1880 5668 jam
1915 5617 2018 5654 non
2053 5617 2149 5669 po-

586 5673 759 5727 testis.
801 5674 855 5727 In
890 5674 988 5726 hoc
1018 5670 1134 5728 loco
1159 5674 1284 5727 dicit
1312 5674 1502 5727 beatus
1531 5670 1855 5738 Augustinus
1886 5687 1899 5723 :
1933 5689 1950 5722 t
1983 5671 2149 5736 Quid-

587 5744 712 5817 quid
744 5744 820 5799 vis
847 5752 1026 5801 etnon
1054 5754 1224 5816 potes,
1265 5760 1361 5815 pro
1397 5744 1536 5801 facto
1567 5742 1705 5799 Deus
1734 5743 1909 5799 habet.
1946 5744 2045 5809 Qui
2076 5744 2149 5799 vi-

2329 4554 2463 4614 Deus
2490 4562 2711 4605 conteret
2737 4551 2906 4603 dentes
2924 4568 3101 4621 eorum
3122 4552 3175 4603 in
3193 4567 3278 4604 ore
3303 4553 3540 4620 ipsorum.
3572 4549 3679 4619 Ipsi
3705 4551 3820 4621 qui-

2253 4622 2375 4680 dem
2410 4624 2695 4689 loquuutur
2724 4622 2873 4685 lalsa,
2910 4620 3044 4674 Deus
3071 4631 3251 4674 autem
3279 4632 3497 4674 conteret
3523 4620 3731 4685 dentes,
3771 4624 3820 4674 id

2253 4702 2357 4756 est,
2384 4692 2649 4745 mordacia
2674 4694 2834 4744 verba
2856 4706 3047 4755 eorum,
3077 4695 3129 4743 in
3151 4706 3238 4743 ore
3257 4691 3501 4758 ipsorum,
3524 4691 3577 4744 id
3596 4702 3707 4754 est,
3731 4707 3824 4760 per

2245 4766 2519 4831 propriam
2576 4762 2896 4815 sententiam
2972 4763 3203 4827 ipsorum
3269 4764 3599 4816 eorumdem.
3674 4761 3825 4817 Unde

2252 4834 2451 4887 dictum
2477 4848 2492 4885 :
2519 4831 2952 4897 Contpreltendam
2974 4832 3225 4900 sapientes
3246 4831 3299 4883 in
3318 4832 3506 4885 astutia
3525 4846 3659 4895 sua;
3679 4835 3822 4899 quod

2257 4912 2380 4956 tunc
2432 4902 2532 4955 fuit
2560 4904 2774 4967 factum,
2803 4902 3014 4970 quando
3063 4902 3276 4968 quidam
3323 4914 3484 4953 causa
3522 4903 3830 4966 reprehen-

2252 4973 2413 5025 dendi
2443 4971 2766 5039 quaesierunt
2792 4969 2828 5023 a
2868 4969 3112 5039 Domino,
3158 4986 3227 5022 an
3255 4970 3422 5022 liceret
3452 4986 3660 5023 censum
3703 4972 3831 5025 dare

2253 5040 2468 5106 Ctesari,
2500 5058 2567 5093 an
2599 5056 2722 5095 non.
2754 5040 2809 5094 Si
2836 5038 2979 5093 enim
3006 5040 3207 5094 diceret
3232 5040 3373 5104 quod
3421 5040 3629 5101 liceret,
3659 5055 3827 5094 voca-

2253 5122 2372 5165 rent
2415 5126 2534 5165 eum
2577 5109 3072 5175 immisericordem,
3105 5110 3192 5175 qui
3224 5109 3431 5175 plebem
3475 5124 3629 5163 suam
3656 5112 3832 5164 tribu-

2255 5182 2441 5236 tariam
2474 5180 2670 5233 faceret
2686 5196 2704 5245 ;
2727 5180 2771 5234 si
2795 5193 2921 5233 vero
2949 5187 3187 5249 negaret,
3212 5180 3452 5233 dicerent
3472 5179 3595 5246 quia
3618 5182 3828 5241 liceret,

2252 5256 2373 5319 quia
2402 5266 2523 5304 reus
2551 5249 2847 5318 niajestatis
2868 5260 3033 5305 esset.
3063 5249 3169 5305 Sed
3199 5249 3252 5302 in
3281 5249 3479 5306 astutia
3508 5262 3697 5303 eorum
3727 5251 3833 5301 Do-

2253 5323 2428 5375 minus
2452 5334 2548 5375 eos
2567 5319 2992 5387 comprehendit,
3015 5320 3136 5388 quia
3165 5332 3259 5386 per
3282 5332 3469 5372 eorum
3502 5320 3833 5388 sententiam

2251 5392 2542 5445 confutavit
2582 5386 2909 5444 eos’dicens
2955 5386 2983 5442 :'
3021 5386 3239 5443 Reddite
3283 5403 3397 5456 qua:
3440 5397 3565 5443 sunt
3608 5386 3837 5441 Cesaris

2253 5460 2465 5526 Ca'sari,
2490 5468 2534 5515 et
2562 5475 2678 5529 qua:
2711 5469 2829 5515 sunt
2857 5459 2951 5511 Dei
2980 5456 3111 5514 Deo.
3134 5457 3222 5513 Sic
3246 5468 3301 5512 et
3322 5459 3547 5513 muliere
3561 5473 3834 5529 compre-

2250 5534 2418 5586 hensa
2464 5533 2516 5585 in
2563 5526 2845 5593 adulterio,
2875 5537 2931 5583 et
2958 5529 3197 5597 pluribus
3226 5528 3357 5583 locis
3401 5529 3523 5582 aliis
3552 5526 3699 5586 fecit.
3736 5528 3839 5583 Hie

2253 5616 2380 5656 vero
2408 5601 2478 5655 ita
2504 5601 2871 5668 accipiendum
2908 5600 3010 5653 hoc
3038 5608 3122 5654 est
3148 5616 3160 5652 :
3193 5598 3428 5653 Conteret
3454 5598 3628 5654 dentes
3650 5614 3839 5654 eorum

2251 5674 2417 5728 inore
2465 5673 2711 5737 ipsorum,
2744 5670 2794 5724 id
2823 5680 2927 5736 est,
2962 5684 3057 5737 per
3081 5684 3175 5724 sua
3207 5672 3368 5722 verba
3416 5672 3629 5737 propria
3667 5670 3845 5721 faetet

2252 5757 2345 5797 eos
2373 5754 2755 5812 recognoscere
2796 5740 3247 5798 contradictiones
3274 5754 3459 5799 eorum
3494 5742 3655 5797 talsas
3680 5751 3841 5799 esse.
