  <div class='ocr_page' id='page_1' title='image "/cluster/home/n/w/nwhite01/storage/ocr_20150623/93/hvd.32044015471196/398.png"; bbox 0 0 3984 6362; ppageno 0'>
   <div class='ocr_carea' id='block_1_1' title="bbox 178 304 283 367">
    <p class='ocr_par' dir='ltr' id='par_1_1' title="bbox 178 304 283 367">
     <span class='ocr_line' id='line_1_1' title="bbox 178 304 283 367; baseline -0.019 0"><span class='ocrx_word' id='word_1_1' title='bbox 178 304 283 367; x_wconf 66' lang='grc'><strong>783</strong></span> 
     </span>
    </p>
   </div>
   <div class='ocr_carea' id='block_1_2' title="bbox 854 296 2685 373">
    <p class='ocr_par' dir='ltr' id='par_1_2' title="bbox 854 296 2685 373">
     <span class='ocr_line' id='line_1_2' title="bbox 854 296 2685 373; baseline -0.001 -16"><span class='ocrx_word' id='word_1_2' title='bbox 854 296 918 357; x_wconf 76' lang='lat' dir='ltr'><strong>IN</strong></span> <span class='ocrx_word' id='word_1_3' title='bbox 958 299 1371 358; x_wconf 59' lang='lat' dir='ltr'><strong>PSALBIORUM</strong></span> <span class='ocrx_word' id='word_1_4' title='bbox 1416 299 1670 373; x_wconf 59' lang='lat' dir='ltr'><strong>LIBRUM</strong></span> <span class='ocrx_word' id='word_1_5' title='bbox 1717 300 2077 357; x_wconf 73' lang='lat' dir='ltr'><strong>EXEGESIS.</strong></span> <span class='ocrx_word' id='word_1_6' title='bbox 2118 330 2184 341; x_wconf 83' lang='lat'><strong>-—</strong></span> <span class='ocrx_word' id='word_1_7' title='bbox 2224 301 2467 359; x_wconf 68' lang='lat' dir='ltr'><strong>PSALM.</strong></span> <span class='ocrx_word' id='word_1_8' title='bbox 2510 301 2685 359; x_wconf 85' lang='lat' dir='ltr'><strong>LVIII.</strong></span> 
     </span>
    </p>
   </div>
   <div class='ocr_carea' id='block_1_3' title="bbox 3298 296 3443 353">
    <p class='ocr_par' dir='ltr' id='par_1_3' title="bbox 3298 296 3443 353">
     <span class='ocr_line' id='line_1_3' title="bbox 3298 296 3443 353; baseline 0 -1"><span class='ocrx_word' id='word_1_9' title='bbox 3298 296 3419 353; x_wconf 71' lang='lat'><strong>785&#39;</strong></span> <span class='ocrx_word' id='word_1_10' title='bbox 3436 332 3443 338; x_wconf 88' lang='lat'><strong><em>-</em></strong></span> 
     </span>
    </p>
   </div>
   <div class='ocr_carea' id='block_1_4' title="bbox 172 411 3404 487">
    <p class='ocr_par' dir='ltr' id='par_1_4' title="bbox 172 411 3404 487">
     <span class='ocr_line' id='line_1_4' title="bbox 172 411 3404 487; baseline -0.002 -18"><span class='ocrx_word' id='word_1_11' title='bbox 172 420 321 487; x_wconf 83' lang='lat' dir='ltr'><strong>Quod</strong></span> <span class='ocrx_word' id='word_1_12' title='bbox 346 415 410 469; x_wconf 84' lang='lat' dir='ltr'><strong>ad</strong></span> <span class='ocrx_word' id='word_1_13' title='bbox 431 414 664 487; x_wconf 82' lang='lat' dir='ltr'><strong>minores</strong></span> <span class='ocrx_word' id='word_1_14' title='bbox 687 412 1021 487; x_wconf 80' lang='lat' dir='ltr'><strong>referendum</strong></span> <span class='ocrx_word' id='word_1_15' title='bbox 1051 421 1166 487; x_wconf 81' lang='lat' dir='ltr'><strong>est;</strong></span> <span class='ocrx_word' id='word_1_16' title='bbox 1189 412 1328 480; x_wconf 89' lang='lat' dir='ltr'><strong>quod</strong></span> <span class='ocrx_word' id='word_1_17' title='bbox 1352 428 1475 487; x_wconf 85' lang='lat' dir='ltr'><strong>vero</strong></span> <span class='ocrx_word' id='word_1_18' title='bbox 1497 411 1735 481; x_wconf 88' lang='lat' dir='ltr'><strong>sequitur</strong></span> <span class='ocrx_word' id='word_1_19' title='bbox 1762 421 1807 477; x_wconf 77' lang='grc' dir='ltr'><strong>Α</strong></span> <span class='ocrx_word' id='word_1_20' title='bbox 1838 413 2280 487; x_wconf 77' lang='lat' dir='ltr'><strong>tientibusiratus</strong></span> <span class='ocrx_word' id='word_1_21' title='bbox 2307 413 2567 487; x_wconf 83' lang='lat' dir='ltr'><strong>videatur,</strong></span> <span class='ocrx_word' id='word_1_22' title='bbox 2614 428 2717 469; x_wconf 92' lang='lat' dir='ltr'><strong>non</strong></span> <span class='ocrx_word' id='word_1_23' title='bbox 2766 421 2938 487; x_wconf 80' lang='lat' dir='ltr'><strong>tamen</strong></span> <span class='ocrx_word' id='word_1_24' title='bbox 2969 412 3041 487; x_wconf 79' lang='lat' dir='ltr'><strong>ira</strong></span> <span class='ocrx_word' id='word_1_25' title='bbox 3074 411 3215 487; x_wconf 77' lang='lat' dir='ltr'><strong>cadit</strong></span> <span class='ocrx_word' id='word_1_26' title='bbox 3237 429 3404 487; x_wconf 67' lang='lat' dir='ltr'><strong>super</strong></span> 
     </span>
    </p>
   </div>
   <div class='ocr_carea' id='block_1_5' title="bbox 172 483 1733 557">
    <p class='ocr_par' dir='ltr' id='par_1_5' title="bbox 172 483 1733 557">
     <span class='ocr_line' id='line_1_5' title="bbox 172 483 1733 557; baseline -0.007 -12"><span class='ocrx_word' id='word_1_27' title='bbox 172 483 235 545; x_wconf 75' lang='lat' dir='ltr'><strong>ad</strong></span> <span class='ocrx_word' id='word_1_28' title='bbox 267 489 519 557; x_wconf 62' lang='lat' dir='ltr'><strong>maiores.</strong></span> <span class='ocrx_word' id='word_1_29' title='bbox 552 486 772 557; x_wconf 80' lang='lat' dir='ltr'><strong>scilicet,</strong></span> <span class='ocrx_word' id='word_1_30' title='bbox 806 484 927 551; x_wconf 86' lang='lat' dir='ltr'><strong>quia</strong></span> <span class='ocrx_word' id='word_1_31' title='bbox 954 483 1369 557; x_wconf 79' lang='lat' dir='ltr'><strong>molasleonum,</strong></span> <span class='ocrx_word' id='word_1_32' title='bbox 1399 485 1450 537; x_wconf 90' lang='lat' dir='ltr'><strong>itl</strong></span> <span class='ocrx_word' id='word_1_33' title='bbox 1482 494 1595 557; x_wconf 59' lang='lat' dir='ltr'><strong>est,</strong></span> <span class='ocrx_word' id='word_1_34' title='bbox 1618 498 1733 536; x_wconf 90' lang='lat' dir='ltr'><strong>ma-</strong></span> 
     </span>
    </p>
   </div>
   <div class='ocr_carea' id='block_1_6' title="bbox 172 553 1732 621">
    <p class='ocr_par' dir='ltr' id='par_1_6' title="bbox 172 553 1732 621">
     <span class='ocr_line' id='line_1_6' title="bbox 172 553 1732 621; baseline -0.006 -6"><span class='ocrx_word' id='word_1_35' title='bbox 172 553 397 615; x_wconf 68' lang='lat' dir='ltr'><strong>nifestus</strong></span> <span class='ocrx_word' id='word_1_36' title='bbox 419 554 865 611; x_wconf 88' lang='lat' dir='ltr'><strong>contradictiones</strong></span> <span class='ocrx_word' id='word_1_37' title='bbox 889 553 1181 621; x_wconf 90' lang='lat' dir='ltr'><strong>principum</strong></span> <span class='ocrx_word' id='word_1_38' title='bbox 1203 555 1515 621; x_wconf 76' lang='lat' dir='ltr'><strong>confringet,</strong></span> <span class='ocrx_word' id='word_1_39' title='bbox 1549 553 1598 606; x_wconf 91' lang='lat' dir='ltr'><strong>id</strong></span> <span class='ocrx_word' id='word_1_40' title='bbox 1630 561 1732 617; x_wconf 91' lang='lat' dir='ltr'><strong>est,</strong></span> 
     </span>
    </p>
   </div>
   <div class='ocr_carea' id='block_1_7' title="bbox 169 622 1737 691">
    <p class='ocr_par' dir='ltr' id='par_1_7' title="bbox 169 622 1737 691">
     <span class='ocr_line' id='line_1_7' title="bbox 169 622 1737 691; baseline -0.004 -8"><span class='ocrx_word' id='word_1_41' title='bbox 169 629 475 691; x_wconf 77' lang='lat' dir='ltr'><strong>inefﬁcaces</strong></span> <span class='ocrx_word' id='word_1_42' title='bbox 495 626 653 679; x_wconf 81' lang='lat' dir='ltr'><strong>faciet</strong></span> <span class='ocrx_word' id='word_1_43' title='bbox 682 623 945 677; x_wconf 75' lang='lat' dir='ltr'><strong>Dominus.</strong></span> <span class='ocrx_word' id='word_1_44' title='bbox 967 622 1116 676; x_wconf 65' lang='lat' dir='ltr'><strong>Mole:</strong></span> <span class='ocrx_word' id='word_1_45' title='bbox 1137 624 1275 676; x_wconf 90' lang='lat' dir='ltr'><strong>enim</strong></span> <span class='ocrx_word' id='word_1_46' title='bbox 1300 623 1525 691; x_wconf 80' lang='lat' dir='ltr'><strong>majores</strong></span> <span class='ocrx_word' id='word_1_47' title='bbox 1547 624 1737 677; x_wconf 92' lang='lat' dir='ltr'><strong>dentes</strong></span> 
     </span>
    </p>
   </div>
   <div class='ocr_carea' id='block_1_8' title="bbox 172 693 1740 762">
    <p class='ocr_par' dir='ltr' id='par_1_8' title="bbox 172 693 1740 762">
     <span class='ocr_line' id='line_1_8' title="bbox 172 693 1740 762; baseline -0.003 -11"><span class='ocrx_word' id='word_1_48' title='bbox 172 710 318 762; x_wconf 85' lang='lat' dir='ltr'><strong>sunt,</strong></span> <span class='ocrx_word' id='word_1_49' title='bbox 360 706 414 752; x_wconf 90' lang='lat' dir='ltr'><strong>et</strong></span> <span class='ocrx_word' id='word_1_50' title='bbox 459 696 578 750; x_wconf 87' lang='lat' dir='ltr'><strong>ideo</strong></span> <span class='ocrx_word' id='word_1_51' title='bbox 610 710 700 759; x_wconf 85' lang='lat' dir='ltr'><strong>per</strong></span> <span class='ocrx_word' id='word_1_52' title='bbox 727 694 892 747; x_wconf 87' lang='lat' dir='ltr'><strong>molas</strong></span> <span class='ocrx_word' id='word_1_53' title='bbox 919 693 1129 762; x_wconf 82' lang='lat' dir='ltr'><strong>gravior</strong></span> <span class='ocrx_word' id='word_1_54' title='bbox 1155 694 1505 748; x_wconf 70' lang='lat' dir='ltr'><strong>contradictio</strong></span> <span class='ocrx_word' id='word_1_55' title='bbox 1544 694 1740 762; x_wconf 88' lang='lat' dir='ltr'><strong>princi-</strong></span> 
     </span>
    </p>
   </div>
   <div class='ocr_carea' id='block_1_9' title="bbox 175 761 1289 839">
    <p class='ocr_par' dir='ltr' id='par_1_9' title="bbox 175 761 1289 839">
     <span class='ocr_line' id='line_1_9' title="bbox 175 761 1289 839; baseline -0.005 -17"><span class='ocrx_word' id='word_1_56' title='bbox 175 761 320 839; x_wconf 85' lang='lat' dir='ltr'><strong>pum,</strong></span> <span class='ocrx_word' id='word_1_57' title='bbox 345 765 641 839; x_wconf 62' lang='lat' dir='ltr'><strong>qttgel‘actis</strong></span> <span class='ocrx_word' id='word_1_58' title='bbox 668 764 828 839; x_wconf 81' lang='lat' dir='ltr'><strong>etiam</strong></span> <span class='ocrx_word' id='word_1_59' title='bbox 852 762 930 815; x_wconf 90' lang='lat' dir='ltr'><strong>sic</strong></span> <span class='ocrx_word' id='word_1_60' title='bbox 958 761 1289 830; x_wconf 79' lang='lat' dir='ltr'><strong>intelligitur.</strong></span> 
     </span>
    </p>
   </div>
   <div class='ocr_carea' id='block_1_10' title="bbox 243 832 1738 898">
    <p class='ocr_par' dir='ltr' id='par_1_10' title="bbox 243 832 1738 898">
     <span class='ocr_line' id='line_1_10' title="bbox 243 832 1738 898; baseline -0.004 -7"><span class='ocrx_word' id='word_1_61' title='bbox 243 841 325 892; x_wconf 79' lang='lat' dir='ltr'><strong>Ad</strong></span> <span class='ocrx_word' id='word_1_62' title='bbox 357 832 573 889; x_wconf 80' lang='lat' dir='ltr'><strong>nihilum</strong></span> <span class='ocrx_word' id='word_1_63' title='bbox 598 835 857 887; x_wconf 79' lang='lat' dir='ltr'><strong>devenient</strong></span> <span class='ocrx_word' id='word_1_64' title='bbox 887 843 1126 897; x_wconf 78' lang='lat' dir='ltr'><strong>tanquam</strong></span> <span class='ocrx_word' id='word_1_65' title='bbox 1154 848 1287 898; x_wconf 87' lang='lat' dir='ltr'><strong>aqua</strong></span> <span class='ocrx_word' id='word_1_66' title='bbox 1314 832 1610 896; x_wconf 76' lang='lat' dir='ltr'><strong>decurrens,</strong></span> <span class='ocrx_word' id='word_1_67' title='bbox 1658 833 1738 885; x_wconf 84' lang='lat' dir='ltr'><strong>in-</strong></span> 
     </span>
    </p>
   </div>
   <div class='ocr_carea' id='block_1_11' title="bbox 174 900 1252 969">
    <p class='ocr_par' dir='ltr' id='par_1_11' title="bbox 174 900 1252 969">
     <span class='ocr_line' id='line_1_11' title="bbox 174 900 1252 969; baseline -0.01 -5"><span class='ocrx_word' id='word_1_68' title='bbox 174 910 334 964; x_wconf 88' lang='lat' dir='ltr'><strong>tendit</strong></span> <span class='ocrx_word' id='word_1_69' title='bbox 358 921 531 959; x_wconf 87' lang='lat' dir='ltr'><strong>arcum</strong></span> <span class='ocrx_word' id='word_1_70' title='bbox 558 900 707 958; x_wconf 78' lang='lat' dir='ltr'><strong>suum</strong></span> <span class='ocrx_word' id='word_1_71' title='bbox 735 905 892 956; x_wconf 81' lang='lat' dir='ltr'><strong>donec</strong></span> <span class='ocrx_word' id='word_1_72' title='bbox 915 902 1252 969; x_wconf 85' lang='lat' dir='ltr'><strong>iuﬁrmentur.</strong></span> 
     </span>
    </p>
   </div>
   <div class='ocr_carea' id='block_1_12' title="bbox 248 971 1741 1044">
    <p class='ocr_par' dir='ltr' id='par_1_12' title="bbox 248 971 1741 1044">
     <span class='ocr_line' id='line_1_12' title="bbox 248 971 1741 1044; baseline -0.005 -12"><span class='ocrx_word' id='word_1_73' title='bbox 248 981 380 1039; x_wconf 78' lang='lat' dir='ltr'><strong>Hoc,</strong></span> <span class='ocrx_word' id='word_1_74' title='bbox 412 981 647 1044; x_wconf 84' lang='lat' dir='ltr'><strong>inquam,</strong></span> <span class='ocrx_word' id='word_1_75' title='bbox 672 975 829 1044; x_wconf 85' lang='lat' dir='ltr'><strong>modo</strong></span> <span class='ocrx_word' id='word_1_76' title='bbox 852 974 1012 1044; x_wconf 80' lang='lat' dir='ltr'><strong>molas</strong></span> <span class='ocrx_word' id='word_1_77' title='bbox 1034 973 1231 1044; x_wconf 85' lang='lat' dir='ltr'><strong>leonum</strong></span> <span class='ocrx_word' id='word_1_78' title='bbox 1252 971 1741 1044; x_wconf 75' lang='lat' dir='ltr'><strong>confringelDomi-</strong></span> 
     </span>
    </p>
   </div>
   <div class='ocr_carea' id='block_1_13' title="bbox 170 1042 1793 1116">
    <p class='ocr_par' dir='ltr' id='par_1_13' title="bbox 170 1042 1793 1116">
     <span class='ocr_line' id='line_1_13' title="bbox 170 1042 1793 1116; baseline -0.007 -13"><span class='ocrx_word' id='word_1_79' title='bbox 170 1067 291 1115; x_wconf 80' lang='lat' dir='ltr'><strong>nus,</strong></span> <span class='ocrx_word' id='word_1_80' title='bbox 326 1049 448 1116; x_wconf 87' lang='lat' dir='ltr'><strong>quia</strong></span> <span class='ocrx_word' id='word_1_81' title='bbox 479 1042 657 1099; x_wconf 81' lang='lat' dir='ltr'><strong>leones</strong></span> <span class='ocrx_word' id='word_1_82' title='bbox 686 1043 760 1097; x_wconf 82' lang='lat' dir='ltr'><strong>illi</strong></span> <span class='ocrx_word' id='word_1_83' title='bbox 793 1043 843 1116; x_wconf 85' lang='lat' dir='ltr'><strong>in</strong></span> <span class='ocrx_word' id='word_1_84' title='bbox 891 1042 1063 1116; x_wconf 83' lang='lat' dir='ltr'><strong>rugitu</strong></span> <span class='ocrx_word' id='word_1_85' title='bbox 1109 1043 1365 1116; x_wconf 80' lang='lat' dir='ltr'><strong>devenient</strong></span> <span class='ocrx_word' id='word_1_86' title='bbox 1405 1045 1472 1094; x_wconf 87' lang='lat' dir='ltr'><strong>ad</strong></span> <span class='ocrx_word' id='word_1_87' title='bbox 1500 1042 1736 1104; x_wconf 79' lang='lat' dir='ltr'><strong>nihilum,</strong></span> <span class='ocrx_word' id='word_1_88' title='bbox 1790 1048 1793 1049; x_wconf 71' lang='lat'><strong><em>&#39;</em></strong></span> 
     </span>
    </p>
   </div>
   <div class='ocr_carea' id='block_1_14' title="bbox 170 1112 1741 1179">
    <p class='ocr_par' dir='ltr' id='par_1_14' title="bbox 170 1112 1741 1179">
     <span class='ocr_line' id='line_1_14' title="bbox 170 1112 1741 1179; baseline -0.005 -8"><span class='ocrx_word' id='word_1_89' title='bbox 170 1122 222 1171; x_wconf 83' lang='lat' dir='ltr'><strong>id</strong></span> <span class='ocrx_word' id='word_1_90' title='bbox 256 1112 367 1177; x_wconf 62' lang='lat' dir='ltr'><strong>est.</strong></span> <span class='ocrx_word' id='word_1_91' title='bbox 407 1116 679 1178; x_wconf 81' lang='lat' dir='ltr'><strong>deﬁcient,</strong></span> <span class='ocrx_word' id='word_1_92' title='bbox 723 1114 907 1168; x_wconf 86' lang='lat' dir='ltr'><strong>ethoc</strong></span> <span class='ocrx_word' id='word_1_93' title='bbox 950 1112 1020 1164; x_wconf 91' lang='lat' dir='ltr'><strong>ita</strong></span> <span class='ocrx_word' id='word_1_94' title='bbox 1062 1113 1313 1167; x_wconf 85' lang='lat' dir='ltr'><strong>velociter</strong></span> <span class='ocrx_word' id='word_1_95' title='bbox 1339 1122 1576 1179; x_wconf 84' lang='lat' dir='ltr'><strong>tanquam</strong></span> <span class='ocrx_word' id='word_1_96' title='bbox 1608 1127 1741 1178; x_wconf 83' lang='lat' dir='ltr'><strong>aqua</strong></span> 
     </span>
    </p>
   </div>
   <div class='ocr_carea' id='block_1_15' title="bbox 171 1182 1741 1252">
    <p class='ocr_par' dir='ltr' id='par_1_15' title="bbox 171 1182 1741 1252">
     <span class='ocr_line' id='line_1_15' title="bbox 171 1182 1741 1252; baseline -0.006 -11"><span class='ocrx_word' id='word_1_97' title='bbox 171 1191 451 1241; x_wconf 81' lang='lat' dir='ltr'><strong>decurrens</strong></span> <span class='ocrx_word' id='word_1_98' title='bbox 472 1185 686 1239; x_wconf 81' lang='lat' dir='ltr'><strong>devenit</strong></span> <span class='ocrx_word' id='word_1_99' title='bbox 713 1182 778 1235; x_wconf 89' lang='lat' dir='ltr'><strong>ad</strong></span> <span class='ocrx_word' id='word_1_100' title='bbox 810 1182 1051 1234; x_wconf 85' lang='lat' dir='ltr'><strong>nihilum.</strong></span> <span class='ocrx_word' id='word_1_101' title='bbox 1096 1182 1448 1252; x_wconf 75' lang='lat' dir='ltr'><strong>Estquzedam</strong></span> <span class='ocrx_word' id='word_1_102' title='bbox 1482 1197 1613 1248; x_wconf 86' lang='lat' dir='ltr'><strong>aqua</strong></span> <span class='ocrx_word' id='word_1_103' title='bbox 1649 1182 1741 1252; x_wconf 86' lang='lat' dir='ltr'><strong>de—</strong></span> 
     </span>
    </p>
   </div>
   <div class='ocr_carea' id='block_1_16' title="bbox 174 1251 1740 1321">
    <p class='ocr_par' dir='ltr' id='par_1_16' title="bbox 174 1251 1740 1321">
     <span class='ocr_line' id='line_1_16' title="bbox 174 1251 1740 1321; baseline -0.005 -10"><span class='ocrx_word' id='word_1_104' title='bbox 174 1273 438 1320; x_wconf 79' lang='lat' dir='ltr'><strong>currens,</strong></span> <span class='ocrx_word' id='word_1_105' title='bbox 489 1264 697 1308; x_wconf 81' lang='lat' dir='ltr'><strong>torrens</strong></span> <span class='ocrx_word' id='word_1_106' title='bbox 766 1252 1000 1314; x_wconf 90' lang='lat' dir='ltr'><strong>scilicet,</strong></span> <span class='ocrx_word' id='word_1_107' title='bbox 1044 1266 1162 1321; x_wconf 75' lang='lat' dir='ltr'><strong>qua:</strong></span> <span class='ocrx_word' id='word_1_108' title='bbox 1224 1251 1740 1321; x_wconf 10' lang='lat' dir='ltr'><strong>pluvialibusraquis</strong></span> 
     </span>
    </p>
   </div>
   <div class='ocr_carea' id='block_1_17' title="bbox 168 1320 1741 1388">
    <p class='ocr_par' dir='ltr' id='par_1_17' title="bbox 168 1320 1741 1388">
     <span class='ocr_line' id='line_1_17' title="bbox 168 1320 1741 1388; baseline -0.004 -9"><span class='ocrx_word' id='word_1_109' title='bbox 168 1341 422 1381; x_wconf 75' lang='lat' dir='ltr'><strong>crescere</strong></span> <span class='ocrx_word' id='word_1_110' title='bbox 450 1327 606 1387; x_wconf 84' lang='lat' dir='ltr'><strong>solet,</strong></span> <span class='ocrx_word' id='word_1_111' title='bbox 634 1322 729 1378; x_wconf 80' lang='lat' dir='ltr'><strong>sed</strong></span> <span class='ocrx_word' id='word_1_112' title='bbox 762 1323 909 1375; x_wconf 84' lang='lat' dir='ltr'><strong>brevi</strong></span> <span class='ocrx_word' id='word_1_113' title='bbox 952 1322 1182 1375; x_wconf 81' lang='lat' dir='ltr'><strong>viatores</strong></span> <span class='ocrx_word' id='word_1_114' title='bbox 1210 1322 1452 1388; x_wconf 89' lang='lat' dir='ltr'><strong>impedit,</strong></span> <span class='ocrx_word' id='word_1_115' title='bbox 1485 1320 1606 1388; x_wconf 85' lang='lat' dir='ltr'><strong>quia</strong></span> <span class='ocrx_word' id='word_1_116' title='bbox 1636 1322 1741 1373; x_wconf 87' lang='lat' dir='ltr'><strong>cito</strong></span> 
     </span>
    </p>
   </div>
   <div class='ocr_carea' id='block_1_18' title="bbox 172 1390 1738 1460">
    <p class='ocr_par' dir='ltr' id='par_1_18' title="bbox 172 1390 1738 1460">
     <span class='ocr_line' id='line_1_18' title="bbox 172 1390 1738 1460; baseline -0.007 -9"><span class='ocrx_word' id='word_1_117' title='bbox 172 1398 395 1460; x_wconf 80' lang='lat' dir='ltr'><strong>deﬁcit;</strong></span> <span class='ocrx_word' id='word_1_118' title='bbox 428 1397 504 1449; x_wconf 87' lang='lat' dir='ltr'><strong>sic</strong></span> <span class='ocrx_word' id='word_1_119' title='bbox 548 1405 601 1448; x_wconf 85' lang='lat' dir='ltr'><strong>et</strong></span> <span class='ocrx_word' id='word_1_120' title='bbox 647 1395 867 1447; x_wconf 76' lang='lat' dir='ltr'><strong>istorum</strong></span> <span class='ocrx_word' id='word_1_121' title='bbox 914 1390 1116 1444; x_wconf 69' lang='grc' dir='ltr'><strong>ειυνίιίει</strong></span> <span class='ocrx_word' id='word_1_122' title='bbox 1160 1406 1435 1459; x_wconf 65' lang='lat' dir='ltr'><strong>praecones</strong></span> <span class='ocrx_word' id='word_1_123' title='bbox 1480 1391 1738 1454; x_wconf 80' lang='lat' dir='ltr'><strong>veritatis,</strong></span> 
     </span>
    </p>
   </div>
   <div class='ocr_carea' id='block_1_19' title="bbox 170 1460 1738 1535">
    <p class='ocr_par' dir='ltr' id='par_1_19' title="bbox 170 1460 1738 1535">
     <span class='ocr_line' id='line_1_19' title="bbox 170 1460 1738 1535; baseline -0.004 -17"><span class='ocrx_word' id='word_1_124' title='bbox 170 1470 262 1535; x_wconf 84' lang='lat' dir='ltr'><strong>qui</strong></span> <span class='ocrx_word' id='word_1_125' title='bbox 295 1474 424 1520; x_wconf 84' lang='lat' dir='ltr'><strong>sunt</strong></span> <span class='ocrx_word' id='word_1_126' title='bbox 463 1466 692 1519; x_wconf 77' lang='lat' dir='ltr'><strong>viatores</strong></span> <span class='ocrx_word' id='word_1_127' title='bbox 722 1464 787 1535; x_wconf 84' lang='lat' dir='ltr'><strong>ad</strong></span> <span class='ocrx_word' id='word_1_128' title='bbox 832 1460 1051 1535; x_wconf 85' lang='lat' dir='ltr'><strong>patriam</strong></span> <span class='ocrx_word' id='word_1_129' title='bbox 1101 1463 1380 1535; x_wconf 76' lang='lat' dir='ltr'><strong>tendentes</strong></span> <span class='ocrx_word' id='word_1_130' title='bbox 1420 1469 1738 1535; x_wconf 73' lang='lat' dir='ltr'><strong>remoratur,</strong></span> 
     </span>
    </p>
   </div>
   <div class='ocr_carea' id='block_1_20' title="bbox 176 1531 1740 1602">
    <p class='ocr_par' dir='ltr' id='par_1_20' title="bbox 176 1531 1740 1602">
     <span class='ocr_line' id='line_1_20' title="bbox 176 1531 1740 1602; baseline -0.006 -13"><span class='ocrx_word' id='word_1_131' title='bbox 176 1531 365 1602; x_wconf 74' lang='lat' dir='ltr'><strong>parum</strong></span> <span class='ocrx_word' id='word_1_132' title='bbox 414 1545 612 1595; x_wconf 86' lang='lat' dir='ltr'><strong>tamen,</strong></span> <span class='ocrx_word' id='word_1_133' title='bbox 647 1533 766 1601; x_wconf 85' lang='lat' dir='ltr'><strong>quia</strong></span> <span class='ocrx_word' id='word_1_134' title='bbox 808 1534 913 1584; x_wconf 90' lang='lat' dir='ltr'><strong>cito</strong></span> <span class='ocrx_word' id='word_1_135' title='bbox 958 1539 1264 1602; x_wconf 80' lang='lat' dir='ltr'><strong>evacuatur.</strong></span> <span class='ocrx_word' id='word_1_136' title='bbox 1294 1531 1605 1602; x_wconf 84' lang='lat' dir='ltr'><strong>_Devenient,</strong></span> <span class='ocrx_word' id='word_1_137' title='bbox 1661 1532 1740 1581; x_wconf 83' lang='lat' dir='ltr'><strong>in-</strong></span> 
     </span>
    </p>
   </div>
   <div class='ocr_carea' id='block_1_21' title="bbox 174 1599 1741 1674">
    <p class='ocr_par' dir='ltr' id='par_1_21' title="bbox 174 1599 1741 1674">
     <span class='ocr_line' id='line_1_21' title="bbox 174 1599 1741 1674; baseline -0.003 -19"><span class='ocrx_word' id='word_1_138' title='bbox 174 1599 356 1674; x_wconf 70' lang='lat' dir='ltr'><strong>quam,</strong></span> <span class='ocrx_word' id='word_1_139' title='bbox 388 1605 454 1659; x_wconf 90' lang='lat' dir='ltr'><strong>ad</strong></span> <span class='ocrx_word' id='word_1_140' title='bbox 486 1599 721 1665; x_wconf 83' lang='lat' dir='ltr'><strong>nihilum,</strong></span> <span class='ocrx_word' id='word_1_141' title='bbox 750 1612 804 1655; x_wconf 93' lang='lat' dir='ltr'><strong>et</strong></span> <span class='ocrx_word' id='word_1_142' title='bbox 834 1603 941 1674; x_wconf 75' lang='lat' dir='ltr'><strong>Itoc</strong></span> <span class='ocrx_word' id='word_1_143' title='bbox 970 1602 1109 1665; x_wconf 84' lang='lat' dir='ltr'><strong>ideo,</strong></span> <span class='ocrx_word' id='word_1_144' title='bbox 1138 1601 1263 1674; x_wconf 83' lang='lat' dir='ltr'><strong>quia</strong></span> <span class='ocrx_word' id='word_1_145' title='bbox 1293 1599 1547 1674; x_wconf 73' lang='lat' dir='ltr'><strong>Domitius</strong></span> <span class='ocrx_word' id='word_1_146' title='bbox 1575 1602 1741 1674; x_wconf 75' lang='lat' dir='ltr'><strong>inten-</strong></span> 
     </span>
    </p>
   </div>
   <div class='ocr_carea' id='block_1_22' title="bbox 174 1668 1737 1737">
    <p class='ocr_par' dir='ltr' id='par_1_22' title="bbox 174 1668 1737 1737">
     <span class='ocr_line' id='line_1_22' title="bbox 174 1668 1737 1737; baseline -0.005 -10"><span class='ocrx_word' id='word_1_147' title='bbox 174 1668 250 1727; x_wconf 81' lang='lat' dir='ltr'><strong>dit</strong></span> <span class='ocrx_word' id='word_1_148' title='bbox 293 1681 374 1730; x_wconf 89' lang='lat' dir='ltr'><strong>eis</strong></span> <span class='ocrx_word' id='word_1_149' title='bbox 415 1689 592 1727; x_wconf 90' lang='lat' dir='ltr'><strong>arcum</strong></span> <span class='ocrx_word' id='word_1_150' title='bbox 619 1688 789 1731; x_wconf 86' lang='lat' dir='ltr'><strong>suum,</strong></span> <span class='ocrx_word' id='word_1_151' title='bbox 833 1671 881 1723; x_wconf 92' lang='lat' dir='ltr'><strong>id</strong></span> <span class='ocrx_word' id='word_1_152' title='bbox 930 1679 1031 1737; x_wconf 88' lang='lat' dir='ltr'><strong>est,</strong></span> <span class='ocrx_word' id='word_1_153' title='bbox 1079 1672 1247 1722; x_wconf 87' lang='lat' dir='ltr'><strong>minas</strong></span> <span class='ocrx_word' id='word_1_154' title='bbox 1293 1684 1415 1723; x_wconf 86' lang='lat' dir='ltr'><strong>suas</strong></span> <span class='ocrx_word' id='word_1_155' title='bbox 1458 1672 1524 1724; x_wconf 92' lang='lat' dir='ltr'><strong>de</strong></span> <span class='ocrx_word' id='word_1_156' title='bbox 1569 1668 1737 1722; x_wconf 79' lang='lat' dir='ltr'><strong>futura</strong></span> 
     </span>
    </p>
   </div>
   <div class='ocr_carea' id='block_1_23' title="bbox 1836 483 3403 552">
    <p class='ocr_par' dir='ltr' id='par_1_23' title="bbox 1836 483 3403 552">
     <span class='ocr_line' id='line_1_23' title="bbox 1836 483 3403 552; baseline -0.001 -14"><span class='ocrx_word' id='word_1_157' title='bbox 1836 500 1990 547; x_wconf 84' lang='lat' dir='ltr'><strong>eum,</strong></span> <span class='ocrx_word' id='word_1_158' title='bbox 2020 485 2139 552; x_wconf 88' lang='lat' dir='ltr'><strong>quia</strong></span> <span class='ocrx_word' id='word_1_159' title='bbox 2170 484 2237 538; x_wconf 91' lang='lat' dir='ltr'><strong>de</strong></span> <span class='ocrx_word' id='word_1_160' title='bbox 2265 499 2330 538; x_wconf 89' lang='lat' dir='ltr'><strong>co</strong></span> <span class='ocrx_word' id='word_1_161' title='bbox 2359 485 2554 537; x_wconf 86' lang='lat' dir='ltr'><strong>dictum</strong></span> <span class='ocrx_word' id='word_1_162' title='bbox 2596 493 2678 539; x_wconf 88' lang='lat' dir='ltr'><strong>est</strong></span> <span class='ocrx_word' id='word_1_163' title='bbox 2708 502 2721 539; x_wconf 91' lang='lat'><strong>:</strong></span> <span class='ocrx_word' id='word_1_164' title='bbox 2752 493 2805 537; x_wconf 87' lang='lat' dir='ltr'><strong>tu</strong></span> <span class='ocrx_word' id='word_1_165' title='bbox 2826 526 2840 551; x_wconf 93' lang='lat'><strong>,</strong></span> <span class='ocrx_word' id='word_1_166' title='bbox 2875 483 3118 549; x_wconf 82' lang='lat' dir='ltr'><strong>Domine,</strong></span> <span class='ocrx_word' id='word_1_167' title='bbox 3151 483 3403 548; x_wconf 74' lang='lat' dir='ltr'><strong>Sabaoth,</strong></span> 
     </span>
    </p>
   </div>
   <div class='ocr_carea' id='block_1_24' title="bbox 1835 555 2778 622">
    <p class='ocr_par' dir='ltr' id='par_1_24' title="bbox 1835 555 2778 622">
     <span class='ocr_line' id='line_1_24' title="bbox 1835 555 2778 622; baseline -0.002 -13"><span class='ocrx_word' id='word_1_168' title='bbox 1835 556 2005 609; x_wconf 76' lang='lat' dir='ltr'><strong>omnia</strong></span> <span class='ocrx_word' id='word_1_169' title='bbox 2032 571 2144 605; x_wconf 89' lang='lat' dir='ltr'><strong>cum</strong></span> <span class='ocrx_word' id='word_1_170' title='bbox 2175 555 2535 620; x_wconf 82' lang='lat' dir='ltr'><strong>tranquillitate</strong></span> <span class='ocrx_word' id='word_1_171' title='bbox 2556 556 2778 622; x_wconf 71' lang='lat' dir='ltr'><strong>iudicas.</strong></span> 
     </span>
    </p>
   </div>
   <div class='ocr_carea' id='block_1_25' title="bbox 1910 623 3429 693">
    <p class='ocr_par' dir='ltr' id='par_1_25' title="bbox 1910 623 3429 693">
     <span class='ocr_line' id='line_1_25' title="bbox 1910 623 3429 693; baseline -0.002 -16"><span class='ocrx_word' id='word_1_172' title='bbox 1910 623 2185 677; x_wconf 65' lang='lat' dir='ltr'><strong>Laetabitur</strong></span> <span class='ocrx_word' id='word_1_173' title='bbox 2204 627 2395 693; x_wconf 84' lang='lat' dir='ltr'><strong>justus.</strong></span> <span class='ocrx_word' id='word_1_174' title='bbox 2420 624 2579 690; x_wconf 82' lang='lat' dir='ltr'><strong>Quasi</strong></span> <span class='ocrx_word' id='word_1_175' title='bbox 2602 624 2744 678; x_wconf 79' lang='lat' dir='ltr'><strong>dicat</strong></span> <span class='ocrx_word' id='word_1_176' title='bbox 2766 641 2779 676; x_wconf 86' lang='lat'><strong>:</strong></span> <span class='ocrx_word' id='word_1_177' title='bbox 2807 625 2957 692; x_wconf 87' lang='lat' dir='ltr'><strong>Quod</strong></span> <span class='ocrx_word' id='word_1_178' title='bbox 2983 625 3113 678; x_wconf 82' lang='lat' dir='ltr'><strong>tales</strong></span> <span class='ocrx_word' id='word_1_179' title='bbox 3136 625 3267 676; x_wconf 89' lang='lat' dir='ltr'><strong>sicut</strong></span> <span class='ocrx_word' id='word_1_180' title='bbox 3286 639 3429 675; x_wconf 19' lang='lat' dir='ltr'><strong>cera.</strong></span> 
     </span>
    </p>
   </div>
   <div class='ocr_carea' id='block_1_26' title="bbox 1838 693 3406 763">
    <p class='ocr_par' dir='ltr' id='par_1_26' title="bbox 1838 693 3406 763">
     <span class='ocr_line' id='line_1_26' title="bbox 1838 693 3406 763; baseline -0.002 -16"><span class='ocrx_word' id='word_1_181' title='bbox 1838 694 2153 760; x_wconf 76' lang='lat' dir='ltr'><strong>auferantur,</strong></span> <span class='ocrx_word' id='word_1_182' title='bbox 2199 705 2249 747; x_wconf 88' lang='lat' dir='ltr'><strong>et</strong></span> <span class='ocrx_word' id='word_1_183' title='bbox 2297 694 2363 748; x_wconf 83' lang='lat' dir='ltr'><strong>ab</strong></span> <span class='ocrx_word' id='word_1_184' title='bbox 2401 693 2521 763; x_wconf 83' lang='lat' dir='ltr'><strong>igne</strong></span> <span class='ocrx_word' id='word_1_185' title='bbox 2558 694 2929 757; x_wconf 82' lang='lat' dir='ltr'><strong>absorbentur,</strong></span> <span class='ocrx_word' id='word_1_186' title='bbox 2971 694 3225 758; x_wconf 88' lang='lat' dir='ltr'><strong>permittit</strong></span> <span class='ocrx_word' id='word_1_187' title='bbox 3265 693 3406 763; x_wconf 76' lang='lat' dir='ltr'><strong>Deus</strong></span> 
     </span>
    </p>
   </div>
   <div class='ocr_carea' id='block_1_27' title="bbox 1837 762 3479 831">
    <p class='ocr_par' dir='ltr' id='par_1_27' title="bbox 1837 762 3479 831">
     <span class='ocr_line' id='line_1_27' title="bbox 1837 762 3479 831; baseline -0.003 -15"><span class='ocrx_word' id='word_1_188' title='bbox 1837 764 1946 816; x_wconf 86' lang='lat' dir='ltr'><strong>suis</strong></span> <span class='ocrx_word' id='word_1_189' title='bbox 1979 780 2081 817; x_wconf 87' lang='lat' dir='ltr'><strong>non</strong></span> <span class='ocrx_word' id='word_1_190' title='bbox 2116 763 2369 816; x_wconf 89' lang='lat' dir='ltr'><strong>inutiliter</strong></span> <span class='ocrx_word' id='word_1_191' title='bbox 2399 762 2500 817; x_wconf 86' lang='lat' dir='ltr'><strong>hoc</strong></span> <span class='ocrx_word' id='word_1_192' title='bbox 2534 764 2646 817; x_wconf 91' lang='lat' dir='ltr'><strong>Iieri</strong></span> <span class='ocrx_word' id='word_1_193' title='bbox 2668 806 2681 828; x_wconf 97' lang='lat'><strong>,</strong></span> <span class='ocrx_word' id='word_1_194' title='bbox 2712 766 2832 830; x_wconf 88' lang='lat' dir='ltr'><strong>quia</strong></span> <span class='ocrx_word' id='word_1_195' title='bbox 2858 781 2971 817; x_wconf 88' lang='lat' dir='ltr'><strong>cum</strong></span> <span class='ocrx_word' id='word_1_196' title='bbox 2991 768 3162 831; x_wconf 88' lang='lat' dir='ltr'><strong>justus</strong></span> <span class='ocrx_word' id='word_1_197' title='bbox 3190 762 3401 826; x_wconf 70' lang='lat' dir='ltr'><strong>viderit,</strong></span> <span class='ocrx_word' id='word_1_198' title='bbox 3478 808 3479 811; x_wconf 45' lang='grc' dir='ltr'><strong>η</strong></span> 
     </span>
    </p>
   </div>
   <div class='ocr_carea' id='block_1_28' title="bbox 1839 832 3407 900">
    <p class='ocr_par' dir='ltr' id='par_1_28' title="bbox 1839 832 3407 900">
     <span class='ocr_line' id='line_1_28' title="bbox 1839 832 3407 900; baseline -0.003 -13"><span class='ocrx_word' id='word_1_199' title='bbox 1839 834 1889 887; x_wconf 92' lang='lat' dir='ltr'><strong>id</strong></span> <span class='ocrx_word' id='word_1_200' title='bbox 1915 843 1998 887; x_wconf 90' lang='lat' dir='ltr'><strong>est</strong></span> <span class='ocrx_word' id='word_1_201' title='bbox 2017 874 2033 899; x_wconf 94' lang='lat'><strong>,</strong></span> <span class='ocrx_word' id='word_1_202' title='bbox 2062 833 2377 889; x_wconf 76' lang='lat' dir='ltr'><strong>intellexerit</strong></span> <span class='ocrx_word' id='word_1_203' title='bbox 2403 834 2675 886; x_wconf 77' lang='lat' dir='ltr'><strong>vindictam</strong></span> <span class='ocrx_word' id='word_1_204' title='bbox 2703 834 2769 887; x_wconf 92' lang='lat' dir='ltr'><strong>de</strong></span> <span class='ocrx_word' id='word_1_205' title='bbox 2797 835 2987 888; x_wconf 87' lang='lat' dir='ltr'><strong>talibus</strong></span> <span class='ocrx_word' id='word_1_206' title='bbox 3011 833 3180 900; x_wconf 91' lang='lat' dir='ltr'><strong>sumi,</strong></span> <span class='ocrx_word' id='word_1_207' title='bbox 3210 832 3407 884; x_wconf 60' lang='lat' dir='ltr'><strong>(letabi-</strong></span> 
     </span>
    </p>
   </div>
   <div class='ocr_carea' id='block_1_29' title="bbox 1840 901 3404 968">
    <p class='ocr_par' dir='ltr' id='par_1_29' title="bbox 1840 901 3404 968">
     <span class='ocr_line' id='line_1_29' title="bbox 1840 901 3404 968; baseline -0.001 -12"><span class='ocrx_word' id='word_1_208' title='bbox 1840 914 1924 956; x_wconf 90' lang='lat' dir='ltr'><strong>tur</strong></span> <span class='ocrx_word' id='word_1_209' title='bbox 1953 919 2056 957; x_wconf 89' lang='lat' dir='ltr'><strong>non</strong></span> <span class='ocrx_word' id='word_1_210' title='bbox 2086 902 2153 958; x_wconf 91' lang='lat' dir='ltr'><strong>de</strong></span> <span class='ocrx_word' id='word_1_211' title='bbox 2184 904 2394 956; x_wconf 91' lang='lat' dir='ltr'><strong>illorum</strong></span> <span class='ocrx_word' id='word_1_212' title='bbox 2428 903 2801 968; x_wconf 88' lang='lat' dir='ltr'><strong>damnatione,</strong></span> <span class='ocrx_word' id='word_1_213' title='bbox 2833 904 2926 958; x_wconf 88' lang='lat' dir='ltr'><strong>sed</strong></span> <span class='ocrx_word' id='word_1_214' title='bbox 2966 903 3031 958; x_wconf 85' lang='lat' dir='ltr'><strong>de</strong></span> <span class='ocrx_word' id='word_1_215' title='bbox 3072 917 3166 955; x_wconf 89' lang='lat' dir='ltr'><strong>sua</strong></span> <span class='ocrx_word' id='word_1_216' title='bbox 3212 901 3404 955; x_wconf 60' lang='lat' dir='ltr'><strong>libera»</strong></span> 
     </span>
    </p>
   </div>
   <div class='ocr_carea' id='block_1_30' title="bbox 1841 973 3405 1042">
    <p class='ocr_par' dir='ltr' id='par_1_30' title="bbox 1841 973 3405 1042">
     <span class='ocr_line' id='line_1_30' title="bbox 1841 973 3405 1042; baseline -0.002 -16"><span class='ocrx_word' id='word_1_217' title='bbox 1841 975 2004 1028; x_wconf 91' lang='lat' dir='ltr'><strong>tione.</strong></span> <span class='ocrx_word' id='word_1_218' title='bbox 2037 974 2100 1027; x_wconf 85' lang='lat' dir='ltr'><strong>Et</strong></span> <span class='ocrx_word' id='word_1_219' title='bbox 2128 975 2319 1025; x_wconf 89' lang='lat' dir='ltr'><strong>merito</strong></span> <span class='ocrx_word' id='word_1_220' title='bbox 2352 973 2633 1037; x_wconf 68' lang='lat' dir='ltr'><strong>laetabitur,</strong></span> <span class='ocrx_word' id='word_1_221' title='bbox 2658 975 2778 1042; x_wconf 84' lang='lat' dir='ltr'><strong>quia</strong></span> <span class='ocrx_word' id='word_1_222' title='bbox 2822 973 3012 1029; x_wconf 85' lang='lat' dir='ltr'><strong>lavabit</strong></span> <span class='ocrx_word' id='word_1_223' title='bbox 3050 989 3231 1026; x_wconf 88' lang='lat' dir='ltr'><strong>manus</strong></span> <span class='ocrx_word' id='word_1_224' title='bbox 3260 987 3405 1034; x_wconf 85' lang='lat' dir='ltr'><strong>suus,</strong></span> 
     </span>
    </p>
   </div>
   <div class='ocr_carea' id='block_1_31' title="bbox 1839 1042 3404 1113">
    <p class='ocr_par' dir='ltr' id='par_1_31' title="bbox 1839 1042 3404 1113">
     <span class='ocr_line' id='line_1_31' title="bbox 1839 1042 3404 1113; baseline -0.003 -16"><span class='ocrx_word' id='word_1_225' title='bbox 1839 1043 1892 1097; x_wconf 91' lang='lat' dir='ltr'><strong>id</strong></span> <span class='ocrx_word' id='word_1_226' title='bbox 1924 1053 2005 1099; x_wconf 89' lang='lat' dir='ltr'><strong>est</strong></span> <span class='ocrx_word' id='word_1_227' title='bbox 2026 1085 2041 1110; x_wconf 94' lang='lat'><strong>,</strong></span> <span class='ocrx_word' id='word_1_228' title='bbox 2072 1042 2345 1113; x_wconf 88' lang='lat' dir='ltr'><strong>mundabit</strong></span> <span class='ocrx_word' id='word_1_229' title='bbox 2371 1056 2532 1110; x_wconf 86' lang='lat' dir='ltr'><strong>opera</strong></span> <span class='ocrx_word' id='word_1_230' title='bbox 2559 1058 2682 1113; x_wconf 86' lang='lat' dir='ltr'><strong>sua;</strong></span> <span class='ocrx_word' id='word_1_231' title='bbox 2724 1044 2776 1096; x_wconf 87' lang='lat' dir='ltr'><strong>in</strong></span> <span class='ocrx_word' id='word_1_232' title='bbox 2814 1044 3058 1113; x_wconf 79' lang='lat' dir='ltr'><strong>sanguine</strong></span> <span class='ocrx_word' id='word_1_233' title='bbox 3088 1043 3367 1113; x_wconf 70' lang='lat' dir='ltr'><strong>peccatoris</strong></span> <span class='ocrx_word' id='word_1_234' title='bbox 3388 1083 3404 1102; x_wconf 89' lang='lat'><strong>,</strong></span> 
     </span>
    </p>
   </div>
   <div class='ocr_carea' id='block_1_32' title="bbox 1840 1111 3408 1180">
    <p class='ocr_par' dir='ltr' id='par_1_32' title="bbox 1840 1111 3408 1180">
     <span class='ocr_line' id='line_1_32' title="bbox 1840 1111 3408 1180; baseline -0.003 -14"><span class='ocrx_word' id='word_1_235' title='bbox 1840 1113 1890 1166; x_wconf 92' lang='lat' dir='ltr'><strong>id</strong></span> <span class='ocrx_word' id='word_1_236' title='bbox 1922 1124 2022 1177; x_wconf 76' lang='lat' dir='ltr'><strong>cst,</strong></span> <span class='ocrx_word' id='word_1_237' title='bbox 2058 1114 2108 1165; x_wconf 90' lang='lat' dir='ltr'><strong>in</strong></span> <span class='ocrx_word' id='word_1_238' title='bbox 2135 1112 2560 1166; x_wconf 84' lang='lat' dir='ltr'><strong>consideratione</strong></span> <span class='ocrx_word' id='word_1_239' title='bbox 2591 1111 2943 1167; x_wconf 81' lang='lat' dir='ltr'><strong>damnationis</strong></span> <span class='ocrx_word' id='word_1_240' title='bbox 2973 1112 3285 1180; x_wconf 86' lang='lat' dir='ltr'><strong>peccatoris.</strong></span> <span class='ocrx_word' id='word_1_241' title='bbox 3322 1111 3408 1163; x_wconf 79' lang='lat' dir='ltr'><strong>Di-</strong></span> 
     </span>
    </p>
   </div>
   <div class='ocr_carea' id='block_1_33' title="bbox 1840 1181 3409 1251">
    <p class='ocr_par' dir='ltr' id='par_1_33' title="bbox 1840 1181 3409 1251">
     <span class='ocr_line' id='line_1_33' title="bbox 1840 1181 3409 1251; baseline -0.004 -13"><span class='ocrx_word' id='word_1_242' title='bbox 1840 1184 1915 1238; x_wconf 87' lang='lat' dir='ltr'><strong>cit</strong></span> <span class='ocrx_word' id='word_1_243' title='bbox 1957 1188 2096 1237; x_wconf 88' lang='lat' dir='ltr'><strong>enim</strong></span> <span class='ocrx_word' id='word_1_244' title='bbox 2143 1182 2424 1245; x_wconf 85' lang='lat' dir='ltr'><strong>Salomon,</strong></span> <span class='ocrx_word' id='word_1_245' title='bbox 2467 1182 2621 1249; x_wconf 85' lang='lat' dir='ltr'><strong>quia,</strong></span> <span class='ocrx_word' id='word_1_246' title='bbox 2667 1183 2926 1251; x_wconf 73' lang='lat' dir='ltr'><strong>flagellato</strong></span> <span class='ocrx_word' id='word_1_247' title='bbox 2976 1182 3156 1243; x_wconf 84' lang='lat' dir='ltr'><strong>stulto,</strong></span> <span class='ocrx_word' id='word_1_248' title='bbox 3205 1181 3409 1246; x_wconf 75' lang='lat' dir='ltr'><strong>sapiens</strong></span> 
     </span>
    </p>
   </div>
   <div class='ocr_carea' id='block_1_34' title="bbox 1840 1251 3410 1317">
    <p class='ocr_par' dir='ltr' id='par_1_34' title="bbox 1840 1251 3410 1317">
     <span class='ocr_line' id='line_1_34' title="bbox 1840 1251 3410 1317; baseline -0.003 -12"><span class='ocrx_word' id='word_1_249' title='bbox 1840 1254 2052 1306; x_wconf 81' lang='lat' dir='ltr'><strong>astutior</strong></span> <span class='ocrx_word' id='word_1_250' title='bbox 2097 1254 2211 1305; x_wconf 88' lang='lat' dir='ltr'><strong>erit.</strong></span> <span class='ocrx_word' id='word_1_251' title='bbox 2263 1252 2328 1303; x_wconf 79' lang='lat' dir='ltr'><strong>Et</strong></span> <span class='ocrx_word' id='word_1_252' title='bbox 2376 1263 2498 1305; x_wconf 91' lang='lat' dir='ltr'><strong>tunc</strong></span> <span class='ocrx_word' id='word_1_253' title='bbox 2541 1252 2724 1317; x_wconf 87' lang='lat' dir='ltr'><strong>homo,</strong></span> <span class='ocrx_word' id='word_1_254' title='bbox 2772 1253 2819 1305; x_wconf 92' lang='lat' dir='ltr'><strong>id</strong></span> <span class='ocrx_word' id='word_1_255' title='bbox 2872 1262 2988 1317; x_wconf 86' lang='lat' dir='ltr'><strong>est,</strong></span> <span class='ocrx_word' id='word_1_256' title='bbox 3036 1266 3160 1305; x_wconf 82' lang='lat' dir='ltr'><strong>vere</strong></span> <span class='ocrx_word' id='word_1_257' title='bbox 3205 1251 3410 1303; x_wconf 81' lang='lat' dir='ltr'><strong>ratione</strong></span> 
     </span>
    </p>
   </div>
   <div class='ocr_carea' id='block_1_35' title="bbox 1841 1320 3408 1387">
    <p class='ocr_par' dir='ltr' id='par_1_35' title="bbox 1841 1320 3408 1387">
     <span class='ocr_line' id='line_1_35' title="bbox 1841 1320 3408 1387; baseline -0.003 -12"><span class='ocrx_word' id='word_1_258' title='bbox 1841 1336 2013 1381; x_wconf 81' lang='lat' dir='ltr'><strong>u&#39;eus.</strong></span> <span class='ocrx_word' id='word_1_259' title='bbox 2059 1324 2232 1375; x_wconf 86' lang='lat' dir='ltr'><strong>dicit:</strong></span> <span class='ocrx_word' id='word_1_260' title='bbox 2266 1321 2467 1387; x_wconf 80' lang='lat' dir='ltr'><strong>Utique,</strong></span> <span class='ocrx_word' id='word_1_261' title='bbox 2522 1322 2571 1373; x_wconf 89' lang='lat' dir='ltr'><strong>id</strong></span> <span class='ocrx_word' id='word_1_262' title='bbox 2614 1330 2716 1386; x_wconf 86' lang='lat' dir='ltr'><strong>est,</strong></span> <span class='ocrx_word' id='word_1_263' title='bbox 2766 1336 2947 1375; x_wconf 80' lang='lat' dir='ltr'><strong>revera</strong></span> <span class='ocrx_word' id='word_1_264' title='bbox 2994 1321 3037 1374; x_wconf 91' lang='lat' dir='ltr'><strong>si</strong></span> <span class='ocrx_word' id='word_1_265' title='bbox 3088 1336 3189 1374; x_wconf 91' lang='lat' dir='ltr'><strong>non</strong></span> <span class='ocrx_word' id='word_1_266' title='bbox 3236 1320 3408 1373; x_wconf 81' lang='lat' dir='ltr'><strong>solum</strong></span> 
     </span>
    </p>
   </div>
   <div class='ocr_carea' id='block_1_36' title="bbox 1839 1389 3410 1457">
    <p class='ocr_par' dir='ltr' id='par_1_36' title="bbox 1839 1389 3410 1457">
     <span class='ocr_line' id='line_1_36' title="bbox 1839 1389 3410 1457; baseline -0.004 -10"><span class='ocrx_word' id='word_1_267' title='bbox 1839 1403 2175 1447; x_wconf 86' lang='lat' dir='ltr'><strong>reservantur</strong></span> <span class='ocrx_word' id='word_1_268' title='bbox 2226 1398 2420 1444; x_wconf 70' lang='lat' dir='ltr'><strong>arteriia</strong></span> <span class='ocrx_word' id='word_1_269' title='bbox 2479 1396 2693 1457; x_wconf 59' lang='lat' dir='ltr'><strong>praemia</strong></span> <span class='ocrx_word' id='word_1_270' title='bbox 2739 1391 2896 1457; x_wconf 63' lang='lat' dir='ltr'><strong>ju-‘tis</strong></span> <span class='ocrx_word' id='word_1_271' title='bbox 2943 1392 2993 1443; x_wconf 91' lang='lat' dir='ltr'><strong>in</strong></span> <span class='ocrx_word' id='word_1_272' title='bbox 3048 1389 3259 1454; x_wconf 84' lang='lat' dir='ltr'><strong>futuro,</strong></span> <span class='ocrx_word' id='word_1_273' title='bbox 3315 1392 3410 1442; x_wconf 86' lang='lat' dir='ltr'><strong>sed</strong></span> 
     </span>
    </p>
   </div>
   <div class='ocr_carea' id='block_1_37' title="bbox 1840 1460 3410 1529">
    <p class='ocr_par' dir='ltr' id='par_1_37' title="bbox 1840 1460 3410 1529">
     <span class='ocr_line' id='line_1_37' title="bbox 1840 1460 3410 1529; baseline -0.003 -13"><span class='ocrx_word' id='word_1_274' title='bbox 1840 1466 1998 1516; x_wconf 88' lang='lat' dir='ltr'><strong>etiam</strong></span> <span class='ocrx_word' id='word_1_275' title='bbox 2030 1464 2082 1516; x_wconf 91' lang='lat' dir='ltr'><strong>in</strong></span> <span class='ocrx_word' id='word_1_276' title='bbox 2115 1465 2358 1529; x_wconf 70' lang='lat' dir='ltr'><strong>prmsenti</strong></span> <span class='ocrx_word' id='word_1_277' title='bbox 2388 1461 2581 1529; x_wconf 77' lang='lat' dir='ltr'><strong>[ructus</strong></span> <span class='ocrx_word' id='word_1_278' title='bbox 2608 1477 2634 1513; x_wconf 91' lang='lat' dir='ltr'><strong>e</strong></span> <span class='ocrx_word' id='word_1_279' title='bbox 2664 1462 2860 1527; x_wconf 77' lang='lat' dir='ltr'><strong>tjttsto,</strong></span> <span class='ocrx_word' id='word_1_280' title='bbox 2895 1460 3126 1520; x_wconf 78' lang='lat' dir='ltr'><strong>Scilicet,</strong></span> <span class='ocrx_word' id='word_1_281' title='bbox 3158 1469 3212 1511; x_wconf 93' lang='lat' dir='ltr'><strong>ut</strong></span> <span class='ocrx_word' id='word_1_282' title='bbox 3236 1460 3410 1526; x_wconf 86' lang='lat' dir='ltr'><strong>justus</strong></span> 
     </span>
    </p>
   </div>
   <div class='ocr_carea' id='block_1_38' title="bbox 1837 1529 3409 1600">
    <p class='ocr_par' dir='ltr' id='par_1_38' title="bbox 1837 1529 3409 1600">
     <span class='ocr_line' id='line_1_38' title="bbox 1837 1529 3409 1600; baseline -0.001 -15"><span class='ocrx_word' id='word_1_283' title='bbox 1837 1533 2031 1600; x_wconf 85' lang='lat' dir='ltr'><strong>justior</strong></span> <span class='ocrx_word' id='word_1_284' title='bbox 2058 1534 2148 1585; x_wconf 86' lang='lat' dir='ltr'><strong>liat</strong></span> <span class='ocrx_word' id='word_1_285' title='bbox 2178 1540 2322 1585; x_wconf 89' lang='lat' dir='ltr'><strong>tunc.</strong></span> <span class='ocrx_word' id='word_1_286' title='bbox 2362 1529 2578 1599; x_wconf 85' lang='lat' dir='ltr'><strong>Utique,</strong></span> <span class='ocrx_word' id='word_1_287' title='bbox 2612 1531 2659 1583; x_wconf 91' lang='lat' dir='ltr'><strong>id</strong></span> <span class='ocrx_word' id='word_1_288' title='bbox 2692 1542 2802 1592; x_wconf 89' lang='lat' dir='ltr'><strong>est,</strong></span> <span class='ocrx_word' id='word_1_289' title='bbox 2853 1544 3035 1583; x_wconf 82' lang='lat' dir='ltr'><strong>revera</strong></span> <span class='ocrx_word' id='word_1_290' title='bbox 3070 1529 3251 1600; x_wconf 83' lang='lat' dir='ltr'><strong>injusti</strong></span> <span class='ocrx_word' id='word_1_291' title='bbox 3305 1542 3409 1583; x_wconf 88' lang='lat' dir='ltr'><strong>non</strong></span> 
     </span>
    </p>
   </div>
   <div class='ocr_carea' id='block_1_39' title="bbox 1840 1598 3408 1666">
    <p class='ocr_par' dir='ltr' id='par_1_39' title="bbox 1840 1598 3408 1666">
     <span class='ocr_line' id='line_1_39' title="bbox 1840 1598 3408 1666; baseline -0.006 -9"><span class='ocrx_word' id='word_1_292' title='bbox 1840 1598 2010 1657; x_wconf 73' lang='lat' dir='ltr'><strong>solum</strong></span> <span class='ocrx_word' id='word_1_293' title='bbox 2041 1602 2433 1655; x_wconf 85' lang='lat' dir='ltr'><strong>damnabuntur</strong></span> <span class='ocrx_word' id='word_1_294' title='bbox 2465 1598 2527 1653; x_wconf 7' lang='lat' dir='ltr'><strong>fin</strong></span> <span class='ocrx_word' id='word_1_295' title='bbox 2572 1601 2767 1666; x_wconf 72' lang='lat' dir='ltr'><strong>futuro,</strong></span> <span class='ocrx_word' id='word_1_296' title='bbox 2812 1600 2902 1653; x_wconf 85' lang='lat' dir='ltr'><strong>sed</strong></span> <span class='ocrx_word' id='word_1_297' title='bbox 2945 1600 3104 1653; x_wconf 85' lang='lat' dir='ltr'><strong>etiam</strong></span> <span class='ocrx_word' id='word_1_298' title='bbox 3153 1598 3289 1652; x_wconf 86' lang='lat' dir='ltr'><strong>Deus</strong></span> <span class='ocrx_word' id='word_1_299' title='bbox 3331 1609 3408 1651; x_wconf 81' lang='lat' dir='ltr'><strong>est</strong></span> 
     </span>
    </p>
   </div>
   <div class='ocr_carea' id='block_1_40' title="bbox 1840 1669 3411 1743">
    <p class='ocr_par' dir='ltr' id='par_1_40' title="bbox 1840 1669 3411 1743">
     <span class='ocr_line' id='line_1_40' title="bbox 1840 1669 3411 1743; baseline -0.004 -18"><span class='ocrx_word' id='word_1_300' title='bbox 1840 1673 2130 1743; x_wconf 86' lang='lat' dir='ltr'><strong>dijudicans</strong></span> <span class='ocrx_word' id='word_1_301' title='bbox 2160 1688 2264 1743; x_wconf 80' lang='lat' dir='ltr'><strong>eos,</strong></span> <span class='ocrx_word' id='word_1_302' title='bbox 2309 1670 2358 1743; x_wconf 80' lang='lat' dir='ltr'><strong>i_tI</strong></span> <span class='ocrx_word' id='word_1_303' title='bbox 2389 1679 2498 1743; x_wconf 68' lang='lat' dir='ltr'><strong>est,</strong></span> <span class='ocrx_word' id='word_1_304' title='bbox 2532 1672 2787 1743; x_wconf 83' lang='lat' dir='ltr'><strong>damnans</strong></span> <span class='ocrx_word' id='word_1_305' title='bbox 2815 1687 2923 1729; x_wconf 80' lang='lat' dir='ltr'><strong>ros,</strong></span> <span class='ocrx_word' id='word_1_306' title='bbox 2943 1669 3185 1743; x_wconf 24' lang='lat' dir='ltr'><strong>Asitilicet,</strong></span> <span class='ocrx_word' id='word_1_307' title='bbox 3233 1678 3289 1743; x_wconf 81' lang='lat' dir='ltr'><strong>ut</strong></span> <span class='ocrx_word' id='word_1_308' title='bbox 3318 1669 3411 1743; x_wconf 73' lang='lat' dir='ltr'><strong>jn-</strong></span> 
     </span>
    </p>
   </div>
   <div class='ocr_carea' id='block_1_41' title="bbox 175 1736 3411 1811">
    <p class='ocr_par' dir='ltr' id='par_1_41' title="bbox 175 1736 3411 1811">
     <span class='ocr_line' id='line_1_41' title="bbox 175 1736 3411 1811; baseline -0.002 -13"><span class='ocrx_word' id='word_1_309' title='bbox 175 1746 523 1798; x_wconf 80' lang='lat' dir='ltr'><strong>damnatione</strong></span> <span class='ocrx_word' id='word_1_310' title='bbox 554 1759 647 1811; x_wconf 89' lang='lat' dir='ltr'><strong>per</strong></span> <span class='ocrx_word' id='word_1_311' title='bbox 689 1742 991 1808; x_wconf 87' lang='lat' dir='ltr'><strong>Scripturas</strong></span> <span class='ocrx_word' id='word_1_312' title='bbox 1016 1736 1099 1811; x_wconf 78' lang='lat' dir='ltr'><strong>et</strong></span> <span class='ocrx_word' id='word_1_313' title='bbox 1138 1755 1230 1805; x_wconf 89' lang='lat' dir='ltr'><strong>per</strong></span> <span class='ocrx_word' id='word_1_314' title='bbox 1259 1755 1531 1811; x_wconf 73' lang='lat' dir='ltr'><strong>prtecones</strong></span> <span class='ocrx_word' id='word_1_315' title='bbox 1573 1754 1732 1803; x_wconf 88' lang='lat' dir='ltr'><strong>suos;</strong></span> <span class='ocrx_word' id='word_1_316' title='bbox 1768 1745 1811 1804; x_wconf 76' lang='grc' dir='ltr'><strong>Β</strong></span> <span class='ocrx_word' id='word_1_317' title='bbox 1835 1736 2008 1810; x_wconf 79' lang='lat' dir='ltr'><strong>justus</strong></span> <span class='ocrx_word' id='word_1_318' title='bbox 2038 1741 2282 1809; x_wconf 81' lang='lat' dir='ltr'><strong>injustior</strong></span> <span class='ocrx_word' id='word_1_319' title='bbox 2312 1740 2402 1794; x_wconf 86' lang='lat' dir='ltr'><strong>liat</strong></span> <span class='ocrx_word' id='word_1_320' title='bbox 2430 1740 2481 1792; x_wconf 89' lang='lat' dir='ltr'><strong>in</strong></span> <span class='ocrx_word' id='word_1_321' title='bbox 2511 1751 2677 1803; x_wconf 85' lang='lat' dir='ltr'><strong>terra,</strong></span> <span class='ocrx_word' id='word_1_322' title='bbox 2711 1741 2759 1793; x_wconf 92' lang='lat' dir='ltr'><strong>id</strong></span> <span class='ocrx_word' id='word_1_323' title='bbox 2791 1750 2908 1805; x_wconf 89' lang='lat' dir='ltr'><strong>est,</strong></span> <span class='ocrx_word' id='word_1_324' title='bbox 2942 1740 2993 1793; x_wconf 82' lang='lat' dir='ltr'><strong>in</strong></span> <span class='ocrx_word' id='word_1_325' title='bbox 3039 1738 3284 1807; x_wconf 64' lang='lat' dir='ltr'><strong>prasenti</strong></span> <span class='ocrx_word' id='word_1_326' title='bbox 3317 1736 3411 1791; x_wconf 84' lang='lat' dir='ltr'><strong>ba-</strong></span> 
     </span>
    </p>
   </div>
   <div class='ocr_carea' id='block_1_42' title="bbox 174 1808 1732 1877">
    <p class='ocr_par' dir='ltr' id='par_1_42' title="bbox 174 1808 1732 1877">
     <span class='ocr_line' id='line_1_42' title="bbox 174 1808 1732 1877; baseline -0.006 -8"><span class='ocrx_word' id='word_1_327' title='bbox 174 1831 278 1869; x_wconf 89' lang='lat' dir='ltr'><strong>nec</strong></span> <span class='ocrx_word' id='word_1_328' title='bbox 306 1814 536 1869; x_wconf 81' lang='lat' dir='ltr'><strong>cessabit</strong></span> <span class='ocrx_word' id='word_1_329' title='bbox 556 1808 867 1875; x_wconf 83' lang='lat' dir='ltr'><strong>intendere,</strong></span> <span class='ocrx_word' id='word_1_330' title='bbox 901 1811 1060 1863; x_wconf 87' lang='lat' dir='ltr'><strong>donec</strong></span> <span class='ocrx_word' id='word_1_331' title='bbox 1088 1808 1183 1876; x_wconf 89' lang='lat' dir='ltr'><strong>ipsi</strong></span> <span class='ocrx_word' id='word_1_332' title='bbox 1214 1811 1265 1863; x_wconf 92' lang='lat' dir='ltr'><strong>in</strong></span> <span class='ocrx_word' id='word_1_333' title='bbox 1294 1825 1352 1863; x_wconf 91' lang='lat' dir='ltr'><strong>se</strong></span> <span class='ocrx_word' id='word_1_334' title='bbox 1391 1810 1732 1877; x_wconf 83' lang='lat' dir='ltr'><strong>inﬁrmentur,</strong></span> 
     </span>
    </p>
   </div>
   <div class='ocr_carea' id='block_1_43' title="bbox 178 1881 1737 1952">
    <p class='ocr_par' dir='ltr' id='par_1_43' title="bbox 178 1881 1737 1952">
     <span class='ocr_line' id='line_1_43' title="bbox 178 1881 1737 1952; baseline -0.006 -13"><span class='ocrx_word' id='word_1_335' title='bbox 178 1886 229 1939; x_wconf 92' lang='lat' dir='ltr'><strong>id</strong></span> <span class='ocrx_word' id='word_1_336' title='bbox 255 1895 363 1946; x_wconf 87' lang='lat' dir='ltr'><strong>est,</strong></span> <span class='ocrx_word' id='word_1_337' title='bbox 388 1890 767 1952; x_wconf 79' lang='lat' dir='ltr'><strong>recognoscant</strong></span> <span class='ocrx_word' id='word_1_338' title='bbox 788 1881 1144 1952; x_wconf 66' lang='lat' dir='ltr'><strong>inﬁrmitatem</strong></span> <span class='ocrx_word' id='word_1_339' title='bbox 1168 1894 1340 1944; x_wconf 91' lang='lat' dir='ltr'><strong>suam,</strong></span> <span class='ocrx_word' id='word_1_340' title='bbox 1367 1890 1419 1933; x_wconf 91' lang='lat' dir='ltr'><strong>et</strong></span> <span class='ocrx_word' id='word_1_341' title='bbox 1442 1882 1737 1952; x_wconf 57' lang='lat' dir='ltr'><strong>conliteanc</strong></span> 
     </span>
    </p>
   </div>
   <div class='ocr_carea' id='block_1_44' title="bbox 176 1948 1741 2017">
    <p class='ocr_par' dir='ltr' id='par_1_44' title="bbox 176 1948 1741 2017">
     <span class='ocr_line' id='line_1_44' title="bbox 176 1948 1741 2017; baseline -0.006 -10"><span class='ocrx_word' id='word_1_342' title='bbox 176 1965 262 2009; x_wconf 88' lang='lat' dir='ltr'><strong>tur</strong></span> <span class='ocrx_word' id='word_1_343' title='bbox 290 1970 434 2008; x_wconf 87' lang='lat' dir='ltr'><strong>eam.</strong></span> <span class='ocrx_word' id='word_1_344' title='bbox 467 1948 615 2007; x_wconf 74' lang='lat' dir='ltr'><strong>Sicut</strong></span> <span class='ocrx_word' id='word_1_345' title='bbox 646 1953 730 2005; x_wconf 91' lang='lat' dir='ltr'><strong>ille</strong></span> <span class='ocrx_word' id='word_1_346' title='bbox 760 1966 883 2003; x_wconf 88' lang='lat' dir='ltr'><strong>vere</strong></span> <span class='ocrx_word' id='word_1_347' title='bbox 917 1948 1208 2003; x_wconf 85' lang='lat' dir='ltr'><strong>inlit‘matus</strong></span> <span class='ocrx_word' id='word_1_348' title='bbox 1240 1958 1355 2013; x_wconf 90' lang='lat' dir='ltr'><strong>est,</strong></span> <span class='ocrx_word' id='word_1_349' title='bbox 1390 1949 1474 2017; x_wconf 89' lang='lat' dir='ltr'><strong>qui</strong></span> <span class='ocrx_word' id='word_1_350' title='bbox 1507 1957 1741 2015; x_wconf 85' lang='lat' dir='ltr'><strong>prostra-</strong></span> 
     </span>
    </p>
   </div>
   <div class='ocr_carea' id='block_1_45' title="bbox 176 2019 1742 2086">
    <p class='ocr_par' dir='ltr' id='par_1_45' title="bbox 176 2019 1742 2086">
     <span class='ocr_line' id='line_1_45' title="bbox 176 2019 1742 2086; baseline -0.002 -11"><span class='ocrx_word' id='word_1_351' title='bbox 176 2036 259 2077; x_wconf 86' lang='lat' dir='ltr'><strong>tus</strong></span> <span class='ocrx_word' id='word_1_352' title='bbox 292 2026 345 2077; x_wconf 92' lang='lat' dir='ltr'><strong>in</strong></span> <span class='ocrx_word' id='word_1_353' title='bbox 374 2025 453 2075; x_wconf 81' lang='lat' dir='ltr'><strong>via</strong></span> <span class='ocrx_word' id='word_1_354' title='bbox 482 2024 653 2077; x_wconf 78' lang='lat' dir='ltr'><strong>dixit:</strong></span> <span class='ocrx_word' id='word_1_355' title='bbox 690 2022 920 2081; x_wconf 82' lang='lat' dir='ltr'><strong>Domine,</strong></span> <span class='ocrx_word' id='word_1_356' title='bbox 960 2019 1083 2083; x_wconf 87' lang='lat' dir='ltr'><strong>quid</strong></span> <span class='ocrx_word' id='word_1_357' title='bbox 1122 2036 1201 2072; x_wconf 86' lang='lat' dir='ltr'><strong>me</strong></span> <span class='ocrx_word' id='word_1_358' title='bbox 1240 2020 1312 2072; x_wconf 78' lang='lat' dir='ltr'><strong>vis</strong></span> <span class='ocrx_word' id='word_1_359' title='bbox 1354 2020 1557 2086; x_wconf 72' lang='lat' dir='ltr'><strong>facere?</strong></span> <span class='ocrx_word' id='word_1_360' title='bbox 1605 2033 1742 2072; x_wconf 86' lang='lat' dir='ltr'><strong>nunc</strong></span> 
     </span>
    </p>
   </div>
   <div class='ocr_carea' id='block_1_46' title="bbox 174 2088 1745 2160">
    <p class='ocr_par' dir='ltr' id='par_1_46' title="bbox 174 2088 1745 2160">
     <span class='ocr_line' id='line_1_46' title="bbox 174 2088 1745 2160; baseline -0.003 -12"><span class='ocrx_word' id='word_1_361' title='bbox 174 2095 321 2148; x_wconf 88' lang='lat' dir='ltr'><strong>enim</strong></span> <span class='ocrx_word' id='word_1_362' title='bbox 353 2094 619 2153; x_wconf 83' lang='lat' dir='ltr'><strong>inlirmutu</strong></span> <span class='ocrx_word' id='word_1_363' title='bbox 651 2107 708 2146; x_wconf 87' lang='lat' dir='ltr'><strong>se</strong></span> <span class='ocrx_word' id='word_1_364' title='bbox 737 2090 1125 2160; x_wconf 80' lang='lat' dir='ltr'><strong>cognoscebat,</strong></span> <span class='ocrx_word' id='word_1_365' title='bbox 1157 2090 1246 2159; x_wconf 89' lang='lat' dir='ltr'><strong>qui</strong></span> <span class='ocrx_word' id='word_1_366' title='bbox 1286 2104 1346 2144; x_wconf 87' lang='lat' dir='ltr'><strong>se</strong></span> <span class='ocrx_word' id='word_1_367' title='bbox 1382 2104 1567 2143; x_wconf 86' lang='lat' dir='ltr'><strong>sanum</strong></span> <span class='ocrx_word' id='word_1_368' title='bbox 1601 2088 1745 2157; x_wconf 85' lang='lat' dir='ltr'><strong>prius</strong></span> 
     </span>
    </p>
   </div>
   <div class='ocr_carea' id='block_1_47' title="bbox 248 2166 418 2218">
    <p class='ocr_par' dir='ltr' id='par_1_47' title="bbox 248 2166 418 2218">
     <span class='ocr_line' id='line_1_47' title="bbox 248 2166 418 2218; baseline 0.018 -3"><span class='ocrx_word' id='word_1_369' title='bbox 248 2166 418 2218; x_wconf 85' lang='lat' dir='ltr'><strong>tabat.</strong></span> 
     </span>
    </p>
   </div>
   <div class='ocr_carea' id='block_1_48' title="bbox 172 2180 1745 2301">
    <p class='ocr_par' dir='ltr' id='par_1_48' title="bbox 172 2180 1745 2301">
     <span class='ocr_line' id='line_1_48' title="bbox 248 2180 418 2218; baseline 0.018 -3"><span class='ocrx_word' id='word_1_370' title='bbox 248 2180 371 2216; x_wconf 81' lang='lat' dir='ltr'><strong>lana</strong></span> <span class='ocrx_word' id='word_1_371' title='bbox 402 2203 418 2218; x_wconf 94' lang='lat'><strong>.</strong></span> 
     </span>
     <span class='ocr_line' id='line_1_49' title="bbox 172 2180 1745 2301; baseline -0.005 -12"><span class='ocrx_word' id='word_1_372' title='bbox 172 2180 398 2289; x_wconf 61' lang='lat' dir='ltr'><strong>p“Sicult</strong></span> <span class='ocrx_word' id='word_1_373' title='bbox 428 2249 541 2285; x_wconf 85' lang='lat' dir='ltr'><strong>cera</strong></span> <span class='ocrx_word' id='word_1_374' title='bbox 566 2248 677 2301; x_wconf 74' lang='lat' dir='ltr'><strong>qua:</strong></span> <span class='ocrx_word' id='word_1_375' title='bbox 716 2232 863 2300; x_wconf 81' lang='lat' dir='ltr'><strong>ﬂuit,</strong></span> <span class='ocrx_word' id='word_1_376' title='bbox 902 2230 1213 2298; x_wconf 84' lang='lat' dir='ltr'><strong>auferentar.</strong></span> <span class='ocrx_word' id='word_1_377' title='bbox 1257 2227 1311 2282; x_wconf 87' lang='grc' dir='ltr'><strong>ιιι</strong></span> <span class='ocrx_word' id='word_1_378' title='bbox 1346 2238 1463 2301; x_wconf 85' lang='lat' dir='ltr'><strong>est,</strong></span> <span class='ocrx_word' id='word_1_379' title='bbox 1497 2228 1745 2301; x_wconf 73' lang='lat' dir='ltr'><strong>inﬁrmati</strong></span> 
     </span>
    </p>
   </div>
   <div class='ocr_carea' id='block_1_49' title="bbox 179 2298 1747 2374">
    <p class='ocr_par' dir='ltr' id='par_1_49' title="bbox 179 2298 1747 2374">
     <span class='ocr_line' id='line_1_50' title="bbox 179 2298 1747 2374; baseline -0.004 -17"><span class='ocrx_word' id='word_1_380' title='bbox 179 2306 385 2374; x_wconf 87' lang='lat' dir='ltr'><strong>quippe</strong></span> <span class='ocrx_word' id='word_1_381' title='bbox 412 2298 790 2363; x_wconf 79' lang='lat' dir='ltr'><strong>salvabuntttr;</strong></span> <span class='ocrx_word' id='word_1_382' title='bbox 822 2301 911 2369; x_wconf 89' lang='lat' dir='ltr'><strong>qui</strong></span> <span class='ocrx_word' id='word_1_383' title='bbox 948 2315 1075 2374; x_wconf 81' lang='lat' dir='ltr'><strong>vero</strong></span> <span class='ocrx_word' id='word_1_384' title='bbox 1106 2315 1242 2352; x_wconf 89' lang='lat' dir='ltr'><strong>nunc</strong></span> <span class='ocrx_word' id='word_1_385' title='bbox 1273 2301 1359 2374; x_wconf 87' lang='lat' dir='ltr'><strong>_sie</strong></span> <span class='ocrx_word' id='word_1_386' title='bbox 1388 2298 1747 2374; x_wconf 80' lang='lat' dir='ltr'><strong>informabun-</strong></span> 
     </span>
    </p>
   </div>
   <div class='ocr_carea' id='block_1_50' title="bbox 180 2368 1744 2439">
    <p class='ocr_par' dir='ltr' id='par_1_50' title="bbox 180 2368 1744 2439">
     <span class='ocr_line' id='line_1_51' title="bbox 180 2368 1744 2439; baseline -0.007 -11"><span class='ocrx_word' id='word_1_387' title='bbox 180 2368 293 2439; x_wconf 61' lang='lat' dir='ltr'><strong>tur,</strong></span> <span class='ocrx_word' id='word_1_388' title='bbox 318 2368 734 2438; x_wconf 79' lang='lat' dir='ltr'><strong>damnabantur,</strong></span> <span class='ocrx_word' id='word_1_389' title='bbox 765 2368 886 2439; x_wconf 79' lang='lat' dir='ltr'><strong>quia</strong></span> <span class='ocrx_word' id='word_1_390' title='bbox 916 2371 1213 2439; x_wconf 82' lang='lat' dir='ltr'><strong>auferentur</strong></span> <span class='ocrx_word' id='word_1_391' title='bbox 1240 2371 1364 2422; x_wconf 86' lang='lat' dir='ltr'><strong>sicut</strong></span> <span class='ocrx_word' id='word_1_392' title='bbox 1396 2386 1529 2431; x_wconf 76' lang='lat' dir='ltr'><strong>cera,</strong></span> <span class='ocrx_word' id='word_1_393' title='bbox 1564 2368 1611 2421; x_wconf 91' lang='lat' dir='ltr'><strong>id</strong></span> <span class='ocrx_word' id='word_1_394' title='bbox 1642 2378 1744 2431; x_wconf 86' lang='lat' dir='ltr'><strong>est,</strong></span> 
     </span>
    </p>
   </div>
   <div class='ocr_carea' id='block_1_51' title="bbox 178 2439 1747 2512">
    <p class='ocr_par' dir='ltr' id='par_1_51' title="bbox 178 2439 1747 2512">
     <span class='ocr_line' id='line_1_52' title="bbox 178 2439 1747 2512; baseline -0.006 -14"><span class='ocrx_word' id='word_1_395' title='bbox 178 2444 571 2512; x_wconf 82' lang='lat' dir='ltr'><strong>comparabiles</strong></span> <span class='ocrx_word' id='word_1_396' title='bbox 594 2446 710 2497; x_wconf 79' lang='lat' dir='ltr'><strong>iacti</strong></span> <span class='ocrx_word' id='word_1_397' title='bbox 741 2458 900 2507; x_wconf 71' lang='lat' dir='ltr'><strong>rem,</strong></span> <span class='ocrx_word' id='word_1_398' title='bbox 924 2456 1037 2512; x_wconf 61' lang='lat' dir='ltr'><strong>qua;</strong></span> <span class='ocrx_word' id='word_1_399' title='bbox 1060 2441 1295 2512; x_wconf 84' lang='lat' dir='ltr'><strong>adhibita</strong></span> <span class='ocrx_word' id='word_1_400' title='bbox 1321 2440 1424 2507; x_wconf 83' lang='lat' dir='ltr'><strong>igni</strong></span> <span class='ocrx_word' id='word_1_401' title='bbox 1450 2441 1586 2507; x_wconf 82' lang='lat' dir='ltr'><strong>ﬂuit.</strong></span> <span class='ocrx_word' id='word_1_402' title='bbox 1611 2439 1747 2512; x_wconf 83' lang='lat' dir='ltr'><strong>Quia</strong></span> 
     </span>
    </p>
   </div>
   <div class='ocr_carea' id='block_1_52' title="bbox 177 2510 1749 2582">
    <p class='ocr_par' dir='ltr' id='par_1_52' title="bbox 177 2510 1749 2582">
     <span class='ocr_line' id='line_1_53' title="bbox 177 2510 1749 2582; baseline -0.003 -18"><span class='ocrx_word' id='word_1_403' title='bbox 177 2510 342 2582; x_wconf 83' lang='lat' dir='ltr'><strong>ignis,</strong></span> <span class='ocrx_word' id='word_1_404' title='bbox 376 2513 651 2579; x_wconf 82' lang='lat' dir='ltr'><strong>videlicet,</strong></span> <span class='ocrx_word' id='word_1_405' title='bbox 685 2513 928 2566; x_wconf 90' lang='lat' dir='ltr'><strong>vitiorum</strong></span> <span class='ocrx_word' id='word_1_406' title='bbox 956 2511 1039 2565; x_wconf 87' lang='lat' dir='ltr'><strong>vel</strong></span> <span class='ocrx_word' id='word_1_407' title='bbox 1070 2511 1477 2582; x_wconf 86' lang='lat' dir='ltr'><strong>incentivorum,</strong></span> <span class='ocrx_word' id='word_1_408' title='bbox 1508 2518 1561 2561; x_wconf 89' lang='lat' dir='ltr'><strong>et</strong></span> <span class='ocrx_word' id='word_1_409' title='bbox 1589 2510 1749 2582; x_wconf 64' lang='lat' dir='ltr'><strong>totius</strong></span> 
     </span>
    </p>
   </div>
   <div class='ocr_carea' id='block_1_53' title="bbox 180 2577 1750 2652">
    <p class='ocr_par' dir='ltr' id='par_1_53' title="bbox 180 2577 1750 2652">
     <span class='ocr_line' id='line_1_54' title="bbox 180 2577 1750 2652; baseline -0.003 -17"><span class='ocrx_word' id='word_1_410' title='bbox 180 2577 363 2652; x_wconf 57' lang='grc' dir='ltr'><strong>ῥωγὰς</strong></span> <span class='ocrx_word' id='word_1_411' title='bbox 406 2577 847 2650; x_wconf 71' lang='lat' dir='ltr'><strong>concupiscentite</strong></span> <span class='ocrx_word' id='word_1_412' title='bbox 886 2583 1132 2635; x_wconf 87' lang='lat' dir='ltr'><strong>devastat</strong></span> <span class='ocrx_word' id='word_1_413' title='bbox 1174 2596 1266 2633; x_wconf 88' lang='lat' dir='ltr'><strong>eos</strong></span> <span class='ocrx_word' id='word_1_414' title='bbox 1306 2580 1547 2652; x_wconf 84' lang='lat' dir='ltr'><strong>interius.</strong></span> <span class='ocrx_word' id='word_1_415' title='bbox 1600 2577 1750 2652; x_wconf 81' lang='lat' dir='ltr'><strong>Unde</strong></span> 
     </span>
    </p>
   </div>
   <div class='ocr_carea' id='block_1_54' title="bbox 179 2650 1747 2718">
    <p class='ocr_par' dir='ltr' id='par_1_54' title="bbox 179 2650 1747 2718">
     <span class='ocr_line' id='line_1_55' title="bbox 179 2650 1747 2718; baseline -0.004 -11"><span class='ocrx_word' id='word_1_416' title='bbox 179 2650 315 2707; x_wconf 77' lang='lat' dir='ltr'><strong>nihil</strong></span> <span class='ocrx_word' id='word_1_417' title='bbox 343 2653 487 2706; x_wconf 87' lang='lat' dir='ltr'><strong>aliud</strong></span> <span class='ocrx_word' id='word_1_418' title='bbox 526 2662 609 2706; x_wconf 92' lang='lat' dir='ltr'><strong>est</strong></span> <span class='ocrx_word' id='word_1_419' title='bbox 639 2662 743 2706; x_wconf 82' lang='lat' dir='ltr'><strong>tota</strong></span> <span class='ocrx_word' id='word_1_420' title='bbox 777 2656 879 2705; x_wconf 88' lang='lat' dir='ltr'><strong>vita</strong></span> <span class='ocrx_word' id='word_1_421' title='bbox 919 2665 1135 2714; x_wconf 88' lang='lat' dir='ltr'><strong>eorum,</strong></span> <span class='ocrx_word' id='word_1_422' title='bbox 1177 2665 1333 2718; x_wconf 89' lang='lat' dir='ltr'><strong>quam</strong></span> <span class='ocrx_word' id='word_1_423' title='bbox 1374 2650 1613 2716; x_wconf 77' lang='lat' dir='ltr'><strong>quaedam</strong></span> <span class='ocrx_word' id='word_1_424' title='bbox 1655 2651 1747 2701; x_wconf 87' lang='lat' dir='ltr'><strong>de-</strong></span> 
     </span>
    </p>
   </div>
   <div class='ocr_carea' id='block_1_55' title="bbox 180 2719 1751 2788">
    <p class='ocr_par' dir='ltr' id='par_1_55' title="bbox 180 2719 1751 2788">
     <span class='ocr_line' id='line_1_56' title="bbox 180 2719 1751 2788; baseline -0.003 -13"><span class='ocrx_word' id='word_1_425' title='bbox 180 2720 351 2777; x_wconf 75' lang='lat' dir='ltr'><strong>ﬂusio</strong></span> <span class='ocrx_word' id='word_1_426' title='bbox 390 2739 421 2775; x_wconf 91' lang='lat' dir='ltr'><strong>a</strong></span> <span class='ocrx_word' id='word_1_427' title='bbox 458 2722 711 2776; x_wconf 83' lang='lat' dir='ltr'><strong>Creatore</strong></span> <span class='ocrx_word' id='word_1_428' title='bbox 757 2737 876 2775; x_wconf 93' lang='lat' dir='ltr'><strong>suo.</strong></span> <span class='ocrx_word' id='word_1_429' title='bbox 923 2719 1209 2777; x_wconf 89' lang='lat' dir='ltr'><strong>Sciendum</strong></span> <span class='ocrx_word' id='word_1_430' title='bbox 1249 2720 1393 2788; x_wconf 93' lang='lat' dir='ltr'><strong>quod</strong></span> <span class='ocrx_word' id='word_1_431' title='bbox 1442 2719 1615 2787; x_wconf 83' lang='lat' dir='ltr'><strong>ignem</strong></span> <span class='ocrx_word' id='word_1_432' title='bbox 1659 2732 1751 2788; x_wconf 38' lang='lat' dir='ltr'><strong>ge:</strong></span> 
     </span>
    </p>
   </div>
   <div class='ocr_carea' id='block_1_56' title="bbox 181 2786 1751 2862">
    <p class='ocr_par' dir='ltr' id='par_1_56' title="bbox 181 2786 1751 2862">
     <span class='ocr_line' id='line_1_57' title="bbox 181 2786 1751 2862; baseline -0.004 -15"><span class='ocrx_word' id='word_1_433' title='bbox 181 2796 401 2856; x_wconf 71' lang='lat' dir='ltr'><strong>bennae,</strong></span> <span class='ocrx_word' id='word_1_434' title='bbox 430 2793 519 2862; x_wconf 90' lang='lat' dir='ltr'><strong>qui</strong></span> <span class='ocrx_word' id='word_1_435' title='bbox 548 2792 740 2861; x_wconf 84' lang='lat' dir='ltr'><strong>duplex</strong></span> <span class='ocrx_word' id='word_1_436' title='bbox 767 2800 867 2855; x_wconf 90' lang='lat' dir='ltr'><strong>est,</strong></span> <span class='ocrx_word' id='word_1_437' title='bbox 895 2790 1016 2861; x_wconf 87' lang='lat' dir='ltr'><strong>quia</strong></span> <span class='ocrx_word' id='word_1_438' title='bbox 1046 2790 1182 2843; x_wconf 89' lang='lat' dir='ltr'><strong>alius</strong></span> <span class='ocrx_word' id='word_1_439' title='bbox 1210 2786 1292 2862; x_wconf 78' lang='lat' dir='ltr'><strong>est</strong></span> <span class='ocrx_word' id='word_1_440' title='bbox 1317 2786 1629 2862; x_wconf 71' lang='lat' dir='ltr'><strong>intererunt,</strong></span> <span class='ocrx_word' id='word_1_441' title='bbox 1661 2786 1751 2855; x_wconf 85' lang='lat' dir='ltr'><strong>qui</strong></span> 
     </span>
    </p>
   </div>
   <div class='ocr_carea' id='block_1_57' title="bbox 182 2858 1747 2927">
    <p class='ocr_par' dir='ltr' id='par_1_57' title="bbox 182 2858 1747 2927">
     <span class='ocr_line' id='line_1_58' title="bbox 182 2858 1747 2927; baseline -0.003 -11"><span class='ocrx_word' id='word_1_442' title='bbox 182 2878 330 2916; x_wconf 89' lang='lat' dir='ltr'><strong>nunc</strong></span> <span class='ocrx_word' id='word_1_443' title='bbox 356 2858 461 2925; x_wconf 75' lang='lat' dir='ltr'><strong>est,</strong></span> <span class='ocrx_word' id='word_1_444' title='bbox 506 2858 639 2916; x_wconf 78' lang='lat' dir='ltr'><strong>alios</strong></span> <span class='ocrx_word' id='word_1_445' title='bbox 669 2878 794 2916; x_wconf 87' lang='lat' dir='ltr'><strong>vero</strong></span> <span class='ocrx_word' id='word_1_446' title='bbox 831 2858 927 2915; x_wconf 58' lang='lat' dir='ltr'><strong>est&#39;</strong></span> <span class='ocrx_word' id='word_1_447' title='bbox 955 2862 1181 2924; x_wconf 81' lang='lat' dir='ltr'><strong>futurus,</strong></span> <span class='ocrx_word' id='word_1_448' title='bbox 1224 2859 1275 2912; x_wconf 93' lang='lat' dir='ltr'><strong>in</strong></span> <span class='ocrx_word' id='word_1_449' title='bbox 1319 2874 1475 2927; x_wconf 92' lang='lat' dir='ltr'><strong>quem</strong></span> <span class='ocrx_word' id='word_1_450' title='bbox 1514 2858 1747 2922; x_wconf 85' lang='lat' dir='ltr'><strong>scilicet,</strong></span> 
     </span>
    </p>
   </div>
   <div class='ocr_carea' id='block_1_58' title="bbox 183 2929 1754 2997">
    <p class='ocr_par' dir='ltr' id='par_1_58' title="bbox 183 2929 1754 2997">
     <span class='ocr_line' id='line_1_59' title="bbox 183 2929 1754 2997; baseline -0.003 -10"><span class='ocrx_word' id='word_1_451' title='bbox 183 2932 407 2987; x_wconf 87' lang='lat' dir='ltr'><strong>tandem</strong></span> <span class='ocrx_word' id='word_1_452' title='bbox 440 2933 710 2986; x_wconf 87' lang='lat' dir='ltr'><strong>mittentur</strong></span> <span class='ocrx_word' id='word_1_453' title='bbox 730 2932 968 2985; x_wconf 88' lang='lat' dir='ltr'><strong>diabolus</strong></span> <span class='ocrx_word' id='word_1_454' title='bbox 998 2942 1051 2984; x_wconf 90' lang='lat' dir='ltr'><strong>et</strong></span> <span class='ocrx_word' id='word_1_455' title='bbox 1079 2930 1306 2984; x_wconf 76' lang='lat' dir='ltr'><strong>ministri</strong></span> <span class='ocrx_word' id='word_1_456' title='bbox 1333 2929 1470 2997; x_wconf 84' lang='lat' dir='ltr'><strong>ejus.</strong></span> <span class='ocrx_word' id='word_1_457' title='bbox 1495 2929 1754 2982; x_wconf 66' lang='lat' dir='ltr'><strong>Praecedit</strong></span> 
     </span>
    </p>
   </div>
   <div class='ocr_carea' id='block_1_59' title="bbox 183 2998 1749 3072">
    <p class='ocr_par' dir='ltr' id='par_1_59' title="bbox 183 2998 1749 3072">
     <span class='ocr_line' id='line_1_60' title="bbox 183 2998 1749 3072; baseline -0.004 -16"><span class='ocrx_word' id='word_1_458' title='bbox 183 3003 405 3070; x_wconf 85' lang='lat' dir='ltr'><strong>quidam</strong></span> <span class='ocrx_word' id='word_1_459' title='bbox 429 3003 563 3071; x_wconf 89' lang='lat' dir='ltr'><strong>ignis</strong></span> <span class='ocrx_word' id='word_1_460' title='bbox 591 3003 830 3057; x_wconf 83' lang='lat' dir='ltr'><strong>occultus</strong></span> <span class='ocrx_word' id='word_1_461' title='bbox 859 3017 873 3055; x_wconf 88' lang='lat'><strong>:</strong></span> <span class='ocrx_word' id='word_1_462' title='bbox 916 3000 1069 3072; x_wconf 83' lang='lat' dir='ltr'><strong>ignis</strong></span> <span class='ocrx_word' id='word_1_463' title='bbox 1095 3000 1299 3072; x_wconf 81' lang='lat' dir='ltr'><strong>scilicet</strong></span> <span class='ocrx_word' id='word_1_464' title='bbox 1338 2998 1749 3072; x_wconf 75' lang='lat' dir='ltr'><strong>incentivorutn,</strong></span> 
     </span>
    </p>
   </div>
   <div class='ocr_carea' id='block_1_60' title="bbox 185 3067 1824 3159">
    <p class='ocr_par' dir='ltr' id='par_1_60' title="bbox 185 3067 1824 3159">
     <span class='ocr_line' id='line_1_61' title="bbox 185 3067 1824 3159; baseline -0.004 -34"><span class='ocrx_word' id='word_1_465' title='bbox 185 3067 411 3159; x_wconf 42' lang='lat' dir='ltr'><strong>qui-per</strong></span> <span class='ocrx_word' id='word_1_466' title='bbox 437 3067 705 3154; x_wconf 71' lang='lat' dir='ltr'><strong>traducem</strong></span> <span class='ocrx_word' id='word_1_467' title='bbox 748 3085 904 3159; x_wconf 63' lang='lat' dir='ltr'><strong>pecco</strong></span> <span class='ocrx_word' id='word_1_468' title='bbox 933 3067 968 3159; x_wconf 44' lang='grc' dir='ltr'><strong>ἶ.</strong></span> <span class='ocrx_word' id='word_1_469' title='bbox 989 3069 1261 3159; x_wconf 61' lang='lat' dir='ltr'><strong>nobiseum</strong></span> <span class='ocrx_word' id='word_1_470' title='bbox 1303 3068 1553 3159; x_wconf 53' lang='lat' dir='ltr'><strong>nascitur.</strong></span> <span class='ocrx_word' id='word_1_471' title='bbox 1586 3067 1751 3146; x_wconf 43' lang='lat' dir='ltr'><strong>Natu:</strong></span> <span class='ocrx_word' id='word_1_472' title='bbox 1776 3095 1824 3159; x_wconf 62' lang='grc' dir='ltr'>ε</span> 
     </span>
    </p>
   </div>
   <div class='ocr_carea' id='block_1_61' title="bbox 186 3138 1752 3209">
    <p class='ocr_par' dir='ltr' id='par_1_61' title="bbox 186 3138 1752 3209">
     <span class='ocr_line' id='line_1_62' title="bbox 186 3138 1752 3209; baseline -0.004 -12"><span class='ocrx_word' id='word_1_473' title='bbox 186 3138 377 3197; x_wconf 67' lang='lat' dir='ltr'><strong>raliter</strong></span> <span class='ocrx_word' id='word_1_474' title='bbox 417 3143 558 3195; x_wconf 81' lang='lat' dir='ltr'><strong>enini</strong></span> <span class='ocrx_word' id='word_1_475' title='bbox 604 3142 655 3196; x_wconf 92' lang='lat' dir='ltr'><strong>in</strong></span> <span class='ocrx_word' id='word_1_476' title='bbox 704 3142 856 3195; x_wconf 90' lang='lat' dir='ltr'><strong>nobis</strong></span> <span class='ocrx_word' id='word_1_477' title='bbox 893 3150 974 3196; x_wconf 89' lang='lat' dir='ltr'><strong>est</strong></span> <span class='ocrx_word' id='word_1_478' title='bbox 1005 3139 1253 3194; x_wconf 87' lang='lat' dir='ltr'><strong>titillatio.</strong></span> <span class='ocrx_word' id='word_1_479' title='bbox 1304 3139 1451 3193; x_wconf 86' lang='lat' dir='ltr'><strong>Ilttnc</strong></span> <span class='ocrx_word' id='word_1_480' title='bbox 1489 3138 1665 3209; x_wconf 86' lang='lat' dir='ltr'><strong>ignem</strong></span> <span class='ocrx_word' id='word_1_481' title='bbox 1707 3138 1752 3191; x_wconf 89' lang='lat' dir='ltr'><strong>si</strong></span> 
     </span>
    </p>
   </div>
   <div class='ocr_carea' id='block_1_62' title="bbox 188 3208 1755 3280">
    <p class='ocr_par' dir='ltr' id='par_1_62' title="bbox 188 3208 1755 3280">
     <span class='ocr_line' id='line_1_63' title="bbox 188 3208 1755 3280; baseline -0.003 -15"><span class='ocrx_word' id='word_1_482' title='bbox 188 3213 315 3280; x_wconf 85' lang='lat' dir='ltr'><strong>quis</strong></span> <span class='ocrx_word' id='word_1_483' title='bbox 355 3212 659 3275; x_wconf 84' lang='lat' dir='ltr'><strong>intraverit,</strong></span> <span class='ocrx_word' id='word_1_484' title='bbox 697 3222 753 3266; x_wconf 91' lang='lat' dir='ltr'><strong>et</strong></span> <span class='ocrx_word' id='word_1_485' title='bbox 778 3211 947 3265; x_wconf 79' lang='lat' dir='ltr'><strong>futura</strong></span> <span class='ocrx_word' id='word_1_486' title='bbox 974 3211 1178 3264; x_wconf 90' lang='lat' dir='ltr'><strong>vitabit.</strong></span> <span class='ocrx_word' id='word_1_487' title='bbox 1215 3209 1391 3264; x_wconf 84' lang='lat' dir='ltr'><strong>Facile</strong></span> <span class='ocrx_word' id='word_1_488' title='bbox 1416 3208 1591 3280; x_wconf 82' lang='lat' dir='ltr'><strong>autem</strong></span> <span class='ocrx_word' id='word_1_489' title='bbox 1623 3208 1755 3260; x_wconf 87' lang='lat' dir='ltr'><strong>vita-</strong></span> 
     </span>
    </p>
   </div>
   <div class='ocr_carea' id='block_1_63' title="bbox 194 3278 1757 3349">
    <p class='ocr_par' dir='ltr' id='par_1_63' title="bbox 194 3278 1757 3349">
     <span class='ocr_line' id='line_1_64' title="bbox 194 3278 1757 3349; baseline -0.004 -14"><span class='ocrx_word' id='word_1_490' title='bbox 194 3278 317 3345; x_wconf 77' lang='lat' dir='ltr'><strong>tur,</strong></span> <span class='ocrx_word' id='word_1_491' title='bbox 365 3282 413 3335; x_wconf 88' lang='lat' dir='ltr'><strong>si</strong></span> <span class='ocrx_word' id='word_1_492' title='bbox 456 3295 667 3349; x_wconf 84' lang='lat' dir='ltr'><strong>semper</strong></span> <span class='ocrx_word' id='word_1_493' title='bbox 710 3296 739 3335; x_wconf 90' lang='lat' dir='ltr'><strong>a</strong></span> <span class='ocrx_word' id='word_1_494' title='bbox 786 3282 938 3334; x_wconf 91' lang='lat' dir='ltr'><strong>nobis</strong></span> <span class='ocrx_word' id='word_1_495' title='bbox 980 3291 1261 3343; x_wconf 75' lang='lat' dir='ltr'><strong>caveatur,</strong></span> <span class='ocrx_word' id='word_1_496' title='bbox 1292 3280 1428 3349; x_wconf 86' lang='lat' dir='ltr'><strong>quia</strong></span> <span class='ocrx_word' id='word_1_497' title='bbox 1477 3278 1632 3331; x_wconf 81' lang='lat' dir='ltr'><strong>facile</strong></span> <span class='ocrx_word' id='word_1_498' title='bbox 1676 3285 1757 3331; x_wconf 87' lang='lat' dir='ltr'><strong>est</strong></span> 
     </span>
    </p>
   </div>
   <div class='ocr_carea' id='block_1_64' title="bbox 193 3347 1755 3420">
    <p class='ocr_par' dir='ltr' id='par_1_64' title="bbox 193 3347 1755 3420">
     <span class='ocr_line' id='line_1_65' title="bbox 193 3347 1755 3420; baseline -0.005 -13"><span class='ocrx_word' id='word_1_499' title='bbox 193 3353 371 3420; x_wconf 85' lang='lat' dir='ltr'><strong>ipsum</strong></span> <span class='ocrx_word' id='word_1_500' title='bbox 402 3347 675 3417; x_wconf 83' lang='lat' dir='ltr'><strong>superari,</strong></span> <span class='ocrx_word' id='word_1_501' title='bbox 706 3353 750 3404; x_wconf 91' lang='lat' dir='ltr'><strong>si</strong></span> <span class='ocrx_word' id='word_1_502' title='bbox 781 3353 1003 3405; x_wconf 69' lang='lat' dir='ltr'><strong>velimus</strong></span> <span class='ocrx_word' id='word_1_503' title='bbox 1030 3347 1336 3404; x_wconf 68' lang='lat' dir='ltr'><strong>colluctari.</strong></span> <span class='ocrx_word' id='word_1_504' title='bbox 1352 3349 1409 3403; x_wconf 89' lang='lat' dir='ltr'><strong>Si</strong></span> <span class='ocrx_word' id='word_1_505' title='bbox 1434 3349 1551 3418; x_wconf 90' lang='lat' dir='ltr'><strong>quis</strong></span> <span class='ocrx_word' id='word_1_506' title='bbox 1579 3358 1755 3401; x_wconf 88' lang='lat' dir='ltr'><strong>autem</strong></span> 
     </span>
    </p>
   </div>
   <div class='ocr_carea' id='block_1_65' title="bbox 195 3421 1755 3490">
    <p class='ocr_par' dir='ltr' id='par_1_65' title="bbox 195 3421 1755 3490">
     <span class='ocr_line' id='line_1_66' title="bbox 195 3421 1755 3490; baseline -0.004 -14"><span class='ocrx_word' id='word_1_507' title='bbox 195 3423 362 3476; x_wconf 76' lang='lat' dir='ltr'><strong>homo</strong></span> <span class='ocrx_word' id='word_1_508' title='bbox 391 3421 597 3474; x_wconf 84' lang='lat' dir='ltr'><strong>hostem</strong></span> <span class='ocrx_word' id='word_1_509' title='bbox 636 3422 896 3490; x_wconf 88' lang='lat' dir='ltr'><strong>negligat,</strong></span> <span class='ocrx_word' id='word_1_510' title='bbox 926 3432 978 3475; x_wconf 92' lang='lat' dir='ltr'><strong>et</strong></span> <span class='ocrx_word' id='word_1_511' title='bbox 1007 3434 1250 3475; x_wconf 87' lang='lat' dir='ltr'><strong>crescere</strong></span> <span class='ocrx_word' id='word_1_512' title='bbox 1274 3421 1446 3490; x_wconf 86' lang='lat' dir='ltr'><strong>sinat,</strong></span> <span class='ocrx_word' id='word_1_513' title='bbox 1474 3425 1755 3490; x_wconf 78' lang='lat' dir='ltr'><strong>postquam</strong></span> 
     </span>
    </p>
   </div>
   <div class='ocr_carea' id='block_1_66' title="bbox 192 3488 1760 3561">
    <p class='ocr_par' dir='ltr' id='par_1_66' title="bbox 192 3488 1760 3561">
     <span class='ocr_line' id='line_1_67' title="bbox 192 3488 1760 3561; baseline -0.004 -17"><span class='ocrx_word' id='word_1_514' title='bbox 192 3491 545 3561; x_wconf 71' lang='lat' dir='ltr'><strong>praevoluerit</strong></span> <span class='ocrx_word' id='word_1_515' title='bbox 565 3529 581 3554; x_wconf 95' lang='lat'><strong>,</strong></span> <span class='ocrx_word' id='word_1_516' title='bbox 612 3488 935 3546; x_wconf 87' lang='lat' dir='ltr'><strong>intellectum</strong></span> <span class='ocrx_word' id='word_1_517' title='bbox 967 3490 1081 3559; x_wconf 85' lang='lat' dir='ltr'><strong>ejus</strong></span> <span class='ocrx_word' id='word_1_518' title='bbox 1111 3489 1436 3561; x_wconf 85' lang='lat' dir='ltr'><strong>obscurabit.</strong></span> <span class='ocrx_word' id='word_1_519' title='bbox 1470 3488 1535 3561; x_wconf 47' lang='lat' dir='ltr'><strong>[ﬁt</strong></span> <span class='ocrx_word' id='word_1_520' title='bbox 1559 3489 1645 3561; x_wconf 78' lang='lat' dir='ltr'><strong>sic</strong></span> <span class='ocrx_word' id='word_1_521' title='bbox 1673 3501 1760 3539; x_wconf 87' lang='lat' dir='ltr'><strong>so-</strong></span> 
     </span>
    </p>
   </div>
   <div class='ocr_carea' id='block_1_67' title="bbox 199 3557 1760 3629">
    <p class='ocr_par' dir='ltr' id='par_1_67' title="bbox 199 3557 1760 3629">
     <span class='ocr_line' id='line_1_68' title="bbox 199 3557 1760 3629; baseline -0.002 -15"><span class='ocrx_word' id='word_1_522' title='bbox 199 3557 309 3615; x_wconf 80' lang='lat' dir='ltr'><strong>lent</strong></span> <span class='ocrx_word' id='word_1_523' title='bbox 340 3576 448 3613; x_wconf 91' lang='lat' dir='ltr'><strong>non</strong></span> <span class='ocrx_word' id='word_1_524' title='bbox 480 3561 675 3614; x_wconf 86' lang='lat' dir='ltr'><strong>videbit</strong></span> <span class='ocrx_word' id='word_1_525' title='bbox 704 3563 848 3614; x_wconf 88' lang='lat' dir='ltr'><strong>illum</strong></span> <span class='ocrx_word' id='word_1_526' title='bbox 879 3563 945 3615; x_wconf 85' lang='lat' dir='ltr'><strong>de</strong></span> <span class='ocrx_word' id='word_1_527' title='bbox 974 3557 1077 3629; x_wconf 86' lang='lat' dir='ltr'><strong>quo</strong></span> <span class='ocrx_word' id='word_1_528' title='bbox 1096 3559 1294 3615; x_wconf 87' lang='lat' dir='ltr'><strong>dictum</strong></span> <span class='ocrx_word' id='word_1_529' title='bbox 1326 3570 1405 3614; x_wconf 87' lang='lat' dir='ltr'><strong>est</strong></span> <span class='ocrx_word' id='word_1_530' title='bbox 1430 3577 1443 3612; x_wconf 85' lang='lat'><strong>:</strong></span> <span class='ocrx_word' id='word_1_531' title='bbox 1472 3557 1760 3612; x_wconf 78' lang='lat' dir='ltr'><strong>Erravimus</strong></span> 
     </span>
    </p>
   </div>
   <div class='ocr_carea' id='block_1_68' title="bbox 193 3630 1763 3691">
    <p class='ocr_par' dir='ltr' id='par_1_68' title="bbox 193 3630 1763 3691">
     <span class='ocr_line' id='line_1_69' title="bbox 193 3630 1763 3691; baseline -0.001 -9"><span class='ocrx_word' id='word_1_532' title='bbox 193 3648 231 3682; x_wconf 88' lang='lat' dir='ltr'><strong>a</strong></span> <span class='ocrx_word' id='word_1_533' title='bbox 259 3632 341 3683; x_wconf 81' lang='lat' dir='ltr'><strong>via</strong></span> <span class='ocrx_word' id='word_1_534' title='bbox 385 3631 626 3691; x_wconf 80' lang='lat' dir='ltr'><strong>veritatis,</strong></span> <span class='ocrx_word' id='word_1_535' title='bbox 665 3640 711 3684; x_wconf 77' lang='lat' dir='ltr'><strong>et</strong></span> <span class='ocrx_word' id='word_1_536' title='bbox 751 3633 828 3684; x_wconf 90' lang='lat' dir='ltr'><strong>sol</strong></span> <span class='ocrx_word' id='word_1_537' title='bbox 855 3649 955 3684; x_wconf 83' lang='lat' dir='ltr'><strong>non</strong></span> <span class='ocrx_word' id='word_1_538' title='bbox 984 3640 1123 3685; x_wconf 86' lang='lat' dir='ltr'><strong>ortus</strong></span> <span class='ocrx_word' id='word_1_539' title='bbox 1150 3640 1222 3684; x_wconf 86' lang='lat' dir='ltr'><strong>est</strong></span> <span class='ocrx_word' id='word_1_540' title='bbox 1252 3631 1410 3683; x_wconf 85' lang='lat' dir='ltr'><strong>nobis.</strong></span> <span class='ocrx_word' id='word_1_541' title='bbox 1455 3630 1516 3683; x_wconf 88' lang='lat' dir='ltr'><strong>Et</strong></span> <span class='ocrx_word' id='word_1_542' title='bbox 1556 3632 1653 3682; x_wconf 86' lang='lat' dir='ltr'><strong>hoc</strong></span> <span class='ocrx_word' id='word_1_543' title='bbox 1681 3637 1763 3681; x_wconf 92' lang='lat' dir='ltr'><strong>est</strong></span> 
     </span>
    </p>
   </div>
   <div class='ocr_carea' id='block_1_69' title="bbox 199 3698 1761 3771">
    <p class='ocr_par' dir='ltr' id='par_1_69' title="bbox 199 3698 1761 3771">
     <span class='ocr_line' id='line_1_70' title="bbox 199 3698 1761 3771; baseline -0.003 -17"><span class='ocrx_word' id='word_1_544' title='bbox 199 3703 344 3771; x_wconf 88' lang='lat' dir='ltr'><strong>quod</strong></span> <span class='ocrx_word' id='word_1_545' title='bbox 372 3702 536 3754; x_wconf 79' lang='lat' dir='ltr'><strong>dicit:</strong></span> <span class='ocrx_word' id='word_1_546' title='bbox 567 3703 683 3757; x_wconf 67' lang='lat' dir='ltr'><strong>Ide)</strong></span> <span class='ocrx_word' id='word_1_547' title='bbox 712 3702 833 3755; x_wconf 83' lang='lat' dir='ltr'><strong>dico</strong></span> <span class='ocrx_word' id='word_1_548' title='bbox 859 3704 977 3769; x_wconf 83' lang='lat' dir='ltr'><strong>quia</strong></span> <span class='ocrx_word' id='word_1_549' title='bbox 999 3703 1131 3755; x_wconf 84' lang='lat' dir='ltr'><strong>sicut</strong></span> <span class='ocrx_word' id='word_1_550' title='bbox 1160 3716 1271 3754; x_wconf 89' lang='lat' dir='ltr'><strong>cera</strong></span> <span class='ocrx_word' id='word_1_551' title='bbox 1301 3700 1611 3771; x_wconf 78' lang='lat' dir='ltr'><strong>auferentur,</strong></span> <span class='ocrx_word' id='word_1_552' title='bbox 1641 3698 1761 3767; x_wconf 86' lang='lat' dir='ltr'><strong>quia</strong></span> 
     </span>
    </p>
   </div>
   <div class='ocr_carea' id='block_1_70' title="bbox 199 3769 1764 3840">
    <p class='ocr_par' dir='ltr' id='par_1_70' title="bbox 199 3769 1764 3840">
     <span class='ocr_line' id='line_1_71' title="bbox 199 3769 1764 3840; baseline -0.003 -15"><span class='ocrx_word' id='word_1_553' title='bbox 199 3769 337 3825; x_wconf 70' lang='lat' dir='ltr'><strong>sicut</strong></span> <span class='ocrx_word' id='word_1_554' title='bbox 368 3774 499 3840; x_wconf 84' lang='lat' dir='ltr'><strong>ignis</strong></span> <span class='ocrx_word' id='word_1_555' title='bbox 524 3786 681 3839; x_wconf 84' lang='lat' dir='ltr'><strong>supra</strong></span> <span class='ocrx_word' id='word_1_556' title='bbox 710 3773 879 3826; x_wconf 84' lang='lat' dir='ltr'><strong>dictus</strong></span> <span class='ocrx_word' id='word_1_557' title='bbox 908 3773 1253 3839; x_wconf 79' lang='lat' dir='ltr'><strong>supercecidit,</strong></span> <span class='ocrx_word' id='word_1_558' title='bbox 1286 3769 1336 3823; x_wconf 91' lang='lat' dir='ltr'><strong>id</strong></span> <span class='ocrx_word' id='word_1_559' title='bbox 1362 3780 1463 3833; x_wconf 84' lang='lat' dir='ltr'><strong>est,</strong></span> <span class='ocrx_word' id='word_1_560' title='bbox 1493 3771 1562 3823; x_wconf 92' lang='lat' dir='ltr'><strong>ita</strong></span> <span class='ocrx_word' id='word_1_561' title='bbox 1593 3769 1643 3820; x_wconf 90' lang='lat' dir='ltr'><strong>in</strong></span> <span class='ocrx_word' id='word_1_562' title='bbox 1671 3781 1764 3821; x_wconf 88' lang='lat' dir='ltr'><strong>eos</strong></span> 
     </span>
    </p>
   </div>
   <div class='ocr_carea' id='block_1_71' title="bbox 200 3840 1763 3909">
    <p class='ocr_par' dir='ltr' id='par_1_71' title="bbox 200 3840 1763 3909">
     <span class='ocr_line' id='line_1_72' title="bbox 200 3840 1763 3909; baseline -0.002 -16"><span class='ocrx_word' id='word_1_563' title='bbox 200 3842 435 3905; x_wconf 80' lang='lat' dir='ltr'><strong>cecidit,</strong></span> <span class='ocrx_word' id='word_1_564' title='bbox 468 3842 607 3908; x_wconf 86' lang='lat' dir='ltr'><strong>quod</strong></span> <span class='ocrx_word' id='word_1_565' title='bbox 636 3842 878 3909; x_wconf 86' lang='lat' dir='ltr'><strong>superior</strong></span> <span class='ocrx_word' id='word_1_566' title='bbox 907 3840 1023 3894; x_wconf 88' lang='lat' dir='ltr'><strong>iuit.</strong></span> <span class='ocrx_word' id='word_1_567' title='bbox 1064 3840 1131 3894; x_wconf 84' lang='lat' dir='ltr'><strong>Et</strong></span> <span class='ocrx_word' id='word_1_568' title='bbox 1170 3841 1261 3895; x_wconf 92' lang='lat' dir='ltr'><strong>illo</strong></span> <span class='ocrx_word' id='word_1_569' title='bbox 1289 3840 1408 3906; x_wconf 81' lang='lat' dir='ltr'><strong>igne</strong></span> <span class='ocrx_word' id='word_1_570' title='bbox 1438 3840 1763 3893; x_wconf 86' lang='lat' dir='ltr'><strong>intellectum</strong></span> 
     </span>
    </p>
   </div>
   <div class='ocr_carea' id='block_1_72' title="bbox 201 3910 1765 3977">
    <p class='ocr_par' dir='ltr' id='par_1_72' title="bbox 201 3910 1765 3977">
     <span class='ocr_line' id='line_1_73' title="bbox 201 3910 1765 3977; baseline -0.002 -14"><span class='ocrx_word' id='word_1_571' title='bbox 201 3927 396 3964; x_wconf 85' lang='lat' dir='ltr'><strong>eorum</strong></span> <span class='ocrx_word' id='word_1_572' title='bbox 436 3913 769 3977; x_wconf 87' lang='lat' dir='ltr'><strong>obscurante,</strong></span> <span class='ocrx_word' id='word_1_573' title='bbox 810 3927 912 3964; x_wconf 87' lang='lat' dir='ltr'><strong>non</strong></span> <span class='ocrx_word' id='word_1_574' title='bbox 950 3912 1176 3965; x_wconf 78' lang='lat' dir='ltr'><strong>viderunt</strong></span> <span class='ocrx_word' id='word_1_575' title='bbox 1216 3912 1393 3972; x_wconf 85' lang='lat' dir='ltr'><strong>solem,</strong></span> <span class='ocrx_word' id='word_1_576' title='bbox 1435 3910 1484 3962; x_wconf 89' lang='lat' dir='ltr'><strong>id</strong></span> <span class='ocrx_word' id='word_1_577' title='bbox 1515 3920 1617 3974; x_wconf 90' lang='lat' dir='ltr'><strong>est,</strong></span> <span class='ocrx_word' id='word_1_578' title='bbox 1662 3924 1765 3961; x_wconf 90' lang='lat' dir='ltr'><strong>non</strong></span> 
     </span>
    </p>
   </div>
   <div class='ocr_carea' id='block_1_73' title="bbox 202 3979 1769 4050">
    <p class='ocr_par' dir='ltr' id='par_1_73' title="bbox 202 3979 1769 4050">
     <span class='ocr_line' id='line_1_74' title="bbox 202 3979 1769 4050; baseline -0.002 -16"><span class='ocrx_word' id='word_1_579' title='bbox 202 3994 577 4050; x_wconf 76' lang='lat' dir='ltr'><strong>ceguoverunt</strong></span> <span class='ocrx_word' id='word_1_580' title='bbox 603 3984 766 4036; x_wconf 90' lang='lat' dir='ltr'><strong>soletn</strong></span> <span class='ocrx_word' id='word_1_581' title='bbox 785 4024 798 4047; x_wconf 95' lang='lat'><strong>,</strong></span> <span class='ocrx_word' id='word_1_582' title='bbox 827 3982 1061 4046; x_wconf 89' lang='lat' dir='ltr'><strong>scilicet,</strong></span> <span class='ocrx_word' id='word_1_583' title='bbox 1089 3981 1325 4050; x_wconf 62' lang='lat' dir='ltr'><strong>justitiam.</strong></span> <span class='ocrx_word' id='word_1_584' title='bbox 1362 3981 1423 4032; x_wconf 80' lang='lat' dir='ltr'><strong>Et</strong></span> <span class='ocrx_word' id='word_1_585' title='bbox 1454 3979 1587 4033; x_wconf 89' lang='lat' dir='ltr'><strong>hanc</strong></span> <span class='ocrx_word' id='word_1_586' title='bbox 1612 3980 1769 4032; x_wconf 67' lang='lat' dir='ltr'><strong>caeci-</strong></span> 
     </span>
    </p>
   </div>
   <div class='ocr_carea' id='block_1_74' title="bbox 206 4050 1769 4120">
    <p class='ocr_par' dir='ltr' id='par_1_74' title="bbox 206 4050 1769 4120">
     <span class='ocr_line' id='line_1_75' title="bbox 206 4050 1769 4120; baseline -0.001 -17"><span class='ocrx_word' id='word_1_587' title='bbox 206 4059 373 4103; x_wconf 85' lang='lat' dir='ltr'><strong>tatem</strong></span> <span class='ocrx_word' id='word_1_588' title='bbox 420 4051 563 4116; x_wconf 91' lang='lat' dir='ltr'><strong>prius</strong></span> <span class='ocrx_word' id='word_1_589' title='bbox 604 4053 741 4119; x_wconf 88' lang='lat' dir='ltr'><strong>passi</strong></span> <span class='ocrx_word' id='word_1_590' title='bbox 767 4059 914 4117; x_wconf 89' lang='lat' dir='ltr'><strong>sunt,</strong></span> <span class='ocrx_word' id='word_1_591' title='bbox 940 4066 1097 4120; x_wconf 91' lang='lat' dir='ltr'><strong>quam</strong></span> <span class='ocrx_word' id='word_1_592' title='bbox 1122 4054 1284 4120; x_wconf 72' lang='lat' dir='ltr'><strong>spina:</strong></span> <span class='ocrx_word' id='word_1_593' title='bbox 1320 4060 1496 4103; x_wconf 73' lang='lat' dir='ltr'><strong>vestrm</strong></span> <span class='ocrx_word' id='word_1_594' title='bbox 1524 4050 1769 4117; x_wconf 81' lang='lat' dir='ltr'><strong>intellige-</strong></span> 
     </span>
    </p>
   </div>
   <div class='ocr_carea' id='block_1_75' title="bbox 206 4120 1771 4190">
    <p class='ocr_par' dir='ltr' id='par_1_75' title="bbox 206 4120 1771 4190">
     <span class='ocr_line' id='line_1_76' title="bbox 206 4120 1771 4190; baseline 0.001 -20"><span class='ocrx_word' id='word_1_595' title='bbox 206 4131 322 4171; x_wconf 87' lang='lat' dir='ltr'><strong>rent</strong></span> <span class='ocrx_word' id='word_1_596' title='bbox 348 4120 639 4186; x_wconf 87' lang='lat' dir='ltr'><strong>rhamnum,</strong></span> <span class='ocrx_word' id='word_1_597' title='bbox 672 4136 785 4189; x_wconf 94' lang='lat' dir='ltr'><strong>pro,</strong></span> <span class='ocrx_word' id='word_1_598' title='bbox 820 4122 962 4190; x_wconf 89' lang='lat' dir='ltr'><strong>prius</strong></span> <span class='ocrx_word' id='word_1_599' title='bbox 993 4136 1146 4189; x_wconf 87' lang='lat' dir='ltr'><strong>quam</strong></span> <span class='ocrx_word' id='word_1_600' title='bbox 1175 4122 1427 4175; x_wconf 89' lang='lat' dir='ltr'><strong>rbamnus</strong></span> <span class='ocrx_word' id='word_1_601' title='bbox 1461 4130 1663 4173; x_wconf 86' lang='lat' dir='ltr'><strong>vestras</strong></span> <span class='ocrx_word' id='word_1_602' title='bbox 1693 4121 1771 4172; x_wconf 84' lang='lat' dir='ltr'><strong>in-</strong></span> 
     </span>
    </p>
   </div>
   <div class='ocr_carea' id='block_1_76' title="bbox 205 4190 1772 4258">
    <p class='ocr_par' dir='ltr' id='par_1_76' title="bbox 205 4190 1772 4258">
     <span class='ocr_line' id='line_1_77' title="bbox 205 4190 1772 4258; baseline -0.001 -15"><span class='ocrx_word' id='word_1_603' title='bbox 205 4192 416 4256; x_wconf 85' lang='lat' dir='ltr'><strong>telltgat</strong></span> <span class='ocrx_word' id='word_1_604' title='bbox 460 4206 659 4258; x_wconf 85' lang='lat' dir='ltr'><strong>spinas,</strong></span> <span class='ocrx_word' id='word_1_605' title='bbox 693 4192 792 4245; x_wconf 91' lang='lat' dir='ltr'><strong>ltoc</strong></span> <span class='ocrx_word' id='word_1_606' title='bbox 830 4202 915 4246; x_wconf 75' lang='lat' dir='ltr'><strong>eat</strong></span> <span class='ocrx_word' id='word_1_607' title='bbox 944 4208 956 4243; x_wconf 89' lang='lat'><strong>:</strong></span> <span class='ocrx_word' id='word_1_608' title='bbox 986 4193 1185 4246; x_wconf 86' lang='lat' dir='ltr'><strong>Taliter</strong></span> <span class='ocrx_word' id='word_1_609' title='bbox 1231 4192 1388 4244; x_wconf 89' lang='lat' dir='ltr'><strong>etiam</strong></span> <span class='ocrx_word' id='word_1_610' title='bbox 1434 4190 1522 4243; x_wconf 83' lang='lat' dir='ltr'><strong>hic</strong></span> <span class='ocrx_word' id='word_1_611' title='bbox 1567 4192 1772 4243; x_wconf 85' lang='lat' dir='ltr'><strong>occulte</strong></span> 
     </span>
    </p>
   </div>
   <div class='ocr_carea' id='block_1_77' title="bbox 207 4259 1774 4330">
    <p class='ocr_par' dir='ltr' id='par_1_77' title="bbox 207 4259 1774 4330">
     <span class='ocr_line' id='line_1_78' title="bbox 207 4259 1774 4330; baseline 0.001 -19"><span class='ocrx_word' id='word_1_612' title='bbox 207 4269 525 4327; x_wconf 83' lang='lat' dir='ltr'><strong>puniuntur,</strong></span> <span class='ocrx_word' id='word_1_613' title='bbox 557 4272 837 4330; x_wconf 87' lang='lat' dir='ltr'><strong>antequam</strong></span> <span class='ocrx_word' id='word_1_614' title='bbox 875 4261 940 4314; x_wconf 89' lang='lat' dir='ltr'><strong>ad</strong></span> <span class='ocrx_word' id='word_1_615' title='bbox 986 4262 1261 4316; x_wconf 78' lang='lat' dir='ltr'><strong>manifesta</strong></span> <span class='ocrx_word' id='word_1_616' title='bbox 1309 4269 1569 4314; x_wconf 88' lang='lat' dir='ltr'><strong>tormenta</strong></span> <span class='ocrx_word' id='word_1_617' title='bbox 1615 4259 1774 4313; x_wconf 89' lang='lat' dir='ltr'><strong>mise-</strong></span> 
     </span>
    </p>
   </div>
   <div class='ocr_carea' id='block_1_78' title="bbox 208 4330 1770 4400">
    <p class='ocr_par' dir='ltr' id='par_1_78' title="bbox 208 4330 1770 4400">
     <span class='ocr_line' id='line_1_79' title="bbox 208 4330 1770 4400; baseline 0 -17"><span class='ocrx_word' id='word_1_618' title='bbox 208 4344 393 4383; x_wconf 85' lang='lat' dir='ltr'><strong>rarum</strong></span> <span class='ocrx_word' id='word_1_619' title='bbox 449 4331 861 4400; x_wconf 73' lang='lat' dir='ltr'><strong>delectationem</strong></span> <span class='ocrx_word' id='word_1_620' title='bbox 909 4341 967 4385; x_wconf 89' lang='lat' dir='ltr'><strong>et</strong></span> <span class='ocrx_word' id='word_1_621' title='bbox 1018 4333 1345 4400; x_wconf 84' lang='lat' dir='ltr'><strong>voluptatum</strong></span> <span class='ocrx_word' id='word_1_622' title='bbox 1397 4330 1770 4398; x_wconf 84' lang='lat' dir='ltr'><strong>perducantur.</strong></span> 
     </span>
    </p>
   </div>
   <div class='ocr_carea' id='block_1_79' title="bbox 210 4399 1773 4470">
    <p class='ocr_par' dir='ltr' id='par_1_79' title="bbox 210 4399 1773 4470">
     <span class='ocr_line' id='line_1_80' title="bbox 210 4399 1773 4470; baseline 0.002 -20"><span class='ocrx_word' id='word_1_623' title='bbox 210 4400 492 4453; x_wconf 77' lang='lat' dir='ltr'><strong>ltliatnttus</strong></span> <span class='ocrx_word' id='word_1_624' title='bbox 523 4399 681 4455; x_wconf 86' lang='lat' dir='ltr'><strong>herba</strong></span> <span class='ocrx_word' id='word_1_625' title='bbox 711 4409 795 4470; x_wconf 89' lang='lat' dir='ltr'><strong>est</strong></span> <span class='ocrx_word' id='word_1_626' title='bbox 819 4416 938 4470; x_wconf 72' lang='lat' dir='ltr'><strong>quas</strong></span> <span class='ocrx_word' id='word_1_627' title='bbox 964 4416 1083 4456; x_wconf 89' lang='lat' dir='ltr'><strong>cum</strong></span> <span class='ocrx_word' id='word_1_628' title='bbox 1125 4399 1295 4468; x_wconf 85' lang='lat' dir='ltr'><strong>primo</strong></span> <span class='ocrx_word' id='word_1_629' title='bbox 1323 4403 1451 4455; x_wconf 85' lang='lat' dir='ltr'><strong>satis</strong></span> <span class='ocrx_word' id='word_1_630' title='bbox 1492 4402 1562 4451; x_wconf 89' lang='lat' dir='ltr'><strong>sit</strong></span> <span class='ocrx_word' id='word_1_631' title='bbox 1600 4400 1773 4454; x_wconf 90' lang='lat' dir='ltr'><strong>mollis</strong></span> 
     </span>
    </p>
   </div>
   <div class='ocr_carea' id='block_1_80' title="bbox 206 4469 1776 4539">
    <p class='ocr_par' dir='ltr' id='par_1_80' title="bbox 206 4469 1776 4539">
     <span class='ocr_line' id='line_1_81' title="bbox 206 4469 1776 4539; baseline -0.001 -16"><span class='ocrx_word' id='word_1_632' title='bbox 206 4481 261 4523; x_wconf 88' lang='lat' dir='ltr'><strong>et</strong></span> <span class='ocrx_word' id='word_1_633' title='bbox 287 4470 637 4533; x_wconf 84' lang='lat' dir='ltr'><strong>delectabilis,</strong></span> <span class='ocrx_word' id='word_1_634' title='bbox 668 4469 857 4525; x_wconf 88' lang='lat' dir='ltr'><strong>deinde</strong></span> <span class='ocrx_word' id='word_1_635' title='bbox 897 4474 947 4524; x_wconf 89' lang='lat' dir='ltr'><strong>itt</strong></span> <span class='ocrx_word' id='word_1_636' title='bbox 988 4471 1305 4539; x_wconf 87' lang='lat' dir='ltr'><strong>asperrimas</strong></span> <span class='ocrx_word' id='word_1_637' title='bbox 1345 4472 1524 4537; x_wconf 76' lang='lat' dir='ltr'><strong>spinas</strong></span> <span class='ocrx_word' id='word_1_638' title='bbox 1564 4470 1776 4523; x_wconf 90' lang='lat' dir='ltr'><strong>indure-</strong></span> 
     </span>
    </p>
   </div>
   <div class='ocr_carea' id='block_1_81' title="bbox 204 4539 1776 4609">
    <p class='ocr_par' dir='ltr' id='par_1_81' title="bbox 204 4539 1776 4609">
     <span class='ocr_line' id='line_1_82' title="bbox 204 4539 1776 4609; baseline -0.001 -17"><span class='ocrx_word' id='word_1_639' title='bbox 204 4548 333 4592; x_wconf 85' lang='lat' dir='ltr'><strong>sctt.</strong></span> <span class='ocrx_word' id='word_1_640' title='bbox 378 4539 654 4609; x_wconf 54' lang='grc' dir='ltr'><strong>Ρειίιιτωε</strong></span> <span class='ocrx_word' id='word_1_641' title='bbox 691 4543 775 4593; x_wconf 88' lang='lat' dir='ltr'><strong>vel</strong></span> <span class='ocrx_word' id='word_1_642' title='bbox 816 4556 943 4595; x_wconf 86' lang='lat' dir='ltr'><strong>caro</strong></span> <span class='ocrx_word' id='word_1_643' title='bbox 984 4541 1332 4609; x_wconf 79' lang='lat' dir='ltr'><strong>signiﬁcatur,</strong></span> <span class='ocrx_word' id='word_1_644' title='bbox 1377 4555 1494 4609; x_wconf 72' lang='lat' dir='ltr'><strong>quae</strong></span> <span class='ocrx_word' id='word_1_645' title='bbox 1540 4553 1680 4591; x_wconf 90' lang='lat' dir='ltr'><strong>nunc</strong></span> <span class='ocrx_word' id='word_1_646' title='bbox 1724 4542 1776 4592; x_wconf 91' lang='lat' dir='ltr'><strong>in</strong></span> 
     </span>
    </p>
   </div>
   <div class='ocr_carea' id='block_1_82' title="bbox 204 4607 1777 4680">
    <p class='ocr_par' dir='ltr' id='par_1_82' title="bbox 204 4607 1777 4680">
     <span class='ocr_line' id='line_1_83' title="bbox 204 4607 1777 4680; baseline 0 -19"><span class='ocrx_word' id='word_1_647' title='bbox 204 4609 446 4676; x_wconf 74' lang='lat' dir='ltr'><strong>peccatis</strong></span> <span class='ocrx_word' id='word_1_648' title='bbox 466 4607 817 4680; x_wconf 75' lang='lat' dir='ltr'><strong>tlelectat,vel</strong></span> <span class='ocrx_word' id='word_1_649' title='bbox 848 4612 963 4678; x_wconf 84' lang='lat' dir='ltr'><strong>ipsa</strong></span> <span class='ocrx_word' id='word_1_650' title='bbox 990 4607 1223 4680; x_wconf 77' lang='lat' dir='ltr'><strong>peccata,</strong></span> <span class='ocrx_word' id='word_1_651' title='bbox 1248 4622 1361 4677; x_wconf 61' lang='lat' dir='ltr'><strong>qua:</strong></span> <span class='ocrx_word' id='word_1_652' title='bbox 1389 4607 1546 4663; x_wconf 83' lang='lat' dir='ltr'><strong>modo</strong></span> <span class='ocrx_word' id='word_1_653' title='bbox 1568 4610 1777 4676; x_wconf 83' lang='lat' dir='ltr'><strong>quidem</strong></span> 
     </span>
    </p>
   </div>
   <div class='ocr_carea' id='block_1_83' title="bbox 202 4677 1779 4749">
    <p class='ocr_par' dir='ltr' id='par_1_83' title="bbox 202 4677 1779 4749">
     <span class='ocr_line' id='line_1_84' title="bbox 202 4677 1779 4749; baseline 0.001 -19"><span class='ocrx_word' id='word_1_654' title='bbox 202 4687 334 4731; x_wconf 80' lang='lat' dir='ltr'><strong>sunt</strong></span> <span class='ocrx_word' id='word_1_655' title='bbox 389 4677 559 4732; x_wconf 84' lang='lat' dir='ltr'><strong>dulcia</strong></span> <span class='ocrx_word' id='word_1_656' title='bbox 613 4690 666 4733; x_wconf 91' lang='lat' dir='ltr'><strong>et</strong></span> <span class='ocrx_word' id='word_1_657' title='bbox 712 4677 1005 4749; x_wconf 55' lang='lat' dir='ltr'><strong>jucunda,&#39;</strong></span> <span class='ocrx_word' id='word_1_658' title='bbox 1034 4682 1245 4733; x_wconf 87' lang='lat' dir='ltr'><strong>tandem</strong></span> <span class='ocrx_word' id='word_1_659' title='bbox 1302 4694 1430 4733; x_wconf 85' lang='lat' dir='ltr'><strong>vero</strong></span> <span class='ocrx_word' id='word_1_660' title='bbox 1485 4682 1779 4745; x_wconf 77' lang='lat' dir='ltr'><strong>producant</strong></span> 
     </span>
    </p>
   </div>
   <div class='ocr_carea' id='block_1_84' title="bbox 202 4750 1779 4817">
    <p class='ocr_par' dir='ltr' id='par_1_84' title="bbox 202 4750 1779 4817">
     <span class='ocr_line' id='line_1_85' title="bbox 202 4750 1779 4817; baseline 0.001 -18"><span class='ocrx_word' id='word_1_661' title='bbox 202 4751 536 4815; x_wconf 82' lang='lat' dir='ltr'><strong>asperrimas</strong></span> <span class='ocrx_word' id='word_1_662' title='bbox 560 4750 771 4815; x_wconf 79' lang='lat' dir='ltr'><strong>Spinas,</strong></span> <span class='ocrx_word' id='word_1_663' title='bbox 802 4750 853 4805; x_wconf 90' lang='lat' dir='ltr'><strong>id</strong></span> <span class='ocrx_word' id='word_1_664' title='bbox 882 4760 997 4815; x_wconf 77' lang='lat' dir='ltr'><strong>est,</strong></span> <span class='ocrx_word' id='word_1_665' title='bbox 1033 4751 1327 4817; x_wconf 89' lang='lat' dir='ltr'><strong>producunt</strong></span> <span class='ocrx_word' id='word_1_666' title='bbox 1360 4750 1409 4802; x_wconf 89' lang='lat' dir='ltr'><strong>in</strong></span> <span class='ocrx_word' id='word_1_667' title='bbox 1441 4758 1638 4802; x_wconf 53' lang='lat' dir='ltr'><strong>aeterna</strong></span> <span class='ocrx_word' id='word_1_668' title='bbox 1671 4760 1779 4801; x_wconf 88' lang='lat' dir='ltr'><strong>tor-</strong></span> 
     </span>
    </p>
   </div>
   <div class='ocr_carea' id='block_1_85' title="bbox 203 4816 1780 4887">
    <p class='ocr_par' dir='ltr' id='par_1_85' title="bbox 203 4816 1780 4887">
     <span class='ocr_line' id='line_1_86' title="bbox 203 4816 1780 4887; baseline -0.001 -17"><span class='ocrx_word' id='word_1_669' title='bbox 203 4827 415 4872; x_wconf 86' lang='lat' dir='ltr'><strong>menta.</strong></span> <span class='ocrx_word' id='word_1_670' title='bbox 457 4818 545 4872; x_wconf 83' lang='lat' dir='ltr'><strong>SIC</strong></span> <span class='ocrx_word' id='word_1_671' title='bbox 574 4822 713 4873; x_wconf 88' lang='lat' dir='ltr'><strong>enim</strong></span> <span class='ocrx_word' id='word_1_672' title='bbox 745 4816 1141 4887; x_wconf 84' lang='lat' dir='ltr'><strong>intelligendum</strong></span> <span class='ocrx_word' id='word_1_673' title='bbox 1169 4827 1248 4873; x_wconf 89' lang='lat' dir='ltr'><strong>est</strong></span> <span class='ocrx_word' id='word_1_674' title='bbox 1276 4821 1419 4886; x_wconf 88' lang='lat' dir='ltr'><strong>quod</strong></span> <span class='ocrx_word' id='word_1_675' title='bbox 1449 4821 1523 4872; x_wconf 90' lang='lat' dir='ltr'><strong>ait</strong></span> <span class='ocrx_word' id='word_1_676' title='bbox 1552 4833 1568 4872; x_wconf 91' lang='lat'><strong>:</strong></span> <span class='ocrx_word' id='word_1_677' title='bbox 1600 4816 1780 4871; x_wconf 80' lang='lat' dir='ltr'><strong>Prius-</strong></span> 
     </span>
    </p>
   </div>
   <div class='ocr_carea' id='block_1_86' title="bbox 203 4888 1779 4958">
    <p class='ocr_par' dir='ltr' id='par_1_86' title="bbox 203 4888 1779 4958">
     <span class='ocr_line' id='line_1_87' title="bbox 203 4888 1779 4958; baseline 0.002 -20"><span class='ocrx_word' id='word_1_678' title='bbox 203 4903 372 4956; x_wconf 85' lang='lat' dir='ltr'><strong>quam</strong></span> <span class='ocrx_word' id='word_1_679' title='bbox 416 4889 668 4942; x_wconf 87' lang='lat' dir='ltr'><strong>rhamnus</strong></span> <span class='ocrx_word' id='word_1_680' title='bbox 708 4889 965 4958; x_wconf 87' lang='lat' dir='ltr'><strong>intelligat</strong></span> <span class='ocrx_word' id='word_1_681' title='bbox 1006 4891 1186 4957; x_wconf 86' lang='lat' dir='ltr'><strong>spinas</strong></span> <span class='ocrx_word' id='word_1_682' title='bbox 1226 4899 1450 4942; x_wconf 79' lang='lat' dir='ltr'><strong>vestras.</strong></span> <span class='ocrx_word' id='word_1_683' title='bbox 1496 4888 1609 4942; x_wconf 82' lang='lat' dir='ltr'><strong>Non</strong></span> <span class='ocrx_word' id='word_1_684' title='bbox 1640 4889 1779 4955; x_wconf 89' lang='lat' dir='ltr'><strong>quod</strong></span> 
     </span>
    </p>
   </div>
   <div class='ocr_carea' id='block_1_87' title="bbox 202 4958 1781 5028">
    <p class='ocr_par' dir='ltr' id='par_1_87' title="bbox 202 4958 1781 5028">
     <span class='ocr_line' id='line_1_88' title="bbox 202 4958 1781 5028; baseline -0.001 -16"><span class='ocrx_word' id='word_1_685' title='bbox 202 4960 470 5012; x_wconf 82' lang='lat' dir='ltr'><strong>rbamnus</strong></span> <span class='ocrx_word' id='word_1_686' title='bbox 496 4958 676 5026; x_wconf 87' lang='lat' dir='ltr'><strong>spinas</strong></span> <span class='ocrx_word' id='word_1_687' title='bbox 701 4959 780 5014; x_wconf 86' lang='lat' dir='ltr'><strong>sic</strong></span> <span class='ocrx_word' id='word_1_688' title='bbox 806 4961 1082 5028; x_wconf 83' lang='lat' dir='ltr'><strong>intelligat,</strong></span> <span class='ocrx_word' id='word_1_689' title='bbox 1111 4959 1203 5013; x_wconf 85' lang='lat' dir='ltr'><strong>sed</strong></span> <span class='ocrx_word' id='word_1_690' title='bbox 1232 4962 1349 5024; x_wconf 68' lang='lat' dir='ltr'><strong>quia</strong></span> <span class='ocrx_word' id='word_1_691' title='bbox 1378 4974 1533 5012; x_wconf 86' lang='lat' dir='ltr'><strong>causa</strong></span> <span class='ocrx_word' id='word_1_692' title='bbox 1561 4959 1661 5011; x_wconf 89' lang='lat' dir='ltr'><strong>erit</strong></span> <span class='ocrx_word' id='word_1_693' title='bbox 1687 4974 1781 5012; x_wconf 89' lang='lat' dir='ltr'><strong>cur</strong></span> 
     </span>
    </p>
   </div>
   <div class='ocr_carea' id='block_1_88' title="bbox 201 5028 1780 5097">
    <p class='ocr_par' dir='ltr' id='par_1_88' title="bbox 201 5028 1780 5097">
     <span class='ocr_line' id='line_1_89' title="bbox 201 5028 1780 5097; baseline 0.001 -17"><span class='ocrx_word' id='word_1_694' title='bbox 201 5028 459 5083; x_wconf 80' lang='lat' dir='ltr'><strong>homines</strong></span> <span class='ocrx_word' id='word_1_695' title='bbox 490 5043 580 5082; x_wconf 85' lang='lat' dir='ltr'><strong>eas</strong></span> <span class='ocrx_word' id='word_1_696' title='bbox 621 5029 937 5097; x_wconf 84' lang='lat' dir='ltr'><strong>intelligant.</strong></span> <span class='ocrx_word' id='word_1_697' title='bbox 982 5033 1151 5083; x_wconf 83' lang='lat' dir='ltr'><strong>Ilabet</strong></span> <span class='ocrx_word' id='word_1_698' title='bbox 1199 5030 1301 5081; x_wconf 90' lang='lat' dir='ltr'><strong>alia</strong></span> <span class='ocrx_word' id='word_1_699' title='bbox 1335 5031 1606 5082; x_wconf 86' lang='lat' dir='ltr'><strong>translatio</strong></span> <span class='ocrx_word' id='word_1_700' title='bbox 1637 5044 1780 5082; x_wconf 86' lang='lat' dir='ltr'><strong>com-</strong></span> 
     </span>
    </p>
   </div>
   <div class='ocr_carea' id='block_1_89' title="bbox 202 5099 1782 5168">
    <p class='ocr_par' dir='ltr' id='par_1_89' title="bbox 202 5099 1782 5168">
     <span class='ocr_line' id='line_1_90' title="bbox 202 5099 1782 5168; baseline -0.001 -17"><span class='ocrx_word' id='word_1_701' title='bbox 202 5101 478 5164; x_wconf 82' lang='lat' dir='ltr'><strong>pctentius</strong></span> <span class='ocrx_word' id='word_1_702' title='bbox 527 5104 661 5152; x_wconf 85' lang='lat' dir='ltr'><strong>lianc</strong></span> <span class='ocrx_word' id='word_1_703' title='bbox 709 5104 959 5165; x_wconf 89' lang='lat' dir='ltr'><strong>litteram,</strong></span> <span class='ocrx_word' id='word_1_704' title='bbox 1010 5100 1102 5164; x_wconf 88' lang='lat' dir='ltr'><strong>ita,</strong></span> <span class='ocrx_word' id='word_1_705' title='bbox 1154 5100 1355 5155; x_wconf 89' lang='lat' dir='ltr'><strong>scilicet</strong></span> <span class='ocrx_word' id='word_1_706' title='bbox 1403 5118 1415 5152; x_wconf 87' lang='lat'><strong>:</strong></span> <span class='ocrx_word' id='word_1_707' title='bbox 1471 5099 1782 5168; x_wconf 78' lang='lat' dir='ltr'><strong>Priusquam</strong></span> 
     </span>
    </p>
   </div>
   <div class='ocr_carea' id='block_1_90' title="bbox 197 5171 947 5239">
    <p class='ocr_par' dir='ltr' id='par_1_90' title="bbox 197 5171 947 5239">
     <span class='ocr_line' id='line_1_91' title="bbox 197 5171 947 5239; baseline 0.004 -20"><span class='ocrx_word' id='word_1_708' title='bbox 197 5171 456 5239; x_wconf 75' lang='lat' dir='ltr'><strong>rhattmus</strong></span> <span class='ocrx_word' id='word_1_709' title='bbox 485 5171 730 5239; x_wconf 82' lang='lat' dir='ltr'><strong>producat</strong></span> <span class='ocrx_word' id='word_1_710' title='bbox 754 5174 947 5236; x_wconf 87' lang='lat' dir='ltr'><strong>spinas.</strong></span> 
     </span>
    </p>
   </div>
   <div class='ocr_carea' id='block_1_91' title="bbox 274 5238 1779 5309">
    <p class='ocr_par' dir='ltr' id='par_1_91' title="bbox 274 5238 1779 5309">
     <span class='ocr_line' id='line_1_92' title="bbox 274 5238 1779 5309; baseline 0.001 -18"><span class='ocrx_word' id='word_1_711' title='bbox 274 5238 429 5291; x_wconf 70' lang='lat' dir='ltr'><strong>Sicut</strong></span> <span class='ocrx_word' id='word_1_712' title='bbox 456 5244 689 5292; x_wconf 83' lang='lat' dir='ltr'><strong>viventes.</strong></span> <span class='ocrx_word' id='word_1_713' title='bbox 724 5240 1092 5309; x_wconf 78' lang='lat' dir='ltr'><strong>Supercecidit,</strong></span> <span class='ocrx_word' id='word_1_714' title='bbox 1122 5239 1352 5308; x_wconf 88' lang='lat' dir='ltr'><strong>inquam,</strong></span> <span class='ocrx_word' id='word_1_715' title='bbox 1388 5241 1535 5307; x_wconf 74' lang='lat' dir='ltr'><strong>ignis,</strong></span> <span class='ocrx_word' id='word_1_716' title='bbox 1585 5248 1638 5292; x_wconf 91' lang='lat' dir='ltr'><strong>et</strong></span> <span class='ocrx_word' id='word_1_717' title='bbox 1667 5240 1779 5304; x_wconf 92' lang='lat' dir='ltr'><strong>ille,</strong></span> 
     </span>
    </p>
   </div>
   <div class='ocr_carea' id='block_1_92' title="bbox 199 5308 1780 5377">
    <p class='ocr_par' dir='ltr' id='par_1_92' title="bbox 199 5308 1780 5377">
     <span class='ocr_line' id='line_1_93' title="bbox 199 5308 1780 5377; baseline 0.001 -15"><span class='ocrx_word' id='word_1_718' title='bbox 199 5308 450 5376; x_wconf 81' lang='lat' dir='ltr'><strong>inquam.</strong></span> <span class='ocrx_word' id='word_1_719' title='bbox 486 5312 622 5377; x_wconf 85' lang='lat' dir='ltr'><strong>ignis</strong></span> <span class='ocrx_word' id='word_1_720' title='bbox 653 5312 879 5363; x_wconf 76' lang='lat' dir='ltr'><strong>absorbet</strong></span> <span class='ocrx_word' id='word_1_721' title='bbox 905 5325 988 5363; x_wconf 83' lang='lat' dir='ltr'><strong>eos</strong></span> <span class='ocrx_word' id='word_1_722' title='bbox 1021 5315 1070 5363; x_wconf 88' lang='lat' dir='ltr'><strong>in</strong></span> <span class='ocrx_word' id='word_1_723' title='bbox 1102 5312 1379 5375; x_wconf 64' lang='lat' dir='ltr'><strong>praesenti;</strong></span> <span class='ocrx_word' id='word_1_724' title='bbox 1410 5324 1502 5362; x_wconf 88' lang='lat' dir='ltr'><strong>eos</strong></span> <span class='ocrx_word' id='word_1_725' title='bbox 1530 5310 1649 5363; x_wconf 90' lang='lat' dir='ltr'><strong>dico</strong></span> <span class='ocrx_word' id='word_1_726' title='bbox 1676 5326 1780 5363; x_wconf 88' lang='lat' dir='ltr'><strong>non</strong></span> 
     </span>
    </p>
   </div>
   <div class='ocr_carea' id='block_1_93' title="bbox 196 5381 1782 5449">
    <p class='ocr_par' dir='ltr' id='par_1_93' title="bbox 196 5381 1782 5449">
     <span class='ocr_line' id='line_1_94' title="bbox 196 5381 1782 5449; baseline 0.002 -19"><span class='ocrx_word' id='word_1_727' title='bbox 196 5394 335 5432; x_wconf 74' lang='lat' dir='ltr'><strong>vene</strong></span> <span class='ocrx_word' id='word_1_728' title='bbox 365 5382 624 5447; x_wconf 81' lang='lat' dir='ltr'><strong>viventes,</strong></span> <span class='ocrx_word' id='word_1_729' title='bbox 656 5384 749 5436; x_wconf 84' lang='lat' dir='ltr'><strong>sed</strong></span> <span class='ocrx_word' id='word_1_730' title='bbox 775 5384 903 5434; x_wconf 85' lang='lat' dir='ltr'><strong>sicut</strong></span> <span class='ocrx_word' id='word_1_731' title='bbox 933 5391 1167 5446; x_wconf 79' lang='lat' dir='ltr'><strong>viventes,</strong></span> <span class='ocrx_word' id='word_1_732' title='bbox 1193 5383 1313 5449; x_wconf 88' lang='lat' dir='ltr'><strong>quia</strong></span> <span class='ocrx_word' id='word_1_733' title='bbox 1342 5383 1561 5433; x_wconf 86' lang='lat' dir='ltr'><strong>interius</strong></span> <span class='ocrx_word' id='word_1_734' title='bbox 1586 5381 1782 5433; x_wconf 80' lang='lat' dir='ltr'><strong>mortui</strong></span> 
     </span>
    </p>
   </div>
   <div class='ocr_carea' id='block_1_94' title="bbox 272 5519 1783 5587">
    <p class='ocr_par' dir='ltr' id='par_1_94' title="bbox 272 5519 1783 5587">
     <span class='ocr_line' id='line_1_95' title="bbox 272 5519 1783 5587; baseline 0.002 -16"><span class='ocrx_word' id='word_1_735' title='bbox 272 5519 346 5571; x_wconf 68' lang='lat' dir='ltr'><strong>Et</strong></span> <span class='ocrx_word' id='word_1_736' title='bbox 377 5520 608 5573; x_wconf 83' lang='lat' dir='ltr'><strong>absorbet</strong></span> <span class='ocrx_word' id='word_1_737' title='bbox 636 5535 719 5574; x_wconf 88' lang='lat' dir='ltr'><strong>eos</strong></span> <span class='ocrx_word' id='word_1_738' title='bbox 745 5522 873 5575; x_wconf 86' lang='lat' dir='ltr'><strong>sicut</strong></span> <span class='ocrx_word' id='word_1_739' title='bbox 900 5522 951 5573; x_wconf 92' lang='lat' dir='ltr'><strong>in</strong></span> <span class='ocrx_word' id='word_1_740' title='bbox 992 5523 1087 5574; x_wconf 89' lang='lat' dir='ltr'><strong>ira.</strong></span> <span class='ocrx_word' id='word_1_741' title='bbox 1127 5522 1277 5587; x_wconf 84' lang='lat' dir='ltr'><strong>Quod</strong></span> <span class='ocrx_word' id='word_1_742' title='bbox 1318 5520 1437 5576; x_wconf 91' lang='lat' dir='ltr'><strong>ideo</strong></span> <span class='ocrx_word' id='word_1_743' title='bbox 1467 5519 1629 5583; x_wconf 89' lang='lat' dir='ltr'><strong>dicit,</strong></span> <span class='ocrx_word' id='word_1_744' title='bbox 1663 5519 1783 5587; x_wconf 85' lang='lat' dir='ltr'><strong>quia</strong></span> 
     </span>
    </p>
   </div>
   <div class='ocr_carea' id='block_1_95' title="bbox 188 5590 1785 5659">
    <p class='ocr_par' dir='ltr' id='par_1_95' title="bbox 188 5590 1785 5659">
     <span class='ocr_line' id='line_1_96' title="bbox 188 5590 1785 5659; baseline 0 -16"><span class='ocrx_word' id='word_1_745' title='bbox 188 5591 319 5644; x_wconf 72' lang='lat' dir='ltr'><strong>[nec</strong></span> <span class='ocrx_word' id='word_1_746' title='bbox 351 5593 450 5655; x_wconf 84' lang='lat' dir='ltr'><strong>ira,</strong></span> <span class='ocrx_word' id='word_1_747' title='bbox 484 5591 536 5643; x_wconf 88' lang='lat' dir='ltr'><strong>id</strong></span> <span class='ocrx_word' id='word_1_748' title='bbox 564 5598 665 5655; x_wconf 90' lang='lat' dir='ltr'><strong>est,</strong></span> <span class='ocrx_word' id='word_1_749' title='bbox 700 5591 925 5645; x_wconf 87' lang='lat' dir='ltr'><strong>vindicta</strong></span> <span class='ocrx_word' id='word_1_750' title='bbox 960 5592 1049 5645; x_wconf 88' lang='lat' dir='ltr'><strong>Dei</strong></span> <span class='ocrx_word' id='word_1_751' title='bbox 1076 5593 1143 5648; x_wconf 91' lang='lat' dir='ltr'><strong>dc</strong></span> <span class='ocrx_word' id='word_1_752' title='bbox 1174 5593 1275 5646; x_wconf 89' lang='lat' dir='ltr'><strong>illis</strong></span> <span class='ocrx_word' id='word_1_753' title='bbox 1307 5600 1390 5646; x_wconf 91' lang='lat' dir='ltr'><strong>est</strong></span> <span class='ocrx_word' id='word_1_754' title='bbox 1415 5591 1564 5659; x_wconf 84' lang='lat' dir='ltr'><strong>quasi</strong></span> <span class='ocrx_word' id='word_1_755' title='bbox 1592 5590 1785 5644; x_wconf 90' lang='lat' dir='ltr'><strong>simili-</strong></span> 
     </span>
    </p>
   </div>
   <div class='ocr_carea' id='block_1_96' title="bbox 183 5661 1783 5732">
    <p class='ocr_par' dir='ltr' id='par_1_96' title="bbox 183 5661 1783 5732">
     <span class='ocr_line' id='line_1_97' title="bbox 183 5661 1783 5732; baseline 0 -17"><span class='ocrx_word' id='word_1_756' title='bbox 183 5664 330 5715; x_wconf 74' lang='lat' dir='ltr'><strong>tudo</strong></span> <span class='ocrx_word' id='word_1_757' title='bbox 358 5661 499 5714; x_wconf 90' lang='lat' dir='ltr'><strong>illius</strong></span> <span class='ocrx_word' id='word_1_758' title='bbox 526 5664 702 5730; x_wconf 88' lang='lat' dir='ltr'><strong>gravis</strong></span> <span class='ocrx_word' id='word_1_759' title='bbox 730 5664 820 5732; x_wconf 75' lang='lat' dir='ltr'><strong>ine</strong></span> <span class='ocrx_word' id='word_1_760' title='bbox 843 5702 857 5722; x_wconf 87' lang='lat'><strong>,</strong></span> <span class='ocrx_word' id='word_1_761' title='bbox 893 5678 1048 5730; x_wconf 88' lang='lat' dir='ltr'><strong>quam</strong></span> <span class='ocrx_word' id='word_1_762' title='bbox 1079 5662 1342 5732; x_wconf 86' lang='lat' dir='ltr'><strong>patientur</strong></span> <span class='ocrx_word' id='word_1_763' title='bbox 1370 5664 1421 5714; x_wconf 91' lang='lat' dir='ltr'><strong>in</strong></span> <span class='ocrx_word' id='word_1_764' title='bbox 1450 5662 1625 5714; x_wconf 81' lang='lat' dir='ltr'><strong>futuro</strong></span> <span class='ocrx_word' id='word_1_765' title='bbox 1661 5662 1783 5729; x_wconf 88' lang='lat' dir='ltr'><strong>igne</strong></span> 
     </span>
    </p>
   </div>
   <div class='ocr_carea' id='block_1_97' title="bbox 170 5731 1778 5804">
    <p class='ocr_par' dir='ltr' id='par_1_97' title="bbox 170 5731 1778 5804">
     <span class='ocr_line' id='line_1_98' title="bbox 170 5731 1778 5804; baseline -0.003 -13"><span class='ocrx_word' id='word_1_766' title='bbox 170 5735 497 5804; x_wconf 55' lang='lat' dir='ltr'><strong>acumina;</strong></span> <span class='ocrx_word' id='word_1_767' title='bbox 533 5734 610 5787; x_wconf 84' lang='lat' dir='ltr'><strong>vel</strong></span> <span class='ocrx_word' id='word_1_768' title='bbox 640 5732 760 5801; x_wconf 88' lang='lat' dir='ltr'><strong>quia</strong></span> <span class='ocrx_word' id='word_1_769' title='bbox 801 5731 939 5788; x_wconf 84' lang='lat' dir='ltr'><strong>Deus</strong></span> <span class='ocrx_word' id='word_1_770' title='bbox 980 5731 1100 5789; x_wconf 86' lang='lat' dir='ltr'><strong>licet</strong></span> <span class='ocrx_word' id='word_1_771' title='bbox 1138 5748 1259 5790; x_wconf 88' lang='lat' dir='ltr'><strong>cum</strong></span> <span class='ocrx_word' id='word_1_772' title='bbox 1298 5734 1430 5788; x_wconf 83' lang='lat' dir='ltr'><strong>tales</strong></span> <span class='ocrx_word' id='word_1_773' title='bbox 1469 5732 1643 5802; x_wconf 83' lang='lat' dir='ltr'><strong>punit,</strong></span> <span class='ocrx_word' id='word_1_774' title='bbox 1687 5746 1778 5802; x_wconf 90' lang='lat' dir='ltr'><strong>pa-</strong></span> 
     </span>
    </p>
   </div>
   <div class='ocr_carea' id='block_1_98' title="bbox 1840 1811 2113 1869">
    <p class='ocr_par' dir='ltr' id='par_1_98' title="bbox 1840 1811 2113 1869">
     <span class='ocr_line' id='line_1_99' title="bbox 1840 1811 2113 1869; baseline -0.011 -1"><span class='ocrx_word' id='word_1_775' title='bbox 1840 1811 2113 1869; x_wconf 85' lang='lat' dir='ltr'><strong>bitatione.</strong></span> 
     </span>
    </p>
   </div>
   <div class='ocr_carea' id='block_1_99' title="bbox 2300 1899 2938 1956">
    <p class='ocr_par' dir='ltr' id='par_1_99' title="bbox 2300 1899 2938 1956">
     <span class='ocr_line' id='line_1_100' title="bbox 2300 1899 2938 1956; baseline -0.003 -1"><span class='ocrx_word' id='word_1_776' title='bbox 2300 1900 2367 1955; x_wconf 88' lang='lat' dir='ltr'><strong>IN</strong></span> <span class='ocrx_word' id='word_1_777' title='bbox 2406 1900 2722 1956; x_wconf 78' lang='lat' dir='ltr'><strong>PSALMUM</strong></span> <span class='ocrx_word' id='word_1_778' title='bbox 2762 1899 2938 1954; x_wconf 82' lang='lat' dir='ltr'><strong>LVIII.</strong></span> 
     </span>
    </p>
   </div>
   <div class='ocr_carea' id='block_1_100' title="bbox 1846 1991 3410 2060">
    <p class='ocr_par' dir='ltr' id='par_1_100' title="bbox 1846 1991 3410 2060">
     <span class='ocr_line' id='line_1_101' title="bbox 1846 1991 3410 2060; baseline -0.004 -8"><span class='ocrx_word' id='word_1_779' title='bbox 1846 1997 1902 2052; x_wconf 93' lang='lat' dir='ltr'><strong>In</strong></span> <span class='ocrx_word' id='word_1_780' title='bbox 1929 1995 2110 2060; x_wconf 86' lang='lat' dir='ltr'><strong>linem,</strong></span> <span class='ocrx_word' id='word_1_781' title='bbox 2154 2008 2223 2048; x_wconf 90' lang='lat' dir='ltr'><strong>ne</strong></span> <span class='ocrx_word' id='word_1_782' title='bbox 2261 1994 2538 2058; x_wconf 87' lang='lat' dir='ltr'><strong>disperdas</strong></span> <span class='ocrx_word' id='word_1_783' title='bbox 2581 1995 2741 2046; x_wconf 80' lang='lat' dir='ltr'><strong>David</strong></span> <span class='ocrx_word' id='word_1_784' title='bbox 2774 1994 2824 2045; x_wconf 92' lang='lat' dir='ltr'><strong>in</strong></span> <span class='ocrx_word' id='word_1_785' title='bbox 2860 1993 2995 2047; x_wconf 90' lang='lat' dir='ltr'><strong>tituli</strong></span> <span class='ocrx_word' id='word_1_786' title='bbox 3032 1991 3410 2055; x_wconf 81' lang='lat' dir='ltr'><strong>inscriptione,</strong></span> 
     </span>
    </p>
   </div>
   <div class='ocr_carea' id='block_1_101' title="bbox 1848 2063 3416 2136">
    <p class='ocr_par' dir='ltr' id='par_1_101' title="bbox 1848 2063 3416 2136">
     <span class='ocr_line' id='line_1_102' title="bbox 1848 2063 3416 2136; baseline -0.005 -15"><span class='ocrx_word' id='word_1_787' title='bbox 1848 2106 1853 2121; x_wconf 90' lang='lat'><strong>.</strong></span> <span class='ocrx_word' id='word_1_788' title='bbox 1916 2066 2129 2136; x_wconf 75' lang='lat' dir='ltr'><strong>quando</strong></span> <span class='ocrx_word' id='word_1_789' title='bbox 2162 2065 2300 2116; x_wconf 86' lang='lat' dir='ltr'><strong>misit</strong></span> <span class='ocrx_word' id='word_1_790' title='bbox 2330 2064 2457 2118; x_wconf 86' lang='lat' dir='ltr'><strong>Saul</strong></span> <span class='ocrx_word' id='word_1_791' title='bbox 2497 2072 2550 2117; x_wconf 85' lang='lat' dir='ltr'><strong>et</strong></span> <span class='ocrx_word' id='word_1_792' title='bbox 2589 2063 2873 2118; x_wconf 87' lang='lat' dir='ltr'><strong>custodivit</strong></span> <span class='ocrx_word' id='word_1_793' title='bbox 2905 2064 3119 2117; x_wconf 87' lang='lat' dir='ltr'><strong>domum</strong></span> <span class='ocrx_word' id='word_1_794' title='bbox 3153 2065 3268 2131; x_wconf 85' lang='lat' dir='ltr'><strong>ejus</strong></span> <span class='ocrx_word' id='word_1_795' title='bbox 3291 2101 3306 2127; x_wconf 90' lang='lat'><strong>,</strong></span> <span class='ocrx_word' id='word_1_796' title='bbox 3357 2069 3416 2115; x_wconf 82' lang='lat' dir='ltr'><strong>ut</strong></span> 
     </span>
    </p>
   </div>
   <div class='ocr_carea' id='block_1_102' title="bbox 1919 2136 2411 2191">
    <p class='ocr_par' dir='ltr' id='par_1_102' title="bbox 1919 2136 2411 2191">
     <span class='ocr_line' id='line_1_103' title="bbox 1919 2136 2411 2191; baseline -0.006 -1"><span class='ocrx_word' id='word_1_797' title='bbox 1919 2152 2039 2191; x_wconf 83' lang='lat' dir='ltr'><strong>eum</strong></span> <span class='ocrx_word' id='word_1_798' title='bbox 2072 2136 2411 2188; x_wconf 67' lang='lat' dir='ltr'><strong>interﬁci-ret.</strong></span> 
     </span>
    </p>
   </div>
   <div class='ocr_carea' id='block_1_103' title="bbox 2444 2238 2818 2278">
    <p class='ocr_par' dir='ltr' id='par_1_103' title="bbox 2444 2238 2818 2278">
     <span class='ocr_line' id='line_1_104' title="bbox 2444 2238 2818 2278; baseline -0.003 -1"><span class='ocrx_word' id='word_1_799' title='bbox 2444 2238 2818 2278; x_wconf 69' lang='lat' dir='ltr'><strong>ABGUIENTUM.</strong></span> 
     </span>
    </p>
   </div>
   <div class='ocr_carea' id='block_1_104' title="bbox 1922 2310 3410 2382">
    <p class='ocr_par' dir='ltr' id='par_1_104' title="bbox 1922 2310 3410 2382">
     <span class='ocr_line' id='line_1_105' title="bbox 1922 2310 3410 2382; baseline -0.005 -11"><span class='ocrx_word' id='word_1_800' title='bbox 1922 2316 2019 2371; x_wconf 87' lang='lat' dir='ltr'><strong>Hic</strong></span> <span class='ocrx_word' id='word_1_801' title='bbox 2067 2313 2225 2368; x_wconf 89' lang='lat' dir='ltr'><strong>etiam</strong></span> <span class='ocrx_word' id='word_1_802' title='bbox 2277 2313 2512 2382; x_wconf 87' lang='lat' dir='ltr'><strong>psalmus</strong></span> <span class='ocrx_word' id='word_1_803' title='bbox 2561 2312 2611 2365; x_wconf 90' lang='lat' dir='ltr'><strong>in</strong></span> <span class='ocrx_word' id='word_1_804' title='bbox 2663 2326 2942 2378; x_wconf 88' lang='lat' dir='ltr'><strong>personam</strong></span> <span class='ocrx_word' id='word_1_805' title='bbox 2977 2310 3410 2382; x_wconf 72' lang='lat' dir='ltr'><strong>Macltaoteorum</strong></span> 
     </span>
    </p>
   </div>
   <div class='ocr_carea' id='block_1_105' title="bbox 1854 2381 3410 2448">
    <p class='ocr_par' dir='ltr' id='par_1_105' title="bbox 1854 2381 3410 2448">
     <span class='ocr_line' id='line_1_106' title="bbox 1854 2381 3410 2448; baseline -0.004 -9"><span class='ocrx_word' id='word_1_806' title='bbox 1854 2386 2131 2440; x_wconf 81' lang='lat' dir='ltr'><strong>formatur.</strong></span> <span class='ocrx_word' id='word_1_807' title='bbox 2168 2381 2297 2437; x_wconf 83' lang='lat' dir='ltr'><strong>Iteni</strong></span> <span class='ocrx_word' id='word_1_808' title='bbox 2324 2384 2586 2436; x_wconf 84' lang='lat' dir='ltr'><strong>Arnobius</strong></span> <span class='ocrx_word' id='word_1_809' title='bbox 2613 2400 2624 2435; x_wconf 75' lang='grc' dir='ltr'>ε</span> <span class='ocrx_word' id='word_1_810' title='bbox 2657 2399 2675 2432; x_wconf 78' lang='lat' dir='ltr'><strong>t</strong></span> <span class='ocrx_word' id='word_1_811' title='bbox 2705 2383 2928 2446; x_wconf 79' lang='lat' dir='ltr'><strong>Quando</strong></span> <span class='ocrx_word' id='word_1_812' title='bbox 2955 2381 3144 2434; x_wconf 89' lang='lat' dir='ltr'><strong>domus</strong></span> <span class='ocrx_word' id='word_1_813' title='bbox 3171 2381 3410 2448; x_wconf 84' lang='lat' dir='ltr'><strong>corporis</strong></span> 
     </span>
    </p>
   </div>
   <div class='ocr_carea' id='block_1_106' title="bbox 1853 2451 3410 2523">
    <p class='ocr_par' dir='ltr' id='par_1_106' title="bbox 1853 2451 3410 2523">
     <span class='ocr_line' id='line_1_107' title="bbox 1853 2451 3410 2523; baseline -0.005 -12"><span class='ocrx_word' id='word_1_814' title='bbox 1853 2458 1923 2512; x_wconf 84' lang='lat' dir='ltr'><strong>tui</strong></span> <span class='ocrx_word' id='word_1_815' title='bbox 1954 2472 1981 2507; x_wconf 89' lang='lat' dir='ltr'><strong>a</strong></span> <span class='ocrx_word' id='word_1_816' title='bbox 2015 2458 2253 2523; x_wconf 84' lang='lat' dir='ltr'><strong>principe</strong></span> <span class='ocrx_word' id='word_1_817' title='bbox 2283 2453 2437 2520; x_wconf 83' lang='lat' dir='ltr'><strong>ltujus</strong></span> <span class='ocrx_word' id='word_1_818' title='bbox 2469 2451 2645 2505; x_wconf 88' lang='lat' dir='ltr'><strong>ntuudi</strong></span> <span class='ocrx_word' id='word_1_819' title='bbox 2689 2451 2942 2523; x_wconf 67' lang='lat' dir='ltr'><strong>custodiri</strong></span> <span class='ocrx_word' id='word_1_820' title='bbox 2970 2452 3300 2519; x_wconf 84' lang='lat' dir='ltr'><strong>praecipitur,</strong></span> <span class='ocrx_word' id='word_1_821' title='bbox 3352 2458 3410 2503; x_wconf 79' lang='grc' dir='ltr'><strong>ιιι</strong></span> 
     </span>
    </p>
   </div>
   <div class='ocr_carea' id='block_1_107' title="bbox 1851 2521 3406 2596">
    <p class='ocr_par' dir='ltr' id='par_1_107' title="bbox 1851 2521 3406 2596">
     <span class='ocr_line' id='line_1_108' title="bbox 1851 2521 3406 2596; baseline -0.009 -15"><span class='ocrx_word' id='word_1_822' title='bbox 1851 2521 2078 2596; x_wconf 77' lang='lat' dir='ltr'><strong>capiaris</strong></span> <span class='ocrx_word' id='word_1_823' title='bbox 2127 2535 2181 2596; x_wconf 87' lang='lat' dir='ltr'><strong>et</strong></span> <span class='ocrx_word' id='word_1_824' title='bbox 2225 2523 2559 2596; x_wconf 80' lang='lat' dir='ltr'><strong>ittterliciaris</strong></span> <span class='ocrx_word' id='word_1_825' title='bbox 2591 2521 2763 2596; x_wconf 70' lang='lat' dir='ltr'><strong>gladio</strong></span> <span class='ocrx_word' id='word_1_826' title='bbox 2791 2523 3406 2596; x_wconf 67' lang='lat' dir='ltr'><strong>cujuscunquepeccati,</strong></span> 
     </span>
    </p>
   </div>
   <div class='ocr_carea' id='block_1_108' title="bbox 1852 2590 3414 2662">
    <p class='ocr_par' dir='ltr' id='par_1_108' title="bbox 1852 2590 3414 2662">
     <span class='ocr_line' id='line_1_109' title="bbox 1852 2590 3414 2662; baseline -0.004 -13"><span class='ocrx_word' id='word_1_827' title='bbox 1852 2590 1932 2651; x_wconf 58' lang='grc' dir='ltr'><strong>δέχ’</strong></span> <span class='ocrx_word' id='word_1_828' title='bbox 1958 2598 2079 2651; x_wconf 92' lang='lat' dir='ltr'><strong>totis</strong></span> <span class='ocrx_word' id='word_1_829' title='bbox 2105 2595 2305 2649; x_wconf 79' lang='lat' dir='ltr'><strong>viribus</strong></span> <span class='ocrx_word' id='word_1_830' title='bbox 2332 2593 2566 2648; x_wconf 77' lang='lat' dir='ltr'><strong>exclama</strong></span> <span class='ocrx_word' id='word_1_831' title='bbox 2593 2590 2611 2644; x_wconf 19' lang='lat'><strong>:7</strong></span> <span class='ocrx_word' id='word_1_832' title='bbox 2642 2590 2799 2662; x_wconf 82' lang='lat' dir='ltr'><strong>Eripe</strong></span> <span class='ocrx_word' id='word_1_833' title='bbox 2829 2607 2905 2645; x_wconf 87' lang='lat' dir='ltr'><strong>me</strong></span> <span class='ocrx_word' id='word_1_834' title='bbox 2934 2593 2996 2645; x_wconf 87' lang='lat' dir='ltr'><strong>de</strong></span> <span class='ocrx_word' id='word_1_835' title='bbox 3033 2591 3251 2644; x_wconf 87' lang='lat' dir='ltr'><strong>inimicis</strong></span> <span class='ocrx_word' id='word_1_836' title='bbox 3290 2591 3414 2642; x_wconf 79' lang='lat' dir='ltr'><strong>meis</strong></span> 
     </span>
    </p>
   </div>
   <div class='ocr_carea' id='block_1_109' title="bbox 1853 2671 2223 2722">
    <p class='ocr_par' dir='ltr' id='par_1_109' title="bbox 1853 2671 2223 2722">
     <span class='ocr_line' id='line_1_110' title="bbox 1853 2671 2223 2722; baseline -0.016 0"><span class='ocrx_word' id='word_1_837' title='bbox 1853 2671 1988 2722; x_wconf 88' lang='lat' dir='ltr'><strong>Deus</strong></span> <span class='ocrx_word' id='word_1_838' title='bbox 2016 2683 2172 2721; x_wconf 86' lang='lat' dir='ltr'><strong>meus.</strong></span> <span class='ocrx_word' id='word_1_839' title='bbox 2202 2683 2223 2716; x_wconf 65' lang='grc' dir='ltr'>ι</span> 
     </span>
    </p>
   </div>
   <div class='ocr_carea' id='block_1_110' title="bbox 2462 2731 2807 2787">
    <p class='ocr_par' dir='ltr' id='par_1_110' title="bbox 2462 2731 2807 2787">
     <span class='ocr_line' id='line_1_111' title="bbox 2462 2731 2807 2787; baseline -0.009 0"><span class='ocrx_word' id='word_1_840' title='bbox 2462 2731 2807 2787; x_wconf 70' lang='lat' dir='ltr'><strong>exrtimrto.</strong></span> 
     </span>
    </p>
   </div>
   <div class='ocr_carea' id='block_1_111' title="bbox 1930 2821 3399 2895">
    <p class='ocr_par' dir='ltr' id='par_1_111' title="bbox 1930 2821 3399 2895">
     <span class='ocr_line' id='line_1_112' title="bbox 1930 2821 3399 2895; baseline -0.003 -14"><span class='ocrx_word' id='word_1_841' title='bbox 1930 2827 2247 2895; x_wconf 77' lang='lat' dir='ltr'><strong>Principium</strong></span> <span class='ocrx_word' id='word_1_842' title='bbox 2276 2824 2413 2878; x_wconf 83' lang='lat' dir='ltr'><strong>tituli</strong></span> <span class='ocrx_word' id='word_1_843' title='bbox 2439 2824 2629 2895; x_wconf 64' lang='lat' dir='ltr'><strong>saepius</strong></span> <span class='ocrx_word' id='word_1_844' title='bbox 2649 2821 2929 2895; x_wconf 75' lang='lat' dir='ltr'><strong>expositum</strong></span> <span class='ocrx_word' id='word_1_845' title='bbox 2970 2830 3076 2895; x_wconf 68' lang='lat' dir='ltr'><strong>est,</strong></span> <span class='ocrx_word' id='word_1_846' title='bbox 3118 2821 3399 2895; x_wconf 26' lang='lat' dir='ltr'><strong>ubiﬂpnssit</strong></span> 
     </span>
    </p>
   </div>
   <div class='ocr_carea' id='block_1_112' title="bbox 1857 2891 3388 2966">
    <p class='ocr_par' dir='ltr' id='par_1_112' title="bbox 1857 2891 3388 2966">
     <span class='ocr_line' id='line_1_113' title="bbox 1857 2891 3388 2966; baseline -0.009 -12"><span class='ocrx_word' id='word_1_847' title='bbox 1857 2899 2044 2954; x_wconf 79' lang='lat' dir='ltr'><strong>Christi</strong></span> <span class='ocrx_word' id='word_1_848' title='bbox 2073 2891 2117 2951; x_wconf 78' lang='lat' dir='ltr'><strong>et</strong></span> <span class='ocrx_word' id='word_1_849' title='bbox 2156 2912 2361 2966; x_wconf 89' lang='lat' dir='ltr'><strong>regnant</strong></span> <span class='ocrx_word' id='word_1_850' title='bbox 2392 2891 2817 2966; x_wconf 28' lang='lat' dir='ltr'><strong>eittsiinviolabile</strong></span> <span class='ocrx_word' id='word_1_851' title='bbox 2843 2891 3169 2966; x_wconf 85' lang='lat' dir='ltr'><strong>describitur.</strong></span> <span class='ocrx_word' id='word_1_852' title='bbox 3204 2892 3388 2966; x_wconf 73' lang='lat' dir='ltr'><strong>Quand</strong></span> 
     </span>
    </p>
   </div>
   <div class='ocr_carea' id='block_1_113' title="bbox 1857 2961 3392 3033">
    <p class='ocr_par' dir='ltr' id='par_1_113' title="bbox 1857 2961 3392 3033">
     <span class='ocr_line' id='line_1_114' title="bbox 1857 2961 3392 3033; baseline -0.005 -12"><span class='ocrx_word' id='word_1_853' title='bbox 1857 2972 1991 3022; x_wconf 86' lang='lat' dir='ltr'><strong>misit</strong></span> <span class='ocrx_word' id='word_1_854' title='bbox 2023 2968 2172 3033; x_wconf 82' lang='lat' dir='ltr'><strong>Suul,</strong></span> <span class='ocrx_word' id='word_1_855' title='bbox 2205 2961 2251 3020; x_wconf 76' lang='lat' dir='ltr'><strong>et</strong></span> <span class='ocrx_word' id='word_1_856' title='bbox 2281 2965 2545 3018; x_wconf 75' lang='lat' dir='ltr'><strong>custodit-it</strong></span> <span class='ocrx_word' id='word_1_857' title='bbox 2570 2964 2775 3015; x_wconf 88' lang='lat' dir='ltr'><strong>domum</strong></span> <span class='ocrx_word' id='word_1_858' title='bbox 2803 2964 2913 3026; x_wconf 81' lang='lat' dir='ltr'><strong>eius</strong></span> <span class='ocrx_word' id='word_1_859' title='bbox 2933 3001 2948 3024; x_wconf 94' lang='lat'><strong>,</strong></span> <span class='ocrx_word' id='word_1_860' title='bbox 2991 2972 3043 3013; x_wconf 87' lang='lat' dir='ltr'><strong>ut</strong></span> <span class='ocrx_word' id='word_1_861' title='bbox 3078 2978 3194 3014; x_wconf 88' lang='lat' dir='ltr'><strong>eam</strong></span> <span class='ocrx_word' id='word_1_862' title='bbox 3223 2961 3392 3024; x_wconf 84' lang='lat' dir='ltr'><strong>inter/i</strong></span> 
     </span>
    </p>
   </div>
   <div class='ocr_carea' id='block_1_114' title="bbox 1857 3033 3395 3107">
    <p class='ocr_par' dir='ltr' id='par_1_114' title="bbox 1857 3033 3395 3107">
     <span class='ocr_line' id='line_1_115' title="bbox 1857 3033 3395 3107; baseline -0.007 -14"><span class='ocrx_word' id='word_1_863' title='bbox 1857 3050 1988 3093; x_wconf 86' lang='lat' dir='ltr'><strong>ceret</strong></span> <span class='ocrx_word' id='word_1_864' title='bbox 2013 3053 2032 3092; x_wconf 90' lang='lat'><strong><em>:</em></strong></span> <span class='ocrx_word' id='word_1_865' title='bbox 2053 3038 2256 3107; x_wconf 82' lang='lat' dir='ltr'><strong>quando</strong></span> <span class='ocrx_word' id='word_1_866' title='bbox 2284 3037 2526 3107; x_wconf 77' lang='lat' dir='ltr'><strong>miserunt</strong></span> <span class='ocrx_word' id='word_1_867' title='bbox 2539 3033 2802 3107; x_wconf 74' lang='lat' dir='ltr'><strong>principes</strong></span> <span class='ocrx_word' id='word_1_868' title='bbox 2829 3033 3231 3107; x_wconf 80' lang='lat' dir='ltr'><strong>sacerdotum,_et</strong></span> <span class='ocrx_word' id='word_1_869' title='bbox 3253 3043 3395 3083; x_wconf 54' lang='lat' dir='ltr'><strong>casto</strong></span> 
     </span>
    </p>
   </div>
   <div class='ocr_carea' id='block_1_115' title="bbox 1856 3101 3417 3163">
    <p class='ocr_par' dir='ltr' id='par_1_115' title="bbox 1856 3101 3417 3163">
     <span class='ocr_line' id='line_1_116' title="bbox 1856 3101 3417 3163; baseline -0.006 -1"><span class='ocrx_word' id='word_1_870' title='bbox 1856 3101 2459 3162; x_wconf 47' lang='lat' dir='ltr'><strong>dierunt&#39;monutnentum</strong></span> <span class='ocrx_word' id='word_1_871' title='bbox 2489 3103 2706 3163; x_wconf 83' lang='lat' dir='ltr'><strong>Christi,</strong></span> <span class='ocrx_word' id='word_1_872' title='bbox 2749 3112 2799 3151; x_wconf 88' lang='lat' dir='ltr'><strong>ttt</strong></span> <span class='ocrx_word' id='word_1_873' title='bbox 2836 3116 2950 3154; x_wconf 82' lang='lat' dir='ltr'><strong>eum</strong></span> <span class='ocrx_word' id='word_1_874' title='bbox 2979 3101 3125 3163; x_wconf 88' lang='lat' dir='ltr'><strong>quasi</strong></span> <span class='ocrx_word' id='word_1_875' title='bbox 3162 3102 3214 3153; x_wconf 91' lang='lat' dir='ltr'><strong>in</strong></span> <span class='ocrx_word' id='word_1_876' title='bbox 3260 3114 3417 3153; x_wconf 87' lang='lat' dir='ltr'><strong>morte</strong></span> 
     </span>
    </p>
   </div>
   <div class='ocr_carea' id='block_1_116' title="bbox 1853 3169 3419 3244">
    <p class='ocr_par' dir='ltr' id='par_1_116' title="bbox 1853 3169 3419 3244">
     <span class='ocr_line' id='line_1_117' title="bbox 1853 3169 3419 3244; baseline -0.008 -10"><span class='ocrx_word' id='word_1_877' title='bbox 1853 3189 2127 3241; x_wconf 85' lang='lat' dir='ltr'><strong>servarent,</strong></span> <span class='ocrx_word' id='word_1_878' title='bbox 2157 3175 2451 3244; x_wconf 86' lang='lat' dir='ltr'><strong>resargendi</strong></span> <span class='ocrx_word' id='word_1_879' title='bbox 2478 3172 2935 3244; x_wconf 68' lang='lat' dir='ltr'><strong>ianuaprazclusa.</strong></span> <span class='ocrx_word' id='word_1_880' title='bbox 2978 3169 3156 3224; x_wconf 88' lang='lat' dir='ltr'><strong>Primo</strong></span> <span class='ocrx_word' id='word_1_881' title='bbox 3186 3170 3419 3238; x_wconf 79' lang='lat' dir='ltr'><strong>ingressu</strong></span> 
     </span>
    </p>
   </div>
   <div class='ocr_carea' id='block_1_117' title="bbox 1855 3241 3424 3321">
    <p class='ocr_par' dir='ltr' id='par_1_117' title="bbox 1855 3241 3424 3321">
     <span class='ocr_line' id='line_1_118' title="bbox 1855 3241 3424 3321; baseline -0.007 -19"><span class='ocrx_word' id='word_1_882' title='bbox 1855 3248 2045 3321; x_wconf 76' lang='lat' dir='ltr'><strong>psalmi</strong></span> <span class='ocrx_word' id='word_1_883' title='bbox 2062 3258 2173 3300; x_wconf 88' lang='lat' dir='ltr'><strong>orat</strong></span> <span class='ocrx_word' id='word_1_884' title='bbox 2206 3241 2450 3321; x_wconf 75' lang='lat' dir='ltr'><strong>Dominus</strong></span> <span class='ocrx_word' id='word_1_885' title='bbox 2478 3259 2540 3295; x_wconf 90' lang='lat' dir='ltr'><strong>ne</strong></span> <span class='ocrx_word' id='word_1_886' title='bbox 2565 3243 2611 3294; x_wconf 90' lang='lat' dir='ltr'><strong>ei</strong></span> <span class='ocrx_word' id='word_1_887' title='bbox 2637 3241 2826 3321; x_wconf 71' lang='lat' dir='ltr'><strong>inimici</strong></span> <span class='ocrx_word' id='word_1_888' title='bbox 2866 3256 3043 3321; x_wconf 59' lang='lat' dir='ltr'><strong>nocere</strong></span> <span class='ocrx_word' id='word_1_889' title='bbox 3069 3244 3379 3321; x_wconf 67' lang='lat' dir='ltr'><strong>prtevaleant</strong></span> <span class='ocrx_word' id='word_1_890' title='bbox 3402 3258 3424 3302; x_wconf 81' lang='lat'><strong>,-</strong></span> 
     </span>
    </p>
   </div>
   <div class='ocr_carea' id='block_1_118' title="bbox 1855 3309 3420 3386">
    <p class='ocr_par' dir='ltr' id='par_1_118' title="bbox 1855 3309 3420 3386">
     <span class='ocr_line' id='line_1_119' title="bbox 1855 3309 3420 3386; baseline -0.006 -14"><span class='ocrx_word' id='word_1_891' title='bbox 1855 3309 2076 3373; x_wconf 73' lang='lat' dir='ltr'><strong>secundo</strong></span> <span class='ocrx_word' id='word_1_892' title='bbox 2101 3317 2418 3386; x_wconf 80' lang='lat' dir='ltr'><strong>prosequitur</strong></span> <span class='ocrx_word' id='word_1_893' title='bbox 2441 3311 2867 3386; x_wconf 83' lang='lat' dir='ltr'><strong>quemadmodum</strong></span> <span class='ocrx_word' id='word_1_894' title='bbox 2894 3311 2946 3386; x_wconf 80' lang='lat' dir='ltr'><strong>in</strong></span> <span class='ocrx_word' id='word_1_895' title='bbox 2975 3311 3074 3386; x_wconf 78' lang='lat' dir='ltr'><strong>ﬁne</strong></span> <span class='ocrx_word' id='word_1_896' title='bbox 3099 3309 3420 3386; x_wconf 39' lang='lat' dir='ltr'><strong>ste‘culiwn-</strong></span> 
     </span>
    </p>
   </div>
   <div class='ocr_carea' id='block_1_119' title="bbox 1854 3379 3424 3449">
    <p class='ocr_par' dir='ltr' id='par_1_119' title="bbox 1854 3379 3424 3449">
     <span class='ocr_line' id='line_1_120' title="bbox 1854 3379 3424 3449; baseline -0.008 -6"><span class='ocrx_word' id='word_1_897' title='bbox 1854 3388 2079 3443; x_wconf 81' lang='lat' dir='ltr'><strong>uertendi</strong></span> <span class='ocrx_word' id='word_1_898' title='bbox 2101 3379 2208 3441; x_wconf 70' lang='lat' dir='ltr'><strong>sint</strong></span> <span class='ocrx_word' id='word_1_899' title='bbox 2236 3379 2407 3438; x_wconf 73' lang='lat' dir='ltr'><strong>Judazi</strong></span> <span class='ocrx_word' id='word_1_900' title='bbox 2424 3379 2462 3445; x_wconf 37' lang='lat'><strong>,_</strong></span> <span class='ocrx_word' id='word_1_901' title='bbox 2483 3391 2529 3436; x_wconf 88' lang='lat' dir='ltr'><strong>et</strong></span> <span class='ocrx_word' id='word_1_902' title='bbox 2566 3397 2657 3449; x_wconf 89' lang='lat' dir='ltr'><strong>pro</strong></span> <span class='ocrx_word' id='word_1_903' title='bbox 2687 3382 2756 3433; x_wconf 88' lang='lat' dir='ltr'><strong>eis</strong></span> <span class='ocrx_word' id='word_1_904' title='bbox 2788 3381 2947 3433; x_wconf 88' lang='lat' dir='ltr'><strong>oratio</strong></span> <span class='ocrx_word' id='word_1_905' title='bbox 2976 3379 3198 3431; x_wconf 88' lang='lat' dir='ltr'><strong>mirabili</strong></span> <span class='ocrx_word' id='word_1_906' title='bbox 3232 3380 3424 3445; x_wconf 86' lang='lat' dir='ltr'><strong>pietate</strong></span> 
     </span>
    </p>
   </div>
   <div class='ocr_carea' id='block_1_120' title="bbox 1857 3449 3421 3527">
    <p class='ocr_par' dir='ltr' id='par_1_120' title="bbox 1857 3449 3421 3527">
     <span class='ocr_line' id='line_1_121' title="bbox 1857 3449 3421 3527; baseline -0.007 -16"><span class='ocrx_word' id='word_1_907' title='bbox 1857 3454 2205 3524; x_wconf 79' lang='lat' dir='ltr'><strong>depromitur;</strong></span> <span class='ocrx_word' id='word_1_908' title='bbox 2237 3456 2383 3527; x_wconf 80' lang='lat' dir='ltr'><strong>tertio</strong></span> <span class='ocrx_word' id='word_1_909' title='bbox 2407 3467 2517 3521; x_wconf 77' lang='lat' dir='ltr'><strong>qua:</strong></span> <span class='ocrx_word' id='word_1_910' title='bbox 2540 3452 2725 3527; x_wconf 61' lang='lat' dir='ltr'><strong>[acturi</strong></span> <span class='ocrx_word' id='word_1_911' title='bbox 2754 3449 2872 3527; x_wconf 57' lang='lat' dir='ltr'><strong>sint.</strong></span> <span class='ocrx_word' id='word_1_912' title='bbox 2886 3460 2994 3518; x_wconf 91' lang='lat' dir='ltr'><strong>post</strong></span> <span class='ocrx_word' id='word_1_913' title='bbox 3025 3450 3421 3527; x_wconf 77' lang='lat' dir='ltr'><strong>conversionem,</strong></span> 
     </span>
    </p>
   </div>
   <div class='ocr_carea' id='block_1_121' title="bbox 1857 3518 3419 3590">
    <p class='ocr_par' dir='ltr' id='par_1_121' title="bbox 1857 3518 3419 3590">
     <span class='ocr_line' id='line_1_122' title="bbox 1857 3518 3419 3590; baseline -0.006 -9"><span class='ocrx_word' id='word_1_914' title='bbox 1857 3540 1904 3582; x_wconf 87' lang='lat' dir='ltr'><strong>et</strong></span> <span class='ocrx_word' id='word_1_915' title='bbox 1925 3518 1985 3581; x_wconf 48' lang='lat' dir='ltr'><strong>&#39;se</strong></span> <span class='ocrx_word' id='word_1_916' title='bbox 2010 3528 2062 3579; x_wconf 89' lang='lat' dir='ltr'><strong>in</strong></span> <span class='ocrx_word' id='word_1_917' title='bbox 2086 3518 2272 3579; x_wconf 82' lang='lat' dir='ltr'><strong>sanctis</strong></span> <span class='ocrx_word' id='word_1_918' title='bbox 2301 3518 2655 3590; x_wconf 49' lang='lat' dir='ltr'><strong>suis&#39;gaudcre</strong></span> <span class='ocrx_word' id='word_1_919' title='bbox 2685 3518 2927 3584; x_wconf 84' lang='lat' dir='ltr'><strong>testatu&#39;r;</strong></span> <span class='ocrx_word' id='word_1_920' title='bbox 2965 3534 3079 3589; x_wconf 68' lang='lat' dir='ltr'><strong>quae</strong></span> <span class='ocrx_word' id='word_1_921' title='bbox 3107 3528 3275 3590; x_wconf 84' lang='lat' dir='ltr'><strong>partes</strong></span> <span class='ocrx_word' id='word_1_922' title='bbox 3303 3518 3419 3571; x_wconf 75' lang='lat' dir='ltr'><strong>dis-</strong></span> 
     </span>
    </p>
   </div>
   <div class='ocr_carea' id='block_1_122' title="bbox 1860 3593 2708 3669">
    <p class='ocr_par' dir='ltr' id='par_1_122' title="bbox 1860 3593 2708 3669">
     <span class='ocr_line' id='line_1_123' title="bbox 1860 3593 2708 3669; baseline -0.011 -15"><span class='ocrx_word' id='word_1_923' title='bbox 1860 3597 2124 3669; x_wconf 83' lang='lat' dir='ltr'><strong>psalmatis</strong></span> <span class='ocrx_word' id='word_1_924' title='bbox 2155 3594 2369 3652; x_wconf 86' lang='lat' dir='ltr'><strong>termino</strong></span> <span class='ocrx_word' id='word_1_925' title='bbox 2394 3593 2708 3646; x_wconf 82' lang='lat' dir='ltr'><strong>dividuntur.</strong></span> 
     </span>
    </p>
   </div>
   <div class='ocr_carea' id='block_1_123' title="bbox 2433 3697 2851 3739">
    <p class='ocr_par' dir='ltr' id='par_1_123' title="bbox 2433 3697 2851 3739">
     <span class='ocr_line' id='line_1_124' title="bbox 2433 3697 2851 3739; baseline -0.007 -1"><span class='ocrx_word' id='word_1_926' title='bbox 2433 3697 2747 3739; x_wconf 65' lang='lat' dir='ltr'><strong>COHIENTAR</strong></span> <span class='ocrx_word' id='word_1_927' title='bbox 2757 3698 2851 3737; x_wconf 86' lang='lat' dir='ltr'><strong>&#39;US.</strong></span> 
     </span>
    </p>
   </div>
   <div class='ocr_carea' id='block_1_124' title="bbox 1934 3770 3434 3845">
    <p class='ocr_par' dir='ltr' id='par_1_124' title="bbox 1934 3770 3434 3845">
     <span class='ocr_line' id='line_1_125' title="bbox 1934 3770 3434 3845; baseline -0.004 -13"><span class='ocrx_word' id='word_1_928' title='bbox 1934 3778 2091 3845; x_wconf 83' lang='lat' dir='ltr'><strong>Eripe</strong></span> <span class='ocrx_word' id='word_1_929' title='bbox 2116 3794 2195 3833; x_wconf 87' lang='lat' dir='ltr'><strong>me</strong></span> <span class='ocrx_word' id='word_1_930' title='bbox 2227 3777 2289 3831; x_wconf 87' lang='lat' dir='ltr'><strong>de</strong></span> <span class='ocrx_word' id='word_1_931' title='bbox 2314 3775 2528 3829; x_wconf 83' lang='lat' dir='ltr'><strong>inimicis</strong></span> <span class='ocrx_word' id='word_1_932' title='bbox 2560 3775 2704 3839; x_wconf 83' lang='lat' dir='ltr'><strong>meis,</strong></span> <span class='ocrx_word' id='word_1_933' title='bbox 2736 3774 2871 3845; x_wconf 76' lang='lat' dir='ltr'><strong>Deus</strong></span> <span class='ocrx_word' id='word_1_934' title='bbox 2896 3787 3055 3845; x_wconf 82' lang='lat' dir='ltr'><strong>meus.</strong></span> <span class='ocrx_word' id='word_1_935' title='bbox 3090 3770 3316 3845; x_wconf 86' lang='lat' dir='ltr'><strong>_Ti_tulus</strong></span> <span class='ocrx_word' id='word_1_936' title='bbox 3347 3782 3434 3845; x_wconf 80' lang='lat' dir='ltr'><strong>est</strong></span> 
     </span>
    </p>
   </div>
   <div class='ocr_carea' id='block_1_125' title="bbox 1864 3842 3426 3919">
    <p class='ocr_par' dir='ltr' id='par_1_125' title="bbox 1864 3842 3426 3919">
     <span class='ocr_line' id='line_1_126' title="bbox 1864 3842 3426 3919; baseline -0.005 -16"><span class='ocrx_word' id='word_1_937' title='bbox 1864 3851 1984 3903; x_wconf 87' lang='lat' dir='ltr'><strong>talis</strong></span> <span class='ocrx_word' id='word_1_938' title='bbox 2010 3842 2121 3902; x_wconf 41' lang='lat' dir='ltr'><strong>z&#39;ln</strong></span> <span class='ocrx_word' id='word_1_939' title='bbox 2150 3848 2303 3919; x_wconf 74' lang='lat' dir='ltr'><strong>ﬁnem</strong></span> <span class='ocrx_word' id='word_1_940' title='bbox 2331 3860 2718 3919; x_wconf 81' lang='lat' dir='ltr'><strong>ne_cort_&#39;umpas</strong></span> <span class='ocrx_word' id='word_1_941' title='bbox 2750 3842 2934 3919; x_wconf 77' lang='lat' dir='ltr'><strong>David,</strong></span> <span class='ocrx_word' id='word_1_942' title='bbox 2973 3846 3025 3919; x_wconf 69' lang='lat' dir='ltr'><strong>in</strong></span> <span class='ocrx_word' id='word_1_943' title='bbox 3064 3842 3197 3895; x_wconf 84' lang='lat' dir='ltr'><strong>tituli</strong></span> <span class='ocrx_word' id='word_1_944' title='bbox 3238 3843 3426 3919; x_wconf 72' lang='lat' dir='ltr'><strong>inscri-</strong></span> 
     </span>
    </p>
   </div>
   <div class='ocr_carea' id='block_1_126' title="bbox 1866 3913 3431 3988">
    <p class='ocr_par' dir='ltr' id='par_1_126' title="bbox 1866 3913 3431 3988">
     <span class='ocr_line' id='line_1_127' title="bbox 1866 3913 3431 3988; baseline -0.006 -16"><span class='ocrx_word' id='word_1_945' title='bbox 1866 3921 2057 3988; x_wconf 87' lang='lat' dir='ltr'><strong>ptione,</strong></span> <span class='ocrx_word' id='word_1_946' title='bbox 2090 3913 2202 3972; x_wconf 79' lang='lat' dir='ltr'><strong>cum</strong></span> <span class='ocrx_word' id='word_1_947' title='bbox 2230 3916 2523 3988; x_wconf 78' lang='lat' dir='ltr'><strong>misitSaul</strong></span> <span class='ocrx_word' id='word_1_948' title='bbox 2567 3914 2918 3988; x_wconf 23' lang='lat' dir='ltr'><strong>etAcustodivit</strong></span> <span class='ocrx_word' id='word_1_949' title='bbox 2955 3913 3431 3988; x_wconf 70' lang='lat' dir='ltr'><strong>dotnum_ejus,_ut</strong></span> 
     </span>
    </p>
   </div>
   <div class='ocr_carea' id='block_1_127' title="bbox 1863 3980 3426 4058">
    <p class='ocr_par' dir='ltr' id='par_1_127' title="bbox 1863 3980 3426 4058">
     <span class='ocr_line' id='line_1_128' title="bbox 1863 3980 3426 4058; baseline -0.008 -13"><span class='ocrx_word' id='word_1_950' title='bbox 1863 3980 2165 4058; x_wconf 76' lang='lat' dir='ltr'><strong>interﬁceret</strong></span> <span class='ocrx_word' id='word_1_951' title='bbox 2190 4003 2324 4041; x_wconf 89' lang='lat' dir='ltr'><strong>eum.</strong></span> <span class='ocrx_word' id='word_1_952' title='bbox 2360 3987 2599 4058; x_wconf 84' lang='lat' dir='ltr'><strong>Psalntus</strong></span> <span class='ocrx_word' id='word_1_953' title='bbox 2626 3984 2905 4058; x_wconf 76' lang='lat' dir='ltr'><strong>iste_lta_bet</strong></span> <span class='ocrx_word' id='word_1_954' title='bbox 2932 3981 3139 4058; x_wconf 83' lang='lat' dir='ltr'><strong>titulum</strong></span> <span class='ocrx_word' id='word_1_955' title='bbox 3162 3980 3426 4058; x_wconf 62' lang='lat' dir='ltr'><strong>detitulo,</strong></span> 
     </span>
    </p>
   </div>
   <div class='ocr_carea' id='block_1_128' title="bbox 1868 4049 3426 4125">
    <p class='ocr_par' dir='ltr' id='par_1_128' title="bbox 1868 4049 3426 4125">
     <span class='ocr_line' id='line_1_129' title="bbox 1868 4049 3426 4125; baseline -0.01 -10"><span class='ocrx_word' id='word_1_956' title='bbox 1868 4049 2009 4115; x_wconf 74' lang='lat' dir='ltr'><strong>sicut</strong></span> <span class='ocrx_word' id='word_1_957' title='bbox 2053 4072 2106 4114; x_wconf 91' lang='lat' dir='ltr'><strong>et</strong></span> <span class='ocrx_word' id='word_1_958' title='bbox 2154 4060 2259 4112; x_wconf 92' lang='lat' dir='ltr'><strong>duo</strong></span> <span class='ocrx_word' id='word_1_959' title='bbox 2287 4056 2610 4125; x_wconf 89' lang='lat' dir='ltr'><strong>superiores.</strong></span> <span class='ocrx_word' id='word_1_960' title='bbox 2656 4053 2776 4125; x_wconf 85' lang='lat' dir='ltr'><strong>quia</strong></span> <span class='ocrx_word' id='word_1_961' title='bbox 2811 4051 3148 4125; x_wconf 58' lang='lat' dir='ltr'><strong>intitulatur_:</strong></span> <span class='ocrx_word' id='word_1_962' title='bbox 3196 4049 3281 4125; x_wconf 77' lang='lat' dir='ltr'><strong>Ne</strong></span> <span class='ocrx_word' id='word_1_963' title='bbox 3306 4065 3426 4125; x_wconf 79' lang='lat' dir='ltr'><strong>cor-</strong></span> 
     </span>
    </p>
   </div>
   <div class='ocr_carea' id='block_1_129' title="bbox 1868 4118 3429 4196">
    <p class='ocr_par' dir='ltr' id='par_1_129' title="bbox 1868 4118 3429 4196">
     <span class='ocr_line' id='line_1_130' title="bbox 1868 4118 3429 4196; baseline -0.006 -13"><span class='ocrx_word' id='word_1_964' title='bbox 1868 4146 2072 4196; x_wconf 85' lang='lat' dir='ltr'><strong>rumpas</strong></span> <span class='ocrx_word' id='word_1_965' title='bbox 2098 4127 2258 4181; x_wconf 87' lang='lat' dir='ltr'><strong>David</strong></span> <span class='ocrx_word' id='word_1_966' title='bbox 2283 4127 2336 4178; x_wconf 88' lang='lat' dir='ltr'><strong>in</strong></span> <span class='ocrx_word' id='word_1_967' title='bbox 2354 4118 2497 4177; x_wconf 72' lang='lat' dir='ltr'><strong>tituli</strong></span> <span class='ocrx_word' id='word_1_968' title='bbox 2519 4118 2861 4196; x_wconf 69' lang='lat' dir='ltr'><strong>inscriptione.</strong></span> <span class='ocrx_word' id='word_1_969' title='bbox 2890 4119 3217 4196; x_wconf 85' lang='lat' dir='ltr'><strong>Est__quidam</strong></span> <span class='ocrx_word' id='word_1_970' title='bbox 3248 4118 3429 4196; x_wconf 67' lang='lat' dir='ltr'><strong>titulus</strong></span> 
     </span>
    </p>
   </div>
   <div class='ocr_carea' id='block_1_130' title="bbox 1870 4188 3427 4266">
    <p class='ocr_par' dir='ltr' id='par_1_130' title="bbox 1870 4188 3427 4266">
     <span class='ocr_line' id='line_1_131' title="bbox 1870 4188 3427 4266; baseline -0.006 -13"><span class='ocrx_word' id='word_1_971' title='bbox 1870 4200 1923 4253; x_wconf 88' lang='lat' dir='ltr'><strong>itt</strong></span> <span class='ocrx_word' id='word_1_972' title='bbox 1954 4188 2215 4253; x_wconf 82' lang='lat' dir='ltr'><strong>dominica</strong></span> <span class='ocrx_word' id='word_1_973' title='bbox 2245 4196 2492 4266; x_wconf 90' lang='lat' dir='ltr'><strong>passione</strong></span> <span class='ocrx_word' id='word_1_974' title='bbox 2518 4193 2765 4266; x_wconf 89' lang='lat' dir='ltr'><strong>sc_riptus,</strong></span> <span class='ocrx_word' id='word_1_975' title='bbox 2796 4191 2954 4266; x_wconf 83' lang='lat' dir='ltr'><strong>Je_sus_</strong></span> <span class='ocrx_word' id='word_1_976' title='bbox 2975 4188 3282 4266; x_wconf 77' lang='lat' dir='ltr'><strong>Naz_a_renus_</strong></span> <span class='ocrx_word' id='word_1_977' title='bbox 3314 4190 3427 4266; x_wconf 53' lang='lat' dir='ltr'><strong>lies</strong></span> 
     </span>
    </p>
   </div>
   <div class='ocr_carea' id='block_1_131' title="bbox 1870 4260 3429 4327">
    <p class='ocr_par' dir='ltr' id='par_1_131' title="bbox 1870 4260 3429 4327">
     <span class='ocr_line' id='line_1_132' title="bbox 1870 4260 3429 4327; baseline -0.007 -3"><span class='ocrx_word' id='word_1_978' title='bbox 1870 4270 2175 4325; x_wconf 68' lang='lat' dir='ltr'><strong>Judteorum</strong></span> <span class='ocrx_word' id='word_1_979' title='bbox 2203 4284 2215 4319; x_wconf 91' lang='lat'><strong>:</strong></span> <span class='ocrx_word' id='word_1_980' title='bbox 2247 4260 2527 4327; x_wconf 77' lang='lat' dir='ltr'><strong>Hebraice,</strong></span> <span class='ocrx_word' id='word_1_981' title='bbox 2555 4262 2741 4316; x_wconf 80' lang='lat' dir='ltr'><strong>Graece</strong></span> <span class='ocrx_word' id='word_1_982' title='bbox 2766 4269 2819 4312; x_wconf 91' lang='lat' dir='ltr'><strong>et</strong></span> <span class='ocrx_word' id='word_1_983' title='bbox 2844 4261 3052 4315; x_wconf 85' lang='lat' dir='ltr'><strong>Latine.</strong></span> <span class='ocrx_word' id='word_1_984' title='bbox 3087 4260 3235 4313; x_wconf 89' lang='lat' dir='ltr'><strong>Ilunc</strong></span> <span class='ocrx_word' id='word_1_985' title='bbox 3255 4261 3429 4315; x_wconf 66' lang='lat' dir='ltr'><strong>Judaei</strong></span> 
     </span>
    </p>
   </div>
   <div class='ocr_carea' id='block_1_132' title="bbox 1871 4329 3427 4409">
    <p class='ocr_par' dir='ltr' id='par_1_132' title="bbox 1871 4329 3427 4409">
     <span class='ocr_line' id='line_1_133' title="bbox 1871 4329 3427 4409; baseline -0.007 -15"><span class='ocrx_word' id='word_1_986' title='bbox 1871 4341 2113 4409; x_wconf 83' lang='lat' dir='ltr'><strong>legentes</strong></span> <span class='ocrx_word' id='word_1_987' title='bbox 2160 4335 2415 4409; x_wconf 75' lang='lat' dir='ltr'><strong>indignati</strong></span> <span class='ocrx_word' id='word_1_988' title='bbox 2459 4342 2602 4409; x_wconf 76' lang='lat' dir='ltr'><strong>sunt,</strong></span> <span class='ocrx_word' id='word_1_989' title='bbox 2653 4340 2725 4409; x_wconf 39' lang='lat' dir='ltr'><strong>et.</strong></span> <span class='ocrx_word' id='word_1_990' title='bbox 2755 4330 3219 4409; x_wconf 77' lang='lat' dir='ltr'><strong>Pilato__di_seruut</strong></span> <span class='ocrx_word' id='word_1_991' title='bbox 3250 4348 3261 4382; x_wconf 90' lang='lat'>:</span> <span class='ocrx_word' id='word_1_992' title='bbox 3298 4329 3427 4383; x_wconf 84' lang='lat' dir='ltr'><strong>Noli</strong></span> 
     </span>
    </p>
   </div>
   <div class='ocr_carea' id='block_1_133' title="bbox 1808 4400 3433 4505">
    <p class='ocr_par' dir='ltr' id='par_1_133' title="bbox 1808 4400 3433 4505">
     <span class='ocr_line' id='line_1_134' title="bbox 1808 4400 3433 4505; baseline -0.005 -44"><span class='ocrx_word' id='word_1_993' title='bbox 1808 4445 1856 4505; x_wconf 71' lang='grc' dir='ltr'><strong><em>υ</em></strong></span> <span class='ocrx_word' id='word_1_994' title='bbox 1878 4400 2090 4461; x_wconf 64' lang='grc' dir='ltr'><strong>εοῖἱὸεγε</strong></span> <span class='ocrx_word' id='word_1_995' title='bbox 2109 4408 2228 4476; x_wconf 89' lang='lat' dir='ltr'><strong>quia</strong></span> <span class='ocrx_word' id='word_1_996' title='bbox 2251 4400 2361 4459; x_wconf 75' lang='lat' dir='ltr'><strong>Rea:</strong></span> <span class='ocrx_word' id='word_1_997' title='bbox 2379 4413 2469 4466; x_wconf 89' lang='lat' dir='ltr'><strong>est,</strong></span> <span class='ocrx_word' id='word_1_998' title='bbox 2494 4403 2581 4456; x_wconf 85' lang='lat' dir='ltr'><strong>sed</strong></span> <span class='ocrx_word' id='word_1_999' title='bbox 2609 4400 2766 4455; x_wconf 89' lang='lat' dir='ltr'><strong>scribe</strong></span> <span class='ocrx_word' id='word_1_1000' title='bbox 2790 4416 2903 4453; x_wconf 88' lang='lat' dir='ltr'><strong>eum</strong></span> <span class='ocrx_word' id='word_1_1001' title='bbox 2920 4402 3132 4462; x_wconf 69' lang='lat' dir='ltr'><strong>dixisse,</strong></span> <span class='ocrx_word' id='word_1_1002' title='bbox 3157 4415 3256 4453; x_wconf 84' lang='lat' dir='ltr'><strong>neu</strong></span> <span class='ocrx_word' id='word_1_1003' title='bbox 3288 4414 3433 4453; x_wconf 85' lang='lat' dir='ltr'><strong>esse.</strong></span> 
     </span>
     <span class='ocr_line' id='line_1_135' title="bbox 1882 4470 3425 4505; baseline 0 0"><span class='ocrx_word' id='word_1_1004' title='bbox 1882 4478 2085 4505; x_wconf 53' lang='lat' dir='ltr'><strong>&quot;l‘:s..l...~</strong></span> <span class='ocrx_word' id='word_1_1005' title='bbox 2131 4478 2269 4505; x_wconf 64' lang='lat' dir='ltr'><strong>nn:n1</strong></span> <span class='ocrx_word' id='word_1_1006' title='bbox 2304 4473 2471 4505; x_wconf 63' lang='lat' dir='ltr'><strong>Ini-nc:</strong></span> <span class='ocrx_word' id='word_1_1007' title='bbox 2506 4473 2664 4505; x_wconf 65' lang='grc' dir='ltr'><strong>Αἷηιιὶ</strong></span> <span class='ocrx_word' id='word_1_1008' title='bbox 2696 4470 2970 4505; x_wconf 65' lang='lat' dir='ltr'><strong>onustis-nso!</strong></span> <span class='ocrx_word' id='word_1_1009' title='bbox 3021 4472 3191 4505; x_wconf 72' lang='lat' dir='ltr'><strong>incl-un</strong></span> <span class='ocrx_word' id='word_1_1010' title='bbox 3229 4471 3425 4505; x_wconf 67' lang='lat' dir='ltr'><strong>Romam</strong></span> 
     </span>
    </p>
   </div>
   <div class='ocr_carea' id='block_1_134' title="bbox 1882 4470 3426 4543">
    <p class='ocr_par' dir='ltr' id='par_1_134' title="bbox 1882 4470 3426 4543">
     <span class='ocr_line' id='line_1_136' title="bbox 1882 4470 3426 4543; baseline -0.006 -11"><span class='ocrx_word' id='word_1_1011' title='bbox 1882 4478 2086 4532; x_wconf 87' lang='lat' dir='ltr'><strong>Titulus</strong></span> <span class='ocrx_word' id='word_1_1012' title='bbox 2122 4470 2269 4531; x_wconf 76' lang='lat' dir='ltr'><strong>enim</strong></span> <span class='ocrx_word' id='word_1_1013' title='bbox 2304 4473 2473 4543; x_wconf 89' lang='lat' dir='ltr'><strong>(quasi</strong></span> <span class='ocrx_word' id='word_1_1014' title='bbox 2506 4473 2665 4538; x_wconf 71' lang='lat' dir='ltr'><strong>dicat)</strong></span> <span class='ocrx_word' id='word_1_1015' title='bbox 2696 4470 2976 4543; x_wconf 77' lang='lat' dir='ltr'><strong>conﬁrmat</strong></span> <span class='ocrx_word' id='word_1_1016' title='bbox 3021 4472 3192 4543; x_wconf 83' lang='lat' dir='ltr'><strong>ipsum</strong></span> <span class='ocrx_word' id='word_1_1017' title='bbox 3228 4471 3426 4543; x_wconf 82' lang='lat' dir='ltr'><strong>Regem</strong></span> 
     </span>
    </p>
   </div>
   <div class='ocr_carea' id='block_1_135' title="bbox 1884 4540 3432 4613">
    <p class='ocr_par' dir='ltr' id='par_1_135' title="bbox 1884 4540 3432 4613">
     <span class='ocr_line' id='line_1_137' title="bbox 1884 4540 3432 4613; baseline -0.007 -13"><span class='ocrx_word' id='word_1_1018' title='bbox 1884 4558 2155 4610; x_wconf 84' lang='lat' dir='ltr'><strong>nostrum,</strong></span> <span class='ocrx_word' id='word_1_1019' title='bbox 2199 4558 2253 4599; x_wconf 86' lang='lat' dir='ltr'><strong>et</strong></span> <span class='ocrx_word' id='word_1_1020' title='bbox 2294 4540 2389 4597; x_wconf 83' lang='lat' dir='ltr'><strong>nos</strong></span> <span class='ocrx_word' id='word_1_1021' title='bbox 2430 4558 2650 4613; x_wconf 87' lang='lat' dir='ltr'><strong>regnum</strong></span> <span class='ocrx_word' id='word_1_1022' title='bbox 2686 4542 2801 4613; x_wconf 79' lang='lat' dir='ltr'><strong>ejus</strong></span> <span class='ocrx_word' id='word_1_1023' title='bbox 2829 4556 2967 4596; x_wconf 89' lang='lat' dir='ltr'><strong>esse.</strong></span> <span class='ocrx_word' id='word_1_1024' title='bbox 3025 4542 3089 4593; x_wconf 82' lang='lat' dir='ltr'><strong>Et</strong></span> <span class='ocrx_word' id='word_1_1025' title='bbox 3131 4540 3229 4592; x_wconf 87' lang='lat' dir='ltr'><strong>hoc</strong></span> <span class='ocrx_word' id='word_1_1026' title='bbox 3274 4542 3432 4613; x_wconf 80' lang='lat' dir='ltr'><strong>modo</strong></span> 
     </span>
    </p>
   </div>
   <div class='ocr_carea' id='block_1_136' title="bbox 1884 4609 3432 4683">
    <p class='ocr_par' dir='ltr' id='par_1_136' title="bbox 1884 4609 3432 4683">
     <span class='ocr_line' id='line_1_138' title="bbox 1884 4609 3432 4683; baseline -0.006 -12"><span class='ocrx_word' id='word_1_1027' title='bbox 1884 4618 2122 4680; x_wconf 90' lang='lat' dir='ltr'><strong>titulum,</strong></span> <span class='ocrx_word' id='word_1_1028' title='bbox 2146 4609 2408 4683; x_wconf 89' lang='lat' dir='ltr'><strong>quantum</strong></span> <span class='ocrx_word' id='word_1_1029' title='bbox 2442 4609 2580 4666; x_wconf 53' lang='lat' dir='ltr'><strong>itt&#39;se</strong></span> <span class='ocrx_word' id='word_1_1030' title='bbox 2610 4612 2746 4683; x_wconf 74' lang='lat' dir='ltr'><strong>fuit,</strong></span> <span class='ocrx_word' id='word_1_1031' title='bbox 2780 4609 3130 4679; x_wconf 77' lang='lat' dir='ltr'><strong>corruperunt</strong></span> <span class='ocrx_word' id='word_1_1032' title='bbox 3148 4618 3261 4683; x_wconf 83' lang='lat' dir='ltr'><strong>,__et</strong></span> <span class='ocrx_word' id='word_1_1033' title='bbox 3304 4610 3432 4676; x_wconf 71' lang='lat' dir='ltr'><strong>Ilegi</strong></span> 
     </span>
    </p>
   </div>
   <div class='ocr_carea' id='block_1_137' title="bbox 1883 4679 3432 4750">
    <p class='ocr_par' dir='ltr' id='par_1_137' title="bbox 1883 4679 3432 4750">
     <span class='ocr_line' id='line_1_139' title="bbox 1883 4679 3432 4750; baseline -0.007 -10"><span class='ocrx_word' id='word_1_1034' title='bbox 1883 4679 2334 4740; x_wconf 80' lang='lat' dir='ltr'><strong>contradixerunt.</strong></span> <span class='ocrx_word' id='word_1_1035' title='bbox 2386 4685 2486 4736; x_wconf 89' lang='lat' dir='ltr'><strong>Sed</strong></span> <span class='ocrx_word' id='word_1_1036' title='bbox 2518 4681 2783 4750; x_wconf 89' lang='lat' dir='ltr'><strong>nunquid,</strong></span> <span class='ocrx_word' id='word_1_1037' title='bbox 2814 4683 2934 4748; x_wconf 86' lang='lat' dir='ltr'><strong>quia</strong></span> <span class='ocrx_word' id='word_1_1038' title='bbox 2963 4679 3432 4750; x_wconf 74' lang='lat' dir='ltr'><strong>contradixerunt,</strong></span> 
     </span>
    </p>
   </div>
   <div class='ocr_carea' id='block_1_138' title="bbox 1883 4749 3432 4820">
    <p class='ocr_par' dir='ltr' id='par_1_138' title="bbox 1883 4749 3432 4820">
     <span class='ocr_line' id='line_1_140' title="bbox 1883 4749 3432 4820; baseline -0.008 -9"><span class='ocrx_word' id='word_1_1039' title='bbox 1883 4757 2295 4811; x_wconf 89' lang='lat' dir='ltr'><strong>dominationem</strong></span> <span class='ocrx_word' id='word_1_1040' title='bbox 2320 4753 2434 4820; x_wconf 77' lang='lat' dir='ltr'><strong>ejus</strong></span> <span class='ocrx_word' id='word_1_1041' title='bbox 2460 4749 2699 4807; x_wconf 81' lang='lat' dir='ltr'><strong>evertere</strong></span> <span class='ocrx_word' id='word_1_1042' title='bbox 2730 4750 3057 4818; x_wconf 82' lang='lat' dir='ltr'><strong>potuerunt?</strong></span> <span class='ocrx_word' id='word_1_1043' title='bbox 3089 4749 3198 4802; x_wconf 82' lang='lat' dir='ltr'><strong>Non</strong></span> <span class='ocrx_word' id='word_1_1044' title='bbox 3231 4752 3432 4816; x_wconf 84' lang='lat' dir='ltr'><strong>utique,</strong></span> 
     </span>
    </p>
   </div>
   <div class='ocr_carea' id='block_1_139' title="bbox 1884 4822 3435 4895">
    <p class='ocr_par' dir='ltr' id='par_1_139' title="bbox 1884 4822 3435 4895">
     <span class='ocr_line' id='line_1_141' title="bbox 1884 4822 3435 4895; baseline -0.006 -15"><span class='ocrx_word' id='word_1_1045' title='bbox 1884 4828 2007 4895; x_wconf 92' lang='lat' dir='ltr'><strong>quia</strong></span> <span class='ocrx_word' id='word_1_1046' title='bbox 2040 4825 2221 4878; x_wconf 90' lang='lat' dir='ltr'><strong>titulus</strong></span> <span class='ocrx_word' id='word_1_1047' title='bbox 2250 4838 2375 4895; x_wconf 82' lang='lat' dir='ltr'><strong>vere</strong></span> <span class='ocrx_word' id='word_1_1048' title='bbox 2404 4833 2682 4895; x_wconf 79' lang='lat' dir='ltr'><strong>corruptus</strong></span> <span class='ocrx_word' id='word_1_1049' title='bbox 2714 4836 2817 4874; x_wconf 91' lang='lat' dir='ltr'><strong>non</strong></span> <span class='ocrx_word' id='word_1_1050' title='bbox 2848 4830 2949 4875; x_wconf 88' lang='lat' dir='ltr'><strong>est.</strong></span> <span class='ocrx_word' id='word_1_1051' title='bbox 3003 4822 3173 4895; x_wconf 83' lang='lat' dir='ltr'><strong>Ipsum</strong></span> <span class='ocrx_word' id='word_1_1052' title='bbox 3208 4835 3435 4887; x_wconf 82' lang='lat' dir='ltr'><strong>namque</strong></span> 
     </span>
    </p>
   </div>
   <div class='ocr_carea' id='block_1_140' title="bbox 1884 4891 3438 4961">
    <p class='ocr_par' dir='ltr' id='par_1_140' title="bbox 1884 4891 3438 4961">
     <span class='ocr_line' id='line_1_142' title="bbox 1884 4891 3438 4961; baseline -0.005 -12"><span class='ocrx_word' id='word_1_1053' title='bbox 1884 4891 2175 4950; x_wconf 80' lang='lat' dir='ltr'><strong>occidendo</strong></span> <span class='ocrx_word' id='word_1_1054' title='bbox 2205 4894 2377 4961; x_wconf 90' lang='lat' dir='ltr'><strong>potius</strong></span> <span class='ocrx_word' id='word_1_1055' title='bbox 2407 4894 2603 4961; x_wconf 69' lang='lat' dir='ltr'><strong>Regem</strong></span> <span class='ocrx_word' id='word_1_1056' title='bbox 2635 4892 2875 4946; x_wconf 80' lang='lat' dir='ltr'><strong>fecerunt</strong></span> <span class='ocrx_word' id='word_1_1057' title='bbox 2899 4891 3313 4961; x_wconf 8' lang='lat' dir='ltr'><strong>gentiumgqttem</strong></span> <span class='ocrx_word' id='word_1_1058' title='bbox 3345 4906 3438 4942; x_wconf 78' lang='lat' dir='ltr'><strong>oc-</strong></span> 
     </span>
    </p>
   </div>
   <div class='ocr_carea' id='block_1_141' title="bbox 1885 4959 3435 5032">
    <p class='ocr_par' dir='ltr' id='par_1_141' title="bbox 1885 4959 3435 5032">
     <span class='ocr_line' id='line_1_143' title="bbox 1885 4959 3435 5032; baseline -0.005 -13"><span class='ocrx_word' id='word_1_1059' title='bbox 1885 4966 2147 5029; x_wconf 88' lang='lat' dir='ltr'><strong>ciderunt,</strong></span> <span class='ocrx_word' id='word_1_1060' title='bbox 2170 4959 2291 5032; x_wconf 83' lang='lat' dir='ltr'><strong>quia</strong></span> <span class='ocrx_word' id='word_1_1061' title='bbox 2311 4959 2621 5023; x_wconf 76' lang='lat' dir='ltr'><strong>resurrexit,</strong></span> <span class='ocrx_word' id='word_1_1062' title='bbox 2650 4972 2703 5016; x_wconf 89' lang='lat' dir='ltr'><strong>et</strong></span> <span class='ocrx_word' id='word_1_1063' title='bbox 2724 4959 2968 5032; x_wconf 70' lang='lat' dir='ltr'><strong>gentibus</strong></span> <span class='ocrx_word' id='word_1_1064' title='bbox 2991 4959 3306 5032; x_wconf 64' lang='lat' dir='ltr'><strong>praedicatus</strong></span> <span class='ocrx_word' id='word_1_1065' title='bbox 3330 4968 3435 5023; x_wconf 81' lang='lat' dir='ltr'><strong>est,</strong></span> 
     </span>
    </p>
   </div>
   <div class='ocr_carea' id='block_1_142' title="bbox 1884 5030 3441 5093">
    <p class='ocr_par' dir='ltr' id='par_1_142' title="bbox 1884 5030 3441 5093">
     <span class='ocr_line' id='line_1_144' title="bbox 1884 5030 3441 5093; baseline -0.005 -4"><span class='ocrx_word' id='word_1_1066' title='bbox 1884 5044 1939 5089; x_wconf 87' lang='lat' dir='ltr'><strong>et</strong></span> <span class='ocrx_word' id='word_1_1067' title='bbox 1966 5036 2041 5089; x_wconf 90' lang='lat' dir='ltr'><strong>sic</strong></span> <span class='ocrx_word' id='word_1_1068' title='bbox 2070 5030 2243 5088; x_wconf 82' lang='lat' dir='ltr'><strong>lactus</strong></span> <span class='ocrx_word' id='word_1_1069' title='bbox 2272 5042 2352 5086; x_wconf 88' lang='lat' dir='ltr'><strong>est</strong></span> <span class='ocrx_word' id='word_1_1070' title='bbox 2384 5032 2491 5085; x_wconf 82' lang='lat' dir='ltr'><strong>Rex</strong></span> <span class='ocrx_word' id='word_1_1071' title='bbox 2525 5047 2625 5084; x_wconf 89' lang='lat' dir='ltr'><strong>non</strong></span> <span class='ocrx_word' id='word_1_1072' title='bbox 2657 5031 2826 5084; x_wconf 89' lang='lat' dir='ltr'><strong>solum</strong></span> <span class='ocrx_word' id='word_1_1073' title='bbox 2858 5030 3186 5093; x_wconf 71' lang='grc' dir='ltr'><strong>ειυιιειιοτυιη,</strong></span> <span class='ocrx_word' id='word_1_1074' title='bbox 3234 5030 3342 5082; x_wconf 93' lang='lat' dir='ltr'><strong>imo</strong></span> <span class='ocrx_word' id='word_1_1075' title='bbox 3385 5039 3441 5081; x_wconf 85' lang='lat' dir='ltr'><strong>et</strong></span> 
     </span>
    </p>
   </div>
   <div class='ocr_carea' id='block_1_143' title="bbox 1885 5098 3438 5172">
    <p class='ocr_par' dir='ltr' id='par_1_143' title="bbox 1885 5098 3438 5172">
     <span class='ocr_line' id='line_1_145' title="bbox 1885 5098 3438 5172; baseline -0.006 -15"><span class='ocrx_word' id='word_1_1076' title='bbox 1885 5105 2143 5172; x_wconf 84' lang='lat' dir='ltr'><strong>gentium.</strong></span> <span class='ocrx_word' id='word_1_1077' title='bbox 2176 5104 2323 5169; x_wconf 86' lang='lat' dir='ltr'><strong>Quod</strong></span> <span class='ocrx_word' id='word_1_1078' title='bbox 2355 5113 2528 5156; x_wconf 88' lang='lat' dir='ltr'><strong>autem</strong></span> <span class='ocrx_word' id='word_1_1079' title='bbox 2558 5101 2788 5155; x_wconf 89' lang='lat' dir='ltr'><strong>additum</strong></span> <span class='ocrx_word' id='word_1_1080' title='bbox 2817 5110 2935 5172; x_wconf 80' lang='lat' dir='ltr'><strong>est:</strong></span> <span class='ocrx_word' id='word_1_1081' title='bbox 2966 5098 3090 5152; x_wconf 87' lang='lat' dir='ltr'><strong>Cum</strong></span> <span class='ocrx_word' id='word_1_1082' title='bbox 3120 5101 3257 5151; x_wconf 81' lang='lat' dir='ltr'><strong>misit</strong></span> <span class='ocrx_word' id='word_1_1083' title='bbox 3286 5098 3438 5172; x_wconf 77' lang='lat' dir='ltr'><strong>Sani,</strong></span> 
     </span>
    </p>
   </div>
   <div class='ocr_carea' id='block_1_144' title="bbox 1887 5169 3440 5241">
    <p class='ocr_par' dir='ltr' id='par_1_144' title="bbox 1887 5169 3440 5241">
     <span class='ocr_line' id='line_1_146' title="bbox 1887 5169 3440 5241; baseline -0.006 -13"><span class='ocrx_word' id='word_1_1084' title='bbox 1887 5169 1931 5228; x_wconf 64' lang='lat' dir='ltr'><strong>Et</strong></span> <span class='ocrx_word' id='word_1_1085' title='bbox 1958 5175 2227 5227; x_wconf 85' lang='lat' dir='ltr'><strong>custodivit</strong></span> <span class='ocrx_word' id='word_1_1086' title='bbox 2260 5174 2466 5225; x_wconf 88' lang='lat' dir='ltr'><strong>domum</strong></span> <span class='ocrx_word' id='word_1_1087' title='bbox 2495 5174 2632 5241; x_wconf 82' lang='lat' dir='ltr'><strong>ejus,</strong></span> <span class='ocrx_word' id='word_1_1088' title='bbox 2662 5181 2712 5223; x_wconf 90' lang='lat' dir='ltr'><strong>ut</strong></span> <span class='ocrx_word' id='word_1_1089' title='bbox 2744 5170 3043 5240; x_wconf 75' lang='lat' dir='ltr'><strong>interﬁceret</strong></span> <span class='ocrx_word' id='word_1_1090' title='bbox 3074 5185 3193 5241; x_wconf 81' lang='lat' dir='ltr'><strong>eum</strong></span> <span class='ocrx_word' id='word_1_1091' title='bbox 3212 5209 3226 5234; x_wconf 93' lang='lat'><strong>,</strong></span> <span class='ocrx_word' id='word_1_1092' title='bbox 3274 5169 3440 5241; x_wconf 82' lang='lat' dir='ltr'><strong>accipi</strong></span> 
     </span>
    </p>
   </div>
   <div class='ocr_carea' id='block_1_145' title="bbox 1889 5238 3446 5310">
    <p class='ocr_par' dir='ltr' id='par_1_145' title="bbox 1889 5238 3446 5310">
     <span class='ocr_line' id='line_1_147' title="bbox 1889 5238 3446 5310; baseline -0.006 -12"><span class='ocrx_word' id='word_1_1093' title='bbox 1889 5255 2062 5310; x_wconf 79' lang='lat' dir='ltr'><strong>potest</strong></span> <span class='ocrx_word' id='word_1_1094' title='bbox 2090 5256 2143 5298; x_wconf 91' lang='lat' dir='ltr'><strong>et</strong></span> <span class='ocrx_word' id='word_1_1095' title='bbox 2172 5246 2220 5297; x_wconf 91' lang='lat' dir='ltr'><strong>in</strong></span> <span class='ocrx_word' id='word_1_1096' title='bbox 2262 5243 2420 5295; x_wconf 78' lang='lat' dir='ltr'><strong>David</strong></span> <span class='ocrx_word' id='word_1_1097' title='bbox 2454 5238 2708 5295; x_wconf 71' lang='lat' dir='ltr'><strong>Itistoriali</strong></span> <span class='ocrx_word' id='word_1_1098' title='bbox 2738 5251 2791 5293; x_wconf 87' lang='lat' dir='ltr'><strong>et</strong></span> <span class='ocrx_word' id='word_1_1099' title='bbox 2823 5238 3191 5310; x_wconf 21' lang='lat' dir='ltr'><strong>ittVSpirituali,</strong></span> <span class='ocrx_word' id='word_1_1100' title='bbox 3231 5240 3349 5307; x_wconf 87' lang='lat' dir='ltr'><strong>quia</strong></span> <span class='ocrx_word' id='word_1_1101' title='bbox 3386 5248 3446 5310; x_wconf 75' lang='lat' dir='ltr'><strong>et</strong></span> 
     </span>
    </p>
   </div>
   <div class='ocr_carea' id='block_1_146' title="bbox 1889 5306 3443 5368">
    <p class='ocr_par' dir='ltr' id='par_1_146' title="bbox 1889 5306 3443 5368">
     <span class='ocr_line' id='line_1_148' title="bbox 1889 5306 3443 5368; baseline -0.007 -1"><span class='ocrx_word' id='word_1_1102' title='bbox 1889 5306 2229 5368; x_wconf 83' lang='lat' dir='ltr'><strong>itistorialiter</strong></span> <span class='ocrx_word' id='word_1_1103' title='bbox 2260 5312 2382 5365; x_wconf 82' lang='lat' dir='ltr'><strong>Suttl</strong></span> <span class='ocrx_word' id='word_1_1104' title='bbox 2430 5311 2572 5364; x_wconf 85' lang='lat' dir='ltr'><strong>misit</strong></span> <span class='ocrx_word' id='word_1_1105' title='bbox 2610 5311 2674 5364; x_wconf 81' lang='lat' dir='ltr'><strong>ad</strong></span> <span class='ocrx_word' id='word_1_1106' title='bbox 2717 5306 2943 5363; x_wconf 84' lang='lat' dir='ltr'><strong>domum</strong></span> <span class='ocrx_word' id='word_1_1107' title='bbox 2963 5309 3121 5362; x_wconf 90' lang='lat' dir='ltr'><strong>David</strong></span> <span class='ocrx_word' id='word_1_1108' title='bbox 3154 5319 3208 5362; x_wconf 89' lang='lat' dir='ltr'><strong>ut</strong></span> <span class='ocrx_word' id='word_1_1109' title='bbox 3240 5306 3443 5362; x_wconf 78' lang='lat' dir='ltr'><strong>interii-</strong></span> 
     </span>
    </p>
   </div>
   <div class='ocr_carea' id='block_1_147' title="bbox 1888 5379 3443 5449">
    <p class='ocr_par' dir='ltr' id='par_1_147' title="bbox 1888 5379 3443 5449">
     <span class='ocr_line' id='line_1_149' title="bbox 1888 5379 3443 5449; baseline -0.006 -11"><span class='ocrx_word' id='word_1_1110' title='bbox 1888 5396 2030 5438; x_wconf 89' lang='lat' dir='ltr'><strong>ceret</strong></span> <span class='ocrx_word' id='word_1_1111' title='bbox 2058 5400 2199 5437; x_wconf 89' lang='lat' dir='ltr'><strong>eum.</strong></span> <span class='ocrx_word' id='word_1_1112' title='bbox 2244 5384 2311 5436; x_wconf 81' lang='lat' dir='ltr'><strong>Et</strong></span> <span class='ocrx_word' id='word_1_1113' title='bbox 2342 5396 2555 5449; x_wconf 88' lang='lat' dir='ltr'><strong>regnum</strong></span> <span class='ocrx_word' id='word_1_1114' title='bbox 2588 5380 2912 5441; x_wconf 66' lang='lat' dir='ltr'><strong>Judmorum,</strong></span> <span class='ocrx_word' id='word_1_1115' title='bbox 2945 5379 3081 5445; x_wconf 87' lang='lat' dir='ltr'><strong>quod</strong></span> <span class='ocrx_word' id='word_1_1116' title='bbox 3114 5394 3205 5447; x_wconf 88' lang='lat' dir='ltr'><strong>per</strong></span> <span class='ocrx_word' id='word_1_1117' title='bbox 3230 5379 3443 5434; x_wconf 87' lang='lat' dir='ltr'><strong>Sauletu</strong></span> 
     </span>
    </p>
   </div>
   <div class='ocr_carea' id='block_1_148' title="bbox 1888 5450 3444 5522">
    <p class='ocr_par' dir='ltr' id='par_1_148' title="bbox 1888 5450 3444 5522">
     <span class='ocr_line' id='line_1_150' title="bbox 1888 5450 3444 5522; baseline -0.004 -15"><span class='ocrx_word' id='word_1_1118' title='bbox 1888 5456 2235 5522; x_wconf 74' lang='lat' dir='ltr'><strong>significatur,</strong></span> <span class='ocrx_word' id='word_1_1119' title='bbox 2268 5465 2478 5505; x_wconf 89' lang='lat' dir='ltr'><strong>mortuo</strong></span> <span class='ocrx_word' id='word_1_1120' title='bbox 2507 5453 2740 5514; x_wconf 70' lang='lat' dir='ltr'><strong>Christo,</strong></span> <span class='ocrx_word' id='word_1_1121' title='bbox 2787 5462 2839 5504; x_wconf 92' lang='lat' dir='ltr'><strong>et</strong></span> <span class='ocrx_word' id='word_1_1122' title='bbox 2867 5450 3038 5518; x_wconf 89' lang='lat' dir='ltr'><strong>posito</strong></span> <span class='ocrx_word' id='word_1_1123' title='bbox 3083 5452 3134 5503; x_wconf 93' lang='lat' dir='ltr'><strong>in</strong></span> <span class='ocrx_word' id='word_1_1124' title='bbox 3178 5450 3444 5522; x_wconf 74' lang='lat' dir='ltr'><strong>sepulcro,</strong></span> 
     </span>
    </p>
   </div>
   <div class='ocr_carea' id='block_1_149' title="bbox 1888 5520 3447 5592">
    <p class='ocr_par' dir='ltr' id='par_1_149' title="bbox 1888 5520 3447 5592">
     <span class='ocr_line' id='line_1_151' title="bbox 1888 5520 3447 5592; baseline -0.004 -15"><span class='ocrx_word' id='word_1_1125' title='bbox 1888 5520 2027 5592; x_wconf 81' lang='lat' dir='ltr'><strong>quod</strong></span> <span class='ocrx_word' id='word_1_1126' title='bbox 2060 5527 2381 5592; x_wconf 87' lang='lat' dir='ltr'><strong>sepulcrum,</strong></span> <span class='ocrx_word' id='word_1_1127' title='bbox 2432 5522 2580 5592; x_wconf 85' lang='lat' dir='ltr'><strong>quasi</strong></span> <span class='ocrx_word' id='word_1_1128' title='bbox 2628 5523 2817 5592; x_wconf 83' lang='lat' dir='ltr'><strong>donius</strong></span> <span class='ocrx_word' id='word_1_1129' title='bbox 2846 5522 3107 5592; x_wconf 77' lang='lat' dir='ltr'><strong>ejusluit,</strong></span> <span class='ocrx_word' id='word_1_1130' title='bbox 3154 5520 3240 5592; x_wconf 23' lang='lat' dir='ltr'><strong>ad‘</strong></span> <span class='ocrx_word' id='word_1_1131' title='bbox 3263 5528 3447 5592; x_wconf 81' lang='lat' dir='ltr'><strong>custo-</strong></span> 
     </span>
    </p>
   </div>
   <div class='ocr_carea' id='block_1_150' title="bbox 1891 5589 3446 5661">
    <p class='ocr_par' dir='ltr' id='par_1_150' title="bbox 1891 5589 3446 5661">
     <span class='ocr_line' id='line_1_152' title="bbox 1891 5589 3446 5661; baseline -0.006 -13"><span class='ocrx_word' id='word_1_1132' title='bbox 1891 5589 2144 5649; x_wconf 86' lang='lat' dir='ltr'><strong>diendum</strong></span> <span class='ocrx_word' id='word_1_1133' title='bbox 2173 5594 2343 5661; x_wconf 90' lang='lat' dir='ltr'><strong>ipsum</strong></span> <span class='ocrx_word' id='word_1_1134' title='bbox 2374 5590 2539 5655; x_wconf 85' lang='lat' dir='ltr'><strong>misit,</strong></span> <span class='ocrx_word' id='word_1_1135' title='bbox 2572 5605 2690 5643; x_wconf 89' lang='lat' dir='ltr'><strong>cum</strong></span> <span class='ocrx_word' id='word_1_1136' title='bbox 2722 5591 2926 5645; x_wconf 91' lang='lat' dir='ltr'><strong>diceret</strong></span> <span class='ocrx_word' id='word_1_1137' title='bbox 2954 5590 3121 5645; x_wconf 90' lang='lat' dir='ltr'><strong>Pilato</strong></span> <span class='ocrx_word' id='word_1_1138' title='bbox 3148 5607 3161 5643; x_wconf 89' lang='lat'><strong>:</strong></span> <span class='ocrx_word' id='word_1_1139' title='bbox 3190 5589 3446 5661; x_wconf 65' lang='lat' dir='ltr'><strong>Domine,</strong></span> 
     </span>
    </p>
   </div>
   <div class='ocr_carea' id='block_1_151' title="bbox 1891 5659 3452 5730">
    <p class='ocr_par' dir='ltr' id='par_1_151' title="bbox 1891 5659 3452 5730">
     <span class='ocr_line' id='line_1_153' title="bbox 1891 5659 3452 5730; baseline -0.005 -13"><span class='ocrx_word' id='word_1_1140' title='bbox 1891 5665 2142 5718; x_wconf 86' lang='lat' dir='ltr'><strong>recordati</strong></span> <span class='ocrx_word' id='word_1_1141' title='bbox 2172 5659 2346 5715; x_wconf 83' lang='lat' dir='ltr'><strong>sumus</strong></span> <span class='ocrx_word' id='word_1_1142' title='bbox 2371 5698 2385 5721; x_wconf 84' lang='lat'><strong>.</strong></span> <span class='ocrx_word' id='word_1_1143' title='bbox 2431 5662 2554 5730; x_wconf 86' lang='lat' dir='ltr'><strong>quia</strong></span> <span class='ocrx_word' id='word_1_1144' title='bbox 2590 5662 2825 5714; x_wconf 80' lang='lat' dir='ltr'><strong>seductor</strong></span> <span class='ocrx_word' id='word_1_1145' title='bbox 2849 5661 2935 5715; x_wconf 90' lang='lat' dir='ltr'><strong>ille</strong></span> <span class='ocrx_word' id='word_1_1146' title='bbox 2964 5660 3090 5714; x_wconf 78' lang='lat' dir='ltr'><strong>dixit</strong></span> <span class='ocrx_word' id='word_1_1147' title='bbox 3113 5676 3147 5717; x_wconf 11' lang='lat'><strong>:7</strong></span> <span class='ocrx_word' id='word_1_1148' title='bbox 3180 5659 3305 5715; x_wconf 86' lang='lat' dir='ltr'><strong>Post</strong></span> <span class='ocrx_word' id='word_1_1149' title='bbox 3352 5670 3452 5730; x_wconf 76' lang='lat' dir='ltr'><strong>tres</strong></span> 
     </span>
    </p>
   </div>
   <div class='ocr_carea' id='block_1_152' title="bbox 1894 5728 3457 5805">
    <p class='ocr_par' dir='ltr' id='par_1_152' title="bbox 1894 5728 3457 5805">
     <span class='ocr_line' id='line_1_154' title="bbox 1894 5728 3457 5805; baseline -0.006 -17"><span class='ocrx_word' id='word_1_1150' title='bbox 1894 5736 1999 5792; x_wconf 81' lang='lat' dir='ltr'><strong>dies</strong></span> <span class='ocrx_word' id='word_1_1151' title='bbox 2018 5748 2298 5805; x_wconf 79' lang='lat' dir='ltr'><strong>resurgam.</strong></span> <span class='ocrx_word' id='word_1_1152' title='bbox 2329 5734 2358 5786; x_wconf 85' lang='lat' dir='ltr'><strong><em>J</em></strong></span> <span class='ocrx_word' id='word_1_1153' title='bbox 2371 5728 2462 5786; x_wconf 77' lang='lat' dir='ltr'><strong>ube</strong></span> <span class='ocrx_word' id='word_1_1154' title='bbox 2484 5747 2601 5803; x_wconf 78' lang='lat' dir='ltr'><strong>ergo</strong></span> <span class='ocrx_word' id='word_1_1155' title='bbox 2623 5734 2861 5786; x_wconf 73' lang='lat' dir='ltr'><strong>custodri</strong></span> <span class='ocrx_word' id='word_1_1156' title='bbox 2888 5733 3195 5803; x_wconf 73' lang='lat' dir='ltr'><strong>sepulcrum,</strong></span> <span class='ocrx_word' id='word_1_1157' title='bbox 3221 5746 3282 5786; x_wconf 84' lang='lat' dir='ltr'><strong>ne</strong></span> <span class='ocrx_word' id='word_1_1158' title='bbox 3307 5728 3457 5783; x_wconf 42' lang='lat' dir='ltr'><strong>discis</strong></span> 
     </span>
    </p>
   </div>
  </div>
