3984 6362
222 258 223 261 η
270 231 394 288 78’.)

967 236 1031 291 IN
1077 234 1492 292 PSALSIORUM
1534 234 1787 291 LIBRUM
1832 236 2171 294 EXEGESIS
2237 268 2299 279 —
2340 239 2586 297 PSALM.
2629 243 2804 299 LVllf.

3423 243 3529 304 790

263 356 349 407 ad
382 357 545 412 Deum
580 356 913 419 placandum.
957 355 1251 408 Excusatur
1278 352 1473 421 quippe
1503 360 1769 422 peccator,
1796 360 1853 407 et
1880 350 1929 413 Α
1962 350 2085 425 ideo
2109 353 2297 407 merito
2322 368 2380 409 es
2411 353 2546 408 Deus
2574 372 2712 409 meus
2740 365 2792 411 et
2823 367 3087 422 meorum,
3116 357 3165 411 id
3198 365 3298 425 est,
3326 364 3518 418 merito

264 430 529 482 culpatur
554 428 795 482 Creator.

355 496 720 553 Convertentur
752 510 819 551 ad
860 510 1137 563 vesperam.
1194 492 1333 547 Istud
1380 500 1489 563 tam
1540 492 1605 547 de
1655 491 1855 549 Iudaeis

266 582 448 633 quam
479 569 546 624 de
571 568 818 637 gentibus
848 562 1290 637 potestintelligi.
1325 562 1497 637 _N_unc
1526 573 1702 637 autem
1735 565 1854 637 pri-

266 654 431 691 mum
482 634 865 715 prosequamur
908 638 974 692 de
1009 636 1254 715 ⁸ςιιιάτιιείε,
1309 634 1501 715 deinde
1546 634 1736 715 ordine
1785 634 1854 690 de

262 704 567 775 gentibus:
602 704 835 774 pertinet
883 706 1387 779 praedicta_egregia
1431 704 1685 779 iniquitas
1716 720 1855 773 prae-

264 779 444 847 cipue
488 780 551 834 ad
598 779 833 837 Iudaeos.
865 775 1037 832 adhuc
1068 775 1418 847 defendentes
1462 790 1520 830 se
1563 776 1631 830 de
1679 786 1853 832 morte

266 845 499 906 medici.
534 850 939 905 Continuabitur
961 858 1135 901 autem
1162 847 1237 899 sic
1260 864 1269 898 :
1299 845 1430 901 Dico
1458 861 1526 901 ne
1548 847 1853 901 miserearis

264 919 483 975 Judaeis
510 922 839 990 iniquitatem
872 916 1301 990 defendentihus,
1332 923 1388 972 et
1420 916 1472 971 in
1505 930 1565 970 ea
1600 931 1851 984 perseve-

265 991 545 1046 rantibus.
596 989 959 1057 Quorumdam
990 997 1166 1043 autem
1199 989 1289 1056 qui
1331 999 1431 1041 nec
1472 996 1847 1054 perseverant,

267 1076 379 1113 nec
424 1078 483 1116 se
522 1062 834 1123 defendunt,
880 1058 1210 1138 miserearis,
1244 1065 1303 1111 ut
1330 1064 1731 1138 convertantur.
1785 1057 1852 1111 Et

265 1131 347 1209 ita
379 1134 517 1196 erit,
549 1134 669 1201 quia
703 1140 1057 1209 convertentur
1082 1129 1148 1181 ad
1179 1143 1459 1209 vesperam,
1492 1126 1541 1180 id
1569 1136 1672 1190 est,
1700 1142 1851 1209 sero:

271 1200 393 1253 tina
419 1198 790 1258 conversione.
824 1201 1141 1256 Debuissent
1170 1198 1313 1253 enim
1341 1198 1391 1250 in
1421 1211 1576 1250 mane
1600 1199 1848 1252 conversi

265 1272 469 1333 fuisse.
504 1274 553 1327 id
586 1285 700 1335 εει,
737 1274 943 1326 medico
983 1280 1285 1338 prmsente;
1332 1267 1424 1323 sed
1452 1268 1573 1338 quia
1604 1269 1849 1323 conversi

265 1356 382 1395 non
418 1354 559 1405 sunt,
591 1345 710 1411 quia
744 1337 1007 1397 medicum
1040 1339 1400 1394 necessarium
1430 1337 1667 1411 sibinon
1699 1349 1847 1405 puta-

266 1424 491 1475 verunt,
517 1407 674 1483 quem
697 1413 1095 1491 crucifixerunt,
1114 1418 1463 1490 convertentur
1482 1407 1548 1461 ad
1572 1424 1846 1491 vesperam,

265 1494 395 1542 tmst
429 1479 547 1548 ejus'
574 1484 1022 1539 resurrectionem
1054 1491 1108 1537 et
1136 1480 1505 1537 ascensionem
1527 1519 1543 1545 ,
1590 1479 1729 1548 quod
1775 1481 1848 1534 ita

262 1552 473 1605 factum
513 1564 616 1609 est.

342 1624 632 1691 Postquam
674 1624 815 1680 enim
848 1627 992 1678 viros
1036 1622 1261 1684 idiotas,
1307 1618 1358 1674 id
1400 1627 1519 1691 est,
1564 1620 1840 1686 apostolos

1955 424 2119 495 gratis
2150 432 2201 478 te
2229 439 2369 488 amo,
2412 426 2576 494 gratis
2607 437 2657 481 te
2685 426 2803 480 colo
2836 436 2891 481 et
2923 427 3099 490 Laudo.
3156 428 3222 483 Et
3251 424 3519 489 convertit

1955 506 2015 563 se
2039 492 2103 548 ad
2129 507 2249 556 nos,
2291 503 2348 548 nt
2371 492 2435 550 εί
2452 510 2547 549 nos
2571 498 2742 563 ipsum
2772 497 2938 552 Deum
2966 508 3205 552 nostrum
3237 499 3514 559 faciamus.

1954 562 2124 641 Quasi
2161 564 2337 641 dicat:
2366 565 2512 641 _ldeo
2562 562 2685 641 dico
2726 568 2865 641 quod
2912 568 2985 623 sis
3020 568 3153 622 Dens
3202 586 3363 637 meus,
3395 574 3531 641 quia-

1954 634 2303 709 misericordia
2329 637 2437 709 ejus
2466 634 2870 709 prwvenietjam
2900 648 2957 695 et
2984 654 3197 705 semper
3228 634 3529 707 prmveniet:

1956 718 2123 780 meos,
2156 703 2293 780 Nihil
2322 703 2474 761 enim
2491 703 2888 777 attulitnus'ego
2916 717 2973 763 et
3001 703 3113 763 mei
3134 703 3349 778 propter
3371 716 3513 780 quod

1957 776 2517 846 nostrimisereretur,
2544 786 2601 832 et
2625 794 2720 831 nos
2738 776 3075 846 justiticaret,
3098 776 3191 833 sed
3214 776 3329 834 sola
3356 776 3514 839 mise—
3542 806 3543 815 ι

1954 844 2181 899 ricordia
2213 846 2328 915 ejus
2357 848 2492 902 sicut
2523 844 2777 913 praevenit
2817 865 2901 906 me
2931 860 2985 905 ut
3010 866 3217 916 essem,
3252 852 3323 907 ita
3353 855 3514 910 etiam

1955 916 2243 982 prmveniet
2273 932 2357 971 me
2385 927 2439 970 ιιι
2468 919 2639 973 bonus
2667 920 2790 973 sim.

2024 984 2164 1057 Deus
2195 989 2410 1041 ostendit
2440 989 2585 1044 mihi.
2638 988 2763 1044 Ideo
2802 989 2962 1045 etiam
3002 991 3123 1045 dico
3166 990 3302 1045 Dens
3345 1008 3516 1057 meus.

1956 1056 2078 1120 quia
2111 1056 2248 1111 Deus
2277 1059 2405 1111 mibi
2439 1058 2580 1112 facto
2611 1060 2662 1113 in
2694 1076 2777 1113 me
2809 1070 2863 1114 et
2888 1060 2940 1115 in
2974 1062 3133 1125 meis,
3168 1078 3319 1127 super
3349 1056 3522 1119 inimi-

1952 1141 2036 1178 cos
2062 1142 2231 1201 meos,
2265 1127 2316 1181 id
2349 1138 2459 1201 est,
2502 1130 2728 1201 collecto
2772 1131 2875 1185 illis
2916 1131 3153 1201 rejectis,
3197 1134 3372 1188 electo
3414 1137 3519 1189 illis

1952 1197 2213 1264 repulsis.
2246 1199 2486 1263 ostendit,
2517 1200 2566 1252 id
2595 1209 2698 1265 est,
2726 1197 3087 1255 ostensionem
3116 1202 3260 1266 fecit,
3287 1204 3516 1268 scilicet,

1954 1273 2011 1317 ut
2038 1281 2417 1341 cognoscerem
2436 1269 2654 1341 divitias
2682 1272 2866 1341 gratias
2889 1273 3028 1340 ejus,
3057 1286 3149 1341 per
3176 1289 3300 1327 vasa
3332 1275 3425 1328 ira:
3458 1277 3511 1329 itt

1951 1336 2091 1390 vasis
2134 1338 2537 1393 tttisericordize.
2590 1336 2747 1405 Quasi
2777 1336 2953 1396 dicat':
2987 1336 3237 1397 Conferat
3281 1360 3376 1400 vas
3425 1346 3517 1399 ira:

1951 1407 2090 1485 vasis
2121 1409 2527 1476 misericordiae,
2548 1411 2814 1485 collectus
2841 1412 3071 1485 rejectis.
3100 1413 3299 1469 electus
3330 1431 3517 1485 repro-

1953 1477 2111 1539 batis,
2141 1488 2195 1533 et
2220 1490 2505 1561 cognoscat
2530 1481 2743 1561 divitias
2768 1477 2950 1561 grati—5e
2978 1482 3113 1561 eius,
3138 1499 3269 1550 quas
3290 1477 3515 1561 offendit

1952 1561 2047 1620 per
2075 1563 2199 1602 vasa
2230 1551 2322 1603 ira:
2355 1550 2406 1603 in
2436 1552 2577 1604 vasis
2610 1550 3005 1606 misericordia).
3043 1553 3117 1607 Ex
3147 1558 3515 1620 persecutione

1950 1618 2092 1690 enim
2127 1620 2389 1673 malorum
2421 1623 2759 1690 cognoscitur
2793 1622 3050 1687 perfectio
3082 1618 3364 1679 bonorum.
3407 1627 3513 1680 lui-

260 1688 521 1748 viderunt
551 1704 694 1749 tanta
726 1696 977 1749 miracula
1010 1692 1285 1769 facientes,
1313 1701 1422 1744 tam
1453 1690 1585 1744 mira
1606 1692 1841 1769 _loqueu-
1874 1709 1917 1769 Β
1951 1688 2121 1769 mices
2151 1689 2203 1769 in
2224 1691 2333 1769 _ha_c
2372 1688 2876 1769 sententialudzeos
2904 1694 3128 1761 accipit;
3150 1704 3234 1769 _et
3270 1699 3514 1769 quamvis

261 1773 373 1825 tes,
415 1779 526 1828 post
560 1766 789 1833 Spiritus
817 1766 986 1819 sancti
1016 1762 1346 1824 missionem,
1380 1770 1502 1814 tunc
1531 1760 1742 1827 quidam
1774 1774 1841 1815 ex

259 1835 678 1889 crucifisoriluts
709 1836 904 1888 Christi
936 1843 1209 1900 peccatum
1242 1846 1398 1885 suum
1428 1839 1836 1899 cognoscentes.

259 1916 538 1982 veneruut
570 1909 634 1958 ad
669 1905 937 1982 apostolos
969 1904 1209 1982 dicentes
1237 1920 1248 1954 :
1449 1901 1839 1982 fugientum-viri

253 1975 455 2052 fratres
478 1976 503 2028 ?
557 1979 619 2052 [fit
655 1970 981 2052 respondens
1027 1975 1217 2052 Petrus
1258 1970 1839 2052 dixitiPaenitentiam

253 2048 517 2115 qgiletel
566 2047 843 2115 baptisetur
887 2045 1228 2115 unusquisque
1273 2052 1493 2115 uestrum
1538 2044 1593 2094 in
1638 2044 1839 2115 nomine

252 2112 393 2193 {esu
427 2112 636 2193 Christi;
667 2117 994 2193 Quasidicat
1022 2112 1495 2193 cisse-Sanguinem
1520 2126 1679 2193 quem
1706 2112 1837 2193 effu-

255 2185 426 2238 distis
456 2188 758 2247 smvientes.
793 2187 953 2240 bibite
984 2182 1331 2240 conﬁdentes.
1367 2183 1432 2236 Et
1452 2183 1519 2237 de
1546 2182 1627 2234 Itis
1654 2182 1839 2249 primi-

258 2265 356 2308 tus
397 2258 672 2311 conversis
722 2258 821 2311 hoc
868 2254 1235 2324 accipiendum
1264 2263 1365 2307 est.
1422 2250 1833 2324 Convertuntur,

258 2325 489 2391 inquam
511 2371 525 2391 ,
549 2328 919 2406 _et_conversi
950 2323 1206 2406 patientur
1234 2325 1440 2406 famem,
1473 2323 1525 2377 id
1554 2331 1665 2406 est,
1698 2323 1836 2406 avidi

252 2406 425 2449 erunt
455 2398 600 2452 verbi
633 2398 723 2452 Dei
754 2407 807 2451 et
833 2392 1016 2474 gratia:
1036 2440 1050 2463 ,
1098 2392 1251 2450 entes
1272 2404 1345 2474 _ut
1366 2409 1567 2474 canes,
1616 2392 1667 2474 id
1688 2402 1830 2474 _est,

256 2478 651 2532 cognOsceutes
694 2482 752 2521 se
794 2462 1000 2521 medico
1040 2462 1202 2534 egere
1242 2465 1380 2520 sicut
1422 2479 1605 2528 canes,
1651 2462 1700 2515 id
1731 2473 1832 2529 est,

253 2536 498 2603 gentiles
520 2538 775 2614 immundi
819 2548 871 2614 et
893 2536 1227 2614 _idololatrte,
1251 2535 1374 2614 quia
1404 2542 1729 2614 cognoscent
1754 2547 1833 2599 se,

253 2620 363 2660 nec
408 2623 505 2673 per
543 2624 691 2662 suam
738 2608 993 2677 justitiam
1033 2622 1130 2661 nec
1160 2604 1281 2677 per,
1308 2606 1475 2674 legem
1518 2604 1834 2677 iustificatos

251 2690 409 2755 esse,
440 2674 749 2755 quiaillum’
767 2680 855 2746 qui
903 2678 992 2755 luit
1033 2686 1126 2755 εει
1158 2676 1291 2745 legis
1333 2674 1831 2755 ethprOplteta‘rum,

253 2743 493 2810 scilicet,
521 2743 808 2814 Christum,
844 2764 947 2802 non
978 2743 1358 2803 intellexerunt
1390 2746 1441 2800 in
1474 2746 1611 2814 lege.
1662 2743 1729 2798 Et
1777 2744 1831 2798 lti

252 2817 399 2871 tales
428 2822 692 2881 conversi,
726 2830 782 2872 ut
812 2828 867 2872 et
896 2820 993 2881 ipsi
1021 2816 1156 2872 alios
1185 2824 1520 2881 convertant,
1547 2816 1833 2869 circuibunt

251 2887 535 2950 civitatem,
572 2890 618 2942 id
651 2898 755 2956 est,
797 2888 1032 2943 fidelium
1076 2888 1497 2951 correctionem,
1542 2886 1623 2941 vel
1669 2886 1829 2940 etiam

254 2960 432 3035 totius
478 2959 693 3012 humani
738 2961 947 3035 generis
992 2957 1383 3035 multitudinem
1411 2997 1426 3022 ,
1479 2971 1597 3026 qua:
1641 2956 1830 3035 civitas

250 3026 460 3081 dicitur
493 3041 706 3095 propter
733 3027 1191 3084 circumstantiam
1220 3026 1522 3082 Judamrmn
1543 3070 1558 3094 ,
1589 3027 1677 3094 qui
1710 3027 1822 3080 ubi-

250 3111 365 3169 que
414 3099 639 3166 dispersi
687 3109 830 3155 sunt.
885 3100 948 3154 Et
993 3114 1108 3151 ecce
1158 3099 1329 3169 (quasi
1359 3095 1536 3169 _dicat)
1589 3096 1829 3169 adgquid

255 3168 612 3222 circuibunt?
662 3169 900 3235 Scilicet,
942 3169 1004 3223 ad
1050 3167 1174 3231 hoc,
1201 3169 1321 3237 quia
1349 3167 1635 3234 loquentur,
1670 3167 1719 3221 id
1750 3177 1832 3223 cst

251 3238 632 3304 pra-dicabunt
657 3241 711 3293 in
738 3256 825 3294 ore
853 3257 965 3305 suo,
998 3240 1047 3293 in
1076 3253 1170 3294 ore
1197 3240 1375 3302 avido,
1400 3239 1449 3292 id
1480 3247 1585 3305 est,
1610 3240 1678 3292 ita
1702 3253 1827 3292 con-

250 3315 469 3361 stanter
501 3320 554 3363 et
584 3311 937 3376 impudenter,
988 3310 1126 3364 sicut
1153 3311 1402 3363 convenit
1451 3309 1553 3361 illis
1598 3324 1825 3378 quorum

249 3391 319 3428 os
347 3380 493 3431 verbi
539 3380 629 3435 Dei
659 3381 960 3436 famelicum
991 3390 1091 3434 est.
1148 3378 1212 3434 Et
1252 3381 1304 3431 in
1334 3380 1482 3432 labiis
1510 3395 1685 3431 eorum
1726 3381 1825 3433 erit

251 3446 489 3517 gladius,
515 3450 582 3505 de
608 3467 712 3513 quo
739 3451 936 3505 dictum
969 3459 1085 3503 est:
1123 3449 1185 3501 Et
1209 3450 1411 3519 gladius
1437 3450 1665 3514 spiritus,
1690 3452 1827 3519 quod

250 3529 330 3569 est
365 3522 567 3572 verbum
598 3520 821 3574 Domini.
872 3521 1067 3575 Eorum
1094 3519 1214 3574 dico
1243 3521 1526 3573 dicentium
1560 3520 1650 3584 ita,
1680 3521 1822 3588 quia,

253 3600 520 3660 quantum
561 3592 627 3660 ad
672 3593 771 3645 hoc
798 3592 941 3660 quod
970 3591 1208 3657 cupiunt,
1244 3590 1393 3658 pauci
1424 3600 1821 3643 convertentur.

254 3657 521 3725 Domine,
555 3659 749 3715 frustra
791 3657 1128 3725 laboramus,
1173 3657 1421 3727 queuiam
1465 3675 1567 3713 non
1615 3670 1695 3714 est
1736 3662 1823 3729 qui

252 3731 450 3783 credat
493 3731 692 3786 auditui
737 3743 938 3788 nostro.
992 3730 1133 3785 Nam
1160 3732 1273 3799 quis
1305 3748 1401 3784 nos
1431 3731 1645 3793 audivit,
1696 3746 1825 3786 aure

250 3800 486 3871 sciiicet,
515 3802 806 3857 audiendi?
836 3802 1021 3856 Nullus
1052 3803 1221 3871 (quasi
1248 3800 1448 3869 dicant)
1481 3816 1574 3854 nos
1603 3801 1820 3854 audivit.

330 3868 401 3921 Et
430 3886 513 3934 tu,
564 3872 807 3938 Domine,
852 3868 1106 3927 deridebis
1127 3888 1231 3925 cos.
1286 3872 1445 3936 Quasi
1491 3872 1670 3924 dicat:
1718 3872 1821 3939 Ipsi

251 3942 475 4013 quidem
522 3941 701 4013 dicent
747 3946 855 4007 sic,
903 3943 1052 4013 quasi
1101 3942 1430 4011 impossibile
1480 3951 1819 4013 reputantes,

249 4011 403 4083 quod
453 4012 657 4078 possint
685 4014 843 4083 aliqui
873 4011 1112 4069 cenverti
1140 4030 1153 4076 ;
1206 4021 1251 4067 et
1280 4023 1459 4083 tamen
1494 4022 1568 4076 tu,
1603 4011 1819 4068 Domine

249 4082 510 4135 deridebis
538 4100 645 4148 eos,
693 4082 896 4149 idest,
942 4083 1212 4138 derisione
1260 4082 1448 4150 dignos
1495 4083 1657 4136 facias
1702 4100 1817 4148 eos,

248 4154 380 4222 quia
406 4150 561 4207 facile
590 4156 834 4219 perﬁcies
858 4154 997 4221 quod
1025 4152 1356 4222 impossibile
1381 4153 1454 4206 illi
1481 4156 1817 4214 reputabant.

248 4218 497 4291 Namque
541 4218 758 4278 deduces
799 4218 969 4278 omnes
1008 4218 1203 4293 gentes,
1252 4224 1302 4277 id
1345 4233 1455 4286 εει,
1502 4224 1707 4291 aliquos
1753 4227 1819 4280 de

249 4292 503 4346 omnibus
547 4296 792 4364 gentibus
819 4300 885 4349 ad
929 4292 1182 4360 nihilum,
1232 4294 1310 4364 in,
1339 4294 1437 4347 hoc
1481 4294 1619 4362 quod
1666 4304 1820 4348 crant

251 4372 466 4427 gentes,
492 4363 663 4432 idest,
689 4365 956 4431 gentiliter
982 4363 1423 4434 vivetttcs.,Verte
1450 4366 1578 4418 enim
1611 4366 1814 4434 impios,

1944 1758 2123 1833 (dicit)
2164 1758 2409 1833 inimicos
2456 1776 2548 1816 eos
2596 1763 2845 1827 dixerim,
2898 1758 3121 1828 tamen,
3150 1758 3394 1833 Domine,
3448 1785 3513 1822 ne

1941 1829 2165 1901 occidas,
2198 1828 2249 1882 id
2282 1838 2385 1893 est,
2422 1848 2486 1884 ne
2514 1833 2683 1886 occidi
2719 1833 2993 1894 permittas
3021 1851 3104 1888 eos
3135 1828 3510 1901 corporaliter,

1940 1898 2269 1972 itagseilic_et,
2321 1912 2370 1953 ut
2408 1911 2682 1956 transeant
2712 1904 2763 1957 itt
2793 1905 2925 1957 ritus
2964 1898 3515 1972 geminmﬁQuamvis

1941 1970 2081 2023 enim
2115 1984 2146 2023 a
2175 1969 2294 2023 Tito
2333 1980 2387 2026 et
2420 1972 2745 2039 Vespa~iano
2776 1969 3004 2041 dispersi
3035 1975 3165 2039 siut,
3197 1969 3302 2030 non
3333 1988 3512 2033 tamen

1940 2040 2419 2113 amiseruntritum
2455 2059 2633 2108 suum,
2667 2045 2785 2111 quit
2822 2040 2996 2099 adhuc
3025 2047 3505 2113 circumciduntur,

1940 2120 1993 2161 et
2021 2125 2215 2177 agnum
2247 2110 2555 2179 imtttolant,
2605 2124 2657 2167 et
2688 2110 2854 2167 multa
2886 2114 3076 2168 similia
3111 2115 3327 2170 faciunt.
3384 2110 3506 2172 Ideo

1939 2179 2061 2256 dico
2089 2197 2151 2256 ne
2178 2182 2379 2256 occidas
2404 2198 2487 2237 eos
2516 2186 2887 2256 corp0ralitcr.
2912 2201 2974 2238 ne
3001 2185 3074 2237 illi
3103 2188 3300 2256 populi,
3328 2188 3379 2241 id
3402 2199 3505 2252 est.

1938 2248 2114 2322 Judaei
2143 2251 2289 2319 prius
2322 2267 2457 2307 unus
2491 2255 2738 2321 populus,
2783 2256 2942 2307 modo
2976 2271 3069 2318 per
3097 2248 3504 2322 dispositionem

1940 2321 2119 2395 pepuli
2145 2321 2379 2395 diversi,
2421 2324 2623 2395 quando
2654 2325 2775 2393 (pro
2806 2324 3114 2395 aliquando)
3141 2321 3503 2383 obliviscantur

1937 2391 2055 2455 mei,
2107 2391 2160 2463 id
2208 2403 2309 2455 est.
2362 2394 2493 2462 legis
2544 2411 2626 2447 me
2646 2391 2706 2458 ιλ,
2758 2395 2850 2447 sed
2900 2391 3116 2463 semper
3140 2409 3355 2452 servent
3383 2415 3501 2454 eam

1938 2461 2217 2537 memoria,
2268 2464 2370 2517 etsi
2403 2461 2506 2517 non
2541 2465 2591 2517 iu
2626 2466 2759 2537 vita.
2808 2466 2871 2519 Et
2924 2461 3051 2537 sunt
3082 2467 3278 2535 (quasi
3328 2468 3468 2523 dicat
3498 2472 3515 2537 )

1936 2532 2163 2603 capsarii
2195 2548 2457 2599 meorum,
2494 2545 2549 2587 ιιι
2579 2535 2719 2603 apud
2752 2536 2895 2602 ipsos
2924 2532 3174 2603 habeant,
3206 2538 3347 2593 unde
3376 2532 3507 2593 alios

1937 2600 2185 2658 inimicos
2218 2619 2345 2659 suos
2377 2600 2719 2660 convincam.
2774 2600 2869 2661 Vel
2920 2607 3121 2662 aliter:
3162 2600 3254 2662 ’Νε
3296 2612 3510 2663 occidas

1936 2685 2030 2745 eos
2074 2676 2447 2745 corporaliter,
2493 2676 2802 2743 nequando
2851 2676 2926 2729 illi
2972 2679 3062 2745 qui
3108 2687 3231 2735 sunt
3279 2680 3510 2736 oleaster

1936 2741 2187 2809 insertus,
2216 2741 2801 2814 obliviscantttr'populi
2833 2746 2973 2801 illius
2992 2741 3149 2816 'prius
3174 2750 3301 2813 mei,
3329 2748 3377 2802 id
3401 2762 3505 2811 est,

1933 2825 2150 2885 semper
2179 2817 2615 2883 attendant,quia
2648 2818 2916 2870 natm-ales
2945 2820 3075 2871 rami
3101 2820 3251 2872 fracti
3274 2830 3417 2885 sunt,
3451 2832 3507 2876 et

1933 2882 2010 2958 εἰς
2040 2900 2145 2937 non
2177 2882 2601 2958 altttmsapiant,
2634 2889 2726 2942 sed
2761 2888 3000 2951 timeant,
3032 2890 3265 2945 scientes
3295 2882 3416 2958 quia
3462 2892 3506 2946 si

1934 2952 2074 3075 Dleus
2116 2955 2442 3010 naturalibus
2509 2959 2671 3011 ramis
2712 2974 2816 3012 nou
2862 2960 3117 3029 pepercit,
3173 2975 3270 3016 nec
3314 2952 3509 3018 ‘uarcet

1935 3033 2188 3075 ΟΘΩΞῘΓΟ-

1935 3033 2188 3080 oteastro.

1860 3067 1905 3129 Ο
1938 3067 2259 3167 "_‘biébéige
2288 3095 2424 3150 illos.
2461 3096 2537 3152 Ne
2582 3098 2796 3153 occidas
2822 3138 2836 3161 ,
2887 3099 3124 3167 inquam,
3158 3113 3273 3166 eos,
3298 3100 3392 3157 sed
3425 3100 3509 3157 fac

1934 3165 2012 3219 eis
2044 3168 2183 3240 quod
2201 3165 2508 3240 merentur,
2538 3170 2758 3240 scilicet,
2784 3165 3018 3240 disperge
3046 3171 3163 3222 illos
3194 3165 3288 3238 per
3316 3187 3505 3227 omnes

1932 3245 2116 3309 gentes
2143 3238 2197 3309 in
2222 3238 2404 3291 virtute
2444 3250 2530 3291 tua
2554 3280 2567 3299 ,
2616 3238 2871 3301 Domine,
2896 3238 3017 3308 quia
3049 3254 3505 3309 prtesumpserunt

1931 3308 1998 3380 de
2028 3322 2120 3380 sua
2153 3308 2443 3380 virtute,iet
2473 3310 2671 3377 depone
2694 3326 2777 3363 eos
2801 3310 2869 3363 de
2896 3312 3062 3379 gloria
3092 3311 3194 3365 loci
3223 3308 3499 3380 et’gentis.

1930 3375 2031 3449 '_I‘u,
2064 3375 2205 3442 dico,
2236 3375 2453 3431 Domine
2476 3375 2732 3447 protector
2787 3375 2948 3446 meus,
2991 3380 3039 3433 id
3072 3391 3172 3448 est,
3206 3375 3445 3436 medrum
3482 3404 3499 3449 ;

1936 3446 1987 3518 in
2027 3449 2146 3513 hoc,
2181 3448 2303 3515 quia
2333 3450 2764 3515 persecutoribus
2794 3450 2898 3503 illis
2937 3446 3497 3518 auferespotcntiam.

1933 3516 1997 3569 Et
2026 3518 2147 3586 quia
2172 3528 2439 3583 protector
2467 3534 2543 3584 es,
2578 3520 2717 3582 ideo,
2750 3522 2991 3585 Domine,
3025 3516 3232 3587 depone
3259 3523 3500 3577 delictum

1930 3588 2032 3658 oris
2084 3603 2259 3641 eorum
2281 3629 2295 3653 ,
2348 3600 2401 3643 et
2419 3589 2627 3658 depone
2651 3607 2930 3644 sermonem
2960 3592 3211 3646 labiorum
3249 3593 3499 3658 ipsorum.

1931 3656 2190 3734 Dgclicntum
2210 3659 2390 3726 accipe
2419 3656 2561 3729 quod
2589 3662 2837 3715 dixerunt
2861 3678 2875 3716 :
2904 3661 3023 3734 Non
3056 3656 3299 3716 habemus
3329 3680 3497 3734 regem

1927 3729 2026 3781 nisi
2057 3727 2339 3791 Catsarem;
2397 3727 2671 3785 sermones
2722 3746 2849 3785 vero
2905 3733 3160 3786 labiorqu
3196 3748 3211 3786 :
3251 3727 3495 3790 Reus'est

1929 3800 2124 3873 mortis,
2151 3800 2448 3873 etgsimilia.
2481 3804 2632 3867 Quod
2668 3811 2834 3873 tutum
2872 3804 3009 3857 Deus
3039 3804 3194 3857 Pater
3224 3804 3493 3873 deposuit,

1930 3868 1980 3921 id
2008 3879 2109 3933 est,
2156 3870 2474 3937 falsiiicavit,
2513 3888 2632 3926 cum
2666 3872 2939 3926 Christum
3002 3868 3343 3930 resu~citavit
3371 3917 3385 3938 ,
3437 3868 3493 3931 et

1927 3955 2108 4065 gegetu
2139 3956 2245 3994 non
2298 3944 2468 3996 solum
2526 3943 2854 4008 .Iudgeorutn,
2881 3946 2975 3999 sed
3008 3954 3060 3998 et
3084 3947 3322 4013 gentium
3349 3947 3489 4002 fecit.

1968 4021 2177 4065 eamtur
2204 4029 2216 4063 :

1968 4021 2177 4075 equttur
2204 4029 2216 4063 :

1998 4078 2065 4132 Et
2092 4083 2590 4148 comprehendantur
2619 4083 2670 4136 in
2701 4082 2936 4150 superbia
2963 4099 3078 4137 sua.
3110 4083 3185 4136 Ac
3226 4084 3271 4138 si
3302 4085 3445 4139 dicat
3480 4108 3491 4140 :

1928 4150 2055 4205 Dico
2087 4154 2466 4224 ntrdispcruas,
2502 4161 2547 4205 et
2578 4153 2775 4224 depone
2804 4169 2909 4217 eos,
2958 4164 3006 4206 et
3050 4162 3227 4207 tamen
3277 4156 3490 4224 quidam

1923 4236 2111 4295 eorum
2143 4223 2194 4274 in
2216 4225 2456 4287 superbia
2486 4240 2581 4275 sua
2615 4224 2737 4277 inde
2767 4223 2815 4277 in
2851 4226 2970 4290 Itoc,
3004 4225 3144 4291 quod
3174 4223 3403 4295 superbe
3436 4228 3487 4282 in

1925 4294 2188 4364 medicum
2212 4308 2269 4346 se
2299 4306 2579 4347 erexerunt
2611 4305 2662 4346 et
2692 4296 2859 4359 ipsum
2890 4295 3221 4360 occiderunt,
3246 4294 3489 4364 ’compre‘

1924 4361 2230 4433 Itendantur,
2260 4364 2306 4415 id
2332 4373 2432 4423 εει,
2452 4375 2832 4433 recognoscant
2863 4366 3062 4419 nullum
3088 4365 3333 4421 effectum
3366 4361 3488 4425 inde

252 4422 300 4484 ξι
331 4422 632 4489 nouerunt.
652 4422 663 4432 ⁷
684 4422 748 4491 Et
779 4437 878 4490 hoc
908 4436 1079 4505 (quasi
1111 4432 1272 4514 dicat)
1306 4434 1465 4489 facies
1497 4450 1587 4514 per
1615 4422 1817 4514 fortitul
1850 4422 1895 4482 Ι)
1925 4422 2356 4514 subsecutuittm,
2390 4422 2707 4514 neeali‘quid
2731 4434 2829 4489 sibi
2864 4435 3107 4490 relictum
3134 4449 3330 4505 praeter
3361 4422 3485 4507 pec:

252 4503 428 4555 dinem
459 4520 640 4569 meam,
672 4506 720 4559 id
750 4517 852 4572 est,
885 4503 1144 4569 meorum,
1190 4504 1239 4557 id
1271 4516 1371 4568 εει,
1418 4520 1511 4571 per
1540 4504 1663 4569 hoc,
1695 4508 1817 4573 quia

250 4583 569 4629 constantes
604 4577 765 4630 facies
808 4590 957 4631 meos
988 4578 1037 4629 in
1070 4574 1497 4645 praedicationem
1526 4590 1541 4638 ;
1591 4591 1814 4641 quorum

250 4645 533 4712 fortitudo,
566 4647 684 4714 quia
719 4648 771 4700 itt
816 4649 895 4701 eis
932 4661 1070 4712 sum,
1121 4655 1203 4699 est
1234 4660 1371 4698 mea.
1429 4645 1815 4699 Fortitudinem

247 4714 397 4777 dico,
414 4730 570 4779 quam
594 4718 691 4784 ipsi
718 4718 847 4771 mihi
870 4717 1281 4781 conservabunt,
1299 4714 1419 4781 quia
1444 4731 1546 4767 tton
1578 4715 1814 4771 referent

246 4798 375 4837 eam
406 4785 473 4838 ad
508 4802 567 4841 se
599 4788 735 4841 sicut
756 4788 920 4841 fortes
943 4786 1084 4841 male
1112 4786 1399 4853 supradicti
1424 4786 1683 4848 fecerunt,
1721 4788 1815 4840 sed

246 4855 620 4911 referenteam
637 4860 701 4912 ad
718 4869 788 4925 te,
808 4858 899 4912 tibi
921 4872 1037 4913 eam
1056 4858 1405 4919 ascribentes,
1422 4856 1541 4924 quia
1558 4859 1809 4925 quidquid

248 4926 381 4995 boni
416 4926 649 4993 habent,
699 4930 812 4983 sire
843 4929 895 4982 iu
927 4942 1175 4995 corpore,
1218 4927 1331 4981 sive
1363 4928 1413 4979 in
1445 4929 1641 4991 anima,
1688 4943 1718 4981 a
1765 4938 1817 4983 te

246 4994 472 5050 habent.
506 4998 637 5051 Nam
666 5008 721 5054 et
748 5001 793 5053 si
821 4998 997 5052 anima
1025 4994 1287 5067 intelligat
1312 5006 1366 5051 et
1389 4997 1678 5063 discernat,
1708 5014 1813 5052 non

244 5076 431 5121 tamen
459 5083 487 5121 ι
516 5082 576 5123 εε
600 5069 779 5138 habet,
802 5070 895 5125 sed
919 5078 1002 5123 est
1022 5068 1265 5138 quaedam
1293 5070 1441 5138 regio
1468 5070 1815 5125 immutabilis

244 5138 527 5210 veritatis,
575 5142 641 5193 ad
684 5155 845 5210 quam
875 5154 997 5193 cum
1025 5138 1262 5206 accedit,
1304 5140 1714 5210 corroboratur,
1760 5151 1814 5196 et

245 5207 619 5276 illuminatur;
663 5207 783 5267 cum
813 5226 943 5265 vero
970 5210 1037 5264 ab
1066 5225 1127 5265 ea
1160 5207 1388 5273 recedit,
1418 5210 1730 5266 obscuratur
1759 5222 1814 5266 et

241 5279 635 5349 obtenebratur
660 5292 716 5335 et
744 5282 1059 5335 infirmatur.
1093 5281 1343 5349 Sequitur
1368 5297 1379 5332 :

320 5348 461 5415 Quia
489 5350 623 5404 Deus
654 5360 911 5421 susceptor
937 5368 1077 5405 meus
1102 5348 1388 5405 “(Merito
1413 5349 1477 5403 ad
1508 5360 1559 5406 te
1587 5350 1811 5407 referam

242 5419 615 5475 fortitudinem
646 5419 840 5490 meam,
872 5424 993 5491 quia
1025 5432 1080 5476 tu
1113 5422 1251 5476 Deus
1279 5432 1541 5489 susceptor
1570 5438 1707 5476 meus
1734 5439 1809 5489 es,

239 5499 296 5544 et
330 5505 592 5556 meorum,
623 5494 671 5546 id
698 5506 802 5556 est,
823 5494 1100 5560 suscepisti
1132 5507 1217 5547 me
1248 5493 1514 5546 hominem
1548 5507 1640 5559 per
1674 5493 1809 5549 Ver-

242 5562 373 5613 bum
409 5572 555 5613 tutuu
586 5564 652 5617 de
683 5580 854 5617 massa
889 5563 1277 5630 perdendorum
1302 5604 1316 5627 ,
1364 5572 1418 5615 et
1462 5577 1609 5616 meos
1652 5568 1810 5618 etiam

241 5632 533 5698 suscepisti
559 5636 624 5687 dc
652 5637 826 5689 medio
855 5637 1135 5688 malorum.
1168 5633 1292 5688 Scio
1315 5635 1453 5686 enim
1480 5633 1616 5687 unde
1642 5650 1806 5697 cram,

240 5713 293 5763 et
332 5705 469 5757 unde
504 5720 587 5759 tnc
615 5706 932 5777 suchperis,
968 5714 1017 5757 et
1049 5716 1241 5775 quanta
1273 5704 1399 5758 mihi
1426 5704 1718 5771 dimiseris,
1751 5719 1803 5761 ct

1922 4510 2120 4565 catum,
2151 4514 2205 4558 et
2233 4504 2309 4556 sic
2338 4504 2705 4569 bumilientur,
2736 4517 2790 4558 et
2823 4515 3095 4571 peccatum
3140 4504 3299 4560 ’suum
3352 4504 3485 4562 con-

1921 4572 2191 4627 ﬁteanlur.
2234 4573 2298 4626 Et
2341 4584 2394 4639 ut
2441 4577 2966 4643 ecutprebeudautur
2991 4577 3057 4629 de
3094 4579 3440 4632 exsecratione
3468 4622 3483 4643 ,

1918 4643 1969 4697 id
1996 4652 2111 4716 est,
2131 4645 2197 4697 de
2228 4653 2397 4716 morte
2423 4644 2643 4712 Christi,
2675 4661 2831 4715 quem
2881 4648 2979 4716 ipsi
3020 4648 3401 4702 exsecrabilem
3431 4660 3487 4704 et

1919 4714 2280 4786 maledictum
2307 4714 2624 4782 habuerunt,
2664 4714 2718 4770 et
2745 4714 3289 4786 cmnp‘reltendanlur,
3323 4729 3370 4771 et
3415 4722 3483 4775 de

1917 4785 2202 4856 mendacio,
2232 4785 2285 4838 id
2313 4796 2413 4850 est,
2447 4787 2512 4840 de
2540 4789 2638 4840 hoc
2662 4787 2801 4855 quod
2827 4785 2920 4856 per
2951 4790 3280 4841 mendacium
3305 4802 3483 4843 custo-

1916 4855 2041 4908 dum
2082 4858 2240 4909 vitam
2275 4859 2600 4926 resurgentis
2630 4855 2904 4912 destruere
2944 4860 3242 4911 voluerunt.
3272 4857 3334 4911 Et
3360 4875 3484 4916 vere

1914 4926 2451 4994 compreltendenlur,
2483 4931 2604 4997 quia
2628 4929 2677 4981 iu
2707 4934 3190 4991 consummatione,
3222 4928 3271 4981 id
3292 4939 3396 4994 est,
3430 4931 3481 4985 in

1919 4997 2722 5070 perlectione_onnuntiabuntur
2748 4999 2888 5053 aliis.
2921 4998 3071 5053 Sicut
3122 5000 3267 5053 enim
3298 5015 3485 5070 super-

1914 5066 1998 5119 bia
2058 5067 2200 5135 prius
2263 5068 2583 5137 impedivit,
2652 5084 2719 5124 ne
2792 5066 3483 5136 consummarentur,'ita

1919 5138 2190 5191 humilitas
2222 5154 2327 5192 non
2376 5139 2574 5193 valebit
2629 5152 2684 5192 ιιι
2742 5143 2973 5207 perfecte
3020 5149 3482 5196 consummentur.

1914 5210 2046 5281 Quia
2076 5209 2631 5281 ubi_superabundavit
2657 5210 2924 5281 iniquitas,
2981 5211 3411 5281 superabundavit
3432 5222 3480 5266 et

1913 5280 2099 5349 gratia.
2165 5279 2231 5334 Et
2283 5280 2405 5336 ideo
2449 5279 2846 5335 annuntiabitur
2871 5279 3263 5337 consummatio
3292 5296 3479 5339 eorum

1914 5350 2051 5416 aliis,
2097 5365 2163 5405 ne
2193 5349 2311 5419 quis
2343 5352 2591 5419 desperet
2620 5353 2686 5404 de
2738 5363 2955 5419 peccato
2990 5366 3088 5406 suo
3121 5394 3137 5416 ,
3189 5367 3309 5407 cum
3361 5354 3480 5408 istis

1916 5430 2118 5475 tantum
2152 5432 2423 5488 peccatum
2452 5424 2520 5475 sit
2552 5422 2831 5475 indultum.
2886 5422 3299 5478 Annunliabitur
3321 5465 3337 5489 ,
3392 5424 3477 5478 itt-

1913 5507 2094 5558 quant,
2127 5492 2177 5544 in
2209 5492 2749 5561 consummationem,
2780 5501 2835 5547 et
2872 5493 2923 5548 in
2976 5496 3431 5550 consummatione
3460 5536 3477 5562 ,

1914 5563 2052 5637 quod
2086 5563 2137 5615 itt
2166 5564 2244 5615 ira
2277 5562 2777 5637 consummationis,
2802 5564 2853 5617 id
2876 5571 2980 5631 est,
3008 5567 3147 5637 quod
3172 5580 3267 5637 per
3294 5567 3426 5620 iram
3453 5608 3469 5630 ,

1915 5634 1963 5685 id
1991 5645 2089 5695 est,
2125 5647 2217 5701 per
2258 5633 2545 5687 vindictam
2577 5634 2950 5703 procedentem
2990 5633 3053 5690 ex
3100 5633 3187 5690 ira'
3212 5636 3339 5700 Dei,
3372 5638 3476 5692 erit

1916 5705 1992 5758 eis
2024 5704 2411 5761 consummatio
2435 5705 2552 5771 ista,
2585 5706 2721 5775 quod
2755 5706 3024 5764 attendent
3052 5706 3470 5779 dispersioueut,
