3984 6362
553 279 651 361 itii

1016 308 1214 363 aeota:
1255 289 1707 393 inuentionis
1744 306 1892 365 ore.
1935 288 2110 362 rans
2150 307 2213 360 ll.
2252 288 2446 366 sccr.
2488 308 2549 364 1..
2579 337 2652 351 -ο
2680 292 2887 366 DUBIA
2930 309 3017 364 ET
3058 286 3325 368 specta.
3695 296 3800 368 an

562 431 614 495 et
644 435 834 479 caetera
865 440 982 495 quae
1009 425 1279 493 patiuntur
1308 439 1427 479 esse
1464 439 1532 479 ex
1578 432 1794 489 peccato
1819 465 1834 487 ,
1862 432 1917 478 et
1944 424 2111 477 conll-
2142 425 2189 483 A
2218 433 2558 495 sumpserunt
2596 426 2663 480 de
2689 425 2939 480 facultate
2985 428 3204 495 ingenii,
3240 436 3294 481 et
3333 428 3400 481 de
3430 428 3689 485 libertate
3711 436 3795 483 ar-

558 487 805 549 iehuntur
824 487 990 561 ipsum
1013 487 1309 563 peccatum.
1338 487 1785 548 Aunuutiabunlur
1804 494 1855 547 in
1877 509 2115 547 consum-

558 564 801 629 inatione,
829 581 945 632 quae
973 567 1362 619 consummatio
1406 565 1507 620 erit
1554 567 1620 620 de
1664 565 2031 618 exsecratione
2060 574 2114 617 et

557 637 854 699 mendacio,
890 636 940 689 id
970 644 1072 696 est.
1098 638 1219 704 quia
1250 637 1525 691 attendent
1550 634 1805 703 quantum
1836 642 2110 701 peccatum

553 705 717 760 fuerit
742 706 1039 772 exsecratio
1071 707 1321 770 prtedicta
1363 715 1417 760 et
1446 706 1801 770 mendacium,
1828 712 1881 758 et
1909 712 2112 772 quanto

554 778 721 843 inagis
774 769 937 829 fuisse
986 769 1357 841 cognoscunt,
1392 784 1538 829 tanto
1566 775 1778 843 gravius
1827 769 2106 839 ptenitent.

554 831 767 904 laverit
811 846 970 899 etiam
1022 831 1136 901 haec
1178 831 1643 900 consu'mmatiovin
1670 832 1771 908 ira,
1804 831 1853 898 id
1885 856 1987 908 est,
2018 860 2110 910 per

552 917 683 968 iram
723 915 954 979 scilicet,
1006 921 1127 985 quia
1157 916 1435 971 attendunt
1483 916 1704 969 futuram
1745 915 1912 977 iram;
1948 923 2011 985 et
2054 926 2110 968 ut

547 998 667 1038 eam
701 986 885 1049 vitent,
916 984 1471 1050 consummabuntur;
1506 995 1557 1038 et
1603 984 1954 1038 consummati
1996 985 2105 1051 iam

549 1072 653 1107 non
684 1065 840 1109 erunt
864 1058 1005 1125 quod
1040 1057 1187 1125 prius
1216 1073 1320 1111 non
1359 1058 1591 1110 luerunt.
1636 1055 1792 1125 Verte,
1822 1055 1958 1125 enim
2009 1056 2102 1105 im-

543 1126 677 1194 pios,
700 1135 747 1179 et
774 1111 1071 1182 non'erunt'.
1128 1111 1192 1193 Et
1224 1138 1350 1181 tunc
1381 1129 1505 1180 Vere
1552 1127 1730 1187 scient,
1781 1124 1833 1177 id
1864 1134 1964 1194 est,
2016 1140 2107 1178 co-

544 1190 804 1268 gnoscent
839 1198 961 1266 quia
986 1198 1120 1252 Deus
1150 1190 1495 1250 dominabitur
1526 1211 1650 1268 vere
1671 1194 1857 1259 Jacob,
1969 1207 2051 1249 est
2081 1238 2096 1263 ,

543 1263 871 1333 intimorum,
903 1268 1038 1322 sicut
1063 1278 1109 1321 et
1141 1269 1320 1333 ﬁnium
1352 1270 1502 1320 terra:
1527 1307 1544 1333 ,
1577 1267 1626 1319 id
1652 1276 1752 1329 εει,
1782 1265 2056 1332 gentilium
2086 1306 2102 1330 ,

544 1335 594 1406 id
627 1346 729 1406 est,
765 1336 1062 1406 intelligent
1087 1338 1252 1393 Jacob
1278 1353 1380 1392 non
1406 1352 1562 1404 posse
1592 1335 1787 1390 salvari
1822 1352 1915 1403 per
1945 1352 2094 1388 suam

537 1403 822 1473 justitiam,
850 1419 902 1471 et
941 1403 1058 1463 ideo
1091 1410 1351 1471 medicum
1384 1403 1742 1461 necessarium
1774 1420 1893 1460 esse
1920 1406 2018 1458 sibi
2050 1418 2103 1460 et

540 1476 804 1543 gentibus.
845 1478 909 1531 Et
936 1494 1101 1543 quare
1129 1478 1393 1532 addiderit
1422 1478 1489 1531 de
1538 1477 1787 1545 gentibus
1813 1514 1827 1537 ,
1885 1490 2099 1530 causam

548 1546 738 1606 reddit,
771 1548 974 1603 scilicet
994 1559 1044 1602 et
1092 1560 1277 1617 gentes
1325 1556 1676 1601 convertentur
1710 1546 1779 1598 ad
1802 1562 2100 1617 vesperam,

544 1619 649 1670 etc.
684 1619 832 1688 Nunc
861 1622 926 1672 ad
955 1612 1181 1688 primum
1214 1612 1603 1673 Convertentur
1629 1618 1929 1688 retleainur,
1959 1624 2011 1667 et
2034 1612 2102 1671 de

543 1683 788 1757 gentibus
812 1683 934 1754 qua:
957 1683 1027 1743 de
1054 1683 1250 1744 ludatis
1274 1689 1495 1757 legimus
1524 1695 1622 1740 huc
1652 1702 1818 1754 usque
1842 1684 2096 1754 legamus,

542 1752 689 1825 juxta
741 1752 879 1825 quod
929 1762 1029 1814 erit
1069 1761 1182 1814 lucc
1235 1752 1563 1817 continuatio
1608 1773 1620 1808 :
1662 1752 1795 1809 Vere
1846 1752 2098 1809 Dominus

548 1820 707 1881 Pater
737 1820 967 1883 v'isiiabit
996 1840 1203 1897 gentes,
1229 1831 1351 1898 quia
1391 1824 1615 1898 gentiles
1628 1825 1711 1898 μά
1729 1830 2011 1898 uesperam,
2047 1827 2099 1898 id

550 1847 707 1881 raier
737 1847 967 1883 visnamt
996 1847 1203 1897 gentes,
1229 1852 1245 1884 ι
1268 1847 1351 1883 tua
1391 1847 1615 1898 genuies
1644 1847 1710 1877 aa
1738 1847 2011 1894 vesperam,
2047 1847 2098 1882 tu

550 1906 654 1954 est.
701 1914 823 1952 sero
854 1898 1223 1954 convertentur.
1241 1847 1404 1956 ‘Sicut
1430 1897 1572 1953 enim
1615 1895 1856 1949 Christus
1905 1897 2098 1963 princi-

548 1966 738 2033 paliter
788 1970 850 2021 ad
884 1970 1004 2033 illos
1033 1971 1100 2024 de
1128 1971 1289 2024 domo
1339 1968 1494 2023 Israel
1528 1967 1720 2027 missus
1765 1974 1885 2030 est,
1924 1967 2001 2020 sic
2045 1976 2099 2021 et

545 2040 772 2102 apostoli
816 2040 879 2093 ad
913 2041 1031 2095 illos
1060 2039 1205 2095 missi
1255 2048 1410 2105 sunt;
1453 2034 1546 2092 sed
1577 2047 1849 2104 pOSIquam
1881 2037 1948 2090 ab
1995 2036 2097 2093 illis

546 2107 747 2179 repulsi
776 2122 919 2173 sunt,
964 2112 1028 2163 ad
1058 2112 1293 2179 gentium
1325 2110 1726 2163 conversionem
1758 2120 1818 2159 se
1845 2106 2098 2179 contule-

546 2175 692 2248 runt,
726 2189 787 2239 et
810 2180 931 2235 ideo
960 2175 1089 2235 dicit
1118 2197 1133 2234 :
1176 2180 1256 2235 Ad
1278 2184 1529 2248 uesperam
1569 2184 1936 2231 convertentur.
1963 2177 2094 2232 Nam

541 2246 788 2319 siludtei
817 2251 993 2304 statim
1028 2252 1078 2304 in
1113 2250 1279 2317 prima
1315 2246 1695 2319 praedicatione
1734 2249 2095 2313 apostolorum

543 2316 1188 2388 adLvesperatncon'Versi
1231 2316 1389 2382 sunt.
1439 2320 1607 2373 multo
1655 2319 1821 2385 magis
1868 2319 2096 2387 gentiles

545 2386 636 2454 qui
669 2386 825 2459 longe
855 2390 997 2454 prius
1026 2394 1267 2446 conversi
1291 2400 1433 2451 sunt,
1457 2390 1521 2443 ad
1548 2401 1828 2456 vesperam
1849 2386 2093 2444 conversi

543 2466 664 2512 esse
695 2470 917 2529 possunt
944 2462 1070 2516 dici.
1099 2461 1486 2516 Convertantur
1508 2502 1522 2525 ,
1579 2459 1812 2524 inquam,
1872 2470 1917 2511 et
1967 2475 2093 2514 con-

544 2528 703 2600 versi
730 2532 916 2600 famem
949 2534 1220 2598 patientur,
1257 2534 1305 2586 id
1334 2542 1434 2593 est,
1457 2528 1943 2600 desideriumalios
1970 2544 2092 2584 cou-

538 2596 804 2666 ‘vertenili,
839 2613 890 2656 et
919 2596 1017 2656 sibi
1065 2603 1433 2672 incorporandi
1464 2600 1732 2672 habebunt
1780 2599 1833 2653 in
1852 2610 2091 2672 _t_antmn,

538 2676 597 2741 ut
632 2672 769 2726 avidi
829 2687 978 2727 canes
1005 2674 1107 2728 cibi
1138 2669 1280 2728 sunt.
1330 2675 1393 2728 Et
1418 2673 1540 2741 quia
1572 2671 1705 2741 adeo
1730 2669 1885 2741 avidi
1913 2682 2089 2736 erunt,

537 2738 660 2813 ideo
688 2751 734 2793 et
764 2742 864 2811 ipsi
893 2743 1027 2797 sicut
1050 2745 1194 2813 prius
1220 2738 1465 2799 conversi
1486 2741 1553 2813 de
1573 2739 1793 2813 Iudicis,
1812 2741 2092 2813 cii-cuibunt

533 2808 813 2877 civitatem,
845 2822 900 2879 et
930 2808 1211 2879 loquisntur
1255 2811 1644 2881 praedicationis
1673 2811 1892 2882 verbum
1920 2810 1971 2863 in
1998 2822 2093 2882 ore

537 2893 661 2949 suo,
697 2882 746 2934 id
777 2884 880 2949 est,
911 2884 1065 2938 avido
1087 2893 1141 2939 et
1170 2884 1434 2947 famelico,
1464 2892 1511 2936 et
1539 2882 1592 2935 in
1622 2881 1768 2933 labiis
1796 2883 1969 2932 eorum
1990 2881 2093 2936 erit

533 2947 758 3023 gladius,
781 2952 835 3023 id
868 2947 969 3019 est,
996 2956 1214 3008 verbum
1248 2956 1362 3021 Dei,
1385 2969 1489 3023 quo
1517 2952 1733 3020 quidam
1758 2951 2092 3004 interlicien~

534 3016 622 3071 iur
667 3021 732 3075 ad
772 3016 1191 3091 ﬁdem,’quidam
1231 3016 1360 3079 vero
1400 3016 1465 3077 ad
1498 3016 1721 3076 mortem
1748 3061 1763 3085 ,
1808 3022 2090 3077 credentes

531 3090 744 3155 quidem
775 3094 842 3147 ad
871 3090 1055 3160 vitam,
1114 3110 1217 3149 non
1270 3095 1549 3150 credentes
1588 3107 1716 3144 vero
1744 3092 1809 3144 ad
1836 3103 2081 3146 nica-tem.

534 3137 1217 3233 erasastiranii:
1237 3137 1566 3229 ιιῖιῖιζὶῖῦι
1599 3137 2089 3217 ἰιῖἱὲι-ιῖἔίιίἶιῖἱιῗῐὰ
2117 3137 2164 3203 C

532 3237 783 3305 mortem,
815 3236 964 3303 quasi
1005 3237 1146 3290 dicat
1175 3254 1187 3289 :
1221 3238 1357 3292 Vere
1384 3236 1591 3305 gladius
1639 3233 1964 3305 mortilicans
1996 3234 2094 3305 luit

529 3300 583 3354 in
618 3300 768 3376 labiis
797 3300 1005 3371 eorum,
1034 3309 1273 3376 quoniam
1299 3300 1411 3374 quis
1449 3320 1578 3361 aure
1606 3303 1853 3376 audiendi
1901 3304 2091 3357 audivit

529 3373 884 3448 cosiNullus,
915 3373 1408 3448 scilicet,quantum
1438 3378 1501 3431 ad
1525 3373 1847 3448 desiderium
1879 3388 2087 3448 eorum.

527 3441 615 3505 Et,
658 3453 736 3509 tu,
770 3446 1005 3511 Domine.
1042 3441 1254 3504 tandem
1293 3449 1542 3503 deridebis
1579 3461 1686 3509 eos,
1720 3446 1771 3497 id
1804 3451 1906 3507 est,
1943 3445 2088 3498 deri-

525 3513 712 3588 sibilos
743 3513 905 3572 facies
937 3517 1077 3584 illos,
1121 3521 1363 3583 scilicet,
1395 3520 1517 3588 quia
1547 3531 1677 3588 aure
1706 3514 2087 3588 audiendinon

529 3582 762 3662 audient,
792 3588 916 3662 quia
945 3582 1162 3662 deduces
1208 3582 1378 3645 omnes
1399 3582 1595 3662 gentes,
1622 3584 2090 3662 id_es_l,gelllili_lel'

528 3650 764 3710 \iventes
794 3650 861 3709 ad
902 3659 1140 3713 nihilum.
1186 3661 1323 3716 Vere
1352 3650 1493 3715 edim
1533 3650 1600 3713 ad
1647 3650 1868 3709 nihilum
1917 3656 2088 3711 dedu-

530 3732 1006 3797 t-entur,rquorum
1048 3732 1370 3785 resurrectio
1418 3745 1522 3784 non
1562 3727 1672 3783 erit
1712 3727 1776 3780 ad
1821 3727 2085 3797 gloriam,

530 3792 624 3845 sed
652 3795 716 3869 ad
747 3792 1115 3869 ignominiam,
1158 3810 1215 3855 et
1251 3802 1341 3869 qui
1395 3814 1524 3855 vero
1559 3812 1679 3853 esse
1710 3792 1987 3869 carebunt.
2021 3792 2089 3853 Et

524 3864 665 3940 quod
694 3867 764 3940 ad
792 3865 1008 3921 nihilum
1033 3869 1248 3925 deduces
1269 3864 1446 3924 'omnes
1474 3880 1645 3940 gentes
1665 3909 1680 3933 ,
1712 3867 1813 3921 hoc
1835 3866 1964 3921 iacis
1993 3883 2087 3937 per

525 3920 891 4007 fortitudinem
930 3920 1215 3996 metae;
1226 3920 1639 4004 nisiniti
1667 3920 1765 3991 ἐει
1786 3920 1804 4004 .
1838 3920 2084 4007 camini;

524 4003 788 4060 rationem
832 4012 1102 4080 meorum;
1169 4011 1257 4080 qui
1317 4011 1518 4077 fortes,
1567 4009 1619 4080 id
1672 4003 1796 4080 est,
1839 4003 2087 4063 constan-

528 4083 608 4127 tes
657 4086 813 4131 erunt
844 4079 894 4132 in
930 4080 1032 4135 (ide
1059 4090 1115 4135 et
1146 4076 1200 4136 in
1225 4083 1529 4138 virtutibus.
1583 4076 1894 4131 Judicabunt
1941 4080 2086 4133 enim

524 4148 690 4217 sancti
718 4150 969 4213 nationes,
1003 4167 1107 4205 non
1139 4153 1336 4217 verbis,
1392 4154 1485 4207 sed
1534 4152 1929 4217 cmuparatione
1958 4188 1972 4213 ,
2030 4159 2087 4204 ut

521 4216 650 4287 alibi
680 4218 876 4273 dictum
907 4230 1008 4275 est.
1040 4219 1420 4277 Fortitudinem
1447 4224 1588 4287 dico,
1612 4216 1767 4287 quam
1798 4236 1895 4287 ego
1925 4222 1974 4272 iu
2001 4235 2085 4276 me

524 4294 580 4359 et
608 4286 659 4337 in
696 4289 829 4343 meis
859 4291 1167 4359 custodiam,
1192 4295 1411 4349 relatam
1442 4306 1546 4347 non
1576 4286 1645 4344 ad
1673 4302 1740 4353 te,
1773 4286 1865 4345 sed
1888 4290 1951 4343 ad
1977 4306 2081 4345 me.

517 4353 721 4432 Caetera
772 4374 875 4432 non
903 4353 1174 4432 mutantur
1200 4396 1215 4428 ,
1258 4378 1427 4432 usque
1462 4364 1545 4419 Ne
1572 4362 1774 4415 οεεὶάαδ
1801 4378 1903 4416 θοεσ
1930 4362 2082 4427 Ωιιοά

522 4425 577 4476 in
606 4424 886 4505 liaeetiam
917 4431 1145 4505 lectione
1166 4424 1422 4505 similiter
1452 4436 1809 4505 continuatur,
1843 4443 1895 4486 ut
1921 4424 1972 4485 ui
1995 4446 2083 4485 su-

559 4497 738 4563 eiiori,
767 4499 845 4552 sic
874 4501 1076 4554 scilicet
1105 4520 1117 4553 ι
1149 4504 1398 4569 Quamvis
1447 4506 1554 4559 sint
1581 4503 1779 4556 inimici
1821 4506 1923 4555 mei
1945 4542 1960 4565 ,
2001 4511 2077 4567 tu,

562 4569 747 4645 [obtine
770 4608 786 4632 ,
835 4586 901 4645 ne
926 4573 1127 4645 occidas
1156 4590 1259 4645 eos.
1297 4576 1357 4630 Et
1386 4590 1544 4643 quam
1572 4571 1892 4645 occisionem
1921 4575 2074 4645 pacci-

526 4640 652 4715 piat,
679 4640 1277 4715 determinat,_scilicet,
1311 4661 1376 4699 ne
1407 4640 1701 4715 permittas
1750 4653 1804 4696 ut
1846 4643 1935 4715 illi
1983 4659 2076 4715 po-

524 4710 653 4784 puli,
703 4712 929 4778 gentiles
975 4713 1202 4780 scilicet,
1230 4710 1435 4784 quando
1466 4716 1585 4784 (pro
1614 4713 1916 4783 aliquando)
1967 4710 2075 4767 sci-

523 4783 667 4853 licet,
696 4784 1194 4853 cumannutttiabor
1219 4784 1340 4850 illis,
1367 4783 1722 4839 obliviscantur
1754 4785 1926 4852 populi
1953 4786 2073 4850 mei,

526 4848 706 4925 idest,
741 4851 1051 4925 legisniete.
1091 4853 1223 4908 Vera
1253 4848 1395 4910 enim
1427 4852 1725 4925 interfectio
1752 4848 1941 4907 annuae
1969 4848 2070 4919 est,

520 4917 761 4993 oblivisci
786 4917 888 4976 Dei
916 4924 997 4975 sui
1022 4940 1037 4988 ς
1063 4934 1114 4979 ει
1141 4925 1267 4979 dicit
1299 4917 1708 4988 illco'oblivisci,
1765 4928 1887 4992 quia
1919 4917 2073 4979 natué

515 4986 701 5065 raliier
728 4992 907 5065 omnis
931 4986 1094 5048 homo
1125 4996 1282 5051 liabet
1310 4999 1660 5065 cognitionem
1695 4986 1805 5065 Dei.

515 5120 524 5129 ρ
593 5056 842 5130 Disperge
872 5063 1005 5117 illos.
1038 5068 1197 5130 Quasi
1227 5056 1411 5121 dicat':
1440 5068 1505 5120 Et
1542 5075 1599 5120 ut
1629 5080 1733 5118 non
1756 5062 2075 5119 obliviscan-

514 5132 606 5180 tur
630 5131 753 5207 mei,
788 5132 926 5207 ideo.
957 5134 1197 5200 Domine,
1227 5139 1371 5207 prius
1412 5138 1529 5191 illos
1580 5146 1960 5207 prtcsumeutes
2008 5137 2075 5191 de

521 5210 619 5278 sua
642 5200 835 5278 virtute
863 5206 1112 5278 disperge,
1153 5208 1206 5263 in
1227 5200 1358 5276 'quo
1388 5200 1719 5277 dispergendi
1749 5207 2072 5278 suut,gscili-

517 5270 607 5345 cet
653 5270 706 5324 in
737 5275 895 5337 malo,
926 5270 976 5329 in
1003 5270 1184 5331 virtute
1225 5270 1330 5344 tua,
1362 5288 1409 5331 et
1438 5270 1633 5345 άὲροὶιε
1674 5291 1758 5329 eos
1788 5270 1885 5343 per
1902 5276 2075 5331 humi-

524 5333 726 5418 litatem
757 5333 899 5409 prius
920 5358 1128 5402 erectos
1152 5364 1244 5416 per
1269 5333 1596 5418 superbiam,
1626 5333 1865 5418 tu,_dico,
1898 5348 1949 5399 in
1975 5348 2074 5418 lioc

525 5415 966 5485 protector‘meus,
996 5418 1046 5471 id
1077 5415 1191 5485 est,
1243 5415 1477 5477 nieorum
1505 5458 1521 5483 ,
1558 5436 1623 5485 ne
1654 5415 1843 5471 talibus
1863 5417 2074 5471 confor-

526 5487 760 5556 meiitur.
786 5478 850 5537 Et
878 5478 998 5555 quia
1030 5478 1296 5556 protector
1324 5508 1404 5556 es,
1435 5478 1572 5555 ideo,
1595 5480 1837 5553 Domine,
1868 5489 2075 5555 depone

523 5549 797 5627 delictum_
818 5549 918 5609 oris
947 5549 1120 5612 eorum
1140 5601 1155 5626 ,
1200 5549 1478 5615 sermonem
1516 5549 1761 5615 (abiciunt
1798 5549 2023 5627 ipsorum
2054 5601 2071 5626 ,

526 5620 746 5698 liocrest,
774 5623 853 5678 fac
878 5641 1087 5685 cessare
1113 5620 1582 5688 contradictionem
1610 5645 1793 5685 eorum
1816 5620 2073 5685 adversus

524 5691 824 5773 feritatem,
853 5707 897 5748 et
926 5701 1409 5769 comprehendantur
1438 5704 1535 5772 ipsi
1569 5703 1792 5772 gentiles
1812 5702 2073 5773 insuper-

518 5761 605 5813 κα
629 5776 742 5831 sua,
775 5765 824 5820 id
851 5780 950 5839 est,
984 5761 1363 5843 recognoscant
1391 5761 1471 5831 se'
1492 5761 1761 5844 peccasse,
1794 5772 1912 5841 quia
1938 5761 2073 5840 ptin-

2220 493 2383 547 bitrii.
2410 494 2479 549 Et
2508 493 3122 561 comprehendantur-vde
3167 500 3533 560 exsecratione.
3564 502 3793 559 Scilicet,

2217 564 2357 628 quod
2426 565 2773 619 christianum
2828 581 3018 619 nomen
3064 567 3395 623 exsecrabile
3449 570 3791 634 habuerunt;

2215 643 2264 685 et
2290 635 2357 707 de
2382 637 2670 699 mendacio,
2721 636 2942 697 scilicet,
2996 638 3139 704 quod
3170 636 3477 694 Creatorem
3526 648 3793 695 creatura:

2217 711 2649 775 postposuerunt,
2705 708 3035 759 allirmantes
3088 716 3392 760 creaturam
3439 724 3563 764 esse
3595 710 3789 775 Deum,

2215 772 2269 825 in
2297 788 2400 840 quo
2431 777 2642 848 mentiti
2669 785 2813 829 sunt.
2842 778 2906 830 Et
2927 778 3627 848 verecompreliendentur,
3664 772 3788 848 quia

2212 858 2263 916 tu
2309 847 2741 916 consummatione
2795 845 3262 900 annuntiabuntur.
3314 845 3555 903 Gentiles
3584 845 3748 904 etiam
3775 892 3790 916 ,

2211 914 2343 966 sicut
2375 915 2441 967 de
2469 911 2669 970 Judteis
2719 916 2862 982 prius
2917 917 3230 981 prtedictum
3284 928 3409 981 est,
3443 920 3567 985 ipsi,
3613 922 3736 974 dico
3764 911 3777 983 ,

2209 992 2359 1038 εηιεε
2388 986 2439 1036 in
2465 987 2541 1037 ira
2572 987 3044 1052 consummationis,
3096 987 3145 1039 id
3192 996 3295 1050 est,
3334 987 3386 1041 in
3429 1001 3782 1043 consummaa

2212 1067 2355 1108 none
2386 1052 2546 1110 futuri
2572 1055 2782 1124 judicii,
2819 1070 2914 1127 per
2959 1057 3098 1124 quod
3141 1059 3674 1127 consummabantur
3697 1102 3714 1127 ,
3741 1072 3784 1112 et

2210 1130 2309 1195 rion
2338 1134 2484 1195 erunt
2516 1128 2654 1195 quod
2689 1130 2833 1190 prius
2862 1126 3098 1180 fuerunt.
3134 1125 3199 1177 Et
3233 1136 3358 1179 tunc
3378 1129 3557 1187 scient,
3606 1130 3659 1182 id
3684 1125 3784 1192 est,

2213 1193 2547 1267 intelligent,
2576 1197 2714 1267 quod
2756 1197 2894 1249 Deus
2937 1197 3283 1249 dominabitur
3309 1199 3471 1250 etiam
3511 1199 3701 1263 Jacob,
3736 1202 3783 1253 id

2208 1273 2309 1329 est,
2334 1259 2661 1327 Ju’dzco'ru'm,
2694 1278 2983 1325 tantorum,
3016 1266 3240 1330 scilicet,
3276 1259 3780 1334 prtevaricatorum,

2208 1348 2340 1404 quos
2372 1340 2588 1402 prorsus
2620 1340 2877 1403 rettulisse
2908 1337 3251 1399 videbantur,
3305 1338 3440 1389 sicut
3496 1349 3542 1390 et
3601 1340 3779 1403 ﬁnium

2209 1409 2375 1466 teri-tr,
2409 1405 2458 1457 id
2484 1414 2585 1470 est,
2612 1408 2908 1475 gentilium.
2947 1408 3009 1460 Et
3038 1420 3164 1460 vere
3187 1406 3535 1459 dominabitur
3562 1407 3730 1462 Jacob
3756 1452 3774 1474 ,

2207 1474 2329 1536 quia
2356 1474 2591 1546 reliquie
2621 1474 2684 1530 ex
2711 1475 2874 1531 Jacob
2901 1478 3062 1531 salvae
3110 1476 3255 1529 ﬁent.
3308 1476 3545 1546 Namque
3577 1494 3784 1531 conter-

2208 1552 2376 1596 tentur
2419 1538 2591 1600 Judaei
2642 1549 2708 1599 ad
2760 1563 3023 1617 vesperam
3052 1589 3068 1613 ,
3115 1548 3319 1600 scilicet
3372 1546 3424 1599 in
3457 1538 3779 1602 'Antichristi

2208 1621 2482 1681 tempore;
2530 1627 2576 1668 et
2605 1620 2845 1671 conversi
2879 1620 3134 1685 patientur
3163 1619 3354 1685 famem
3403 1625 3457 1668 ut
3505 1635 3681 1680 canes,
3732 1620 3778 1672 id

2207 1692 2312 1745 εει,
2340 1685 2411 1738 ita
2437 1686 2574 1739 avidi
2598 1698 2755 1739 erunt
2780 1687 3127 1741 convertendi
3159 1687 3314 1750 alios,
3340 1696 3398 1739 ut
3438 1701 3605 1742 canes
3644 1690 3778 1743 avidi

2133 1770 2178 1838 Β
2210 1762 2344 1838 sunt
2384 1754 2513 1838 cibi,
2563 1765 2611 1809 et
2670 1756 2793 1838 ideo
2843 1759 3127 1838 circuibuut
3169 1758 3440 1838 civitatein.
3492 1758 3777 1838 Sciendum

2205 1823 2346 1894 quod
2397 1823 2568 1879 tribus
2622 1829 2793 1880 modis
2856 1828 3049 1881 variari
3121 1835 3292 1894 poteSt
3344 1825 3773 1892 Convertantur,

2203 1892 2367 1964 istud,
2398 1904 2453 1948 et
2479 1896 2703 1964 primum
2753 1897 2955 1952 scilicet
2982 1915 2995 1950 :
3027 1908 3085 1950 ut
3115 1892 3340 1962 primum
3384 1896 3776 1964 Convertentur

2199 1961 2494 2032 accipiatur
2520 1966 2586 2020 de
2607 1961 2827 2032 Judzeis,
2854 1977 2906 2022 et
2931 1961 3207 2021 conversis
3239 1968 3492 2033 primum,
3516 1976 3573 2021 et
3603 1961 3654 2021 in
3679 1970 3774 2024 line

2199 2035 2604 2105 comertendis;
2646 2046 2699 2089 et
2740 2038 2879 2091 istud
2931 2036 3000 2092 de
3036 2036 3344 2105 gentilibus.
3397 2036 3489 2091 Vel
3538 2038 3667 2092 illud
3708 2042 3770 2094 de

2198 2096 2396 2159 Iudicis
2428 2096 2600 2173 primo
2633 2110 2942 2171 conversis,
2975 2096 3190 2161 ct‘istud
3221 2107 3287 2159 de
3320 2106 3425 2160 llne
3450 2121 3767 2162 converten-

2199 2173 2300 2248 dis.
2333 2174 2424 2230 Vel
2450 2176 2738 2243 accipiatur
2762 2179 2828 2232 de
2846 2178 3093 2248 gentibus
3115 2217 3133 2244 ,
3161 2189 3213 2229 et
3240 2178 3378 2229 istud
3402 2177 3471 2232 de
3496 2177 3693 2233 Judasis
3713 2180 3764 2233 in

2199 2242 2305 2296 ﬁne
2331 2242 2721 2301 convertendis.

2273 2313 2381 2383 Ipsi
2418 2318 2790 2388 dispergeutur.
2821 2317 3068 2373 Ostendit
3112 2316 3176 2371 ad
3213 2316 3338 2385 quid
3372 2318 3549 2372 Judiei
3586 2318 3637 2371 in
3670 2318 3765 2374 line

2196 2386 2563 2453 convertendi,
2590 2386 2694 2453 vel,
2734 2388 3023 2443 secundum
3064 2388 3348 2444 lectionem
3379 2390 3641 2454 priorem,
3667 2392 3765 2443 sint

2194 2458 2419 2523 gentiles
2443 2460 2705 2522 conversi,
2737 2460 3021 2512 circuibunt
3064 2460 3335 2522 civitatem,
3370 2460 3564 2513 dicetis
3600 2477 3613 2511 :
3642 2459 3761 2525 Quia

2193 2525 2297 2592 ipsi
2324 2526 2681 2595 dispergentur
2729 2529 2826 2583 hac
2879 2540 2932 2583 et
2980 2530 3100 2583 illac
3126 2529 3193 2580 ad
3225 2530 3647 2581 manducandum
3668 2569 3683 2594 ,
3714 2531 3760 2583 id

2193 2608 2295 2659 εει,
2328 2597 2392 2650 ad
2421 2597 2555 2650 alios
2585 2596 2685 2652 sibi
2710 2599 3174 2667 incorporandum.
3214 2598 3275 2651 Si
3296 2616 3420 2652 uero
3442 2615 3551 2651 non
3582 2602 3761 2666 fuerint

2192 2667 2411 2719 saturati
2439 2667 2778 2723 multitudine
2819 2671 3153 2724 credentium
3182 2708 3196 2730 ,
3230 2668 3403 2723 allecti
3436 2670 3604 2722 tardio
3635 2685 3756 2734 pm

2192 2735 2570 2801 varicatorum,
2598 2747 2645 2792 et
2672 2740 3059 2794 murnturabunt
3078 2779 3094 2803 ,
3129 2736 3214 2792 isti
3243 2777 3257 2799 ,
3287 2740 3518 2803 scilicet,
3554 2739 3714 2793 Jud;ci
3736 2782 3753 2805 ,

2192 2805 2245 2859 in
2272 2808 2397 2871 line,
2427 2806 2762 2881 sic_t_tt_patres
2792 2824 2975 2865 eorum
3023 2811 3167 2881 prius
3194 2808 3248 2862 in
3276 2809 3494 2866 deserto
3529 2825 3754 2865 murmu-

2192 2886 2463 2957 raverunt.
2498 2877 2586 2932 Vel
2619 2877 3039 2957 murmurabunt'
3067 2882 3317 2951 gentiles,
3346 2882 3488 2935 sient
3511 2893 3570 2937 et
3591 2882 3746 2936 Judaei

2192 2951 2364 3015 primo
2387 2951 2629 3004 conversi
2667 2961 3158 3007 murmuraveruut.

2260 3016 2373 3088 Ego
2400 3029 2565 3072 autem
2609 3021 2845 3074 Cantabo.
2888 3021 2990 3089 Ipsi
3043 3023 3255 3092 quidem
3310 3024 3751 3088 murmurabunt,

2194 3103 2285 3157 ego
2306 3100 2474 3141 autem
2502 3092 2754 3146 saturabo
2778 3105 2892 3157 eos,
2922 3094 3043 3162 quia
3064 3091 3288 3145 cantabo
3317 3092 3367 3145 in
3390 3093 3471 3146 eis
3497 3093 3751 3161 fortitudi-

2193 3173 2308 3211 nem
2353 3175 2567 3224 meam,
2638 3161 2689 3215 id
2752 3172 2874 3228 est,
2946 3161 3270 3217 laudabilem
3330 3162 3381 3215 in
3429 3163 3511 3216 eis
3578 3163 3753 3216 iaciam

2193 3231 2547 3283 constantiam
2596 3246 2625 3284 a
2679 3241 2729 3285 te
2767 3232 2983 3299 datam,
3026 3234 3148 3301 quia
3206 3247 3235 3284 a
3284 3230 3397 3287 Deo
3450 3242 3752 3287 constantes

2193 3304 2397 3363 erunt,
2450 3300 2591 3367 quod
2655 3313 2841 3356 omnes
2886 3300 3127 3357 videntes
3174 3302 3469 3356 laudabunt
3517 3314 3753 3355 constana

2196 3371 2318 3423 tiam
2371 3382 2676 3435 eormn,-et
2728 3371 3063 3427 conformare
3131 3387 3189 3426 se
3232 3374 3313 3425 eis
3358 3373 3753 3435 studebant,et

2193 3448 2338 3494 mane
2362 3442 2525 3504 facto,
2557 3441 2781 3504 scilicet,
2815 3444 2865 3496 in
2906 3442 3107 3509 judicio
3134 3442 3333 3503 futuro.
3364 3444 3585 3510 quando
3608 3458 3751 3495 verus

2190 3513 2269 3563 sol
2306 3511 2597 3579 illucescét,
2625 3512 2911 3577 exsultabo,
2964 3513 3016 3567 id
3064 3522 3167 3579 est,
3198 3517 3531 3567 exsultanter
3561 3528 3752 3566 annun-

2191 3582 2332 3634 tiabo
2360 3584 2440 3637 eis
2465 3583 2862 3635 misericordiam
2893 3593 3057 3637 tuam.
3092 3584 3316 3637 Przemia
3341 3586 3484 3635 enim
3521 3584 3750 3637 declara-

2191 3651 2360 3717 bunt,
2392 3662 2644 3720 quantam
2689 3653 3006 3707 contulerim
3050 3658 3129 3708 eis
3168 3653 3620 3707 misericordiam.
3664 3654 3747 3707 Vel

2189 3724 2346 3774 etiam
2406 3721 2461 3775 in
2494 3724 2737 3790 praesenti
2789 3733 2944 3778 man‘e
2988 3725 3126 3777 laeto
3149 3723 3200 3776 in
3222 3725 3323 3787 eis,
3348 3725 3438 3789 qui
3485 3739 3579 3791 per
3618 3725 3750 3787 ipsos

2188 3796 2588 3858 convertentur,
2614 3792 2848 3848 exaltabo
2877 3794 3271 3848 misericordiam
3320 3802 3484 3859 tuam,
3513 3796 3633 3862 quia
3667 3807 3752 3858 per

2189 3862 2292 3933 hoc
2315 3865 2591 3929 apparebit
2614 3903 2630 3928 ,
2651 3865 2790 3933 quod
2815 3866 3228 3919 misericorditer
3256 3879 3376 3917 cum
3410 3867 3507 3918 illo
3559 3867 3744 3931 egeris.

2261 3931 2393 3997 Quia
2422 3934 2583 4002 factus
2614 3931 2953 4005 esisusceptor
2980 3951 3141 3998 meus,
3164 3945 3208 3988 et
3233 3934 3495 4005 refugium
3517 3952 3680 3987 meum
3704 3939 3750 3987 in

2187 4000 2267 4055 die
2296 4000 2636 4057 tribulationis
2666 4021 2807 4058 metu.
2838 4000 2960 4060 Ideo
2986 4007 3177 4060 merito
3220 4000 3369 4057 tuam'
3405 4006 3749 4071 fortitudinem

2186 4073 2424 4144 cantabo,
2454 4083 2502 4127 et
2531 4076 2928 4128 misericordiam
2974 4087 3113 4128 tuam
3159 4074 3393 4128 cxaltabo
3426 4117 3442 4140 ,
3477 4077 3600 4144 quia
3625 4086 3675 4126 tu
3705 4091 3750 4127 es

2186 4143 2349 4210 factus
2377 4155 2635 4214 susceptor
2673 4160 2814 4199 meus
2840 4153 2894 4198 et
2921 4161 3192 4208 meormn,
3238 4155 3294 4198 ut
3347 4143 3510 4213 supra
3564 4147 3752 4198 dictum

2185 4225 2287 4275 est,
2318 4223 2369 4267 et
2396 4231 2446 4268 es
2476 4217 2731 4285 refugium
2761 4233 2928 4269 meum
2950 4225 3003 4270 et
3035 4232 3275 4269 meorum
3316 4227 3506 4268 contra
3544 4230 3750 4269 omnem

2184 4285 2483 4338 molestiam
2510 4324 2524 4349 ,
2556 4287 2610 4337 in
2654 4285 2734 4339 die
2773 4288 3131 4351 tribulationis,
3167 4286 3215 4339 id
3266 4297 3371 4349 est,
3416 4286 3470 4338 in
3508 4286 3747 4352 [inescati

2184 4355 2317 4420 vita,
2350 4356 2459 4422 tibi,
2488 4355 2707 4418 scilicet.
2740 4370 2871 4425 Opus
2901 4366 2999 4421 est,
3037 4358 3158 4426 quia
3201 4356 3484 4409 imminent
3541 4357 3752 4409 tributa-

2189 4427 2362 4481 tioues
2390 4437 2442 4480 et
2469 4428 2884 4493 persecutiones,
2919 4439 2965 4478 et
3001 4444 3057 4481 es
3092 4428 3298 4497 adjulor
3347 4442 3491 4497 meus
3534 4427 3586 4478 in
3627 4427 3751 4478 meis

2111 4501 2165 4561 Β
2192 4496 2534 4561 perﬁciendo,
2564 4497 2783 4560 scilicet,
2822 4498 2961 4563 quod
2994 4498 3202 4551 iaciam.
3239 4497 3306 4549 Et
3352 4496 3474 4551 ideo
3506 4498 3594 4549 tibi
3624 4498 3753 4561 psal-

2185 4567 2290 4617 lam
2318 4570 2450 4620 bene
2480 4568 2768 4635 operando,
2799 4569 2917 4632 quia
2948 4576 2999 4619 ιιι
3032 4584 3080 4620 es
3115 4569 3248 4620 Deus
3290 4580 3553 4635 susceptor
3597 4583 3748 4619 meus.

2183 4638 2247 4689 Et
2292 4638 2409 4691 ideo
2465 4652 2523 4691 es
2564 4635 2703 4690 Dius
2760 4653 2929 4704 meus,
2970 4639 3017 4690 id
3049 4648 3147 4701 est,
3180 4638 3301 4690 ideo
3338 4647 3389 4690 te
3422 4640 3560 4690 iacio
3591 4638 3745 4689 Deum

2180 4722 2380 4760 lllclllll.
2415 4708 2480 4760 Et
2522 4709 2738 4770 merito,
2768 4709 2886 4772 quia
2931 4718 2983 4760 tu
3035 4723 3094 4761 es
3150 4708 3507 4761 misericordia
3535 4724 3665 4767 mea.
3701 4708 3748 4760 id

2179 4786 2283 4842 est,
2317 4779 2567 4846 quidquid
2598 4780 2718 4830 boni
2747 4792 2886 4840 sum,
2921 4790 3014 4846 per
3045 4788 3095 4832 te
3125 4793 3267 4833 sum.

2662 4866 2725 4921 ΙΝ
2768 4864 3095 4923 PSALMUM
3136 4868 3268 4922 LIX.

2180 4957 2236 5013 In
2262 4958 2420 5013 finem
2452 4973 2549 5028 pro
2579 4958 2660 5012 his
2688 4960 2775 5027 qui
2820 4960 3259 5024 immutabuntur,
3298 4959 3349 5013 in
3405 4959 3542 5013 tituli
3570 4959 3750 5013 inseri-

2261 5030 2441 5098 ptioue
2468 5032 2567 5095 ipsi
2614 5029 2775 5083 David
2826 5032 2877 5084 in
2921 5030 3257 5093 doctrinam,
3306 5044 3428 5083 cum
3479 5032 3753 5084 succendit

2252 5100 2690 5166 Mesopotamiam
2720 5102 2888 5168 Syria:
2919 5107 2972 5152 et
2995 5100 3186 5165 Sobal,
3220 5110 3274 5153 et
3302 5103 3573 5154 convertit
3596 5100 3746 5163 Joab,

2249 5181 2303 5225 et
2334 5171 2594 5238 percussit
2622 5170 2905 5225 ldumaeam
2943 5171 2995 5223 in
3029 5172 3164 5225 valle
3192 5170 3509 5225 Salinarum
3543 5173 3752 5224 duodec-

2249 5242 2352 5295 cini
2384 5238 2569 5294 millia.

2766 5326 3147 5367 ABGUMENTUI.

2250 5380 2350 5435 Per
2387 5382 2717 5436 occasionen
2748 5397 2859 5435 sum
2885 5385 3124 5436 victoria:
3163 5381 3583 5435 illacliabazorum
3616 5396 3747 5447 quo-

2177 5467 2281 5521 que
2336 5453 2630 5520 triumphos
2680 5452 2935 5516 prtedicit.
2988 5454 3155 5507 Aliter
3204 5466 3307 5506 vox
3354 5453 3744 5519 apostolorum,

2176 5522 2390 5593 quando
2418 5522 2659 5577 Clnisms
2690 5536 2877 5592 passus
2912 5532 3014 5577 est.

2783 5631 2848 5669 EX
2861 5629 3143 5669 PLANATIO.

2253 5703 2317 5758 In
2363 5706 2515 5773 ﬁnem
2544 5705 2599 5758 in
2629 5704 2886 5758 Christum
2913 5704 3231 5758 Salvatorem
3261 5702 3406 5767 dicit,
3432 5699 3511 5753 his
3532 5700 3752 5773 quiﬂme-

2179 5767 2440 5845 labuntur,
2472 5776 2563 5832 illo
2594 5777 2770 5847 utique
2805 5776 2957 5832 modo
2986 5789 3086 5846 quo
3114 5774 3390 5847 Aposloius
3417 5773 3535 5827 dicit
3556 5787 3572 5825 .'
3596 5767 3751 5822 Fuis~
