3984 6362
231 311 337 380 793

904 308 967 379 is
1006 311 1421 381 PSALMORUM
1460 302 1712 376 Ltanuu
1754 298 2106 373 excessus.
2148 347 2217 359 —
2258 310 2499 378 psam.
2543 305 2673 375 uti.

3362 310 3466 379 illi

227 443 295 493 tis
315 438 597 501 aliquando
640 437 883 498 tenebrte,
927 455 1064 491 nunc
1118 448 1286 491 autem
1326 438 1418 491 tua:
1457 436 1511 489 in
1544 434 1786 490 Domino.
1817 439 1866 499 Α
1894 446 2030 506 nunc
2052 441 2222 506 autem
2261 434 2352 489 tua:
2387 435 2442 488 in
2471 435 2712 489 Domino.
2745 435 3171 503 Commutautur,
3221 438 3461 506 inquam,

233 512 337 575 Qui
368 511 583 577 qualiter
610 509 827 577 adhunc
850 509 1003 572 ﬁnem
1024 510 1209 561 mutari
1228 508 1447 568 valeant,
1480 521 1792 577 consequen-

231 574 309 633 ter
338 574 627 649 ea'ponitur.
664 576 727 630 In
759 578 890 630 tituli
933 580 1263 649 inscriptione
1296 577 1458 649 David
1498 574 1792 649 inda-ctri-

224 667 371 702 narn.
404 646 582 703 'Tituli
628 649 960 710 inscriptione
1006 648 1188 702 Jesum
1228 648 1499 700 Christum-
1533 646 1791 714 signiﬁcat

223 732 418 787 regam.
460 719 548 774 Sic
576 735 695 787 ergo
725 728 1009 781 rnutentur,
1058 728 1136 778 ut,
1179 718 1459 771 deserentes
1508 716 1785 787 diabolum,

224 790 363 857 Regi
391 789 591 843 Christo
615 786 746 840 colla
774 787 1089 841 submittant.
1122 787 1189 840 In
1235 789 1537 851 doctrinam,
1562 786 1785 857 addidit,

225 853 425 913 scilicet
451 898 468 924 ,
498 857 840 910 Christianam
861 900 875 920 ,
907 858 1027 922 quia
1063 875 1165 911 non
1195 858 1371 925 suﬂicit
1395 857 1652 910 Christum
1680 853 1789 925 "Re-

221 946 336 997 gem
369 932 594 989 credere,
640 929 686 980 si
734 945 834 979 non
873 930 987 997 ejus
1028 938 1075 980 et
1104 931 1336 981 doctrina
1382 936 1633 997 servetur.
1662 924 1789 997 cum

218 993 483 1052 succendit
506 993 932 1067 illesopotamiam
963 996 1134 1067 Syriae
1166 1006 1209 1049 et
1244 997 1449 1066 Sgriam
1478 993 1790 1067 sobal._Ht_z

218 1071 449 1123 victoriae
492 1066 657 1120 Dauid
706 1065 1020 1136 triumphum
1062 1067 1251 1121 Christi
1280 1065 1342 1121 de
1382 1066 1610 1135 gentibus
1662 1065 1788 1116 insi-

217 1149 407 1191 nuant.
441 1139 578 1203 Quas
610 1137 726 1205 igne
754 1155 858 1190 sua:
882 1138 1143 1191 charitatis
1186 1136 1554 1206 inﬂammando
1577 1175 1590 1195 ,
1630 1150 1787 1205 regno

216 1210 419 1268 antiqui
448 1208 624 1264 hostis.
652 1220 797 1272 quem
843 1208 1104 1261 Adadezer
1152 1208 1427 1276 signiﬁcat,
1475 1206 1788 1276 eripuit,__et

218 1294 333 1331 suae
368 1278 483 1344 ﬁdei
514 1278 805 1330 tributarias
835 1278 971 1345 fecit.
1008 1279 1142 1341 Quia
1181 1274 1310 1331 enim
1338 1276 1514 1344 Syria,
1545 1290 1657 1344 quae
1680 1274 1787 1326 Ηεο

219 1348 398 1401 bra-'ee
422 1350 557 1400 Arati
587 1347 794 1405 dicitur.
826 1358 870 1400 et
910 1348 1267 1411 interpretatur
1300 1346 1564 1407 sublimis,
1594 1361 1785 1406 super-

223 1411 367 1469 biam
410 1418 707 1485 gentilitatis
743 1418 982 1470 insinuat.
1012 1417 1149 1469 Duas
1181 1417 1348 1486 Syriae
1376 1426 1547 1483 gentes
1577 1430 1785 1467 succen-

216 1489 318 1547 dit,
354 1491 442 1556 qui
470 1486 731 1557 gentilium
762 1495 898 1551 lacta
929 1488 1117 1553 pariter
1161 1497 1208 1540 et
1247 1488 1383 1538 dicta
1432 1486 1681 1546 correxit,
1730 1492 1783 1535 ut

215 1559 310 1611 uni
340 1556 615 1621 vero’lieqi
648 1556 765 1622 ﬁdei
792 1566 837 1609 ct
860 1558 1026 1623 operis
1069 1559 1148 1609 sui
1182 1559 1367 1609 tributa
1422 1557 1780 1623 persolverent.

215 1628 287 1679 Et
317 1629 559 1680 convertit
595 1624 753 1681 Joab.
789 1636 833 1678 et
858 1629 1103 1695 percussit
1143 1626 1307 1679 Edam
1336 1628 1387 1679 in
1417 1628 1546 1678 ualle
1572 1626 1785 1695 Salina-

213 1714 331 1749 rum
357 1698 648 1749 duodecim.
680 1695 841 1749 Vallis
860 1694 1169 1752 'Salinarum
1193 1737 1209 1759 ,
1240 1712 1352 1765 qua:
1395 1695 1638 1750 Hebraice
1682 1694 1783 1748 Ce-

213 1767 353 1820 rnela
379 1776 607 1830 vocatur,
658 1767 913 1847 inﬁrmam
944 1778 1292 1847 terrenarnque
1325 1768 1621 1847 sapientiam
1645 1767 1780 1819 de~i-
1816 1786 1859 1847 Β

214 1849 345 1907 gnat
379 1880 392 1896 ,
448 1854 548 1905 qua
600 1846 648 1888 et
690 1838 951 1908 gentilium
986 1835 1343 1908 philosophia,
1386 1846 1432 1889 et
1480 1836 1780 1889 Judteorum

212 1906 503 1976 pertinacia
524 1915 697 1959 contra
720 1906 971 1959 Christum
1001 1906 1257 1969 armatur;
1282 1908 1369 1961 setl
1399 1917 1631 1975 utraque.
1662 1923 1787 1959 con-

210 1975 253 2029 τι
272 1994 363 2030 rso
383 1975 534 2037 Joab,
562 1976 647 2041 qui
669 1978 1027 2045 interpretatus
1050 1988 1124 2031 est
1157 1976 1337 2043 Pater,
1368 1978 1421 2028 id
1443 1988 1533 2040 est,
1567 1978 1788 2029 instante

211 2048 517 2117 diligentius
536 2047 651 2111 ﬁdei
664 2048 888 2113 doctore,
910 2051 1199 2116 percutitur.
1228 2047 1398 2100 Potest
1423 2064 1540 2117 ergo
1554 2046 1781 2111 σηπίδια,

210 2120 337 2172 auia
366 2116 712 2187 ldumtcorum
737 2119 876 2184 regio
923 2128 1031 2178 est,
1079 2134 1309 2187 saporem
1357 2120 1578 2172 scientia:
1629 2121 1788 2186 gentia

212 2189 280 2240 lis
312 2190 561 2240 indicare.
595 2186 699 2239 Sed
728 2189 906 2241 melius
928 2188 990 2240 de
1017 2186 1216 2242 ludatis
1239 2189 1291 2240 in
1323 2188 1424 2255 ﬁne
1468 2189 1639 2241 saeculi
1688 2205 1787 2242 cre-

213 2258 407 2311 dituris
435 2256 701 2327 accipitur,
747 2259 824 2327 uel
858 2269 1063 2327 propter
1104 2258 1368 2311 duodecim
1397 2259 1559 2311 millia
1589 2259 1657 2310 ad
1697 2276 1787 2312 uu-

208 2345 413 2399 mcrusit
445 2324 753 2391 triumphum
794 2324 978 2388 Israel,
1010 2328 1318 2399 velprOpter
1367 2344 1547 2381 nomen
1591 2327 1784 2391 Edam,

206 2400 297 2464 qui
340 2396 557 2469 Judaeos
596 2413 729 2466 saepe
756 2398 1032 2469 signiﬁcat.
1060 2396 1206 2453 Unde
1234 2408 1281 2451 et
1318 2399 1409 2451 sub
1433 2401 1545 2460 eius
1562 2415 1785 2469 persona

205 2470 275 2521 de
303 2469 415 2521 illis
442 2467 670 2524 dicitur:
702 2485 720 2519 t
758 2467 822 2520 Et
854 2470 1021 2535 major
1048 2469 1223 2523 serviet
1250 2469 1454 2522 minori.
1497 2486 1514 2519 ι
1552 2467 1785 2533 Populus

204 2554 339 2608 ergo
371 2538 460 2592 ille
493 2538 577 2604 qui
607 2542 667 2592 de
693 2539 870 2603 priscis
893 2540 1146 2591 erroribus
1180 2549 1400 2592 mutatus
1424 2540 1490 2590 ad
1517 2540 1666 2603 ﬁdem
1688 2551 1781 2603 est,

206 2609 385 2679 primo
404 2608 572 2677 capite
598 2608 851 2679 supplicat
874 2617 927 2662 ut
954 2618 1064 2675 post
1092 2610 1611 2678 afﬂictionem.quam
1631 2626 1655 2662 s
1676 2611 1783 2663 itis-

206 2678 455 2747 faciendo
482 2678 665 2746 passus
688 2689 792 2741 est,
824 2679 1050 2745 beneﬁcii
1088 2681 1309 2732 nouitate
1348 2692 1631 2747 reparetur.
1688 2680 1785 2733 Se-

201 2750 406 2812 cundo,
436 2749 733 2811 interposito
775 2750 1145 2819 diapsalmate,
1172 2762 1316 2819 rogat
1346 2758 1400 2801 ut
1429 2760 1541 2818 post
1572 2750 1784 2803 tribula-

207 2818 379 2889 tiones
416 2835 547 2888 quas
577 2820 785 2889 pertulit
815 2818 1096 2873 deducatur
1131 2836 1163 2871 a
1204 2818 1426 2873 Domino
1465 2819 1518 2872 in
1548 2822 1783 2873 munitis-

201 2888 395 2941 simam
443 2888 688 2942 civitatem
708 2932 721 2949 ,
752 2900 923 2956 petens
950 2890 1201 2943 auxilium
1235 2892 1330 2944 sibi
1358 2891 1421 2944 de
1458 2891 1784 2945 tribula‘ione

205 2958 448 3026 concedi,
482 2959 621 3029 quod
646 2961 740 3014 soli
767 2960 988 3014 Domino
1011 2960 1255 3029 probatur
1283 2976 1389 3015 esse
1412 2962 1673 3021 possibile.

778 3094 1205 3138 εοιιιιεκτλιιιυε.

283 3167 452 3231 Deus,
476 3170 716 3237 repulisti
738 3180 784 3226 et
807 3172 1103 3228 destruxisti
1124 3170 1235 3239 nos,
1266 3174 1423 3232 iratus
1448 3192 1500 3230 es
1519 3186 1567 3231 et
1601 3177 1778 3231 miser-

199 3247 287 3292 tus
326 3256 384 3291 es
412 3240 577 3295 nobis.

276 3309 494 3383 Titulus
524 3318 609 3383 est
638 3328 649 3361 :
683 3308 929 3383 Ingﬁnem
976 3313 1057 3368 his
1100 3316 1189 3383 qui
1246 3318 1689 3371 commutabuntur
1725 3321 1777 3372 in

201 3380 353 3432 tituli
379 3382 723 3450 inscriptione,
756 3381 855 3443 ipsi
886 3382 1049 3437 Dauid
1075 3380 1127 3438 in
1154 3386 1439 3439 doctrinam
1463 3429 1478 3450 ,
1511 3403 1623 3439 cum
1664 3404 1777 3442 επιει-

197 3450 381 3521 ςρηᾴίι
428 3449 844 3521 Mesopotamiam
877 3451 1065 3521 Syriae,
1106 3466 1154 3508 et
1203 3456 1384 3519 Sobal,
1438 3449 1486 3511 et
1535 3463 1776 3513 convrrtit

200 3517 343 3642 ἐς)ηὸ
371 3530 469 3642 ,ἧι
507 3517 748 3589 percussit
778 3517 946 3575 Edam
984 3517 1210 3580 in'valle
1232 3517 1536 3582 Salinarum
1582 3529 1775 3584 duode~

232 3607 303 3641 tm
338 3607 404 3641 m:
454 3608 521 3642 ια.

197 3592 303 3642 tim
338 3592 521 3643 millia.

279 3660 341 3713 In
370 3661 475 3733 hoc
493 3661 719 3733 psalmo,
752 3662 837 3733 vel
864 3662 918 3716 in
949 3664 1102 3719 titulo
1124 3666 1277 3732 hujus
1306 3666 1491 3733 psalmi
1522 3667 1767 3723 referun-

200 3738 292 3782 tur
320 3731 567 3797 quaedam
589 3731 872 3804 vigtoriosa
897 3733 1079 3798 David,
1100 3731 1215 3804 qua:
1236 3731 1455 3791 veniens
1476 3739 1527 3792 in
1550 3754 1769 3802 regnum

201 3810 335 3861 post
377 3811 601 3853 mortem
631 3801 801 3856 Saulis
831 3801 1182 3869 persecutoris
1210 3807 1291 3861 sui
1324 3806 1447 3862 fecit
1468 3850 1482 3869 ,
1524 3806 1771 3863 inimicos

204 3884 343 3922 suos
374 3869 715 3933 debellando.
740 3883 791 3927 et
813 3887 909 3927 eos
930 3876 1237 3931 tributarios
1279 3877 1536 3932 iaciendo.
1566 3878 1694 3932 Nam
1717 3890 1771 3934 et

195 3951 332 3992 ante
359 3942 751 4016 pesecutionem
782 3957 904 4016 re_x_
923 3953 1075 4007 erat,
1128 3947 1248 4013 quia
1307 3947 1357 4000 in
1400 3950 1557 4001 domo
1608 3951 1769 4016 patris

196 4018 403 4083 unctus
432 4010 617 4073 luerat,
646 4011 737 4065 sed
760 4008 980 4067 soliDeo
1002 4008 1241 4083 cognitus
1256 4028 1390 4073 erat.
1407 4016 1592 4072 Postea
1611 4008 1791 4083 vero,’

200 4080 492 4156 manifesto
521 4096 703 4156 regno,
732 4092 785 4156 et
807 4080 1087 4156 evidenter
1113 4096 1331 4151 accepto
1350 4126 1367 4152 ,
1415 4087 1512 4141 has
1540 4100 1724 4156 gentes

197 4149 274 4202 de
306 4150 502 4225 quibus
532 4151 1167 4225 titulusait,7debellavit.
1195 4149 1297 4211 sed
1319 4149 1762 4225 quemadmodum

198 4218 557 4293 propheticus
585 4219 811 4285 Spiritus
837 4224 887 4277 in
932 4226 1095 4280 titulis
1143 4218 1463 4293 psalmorum
1518 4231 1653 4283 solet
1698 4231 1765 4285 ab

197 4290 560 4365 expressioue
589 4301 855 4365 gestarum
886 4309 1063 4365 rerum
1093 4290 1475 4364 aliquantulum
1500 4300 1711 4353 domare
1745 4337 1761 4365 ,

196 4368 253 4435 et
286 4358 622 4435 aliudquam
648 4360 877 4435 historia,
898 4358 1197 4420 inveniatur
1220 4368 1433 4432 addere,
1458 4377 1515 4422 ut
1539 4384 1628 4435 per
1662 4358 1762 4424 hoc

191 4428 396 4505 doceat
424 4430 643 4505 ﬁguram
674 4434 839 4505 magis
867 4434 1207 4490 insistendam
1235 4452 1353 4491 esse
1384 4428 1761 4505 quam-allego-

195 4498 361 4570 riam,
391 4506 448 4551 ut
468 4502 709 4567 superius
743 4498 794 4555 in
822 4505 1050 4570 quodam
1077 4507 1227 4559 titulo
1248 4498 1445 4561 dictum
1473 4518 1575 4569 est,
1597 4498 1758 4563 Davvid

196 4566 543 4647 immutasse
580 4572 775 4647 vultum
828 4566 994 4647 suum
1036 4589 1213 4630 coram
1274 4566 1599 4643 Abimelcch,
1638 4595 1759 4633 cum

190 4630 429 4709 historia
468 4639 611 4692 dicat
637 4644 806 4709 potius
832 4658 953 4697 etim
982 4644 1313 4697 immutatum
1368 4630 1544 4701 coram
1584 4630 1762 4703 ’Δί-Ιιὶε

192 4708 495 4783 regeuce‘th
522 4726 536 4772 ;
578 4712 645 4764 ita
693 4721 747 4765 et
775 4712 826 4765 in
858 4714 959 4767 hoc
988 4714 1139 4767 titulo
1165 4716 1357 4781 aliquid
1388 4718 1629 4783 additur,
1660 4736 1763 4782 quo

189 4778 263 4848 ad
295 4777 445 4831 aliud
491 4794 818 4845 moneamur,
847 4784 965 4848 quia
1001 4785 1086 4838 ubi
1117 4777 1267 4839 fortia
1313 4785 1449 4841 faeta
1482 4777 1639 4840 David
1671 4777 1762 4842 ie-

188 4839 472 4921 _Terunt_ur,_
506 4850 634 4903 nihil
670 4839 1000 4921 succensisse
1032 4855 1238 4921 legitur,
1271 4839 1408 4919 quod
1457 4839 1678 4911 tantum
1703 4839 1758 4912 in

189 4915 307 4996 hoc
359 4918 512 4996 tit_u_lo
555 4920 785 4996 maxime
858 4915 1186 4996 proponiiur.
1226 4915 1564 4995 'A'llegoriam
1633 4944 1762 4993 ergo

187 4987 379 5056 potius
410 4987 497 5041 hic
524 5004 681 5056 quam
734 4987 1006 5045 historiam
1056 4987 1392 5051 insistamus:
1430 4997 1553 5050 llmc
1602 4987 1759 5053 verba

185 5055 506 5136 referuntur
532 5055 584 5111 in
615 5062 793 5125 linem,
828 5062 876 5136 id
903 5072 1024 5136 cst,
1071 5066 1135 5117 ad
1185 5066 1451 5120 Christum
1483 5083 1575 5135 per
1604 5085 1759 5135 quem

186 5128 380 5180 omnis
410 5128 559 5180 labor
599 5142 783 5203 noster
826 5133 1055 5198 ﬁnietur,
1111 5135 1362 5188 attributa
1399 5128 1632 5203 his'quia'
1660 5154 1758 5192 vox

187 5210 389 5250 eorum
421 5209 500 5250 est
531 5200 618 5264 qui
654 5202 841 5264 partim
884 5205 1193 5257 commutati
1223 5218 1365 5270 sunt,
1414 5218 1467 5261 et
1520 5200 1758 5260 commu-

184 5273 490 5341 tantur,_et
517 5270 583 5321 de
609 5270 692 5341 die
737 5270 789 5323 in
834 5271 973 5324 diem
1024 5275 1489 5329 ciuumutabttntur
1517 5293 1621 5331 non
1648 5280 1757 5341 jam

184 5337 460 5401 culpanda
493 5340 805 5401 mutatione,
831 5343 925 5393 sed
961 5343 1246 5397 laudanda.
1288 5345 1411 5399 Duae
1437 5347 1577 5399 enim
1612 5337 1758 5400 com.

184 5407 523 5482 mutationes
553 5419 677 5482 sunt
700 5451 715 5474 ,
748 5410 911 5482 altera
936 5412 1199 5482 laudanda
1231 5455 1247 5479 ,
1279 5414 1443 5469 altera
1472 5417 1753 5482 culpari-ta.

178 5474 559 5551 Commutatio
585 5478 709 5551 Adzu
741 5478 837 5532 fuit
866 5480 1145 5551 culpanda,
1178 5474 1297 5551 quae
1328 5484 1426 5538 l'uit
1451 5485 1517 5539 de
1549 5474 1648 5539 vita
1690 5482 1759 5543 ad

181 5546 520 5622 rupi-temne
544 5547 737 5622 iustitia
768 5552 830 5622 ad
858 5546 1265 5619 injustitiant,de
1288 5552 1491 5607 deliciis
1520 5557 1749 5622 paradisi

286 5615 525 5694 laborem
552 5620 747 5673 exsilii.
774 5621 898 5674 Ilaec
912 5614 1097 5694 autem
1134 5614 1531 5694 commutatio;
1560 5628 1625 5679 de
1654 5642 1756 5694 qua

180 5685 297 5761 hie
312 5687 507 5755 agitur,
536 5699 619 5741 est
657 5691 1309 5761 commutatio‘laudanda,
1343 5685 1574 5761 quamet
1610 5685 1753 5761 Apo-

174 5755 367 5811 Staius
393 5760 727 5813 Conmtendat
753 5761 957 5816 dicens:
977 5758 1172 5815 Fuistis
1199 5755 1475 5833 aliquando
1508 5755 1744 5835 tenebrat,

1892 502 1946 556 in
1978 502 2115 575 tituli
2146 503 2568 571 inscriptionem,
2617 507 2666 559 id
2694 516 2797 570 est,
2856 521 2949 575 per
2996 506 3116 571 hoc,
3161 502 3455 572 quia-con;

1889 572 2141 646 scribitur
2166 577 2245 646 eis
2276 575 2458 646 titulus
2490 576 2816 629 conﬁrmans
2846 572 2900 631 et
2922 578 3061 644 ipsos
3090 592 3307 644 regnum
3337 577 3454 646 ejus

1888 652 1941 716 et
1970 642 2141 716 ipsum
2168 644 2361 713 Regem
2392 645 2472 716 eis
2499 685 2513 707 .
2542 646 2662 716 quia
2687 646 2796 716 jam
2841 642 3171 701 transierunt
3195 646 3262 700 de
3292 642 3456 716 regno

1888 711 2083 766 diaboli
2116 712 2167 766 in
2198 711 2415 779 regnum
2447 711 2645 769 Christi
2670 711 2785 778 {de
2810 726 3067 781 potestate
3109 711 3448 771 tenebrarum

1892 782 1943 834 in
1969 785 2372 854 regnumlucis,
2403 796 2456 839 et
2484 795 2877 839 commutantur
2906 786 3004 854 ipsi
3040 786 3201 840 David
3252 788 3303 838 in
3352 787 3449 839 do-

1886 852 2134 914 ctrinam,
2160 851 2207 904 id
2232 863 2332 917 est,
2355 865 2410 907 ιιι
2434 855 2727 909 doceantur
2756 851 2949 908 novam
2982 857 3165 918 vitam,
3207 856 3408 910 scilicet
3435 892 3453 921 ,

1888 936 1992 974 non
2025 921 2134 990 jam
2163 924 2264 976 sibi
2303 925 2498 989 vivere,
2547 926 2639 979 sed
2679 926 2749 977 illi
2782 924 2869 989 qui
2900 941 2993 989 pro
3024 920 3271 980 omnibus
3312 920 3454 990 more

1890 988 2137 1057 tnusrest.
2171 992 2296 1062 Quae
2326 988 2670 1049 cmmnutatio
2695 988 2826 1047 facta
2850 988 2955 1061 est,
2990 1011 3109 1050 cum
3144 997 3255 1062 ipse
3283 988 3450 1049 David

1885 1063 2143 1113 succendit
2188 1061 2631 1134 ‘Mesopotamiam
2686 1065 2855 1134 Syriae
2887 1106 2902 1129 ,
2959 1076 3015 1120 et
3053 1074 3269 1121 caetera.
3327 1066 3451 1118 Ilaec

1887 1132 2234 1205 commutatio
2267 1132 2401 1205 facta
2432 1142 2513 1205 est
2546 1150 2637 1200 per
2664 1132 2835 1203 ignem
2874 1145 2931 1189 et
2964 1151 3058 1203 per
3099 1136 3345 1205 gladium
3383 1136 3451 1187 ab

1887 1199 1978 1252 illo
2006 1199 2189 1272 David,
2221 1204 2332 1270 qui,
2365 1214 2419 1256 ut
2456 1199 2800 1270 Evangelium
2834 1199 3080 1272 testa-tur,
3102 1199 3155 1259 in
3187 1204 3449 1259 mundum

1885 1271 2061 1344 attulit
2084 1271 2257 1340 ignem
2286 1282 2338 1326 et
2366 1274 2616 1340 gladium.
2655 1275 2752 1328 Per
2798 1276 2969 1341 ignem
3001 1271 3211 1344 quidem
3243 1291 3346 1328 non
3370 1276 3450 1327 vi-

1884 1340 2113 1414 sibilem,
2145 1343 2237 1395 sed
2267 1358 2360 1407 per
2386 1344 2658 1414 charitatis
2687 1340 2945 1400 amorem.
2972 1340 3067 1400 llic
3094 1354 3175 1401 est
3204 1346 3338 1414 ignis
3361 1344 3449 1398 ille

1884 1408 1951 1463 de
1973 1426 2078 1477 quo
2103 1415 2212 1479 ipse
2241 1414 2367 1466 dicit
2401 1430 2411 1465 :
2446 1412 2625 1477 Ignem
2673 1417 2782 1468 veni
2821 1416 3018 1469 mittere
3060 1417 3114 1468 in
3155 1408 3362 1479 terram,
3399 1423 3448 1467 et

1882 1482 2006 1547 quid
2039 1482 2172 1554 volo,
2203 1483 2298 1554 nisi
2327 1492 2381 1535 ut
2409 1485 2584 1536 ardeat
2612 1486 2636 1537 ?
2664 1485 2771 1537 Hoc
2804 1486 2927 1554 igne
2969 1487 3241 1540 succendit
3268 1486 3443 1538 Meso-

1887 1551 2168 1624 potamiam
2198 1552 2386 1624 Syriaj,
2411 1566 2464 1607 et
2492 1555 2700 1624 Syriam
2742 1551 2924 1610 Sobal.
2960 1555 3333 1624 Mesopotamia
3359 1563 3443 1624 est

1884 1634 2007 1686 pars
2049 1622 2238 1688 Syrite,
2266 1631 2320 1676 et
2350 1622 2726 1688 interpretatur
2765 1626 2966 1678 elevata
3013 1626 3250 1689 vocatio;
3293 1623 3446 1692 Syria

1887 1704 2015 1765 vero
2045 1691 2329 1765 sublimis._
2351 1709 2441 1759 per
2482 1695 2622 1765 quod
2672 1696 3041 1765 signiﬁcantur
3070 1698 3239 1750 vocati
3267 1691 3447 1748 delu-

1886 1759 2017 1833 dteis
2043 1802 2058 1827 ,
2094 1763 2196 1833 qui
2255 1762 2399 1828 prius
2438 1759 2642 1833 elevati
2697 1759 2851 1818 e'rant
2873 1782 2900 1817 a
2936 1766 3041 1819 Deo
3068 1781 3162 1833 per
3187 1765 3445 1819 culturam

1891 1832 2052 1902 unius
2092 1831 2204 1902 Dei,
2235 1842 2286 1885 ct
2317 1847 2410 1899 per
2436 1832 2577 1901 leges
2601 1842 2655 1887 et
2686 1850 2779 1900 per
2810 1831 3131 1902 prapbetas;
3179 1833 3272 1889 sed
3320 1835 3445 1901 quia

1890 1898 1942 1970 in
1975 1899 2056 1970 his
2079 1901 2145 1953 de
2182 1916 2240 1955 se
2289 1898 2714 1970 praesumebant,
2766 1898 3019 1959 sublimes
3068 1898 3225 1959 etiam
3271 1898 3445 1957 erant.

1887 1967 2047 2041 Sobal
2086 1986 2291 2038 quoque
2322 1989 2447 2025 uana
2494 1967 2711 2026 vetustas
2757 1974 3282 2041 interpretatur,per
3305 1974 3443 2041 quod

1889 2039 2185 2094 idololatrae
2215 2043 2281 2096 de
2310 2044 2556 2112 gentibus
2580 2039 2947 2113 designantur,
2973 2047 3093 2112 quia
3124 2039 3254 2113 nihil
3280 2039 3447 2113 magis

1893 2124 2085 2163 vanum
2137 2120 2219 2165 est
2267 2108 2333 2165 inv
2362 2122 2625 2169 vetustate
2650 2155 2662 2173 .
2695 2108 2852 2181 quam
2883 2108 3176 2169 creaturam
3204 2108 3445 2167 Creatori

1890 2194 2221 2245 ['irteponcre,
2240 2189 2294 2235 et
2313 2193 2610 2236 creaturam
2639 2185 2903 2239 Creatoris
2927 2185 3044 2239 loco
3065 2186 3318 2244 adorare;
3353 2185 3446 2237 sed

1888 2251 2206 2321 tamenquia
2235 2254 2369 2305 inter
2399 2254 2527 2307 istos
2571 2254 2783 2321 quidam
2817 2256 3047 2310 maxime
3070 2255 3139 2309 de
3169 2254 3444 2307 nobilitate

1885 2317 2082 2391 ingenii
2107 2331 2159 2373 et
2187 2322 2430 2376 libertate
2456 2317 2658 2377 arbitrii
2686 2363 2699 2385 ,
2735 2335 2791 2376 ut
2818 2325 2964 2378 Plato
2991 2336 3044 2379 et
3084 2324 3173 2379 alii
3203 2324 3439 2391 philoso-

1887 2389 1977 2455 phi
2000 2391 2546 2464 superbiebanttideo
2580 2394 2631 2447 hi
2661 2395 2823 2447 etiam
2856 2394 3029 2464 Syria,
3063 2395 3113 2449 id
3145 2389 3248 2458 est,
3278 2394 3446 2448 sublis

1885 2458 2228 2534 mes__erant.
2248 2462 2367 2534 Sed
2398 2458 2652 2534 Dominus
2685 2464 2780 2518 hos
2811 2458 3061 2534 utrosque
3091 2466 3288 2518 utiliter
3318 2478 3444 2517 suc-

1884 2529 2062 2583 cendit
2089 2529 2210 2602 igne
2231 2531 2530 2587 dilectionis
2564 2534 2652 2588 Dei
2687 2544 2741 2587 et
2783 2529 3006 2602 proximi
3034 2575 3050 2599 ,
3091 2544 3146 2589 et
3192 2535 3269 2589 sic
3295 2548 3446 2587 coms

1884 2602 2125 2674 mntavit.
2189 2601 2390 2674 Dicitur
2438 2615 2616 2657 autem
2668 2617 2697 2655 a
2755 2601 3097 2673 quibusdam.
3149 2605 3292 2673 quod
3343 2618 3445 2674 per

1884 2670 2315 2745 Mesopotamiam
2363 2672 2538 2745 Syria:
2592 2670 2949 2745 intelligantur
2979 2670 3183 2730 vocati'
3208 2684 3312 2745 tam
3346 2670 3439 2726 'de

1883 2742 2132 2806 gentibus
2158 2757 2314 2809 quam
2344 2742 2722 2805 de’ludceis,et
2745 2742 2837 2812 per
2861 2747 3194 2800 vocationem
3222 2744 3437 2806 elevati,

1884 2821 1938 2864 et
1968 2812 2037 2883 ita
2069 2813 2285 2876 elevati,
2341 2815 2479 2882 quod
2528 2816 2784 2869 sublimes
2828 2815 2949 2869 lacti
2980 2826 3102 2869 sunt
3132 2830 3223 2883 per
3248 2828 3396 2881 spem
3425 2824 3440 2876 ;

1883 2896 1979 2948 per
2009 2880 2211 2951 Syriam
2244 2880 2371 2937 vero
2397 2884 2556 2938 Sobal
2580 2926 2594 2947 ,
2621 2899 2771 2937 vana:
2814 2888 3060 2940 vetustati
3091 2880 3319 2939 maxime
3346 2883 3440 2935 de-

1884 2951 2011 3023 diti,
2062 2961 2118 3005 rt
2164 2961 2364 3007 tantum
2413 2970 2506 3023 per
2561 2956 2890 3010 vocationem
2939 2956 3190 3012 sublimes
3241 2956 3298 3009 in
3346 2968 3445 3022 spe

1882 3020 2026 3075 fami.
2058 3024 2303 3087 Sequitur
2334 3042 2345 3075 :

1955 3090 2027 3167 Et
2067 3093 2305 3167 conuertit
2342 3092 2501 3167 _Joab.
2556 3093 2688 3150 Joab
2741 3096 3117 3165 interpretatur
3149 3095 3444 3167 pater,__vel

1809 3135 1854 3198 (ἶ
1882 3160 2133 3216 inimicus.
2165 3163 2229 3215 Et
2250 3166 2301 3216 in
2342 3162 2440 3219 hac
2466 3135 3205 3221 con-untilatiotierc‘onveistis
3227 3136 3309 3220 esi
3330 3164 3439 3229 ille,

1880 3232 1948 3305 de
1976 3249 2080 3298 quo
2109 3234 2307 3287 dictum
2344 3243 2470 3305 est:
2539 3234 2637 3289 Vos
2665 3252 2728 3289 ea:
2755 3233 2956 3289 diabolo
2984 3247 3129 3305 patre
3172 3237 3311 3289 estis.
3341 3236 3439 3299 Qui

1878 3300 2020 3356 idem
2064 3305 2310 3371 antiquus
2342 3304 2510 3359 hostis
2532 3305 2743 3359 humani
2772 3300 2993 3373 generis
3009 3316 3108 3370 est,
3147 3308 3270 3375 quia
3297 3308 3440 3374 prin-

1876 3386 2003 3438 ceps
2030 3374 2209 3426 mundi
2234 3376 2371 3428 foras
2400 3376 2597 3443 ejectus
2626 3386 2728 3443 est.
2762 3376 2853 3430 Vel
2886 3374 3130 3430 inimicus
3149 3391 3436 3429 conversus

1874 3452 1980 3515 est,
2008 3446 2219 3515 quando
2239 3446 2407 3512 quivis
2430 3442 2497 3498 ex
2529 3442 2742 3501 inimico
2771 3447 2993 3509 amicus,
3021 3463 3086 3502 ει
3108 3446 3268 3515 impio
3290 3447 3429 3515 pius,

1874 3527 1937 3566 ex
1970 3512 2164 3568 iutideli
2192 3515 2361 3568 lidelis
2389 3516 2551 3570 lactus
2573 3527 2674 3571 est.

1944 3580 2011 3634 Et
2032 3586 2276 3659 percussit
2304 3584 2488 3640 Edoni.
2521 3587 2787 3659 ﬂactenus
2814 3586 2883 3642 de
2904 3588 3313 3643 commutatione
3340 3602 3437 3657 per

1874 3651 2049 3725 ignem
2078 3656 2211 3708 iacta
2238 3670 2253 3719 ;
2287 3672 2425 3711 nunc
2447 3654 2619 3722 agitur
2647 3660 2713 3713 de
2736 3661 3149 3713 commutatione
3179 3659 3309 3712 facta
3340 3651 3437 3725 per

1872 3723 2144 3797 gladium,
2173 3741 2296 3797 _nou
2344 3743 2436 3793 per
2487 3728 2705 3793 ferrum,
2750 3729 2841 3783 sed
2895 3745 2988 3797 per
3039 3723 3432 3797 praedicationis

1864 3796 2113 3866 yerbum.
2172 3794 2551 3866 Interpretatur
2594 3812 2769 3853 autem
2803 3794 2969 3853 Edam
3016 3794 3261 3863 terrenus,
3289 3808 3343 3853 et
3368 3810 3432 3853 ex

1874 3862 1973 3917 hoc
1996 3862 2347 3940 ntagnasDeo
2368 3871 2564 3940 gratias
2586 3870 2843 3923 debemus
2862 3884 3040 3940 agere,
3087 3870 3227 3939 quod
3253 3883 3435 3940 percu-

1872 3940 1986 3988 tere
2014 3935 2069 4008 it_t_
2109 3936 2262 3991 nobis
2306 3938 2527 3993 verbum
2576 3935 2966 4008 prtedicationis
3002 3935 3230 3995 veterem
3255 3935 3437 3993 homi-

1870 4019 1990 4057 nem
2020 4006 2266 4071 dignatus
2297 4020 2399 4075 est,
2432 4019 2488 4062 ut.
2532 4006 2723 4063 novum
2774 4010 3140 4065 indueremus.
3196 4009 3259 4062 Et
3302 4010 3434 4061 sicut

1868 4077 2174 4197 petitae-imus
2200 4079 2473 4149 imaginem
2500 4083 2766 4147 terrestris,
2794 4080 2863 4132 ita
2884 4088 3137 4149 portemus
3161 4080 3434 4149 imaginem

1868 4161 1939 4197 cce
1963 4158 2101 4197 estis.

1866 4158 2101 4200 ι’ωιεδιη.

1938 4215 2004 4271 In
2031 4218 2160 4289 valle
2184 4218 2500 4273 Salinarum.
2529 4219 2721 4274 Salium
2751 4228 2875 4274 sunt
2905 4221 3128 4283 lacunas,
3157 4220 3209 4275 in
3239 4218 3433 4289 quibus

1865 4299 1999 4355 aqua
2031 4288 2232 4343 marina
2260 4305 2379 4344 Cum
2412 4305 2559 4344 mare
2589 4289 2778 4354 reﬂuit,
2806 4292 2857 4345 in
2882 4308 3033 4345 usum
3062 4293 3187 4347 satis
3228 4288 3431 4345 retine-

1868 4357 2073 4430 tur._li_2t
2102 4369 2271 4425 potest
2300 4360 2579 4428 dupliciter
2606 4359 2707 4415 hoc
2728 4363 2851 4427 dici,
2876 4363 3079 4417 scilicet
3105 4364 3188 4417 vel
3217 4376 3431 4430 percus-
3502 4410 3509 4417 .

1864 4429 1937 4481 sit
1966 4427 2159 4492 Edoni,
2193 4430 2337 4497 prius
2367 4427 2593 4497 positum
2628 4433 2676 4484 in
2705 4433 2839 4485 valle
2869 4432 3191 4495 Salinarum,
3220 4427 3294 4486 'id
3325 4440 3427 4494 est,

1791 4492 1838 4552 Ι)
1866 4498 1916 4551 in
1947 4492 2290 4565 depressione
2315 4492 2744 4557 amaritudinum.
2779 4502 2936 4556 Vallis
2962 4504 3102 4558 enim
3146 4492 3430 4569 depressus

1863 4570 2011 4623 locus
2042 4578 2143 4632 est,
2176 4580 2230 4624 et
2276 4573 2326 4624 in
2357 4571 2469 4624 sale
2518 4572 2759 4640 quzedam
2791 4573 3089 4627 amaritudo
3117 4572 3427 4640 intelligitur

1863 4640 2057 4694 inesse.
2090 4640 2159 4692 Et
2188 4642 2497 4710 intelligitur
2524 4657 2617 4710 per
2644 4642 2745 4698 hoc
2769 4653 3052 4712 utrumque
3075 4643 3428 4712 peregrinatio

1862 4725 1891 4763 a
1922 4712 2085 4776 patria
2111 4726 2255 4775 vera,
2285 4728 2399 4780 quae
2430 4712 2658 4766 obnoxia
2688 4725 2769 4766 est
2799 4716 2961 4768 variis
2987 4712 3427 4766 amaritudinibus

1864 4781 2132 4835 vitiorum.
2163 4780 2249 4834 \‘el
2278 4783 2535 4848 percitssit
2565 4783 2751 4847 Edoni,
2783 4793 2840 4837 ut
2864 4795 3003 4838 esset
3035 4784 3085 4837 in
3130 4784 3261 4836 valle
3284 4783 3424 4837 Sali-

1863 4865 2071 4912 narum,
2098 4851 2145 4903 id
2178 4860 2275 4915 est,
2304 4853 2355 4905 in
2390 4853 2682 4906 humilitate
2728 4855 2929 4920 sapida.
2967 4853 3128 4907 Vallis
3153 4854 3295 4906 enim
3328 4855 3423 4905 hu-

1862 4920 2138 4992 militatem
2170 4921 2449 4990 signiﬁcat,
2481 4933 2529 4977 et
2561 4924 2639 4976 sal
2671 4922 2829 4976 habet
2858 4938 3120 4992 saporem.
3154 4924 3247 4977 Est
3291 4938 3418 4975 vero

1864 4990 2134 5063 humilitas
2154 4993 2253 5063 alia
2277 4995 2479 5063 sapida,
2511 4994 2612 5046 alia
2644 4992 2889 5062 insipida.
2918 4990 2971 5047 Si
2996 4994 3112 5063 quis
3142 4994 3282 5048 enim
3318 5009 3415 5057 pro

1865 5062 2086 5115 tcrreuis
2116 5061 2440 5127 humiliatur,
2460 5064 2509 5116 id
2539 5071 2641 5130 est,
2673 5061 2954 5117 tribulatur
2982 5061 3036 5118 et
3064 5066 3416 5132 angustiatur,

1861 5140 1919 5183 ut
1946 5142 2268 5186 mercatores
2306 5134 2480 5187 solent
2522 5132 2718 5197 facere,
2761 5134 2849 5186 illa
2881 5134 3149 5187 humilitas
3191 5133 3419 5201 insipida

1858 5210 1981 5271 est;
2033 5203 2078 5255 si
2107 5203 2224 5270 quis
2254 5218 2378 5257 vero
2410 5219 2504 5271 pro
2532 5206 2747 5258 azternis
2778 5203 2980 5257 laborat
3008 5213 3061 5258 et
3111 5204 3413 5263 tribulatur,

1858 5270 1973 5338 ipse
1998 5274 2263 5339 sapienter
2291 5270 2617 5328 huuiiliatur.
2644 5275 2928 5338 Percussit,
2958 5275 3193 5343 inquam,
3227 5275 3417 5336 Edom,

1858 5350 1912 5394 ει
1934 5356 2304 5407 percussorum
2338 5344 2843 5398 luemutduodecim
2873 5344 3056 5399 millia.
3093 5346 3416 5399 Millenarius

1860 5426 2114 5467 numerus
2145 5412 2407 5484 perfectus
2434 5424 2513 5467 est
2543 5425 2594 5466 et
2621 5412 2886 5483 signiﬁcat
2937 5416 3317 5484 perfectionem
3366 5414 3417 5468 in

1856 5482 2195 5538 commutatis
2221 5499 2311 5551 per
2341 5484 2477 5536 hanc
2505 5482 2917 5550 percusSionem.
2938 5482 3239 5540 Duodecim
3272 5500 3418 5551 vero,

1856 5552 2247 5624 quodconstat
2276 5568 2343 5607 ex
2366 5565 2599 5624 quatuor
2627 5565 2679 5609 et
2724 5564 2805 5609 ter
2851 5554 2902 5608 in
2945 5570 3002 5608 se
3033 5557 3415 5624 multiplicati~,

1856 5622 2119 5692 signiﬁcat
2146 5624 2340 5677 milites
2361 5623 2500 5687 illos,
2533 5624 2583 5677 id
2616 5637 2716 5685 est.
2751 5625 3032 5679 duodecim
3064 5622 3333 5694 apostolos
3361 5635 3415 5679 et

1855 5706 2191 5748 successores
2220 5708 2427 5755 eorum,
2453 5707 2546 5761 per
2561 5710 2692 5760 quos
2711 5698 2822 5749 lia-c
2852 5699 3122 5764 percussio
3149 5699 3280 5749 facta
3312 5706 3413 5748 est.

1856 5764 1988 5829 Quia
2037 5779 2162 5818 vero
2210 5765 2311 5817 tria
2382 5773 2437 5817 et
2487 5775 2715 5834 quatuor
2772 5765 3082 5838 simpliciter
3134 5777 3416 5836 cutquncta
