3984 6362
554 202 659 259 795

1054 202 1254 260 BEDA‘Z
1297 202 1745 261 VENERABILIS
1783 202 1932 258 OPP.
1977 200 2146 256 PARS
2188 200 2248 255 ll.
2290 201 2480 258 SECT.
2524 203 2586 258 ll.
2627 234 2697 245 —
2736 204 2943 263 DUBIA
2985 208 3073 264 ET
3111 209 3387 269 SPURIA.

3717 222 3817 278 796

557 335 763 397 septem
786 325 1139 388 constituunt,
1181 339 1276 393 per
1315 324 1416 380 hoc
1446 322 2125 397 signil‘icatur‘septiformis
2160 325 2195 377 Α
2227 320 2369 397 giant
2393 338 2425 376 a
2446 322 2576 392 facie
2605 338 2776 397 circus,
2797 332 2856 378 ut
2878 324 3155 397 liberentur
3182 326 3357 381 dilecti
3378 334 3709 397 ιιιιιεσιυιιικ
3739 339 3816 396 [σε

554 394 723 469 gratia
742 397 1185 469 Spiritussancti,
1202 408 1464 469 perquam
1489 395 1717 463 gladius,
1733 394 1789 469 id
1806 402 1887 469 est
1901 395 2124 449 verbum

556 465 951 537 praedicationis
978 466 1039 537 in,
1076 468 1172 519 hac
1204 466 1544 537 percussione
1572 472 1656 519 est
1680 465 2079 537 administratas
2107 480 2123 519 :

557 535 654 605 per
675 547 900 604 quatuor
920 535 1153 605 quidem,
1182 536 1321 604 quod
1352 538 1401 591 in
1428 543 1654 600 quatuor
1675 535 1853 589 mundi
1887 536 2124 601 partibus

559 609 631 662 sit
658 607 792 661 facta
821 608 1254 669 demonstratur;
1283 621 1378 671 per
1407 606 1506 660 tria
1550 620 1699 669 vero,
1732 605 1872 672 quod
1894 606 2124 662 maxime

556 692 654 749 per
672 677 1032 749 cognitionem
1056 687 1255 749 sanetae
1280 676 1577 749 Trinitatis.
1594 676 1743 730 Nunc
1761 677 1826 729 ad
1858 674 2120 749 pSalmunt

557 746 855 802 veniamus.
892 746 1005 801 Vox
1053 756 1135 801 est
1162 748 1446 802 salubriter
1471 760 1866 813 percussorum.
1898 755 1954 800 et
1981 747 2123 800 utili-

554 827 641 873 ter
667 831 1034 872 successorum
1083 832 1112 869 a
1145 818 1304 872 David
1335 817 1620 881 orantium,
1655 825 1713 871 ut
1752 816 2007 885 quidquid
2053 820 2125 871 sit

546 888 619 942 de
650 886 925 956 temporali
970 888 1265 943 salvatione
1291 899 1545 944 aeternam
1588 897 1979 954 consequantur
2008 888 2119 942 sal-

552 959 843 1022 vatiouem,
891 964 947 1011 et
1000 957 1065 1012 ad
1124 958 1262 1013 idem
1309 958 1568 1013 orandum
1600 973 1697 1011 nos
1724 957 2117 1013 esbortantium

548 1027 1052 1097 atquerdicentium:
1084 1026 1222 1083 Deus
1254 1029 1427 1093 Pater,
1461 1029 1542 1083 vel
1588 1030 1728 1082 Deus
1761 1027 2010 1091 Verbum,
2038 1029 2118 1082 vel

552 1096 694 1169 Deus
712 1096 1007 1169 Trinitatis,
1055 1116 1148 1153 nos
1175 1102 1241 1153 ab
1268 1100 1575 1155 ammuitate
1601 1097 1827 1169 paradisi
1859 1113 1954 1167 per
1983 1114 2119 1167 pra:—

550 1168 930 1239 varicationem
962 1178 1063 1222 tua:
1092 1170 1218 1235 legis
1245 1170 1465 1239 ejectos,
1521 1178 1576 1223 et
1604 1168 1678 1222 ’in
1730 1169 1867 1221 valle
1916 1171 2118 1222 erroris

546 1239 685 1293 male
709 1238 909 1309 locatos
934 1241 1164 1306 repulisti
1194 1238 1419 1309 quadam
1464 1240 1512 1293 vi
1544 1240 1611 1292 ab
1637 1253 1821 1292 errore
1842 1251 2046 1303 nostro,
2071 1248 2118 1293 et

548 1324 643 1363 nos
674 1308 812 1363 male
840 1318 1177 1365 constructus
1198 1308 1249 1364 in
1280 1311 1442 1365 veteri
1464 1309 1802 1364 animositate
1820 1310 2119 1364 destruxisti

546 1377 685 1433 bona
719 1380 1099 1441 destructione,
1132 1393 1183 1435 ut
1215 1381 1469 1435 educares
1496 1380 1547 1433 in
1580 1378 1814 1433 novitate
1844 1379 1984 1443 vitae,
2018 1381 2117 1433 hoc

546 1459 632 1503 est
676 1451 729 1504 in
772 1464 906 1505 nova
933 1452 1190 1506 charitate
1233 1462 1284 1505 et
1315 1450 1628 1506 humilitate.
1663 1449 1833 1503 Iratus
1878 1466 1931 1503 es
1965 1460 2118 1504 vetu-

546 1520 672 1573 stati
711 1530 930 1587 nostrte,
977 1531 1029 1577 et
1059 1521 1382 1588 miserando,
1411 1520 1733 1577 conferendo
1762 1521 1916 1576 nobis
1962 1521 2115 1575 novi-

543 1597 706 1644 tatem
720 1632 732 1643 .

2231 391 2575 471 desierdtua.
2608 394 2675 448 Et
2698 394 2843 471 ideo,
2876 395 3122 471 Domine,
3154 408 3300 471 secs,
3331 412 3447 465 ure,
3461 391 3713 471 ﬂagella,
3737 391 3814 463 lac

2227 462 2480 539 quidquid
2511 464 2564 519 in
2583 467 2838 539 praesenti
2871 462 3205 539 tibi_vitletur
3251 466 3320 521 de
3343 462 3452 539 me,
3505 462 3570 525 ei
3610 462 3710 539 [ac
3734 462 3812 532 me

2227 533 2422 587 solvunt
2453 535 2514 605 in
2556 533 2767 589 dextera
2816 545 2925 590 tua.
2956 535 3117 603 Quasi
3154 537 3325 591 dicat:
3372 538 3487 593 Non
3534 533 3661 605 peio
3703 556 3813 601 ate

2226 604 2555 675 corporalem
2575 606 2829 671 aliquam,
2850 608 2933 661 vel
2956 607 3303 675 temporalem
3330 604 3685 666 salvationem
3718 617 3809 671 :de

2228 672 2319 745 illa
2347 675 2419 727 sit
2444 676 2583 743 quod
2612 675 2707 731 tibi
2735 676 2981 745 placeat;
3029 672 3124 731 sed
3159 685 3282 744 peto
3313 688 3368 731 ut
3396 681 3447 733 in
3492 680 3674 736 futuro
3710 701 3808 741 non

2226 741 2474 823 ιιι-νοιιίιὲ
2498 746 2637 801 inter
2669 741 2852 823 [Laidos
2875 746 2966 823 _ad
3020 741 3316 823 sinisiram,
3344 750 3439 823 sed
3460 752 3614 823 inter
3641 767 3809 823 agnos

2223 812 2291 868 ad
2343 815 2638 870 dexteram.
2686 816 2748 872 Et
2787 818 2838 871 in
2875 817 2978 872 hoc
3019 816 3211 873 exaudi
3254 812 3362 873 me.
3418 820 3543 875 Ideo
3604 812 3805 880 tantum

2227 882 2539 939 liducialiter
2563 886 2693 957 dicit
2732 884 2971 952 Exaudi,
3007 888 3132 956 quia
3159 887 3471 957 plerumque
3497 894 3675 946 sancti
3710 896 3805 951 viri

2224 968 2320 1020 pro
2337 956 2602 1031 corporali
2618 957 2934 1031 liberatione
2955 966 3165 1031 rogant,
3179 957 3272 1012 sed
3294 956 3400 1031 non
3424 962 3805 1031 exaudiuntur,

2221 1025 2360 1089 quod
2383 1040 2488 1081 non
2512 1034 2596 1081 est
2614 1026 2681 1081 ad
2715 1025 3073 1095 insipientiam
3094 1028 3195 1094 eis,
3225 1030 3345 1096 quia
3373 1046 3478 1085 non
3506 1025 3827 1095 exaudiunlt

2222 1104 2308 1149 tur
2334 1097 2399 1150 ad
2429 1097 2780 1163 voluntatem,
2806 1098 2899 1153 sed
2930 1099 2995 1153 ad
3038 1098 3357 1172 utilitatem:
3382 1102 3808 1172 quotiescunque

2224 1180 2351 1241 gero
2379 1181 2476 1234 pro
2508 1176 2706 1241 alterna
2737 1178 2925 1239 rogant
2975 1170 3296 1234 salvatione,
3335 1186 3441 1225 non
3488 1182 3666 1241 potest
3721 1170 3805 1231 eos

2225 1236 2367 1290 Deus
2388 1251 2492 1290 non
2515 1238 2789 1292 exaudire.

2291 1303 2428 1380 D_e_us
2456 1308 2656 1365 loculus
2680 1319 2753 1363 est
2780 1310 2832 1362 in
2858 1316 3033 1380 sancto
3072 1324 3197 1364 suo:
3241 1310 3452 1364 (letabor
3479 1320 3530 1363 et
3576 1317 3805 1380 partibor

2222 1374 2503 1430 Sicltimam
2528 1419 2543 1442 ,
2614 1386 2662 1431 et
2730 1378 3009 1432 convallem
3074 1381 3520 1434 tabernaculorum
3570 1374 3800 1442 melibor.

2220 1444 2359 1501 Vere
2376 1446 2556 1502 salvus
2586 1448 2707 1501 (iam
2741 1450 2793 1503 in
2824 1449 3063 1503 dextera.
3086 1450 3216 1504 Nam
3248 1449 3390 1505 Deus
3415 1450 3572 1507 Pater
3596 1454 3802 1513 locutus

2219 1525 2337 1581 est,
2388 1516 2440 1571 id
2489 1527 2592 1585 est,
2632 1518 2744 1587 jam
2799 1520 3047 1589 promisit
3097 1521 3239 1575 illam
3290 1522 3639 1577 salvationem
3672 1529 3798 1581 mihi

2221 1596 2407 1661 sancto
2432 1603 2549 1661 suo,
2581 1589 2633 1643 id
2656 1602 2759 1654 est,
2781 1592 2846 1661 _in
2894 1590 2984 1645 illo
3026 1591 3078 1645 in
3109 1607 3216 1661 quo
3259 1590 3442 1647 fallere
3472 1609 3584 1648 non
3617 1600 3798 1659 potuit.

618 1659 940 1715 Commovisti
960 1672 1164 1720 terram.
1195 1672 1241 1718 et
1262 1662 1573 1717 conturbasti
1598 1679 1747 1728 eam;
1773 1678 1899 1717 sana
1920 1663 2113 1716 contri-
2150 1671 2194 1729 Β
2225 1656 2363 1713 Deus
2387 1659 2530 1731 enim
2551 1668 2667 1714 erat
2692 1662 2742 1714 in
2767 1659 2982 1716 Christo
3003 1656 3257 1716 mundum
3286 1661 3384 1717 sibi
3410 1656 3796 1731 reconcilians;

543 1731 703 1785 tiones
724 1734 853 1801 ejus,
880 1734 999 1801 quia
1026 1743 1276 1786 commata
1295 1745 1386 1787 est.
1415 1735 1544 1798 lloc,
1579 1735 1813 1800 inquam,
1840 1734 1997 1786 modo
2019 1736 2109 1787 de-

543 1803 777 1855 struit-isti
802 1819 914 1864 nos,
947 1804 1066 1871 quia
1098 1805 1302 1857 scilicet
1344 1806 1655 1858 commovis'i
1681 1816 1889 1869 terram,
1932 1802 1983 1857 id
2006 1813 2109 1868 est.

546 1873 912 1941 [errenitatem
960 1883 1220 1937 nostram,
1253 1873 1435 1928 audito
1488 1872 1873 1941 praedicationis
1920 1875 2107 1928 verbo.

544 1939 776 1995 Interius
805 1957 899 2007 per
926 1954 1259 2011 peccatorum
1290 1939 1693 2003 conscientiam.
1726 1953 1770 1997 et
1799 1943 2111 1998 conturbasti

541 2027 655 2063 eam
684 2014 1113 2083 exterius,etiam
1137 2028 1303 2083 usque
1322 2015 1386 2068 ad
1408 2015 1738 2082 corporalem
1767 2012 2109 2069 afﬂictionem

540 2096 641 2147 per
666 2082 1049 2150 paenitentiam.
1068 2086 1207 2152 Ergo
1222 2082 1350 2138 sana
1382 2086 1433 2137 in
1464 2084 1816 2151 re,sicutjam
1840 2086 2033 2138 sanasti
2058 2086 2109 2139 in

537 2167 645 2225 spe
664 2154 989 2210 contritiones
1013 2158 1144 2225 ejus,
1177 2155 1226 2208 id
1249 2166 1331 2209 est
1374 2153 1613 2208 miserias
1640 2163 1693 2209 et
1723 2153 2109 2225 tribulationes,

538 2223 731 2289 quibus
758 2224 970 2279 assidue
994 2223 1101 2294 ipsa
1132 2228 1412 2280 terrenitas
1439 2236 1619 2294 nostra
1651 2224 1943 2279 conteritur
1966 2225 2109 2281 intus

535 2300 593 2344 et
634 2295 885 2348 exterius.
936 2293 1084 2351 Unde
1128 2298 1444 2360 Apostolus:
1496 2293 1563 2348 Et
1600 2294 1646 2349 si
1683 2297 1903 2348 exter'or
1940 2304 2112 2350 noster

538 2361 691 2416 homo
715 2370 1078 2436 corrumpitur,
1097 2367 1306 2421 interior
1332 2376 1498 2419 tamen
1524 2368 1583 2419 de
1610 2365 1693 2418 die
1721 2365 1774 2436 in
1807 2364 1941 2418 diem
1960 2381 2111 2436 τεηοέ

534 2443 704 2489 vatur.
729 2434 793 2489 Et
815 2434 978 2491 debes
1000 2453 1213 2500 sanare,
1238 2437 1360 2505 quia
1391 2438 1728 2498 commeruit,
1745 2435 1845 2489 hoc
1864 2444 1947 2490 est
1967 2435 2109 2505 quod

538 2505 686 2566 dicit,
737 2508 857 2572 quia
906 2516 1157 2562 commota
1212 2518 1304 2561 est.
1361 2505 1921 2574 SouatEvangelium,
1953 2517 2111 2560 sonat

538 2575 934 2637 praedicationis
957 2580 1177 2633 verbum
1200 2595 1215 2638 -.
1236 2577 1477 2647 quisquis
1508 2591 1612 2630 non
1640 2581 2029 2647 commovetur.
2057 2576 2109 2647 id

534 2654 615 2694 est
639 2660 742 2718 non
764 2652 1133 2718 compungitur
1161 2645 1391 2703 stimulis
1416 2646 1774 2718 conscientias,
1796 2654 1851 2702 et
1877 2645 2110 2718 stimulis

538 2715 886 2777 pmnitentite.
932 2715 1181 2789 Quisquis
1208 2730 1389 2788 pectus
1420 2733 1523 2772 non
1569 2716 1760 2779 tundit,
1803 2730 1908 2772 non
1940 2716 2110 2788 lacry—

538 2798 676 2858 mas,
710 2801 814 2841 non
860 2788 1127 2845 orationes
1154 2790 1343 2856 fundit,
1376 2789 1624 2858 indignus
1651 2796 1734 2843 est
1762 2788 1959 2853 sanari,
1986 2788 2107 2857 quia

540 2855 769 2929 primum
824 2869 904 2912 est
962 2868 1020 2912 ut
1066 2870 1279 2928 peccata
1333 2855 1512 2914 nostra
1544 2874 1829 2929 purgemus
1859 2873 1952 2925 per
1979 2855 2109 2914 cou-

534 2923 774 2998 scientia)
796 2923 1254 2995 comptioriionem
1271 2923 2104 2998 etcondignam'satisl'actionem,

533 2994 729 3066 deinde
756 3008 812 3052 ut
843 2994 1146 3066 patientiam
1199 2994 1517 3055 habeamus'
1536 3010 1718 3053 contra
1766 2994 2104 3055 tentationes.

532 3064 664 3139 Quia
708 3064 1119 3125 dicitVSalumon
1154 3089 1166 3125 :
1203 3068 1332 3139 Fili,
1362 3071 1601 3124 accedens
1640 3070 1706 3122 ad
1756 3069 2105 3138 disciplinam,

531 3144 612 3213 sta
642 3137 693 3189 in
722 3140 901 3213 ti_utcre
918 3154 963 3195 et
991 3150 1229 3207 tremore,
1246 3153 1291 3196 et
1317 3137 1668 3213 prwparacor
1690 3149 1843 3213 tuum
1857 3142 1928 3213 ad
1948 3149 2111 3213 tenta-

532 3207 811 3284 tiones._Et
856 3212 1047 3284 i’etrus
1074 3215 1175 3267 ait:
1214 3207 1518 3284 Oportetiut
1544 3210 2110 3284 judiciumincipiata

533 3270 685 3329 «Iomo
713 3279 823 3334 Dei.
850 3282 912 3336 Si
940 3296 1109 3338 autem
1146 3301 1179 3337 a
1208 3270 1350 3337 ndbis
1377 3270 1599 3343 initium,
1637 3284 1749 3346 quis
1777 3282 1895 3346 ﬁnis
1919 3270 2014 3335 erit
2042 3281 2107 3334 il-

531 3347 803 3423 (erantqui
840 3350 1121 3423 Evangelia
1168 3371 1270 3408 non
1310 3354 1678 3408 crediderunt?
1717 3353 1777 3407 Si
1820 3353 1997 3421 justus
2024 3354 2108 3407 vix

530 3419 827 3541 salvgbiltur,
855 3419 1091 3494 peccator
1111 3435 1158 3480 et
1185 3426 1370 3494 impius
1393 3424 1477 3478 ubi
1501 3423 1784 3493 parebunt?
1809 3419 1874 3477 Et.
1897 3423 1999 3479 hoc
2025 3432 2108 3481 est

530 3502 637 3541 nuo
698 3511 708 3540 t
735 3503 827 3541 lett
853 3510 867 3541 :

528 3494 671 3553 qUOd
698 3494 827 3545 dicit
853 3510 867 3546 :

605 3558 883 3633 Ostendisti
914 3567 1101 3633 papula
1143 3576 1227 3620 tuo
1269 3567 1431 3629 dura,
1476 3565 1661 3633 potasti
1700 3580 1789 3617 nos
1811 3566 1927 3617 vino
1967 3580 2105 3616 com-

605 3582 883 3618 ustenatsn
950 3582 1101 3632 aputo
1143 3582 1227 3620 tuo
1269 3582 1431 3629 aura,
1476 3582 1658 3633 patasu
1700 3582 1789 3617 nos
1811 3582 1927 3617 vino
1967 3582 2105 3616 cont-

531 3630 840 3694 punctionis.
897 3582 1050 3701 ὄιιοά
1107 3638 1187 3691 sic
1230 3637 1567 3692 continuatur
1606 3656 1616 3689 :
1658 3636 1778 3689 Ideo
1818 3634 1937 3687 dico
1976 3651 2105 3689 sana

532 3702 881 3777 contritiones,
908 3708 1029 3773 quia
1055 3708 1137 3762 sic
1166 3722 1300 3776 opus
1343 3717 1462 3772 est;
1495 3723 1614 3760 nam
1647 3714 1699 3759 tu
1724 3705 1984 3777 ostendisti
2011 3719 2105 3773 per

529 3776 584 3845 le
631 3775 801 3845 ipsum
831 3777 1023 3842 papula
1049 3778 1157 3845 jam
1191 3775 1275 3831 tuo
1319 3780 1544 3839 scilicet,
1595 3777 1880 3830 salubriter
1910 3775 2029 3842 igne
2049 3784 2105 3829 et

527 3836 705 3903 gladio
728 3836 999 3914 devastata
1024 3836 1157 3901 (iura
1188 3848 1272 3903 hic
1299 3863 1421 3904 esse
1450 3836 1717 3914 patienda.
1751 3836 1963 3911 Magnas
1993 3845 2103 3898 Deo

530 3922 690 3986 “ﬁere
720 3912 978 3970 debemus
1004 3919 1220 3986 gratias,
1266 3920 1353 3986 qui
1386 3912 1497 3971 vult
1523 3932 1620 3971 nos
1642 3918 1691 3969 in
1723 3914 1970 3986 prmsenti
1995 3918 2100 3986 pati

528 3977 659 4054 dum
691 3991 744 4054 et
773 3999 983 4054 aspera,
1004 3977 1088 4042 "ut
1118 3991 1167 4043 in
1202 3977 1379 4044 futuro
1405 3990 1511 4041 sint
1562 3977 1736 4040 mollia
1769 3995 1818 4036 rt
1842 3977 2097 4052 jucunda.

525 4046 851 4127 Ostendisti;
884 4046 1122 4127 inq'uam,
1166 4059 1329 4124 dura,
1371 4068 1425 4113 et
1472 4060 1570 4113 hoc
1622 4059 1691 4111 ita
1723 4046 2097 4127 ῑοείξιὶκίῖυθά

526 4123 718 4197 potasti
760 4142 851 4200 nos
884 4123 1010 4200 quino
1058 4123 1487 4200 compunctionis,
1545 4128 1594 4183 id
1625 4138 1726 4200 εει,
1754 4126 1897 4200 quod
1927 4125 2098 4181 iecisti

528 4204 698 4254 ipsam
736 4197 1128 4269 tribulationem
1152 4197 1616 4269 compunctionum
1648 4197 1797 4252 nobis
1835 4210 1955 4249 esse
1978 4207 2097 4269 tan-

528 4274 688 4323 quam
715 4264 1082 4337 delectabilem
1115 4264 1318 4337 p0tutn,
1349 4282 1402 4325 et
1432 4274 1499 4323 ita
1523 4270 1710 4323 dedisti
1737 4266 2095 4321 metientibus

527 4339 580 4383 te
608 4343 757 4386 casto
780 4336 969 4393 timore
1000 4336 1195 4411 popqu
1225 4350 1319 4396 tuo
1346 4338 1879 4411 signiﬁcationem,i_tl
1902 4338 2095 4392 estdo-

526 4413 870 4482 t-umeutunt:
903 4393 1740 4482 per'bdequia‘carifiqisomnem
1770 4393 2094 4478 liliumque»:
2122 4393 2173 4452 Ῑ)

525 4472 734 4552 recipis,
770 4486 825 4530 ut
854 4472 947 4546 per
977 4481 1070 4535 has
1098 4472 1463 4537 tribulationes
1489 4484 1687 4552 fugiant
1714 4498 1741 4534 a
1764 4472 1896 4552 l'acie
1916 4472 2094 4545 arcus,

528 4540 576 4593 ῘιΙ
609 4556 745 4622 e_sta
791 4540 1067 4622 praesentia
1099 4553 1254 4607 futuri
1282 4554 1489 4622 judicii.
1544 4540 1613 4605 Et
1666 4552 1736 4606 ita
1785 4550 2005 4622 fugiant.
2040 4540 2098 4603 ut

528 4612 774 4692 perfecte
791 4612 860 4692 ab
889 4620 977 4692 illo
1006 4612 1299 4677 liberentur
1320 4625 1495 4676 dilecti
1530 4623 1625 4683 tui,
1655 4637 1787 4692 quos
1816 4612 1870 4673 ιιῖ
1886 4619 2097 4692 scilicet

522 4680 612 4763 hic
635 4688 869 4763 corrigis
889 4690 939 4743 in
969 4695 1269 4761 exemplum
1295 4694 1423 4763 justi
1446 4680 1650 4761 jndicii.
1674 4680 1927 4763 'Quisquis
1948 4691 2093 4743 enim

521 4753 609 4833 hic
638 4753 1067 4833 tribulationibus
1095 4753 1313 4833 gaudet:
1343 4773 1396 4817 et
1424 4753 1543 4817 c'nm
1574 4753 2056 4833 Apostoloidicente
2074 4800 2092 4817 ,

520 4822 646 4904 dion
676 4829 842 4883 solum
865 4822 1219 4900 patimurrscd
1248 4822 1597 4904 eligloriamur
1617 4822 1667 4885 in
1686 4829 2094 4904 tribulationibus

516 4896 647 4973 mi}:
692 4896 874 4973 arcum
922 4903 1068 4956 illum
1100 4896 1339 4973 ellugiet:
1368 4907 1424 4959 Si
1470 4905 1589 4973 quis
1626 4918 1755 4973 vero
1782 4900 1982 4973 mavult
2012 4899 2097 4973 hic

516 4965 772 5040 delectari
796 4987 953 5039 quam
982 4965 1246 5040 tt-ilittlari,
1303 4965 1501 5030 arcum'
1533 4988 1636 5029 non
1683 4970 1922 5040 ell‘ugiet,
1971 4972 2094 5038 quia

514 5038 709 5102 quibus
740 5038 887 5101 illum
922 5044 1059 5099 Deus
1091 5038 1241 5099 nunc
1266 5046 1462 5107 dill‘ert,
1492 5044 1543 5099 in
1575 5045 1763 5097 futuro
1785 5038 1890 5095 non
1942 5040 2094 5095 diffe-

518 5118 621 5170 τίειν
673 5120 727 5164 et
781 5130 811 5167 e
867 5129 1150 5171 converso.
1186 5117 1249 5171 Et
1275 5116 1413 5171 sicut
1445 5117 1496 5170 in
1542 5130 1667 5167 arcu
1698 5122 1896 5181 quanto
1926 5112 2096 5179 magis

518 5191 713 5254 nervus
772 5193 916 5239 retro
975 5188 1221 5253 trahitur,
1275 5197 1423 5241 tanto
1470 5186 1682 5254 gravius
1716 5180 1983 5236 anteriora
2012 5180 2097 5254 ie-

516 5252 753 5327 iiuntur;
787 5256 853 5307 ita
885 5269 1085 5323 quanto
1129 5252 1296 5327 magis
1341 5252 1759 5324 Deus—judicium
1818 5254 1973 5327 malis
1994 5252 2096 5327 difi-

510 5316 650 5382 l'ert,
696 5331 840 5396 tanto
880 5316 1090 5393 c'ravius
1128 5316 1469 5382 eisvtandem
1503 5316 1889 5396 'superveuiet.
1941 5323 2093 5389 Quod

513 5398 704 5466 autem
723 5393 878 5466 dicit,
905 5398 945 5448 Α
975 5400 1104 5465 [acie
1130 5414 1297 5461 arcus,
1331 5400 1381 5452 id
1409 5408 1491 5452 est
1519 5412 1546 5449 a
1583 5393 1880 5466 praesentia
1909 5408 2088 5459 arcus,

512 5455 634 5537 ideo
656 5461 783 5515 dicit
807 5455 929 5537 quia
964 5455 1174 5537 tempus
1204 5455 1363 5524 breve
1386 5476 1487 5536 est,
1511 5455 1607 5521 nec
1642 5464 1838 5532 aliquid
1874 5455 2090 5532 longum

506 5536 592 5579 est
623 5535 935 5606 putandum,
965 5535 1104 5606 quod
1142 5538 1299 5594 habet
1325 5541 1548 5607 exitum,
1575 5549 1627 5593 et
1664 5553 1754 5606 per
1781 5537 1880 5590 hoc
1909 5544 2092 5590 monet

509 5614 539 5649 ll
565 5613 676 5666 agts
707 5608 1019 5660 cavendum.

580 5669 795 5745 υθίίῖειί,
812 5676 1043 5748 inquam,
1069 5682 1396 5735 metuentibus
1413 5696 1457 5737 te
1472 5681 1919 5755 sigttiﬁcnlicmem,
1939 5687 1990 5728 ut
2010 5680 2087 5748 fn-

2220 1730 2481 1800 promisit,
2530 1731 2780 1799 inquam,
2810 1742 2866 1786 et
2892 1732 2936 1785 si
2980 1748 3084 1785 non
3127 1731 3332 1795 verbis,
3372 1732 3568 1788 eﬂ'ectu
3602 1746 3797 1800 tamen,

2213 1799 2435 1875 scilicet,
2468 1800 2588 1869 quia
2616 1802 2766 1875 illum
2795 1802 3132 1875 resuscitavit,
3178 1812 3224 1856 ct
3252 1820 3346 1856 nos
3372 1804 3428 1856 in
3454 1821 3516 1858 eo
3541 1822 3800 1875 resurgere

2215 1868 2433 1944 fecitLet
2461 1868 2851 1944 nosconsedere
2873 1872 2941 1925 ad
2968 1873 3231 1927 dexteram
3251 1876 3535 1944 majestatis
3554 1878 3609 1928 in
3640 1868 3798 1932 exch-

2212 1939 2303 1992 sis.
2338 1939 2405 2013 [ιρι
2433 1940 2575 2013 quod
2616 1943 2857 2013 sequitur
2902 1951 3079 2013 potest
3108 1958 3230 1999 esse
3257 1939 3343 1997 vel
3367 1960 3472 1998 vox
3495 1946 3723 2011 Christi,
3750 1951 3793 2000 in

2213 2023 2322 2083 quo
2345 2010 2483 2064 Deus
2510 2011 2664 2065 Pater
2691 2011 2897 2067 locutus
2923 2021 3005 2066 est
3032 2012 3258 2069 dicens:
3290 2016 3516 2069 laetabor
3554 2026 3613 2070 et
3635 2010 3793 2083 parti-

2213 2078 2333 2157 bur,
2357 2089 2417 2157 ei
2439 2090 2631 2157 caetera
2651 2096 2679 2157 ;_
2696 2083 2781 2137 vel
2810 2097 2909 2137 vox
2935 2083 3213 2157 Ecclesia»,
3237 2085 3386 2157 quasi
3430 2078 3648 2141 diceret
3672 2092 3783 2157 quia

2217 2148 2357 2225 Deus
2383 2150 2541 2205 Pater
2561 2151 2640 2208 sic
2669 2152 2875 2225 locutus
2910 2170 2929 2225 :7
2952 2155 3091 2223 Ergo
3120 2148 3350 2218 (relabor,
3379 2164 3426 2208 et
3446 2148 3707 2225 partibor,
3741 2159 3786 2211 id

2212 2229 2296 2275 est
2322 2222 2567 2296 laetanter
2589 2223 2795 2296 partiar
2816 2222 3126 2296 Sichimam.
3156 2222 3787 2296 Sichimaniproprielo-

2212 2304 2307 2363 cus
2331 2300 2433 2363 est,
2467 2292 2557 2347 ubi
2582 2292 2752 2363 Jacob
2780 2294 3042 2349 redeunte
3083 2296 3135 2348 in
3181 2295 3406 2363 patriam
3440 2292 3648 2352 Rachel
3670 2315 3791 2353 uxor

2212 2360 2329 2434 eius
2354 2362 2493 2417 idola
2521 2362 2827 2431 abscondit,
2855 2378 2975 2433 qua;
3004 2360 3283 2420 furata'est
3298 2367 3434 2434 patri
3464 2382 3571 2420 suo
3595 2369 3785 2423 Laban.

2213 2430 2283 2485 Et
2313 2446 2407 2508 per
2433 2435 2735 2508 ⁸διιιιιίιιιιιιιι
2779 2430 3131 2508 designantur
3178 2430 3427 2508 gentiles,
3469 2439 3619 2506 apud
3666 2456 3788 2508 quos

2212 2514 2365 2574 erant
2394 2504 2536 2557 idola
2565 2505 2720 2573 quasi
2748 2504 3063 2561 abscondita
3106 2504 3228 2574 quia
3283 2506 3381 2574 ipsi
3410 2522 3472 2562 αι
3507 2504 3786 2563 servabant

2212 2582 2267 2645 et
2286 2571 2597 2629 adorabant.
2617 2575 2723 2631 Sed
2746 2578 2867 2645 quia
2886 2590 2991 2630 non
3008 2571 3249 2631 omnium
3282 2571 3505 2633 illorum
3534 2592 3624 2635 est
3645 2581 3784 2645 ﬁdes,

2212 2641 2346 2718 ideo
2362 2645 2445 2699 vel
2486 2644 2743 2718 Ecclesia,
2765 2641 2859 2718 'vel
2906 2644 3150 2718 Christus
3201 2647 3430 2718 partitur
3487 2664 3612 2713 eos.
3671 2641 3779 2718 quia

2213 2714 2403 2781 partim
2429 2717 2675 2782 assumit,
2690 2717 2882 2784 partim
2906 2717 3179 2786 relinquit.
3206 2714 3312 2773 Vel
3342 2720 3502 2773 aliter
3521 2738 3538 2772 :
3558 2714 3780 2775 Sichima

2212 2787 2591 2857 interpretatur
2618 2787 2890 2851 humerus,
2918 2803 3077 2857 quem
3096 2788 3393 2843 'bumerum
3426 2792 3663 2857 partitur
3690 2792 3779 2845 l-Jc-

2210 2855 2408 2929 clesia:
2441 2858 2561 2929 quia
2585 2856 2704 2929 illos
2725 2857 2815 2927 qtti
2846 2855 3038 2925 sponte
3082 2860 3311 2914 subeunt
3335 2855 3526 2929 iugum
3572 2862 3781 2927 Christi,

2218 2927 2359 3001 quod
2386 2941 2490 2981 nou
2515 2928 2791 2995 deprimit,
2814 2930 2908 2984 sed
2931 2930 3106 2999 erigit,
3135 2927 3541 2995 assumitfillos
3559 2948 3687 2986 vero
3704 2935 3781 3001 qui

2137 3026 2182 3090 C
2214 2997 3036 3090 ι’ξίἘηι.,ἕξοιετιτεὲεῖετεηὲξί
3047 3014 3183 3090 1ῗὲ
3207 3001 3436 3090 P931“?!
3449 3018 3576 3090 1'"?
3605 2997 3769 3090 im};

2213 3068 2359 3142 dium
2410 3077 2554 3142 sunt,
2585 3069 2869 3142 ut_beatus
2897 3068 3186 3142 Gregorius
3237 3073 3331 3135 ait,
3383 3068 3666 3142 relinquit.
3715 3072 3774 3125 Et

2210 3139 2440 3203 metibor,
2466 3139 2517 3193 id
2539 3148 2624 3195 est
2641 3139 2893 3207 dividam,
2919 3141 3201 3195 convallem
3221 3139 3687 3197 tabernaculorum.
3704 3143 3779 3197 la.

2207 3210 2310 3280 cnb
2338 3220 2611 3266 revertens
2664 3225 2693 3263 a
2748 3225 2938 3266 socero
2968 3226 3067 3267 suo
3095 3212 3294 3275 Laban,
3330 3214 3511 3280 posuit
3545 3216 3779 3268 taberna-

2207 3279 2326 3352 cula
2347 3294 2441 3333 sua
2470 3280 2523 3333 in
2553 3280 2795 3351 convalle
2822 3283 3011 3352 Syriae.
3038 3279 3465 3349 ubiquieverunt
3489 3298 3625 3338 oves
3655 3299 3773 3339 ειη.

2210 3348 2361 3419 Unde
2392 3352 2537 3404 locus
2564 3366 2756 3406 nomen
2788 3348 3021 3419 accepit,
3053 3362 3105 3405 ut
3136 3348 3393 3406 convallis
3448 3355 3663 3409 scilicet
3686 3355 3781 3408 Ta-

2207 3418 2612 3476 bernaculorum
2661 3419 2826 3475 Jaeob
2868 3418 3162 3477 diceretur.
3214 3423 3581 3492 Designantur
3609 3435 3776 3478 autem

2213 3506 2306 3556 per
2340 3492 2676 3546 tabernacula
2702 3492 2885 3561 legalia
2919 3494 3184 3557 instituta,
3216 3509 3334 3561 qum
3353 3494 3421 3547 ad
3454 3508 3667 3560 tempus
3694 3512 3779 3559 po.

2209 3561 2307 3613 sita
2336 3562 2584 3617 luerunt:
2614 3578 2708 3631 per
2730 3577 2858 3615 oves
2890 3578 3018 3619 vero
3044 3564 3239 3630 Judrei,
3268 3566 3355 3630 qui
3388 3568 3440 3617 in
3475 3564 3608 3632 ipsis
3644 3568 3777 3619 dele-

2205 3633 2508 3702 ctahantur,
2558 3641 2615 3687 et
2666 3632 3030 3700 quiescebant.
3089 3633 3234 3699 Quos
3266 3634 3495 3702 partitur
3528 3636 3774 3697 Ecclesia,

2206 3700 2326 3776 quia
2358 3703 2617 3776 quosdam
2648 3703 2964 3776 assumpsit,
3010 3700 3278 3772 quosdam
3309 3714 3501 3776 autem
3555 3710 3773 3776 reliquit.

2206 3770 2302 3825 Vel
2329 3773 2517 3828 aliter:
2548 3774 2650 3829 Per
2680 3774 2973 3828 convallem
3025 3770 3256 3828 humiles
3287 3770 3775 3843 designanturfpcr

2205 3844 2549 3915 tabernacula
2582 3859 2708 3915 vero
2740 3844 3112 3899 Ecclesiastica
3155 3853 3449 3915 princepta,
3496 3848 3551 3899 in
3596 3850 3777 3913 quibus

2202 3913 2419 3985 quidam
2465 3914 2736 3969 humiliter
2774 3916 3026 3981 militant,
3058 3916 3271 3985 quidam
3317 3913 3451 3969 vero
3479 3933 3588 3969 non
3621 3919 3777 3970 humi~

2204 3983 2343 4049 liter,
2388 3986 2511 4050 quia
2544 3986 2761 4057 explent
2791 3986 3003 4057 quidem
3046 3983 3335 4054 p'rtecepta,
3365 3988 3460 4041 sed
3494 3988 3618 4041 inde
3648 4005 3775 4057 prte-

2202 4064 2421 4108 sumunt
2444 4064 2498 4109 et
2527 4056 2861 4125 superhinnt.
2888 4055 3051 4111 Juxta
3082 4062 3222 4125 quod
3252 4058 3426 4110 littera
3458 4059 3539 4111 sic
3569 4055 3778 4123 exponi-

2203 4132 2323 4177 tur:
2358 4125 2620 4191 Partibor,
2653 4126 2703 4181 id
2734 4137 2819 4182 est
2863 4126 2915 4179 in
2949 4136 3153 4193 partem
3195 4128 3455 4193 accipiam
3485 4131 3774 4183 Ctthallem

2202 4196 2702 4261 tabernaculorum,
2753 4198 2803 4250 id
2845 4208 2926 4251 est
2969 4197 3241 4253 humiliter
3278 4200 3332 4251 in
3392 4198 3777 4253 Ecclesiasticis

2201 4267 2480 4334 prater-ptis
2527 4268 2833 4333 militantes,
2878 4282 2981 4322 non
3015 4268 3287 4323 humiliter
3313 4285 3441 4322 vero
3490 4271 3775 4323 militantes

2202 4338 2475 4403 repellant.

2277 4406 2418 4461 Meus
2440 4418 2513 4461 est
2542 4408 2765 4468 Galaad.
2791 4418 2839 4463 et
2863 4425 3001 4462 meus
3030 4419 3103 4463 est
3135 4409 3421 4473 Manasses,
3452 4420 3499 4463 rt
3530 4411 3773 4479 Ephraim

2202 4477 2449 4545 fortitudo
2477 4482 2655 4549 capitis
2686 4481 2804 4535 mei.
2836 4480 2970 4534 Vere
2996 4480 3225 4547 partibur
3268 4480 3555 4535 Siclu'mam
3581 4477 3625 4533 et
3657 4498 3771 4532 con-

2201 4550 2385 4601 vallem
2428 4549 2893 4604 Tabernaculorum
2928 4591 2943 4615 ,
3037 4554 3118 4604 uia
3177 4552 3437 4619 quosdam
3497 4552 3773 4620 accipiam.

2203 4617 2334 4671 Nam
2363 4617 2566 4673 Galaad
2588 4633 2661 4673 est
2686 4638 2848 4673 meus.
2890 4631 2938 4673 et
2981 4566 3265 4673 ﬁdanasses.
3289 4621 3495 4673 (ialaad
3525 4624 3773 4673 interpre-

2203 4617 2334 4671 Nam
2363 4617 2566 4673 Galaad
2588 4633 2661 4675 est
2686 4638 2848 4683 meus,
2890 4631 2938 4674 et
2981 4617 3265 4676 Manasses.
3289 4621 3495 4676 (ialaad
3525 4617 3776 4689 interpre-

2200 4698 2339 4742 tatur
2383 4706 2590 4744 acervus
2637 4693 2931 4746 testimonii.
2989 4692 3228 4747 Acervus
3281 4702 3461 4746 autem
3516 4696 3585 4749 de
3653 4694 3771 4745 imis

2200 4761 2394 4832 crescit
2419 4762 2487 4815 ad
2531 4778 2714 4817 unum.
2746 4763 2812 4816 Et
2853 4778 2948 4829 per
2973 4763 3073 4818 hoc
3102 4762 3450 4832 designantur
3476 4774 3776 4819 crescentes

2199 4830 2268 4883 de
2323 4834 2519 4887 virtute
2575 4834 2626 4887 in
2675 4836 2961 4899 virtutem,
3012 4830 3291 4904 quousque
3350 4836 3672 4901 perveniant
3725 4835 3774 4887 in

2202 4915 2389 4965 unum,
2422 4904 2472 4955 id
2500 4914 2582 4957 est
2607 4904 2776 4959 donec
2804 4904 3019 4958 videant
3066 4905 3230 4959 Deum
3279 4905 3505 4958 deorum
3552 4908 3604 4959 in
3628 4906 3773 4964 Sion.

2200 4980 2253 5025 et
2290 4973 2411 5040 quia
2441 4974 2575 5028 adeo
2606 4975 2658 5027 in
2700 4988 2759 5029 se
2786 4985 3103 5030 eoacervant
3148 4977 3514 5031 testimonium
3554 4976 3773 5038 Christi,

2197 5051 2257 5094 ut
2298 5051 2516 5116 certent‘
2560 5058 2729 5114 usque
2771 5043 2837 5099 ad
2882 5045 3203 5101 elIusionem
3241 5045 3552 5116 sanguinis,
3593 5047 3641 5101 id
3698 5057 3778 5100 est

2197 5122 2460 5182 martyres
2488 5112 2863 5186 ﬁant.'Martyr
2890 5122 3030 5171 enim
3059 5112 3442 5186 interpreta'tur
3468 5119 3625 5171 testis.
3660 5117 3770 5170 Ma-

2198 5197 2381 5237 nasses
2412 5199 2540 5258 vero
2570 5185 2754 5240 oblivio
2798 5185 3196 5254 interpretatur.
3234 5190 3334 5241 Per
3370 5188 3514 5258 quod
3572 5189 3780 5241 intelli-

2196 5262 2391 5322 guntur
2420 5255 2493 5309 illi
2515 5258 2625 5324 qui,
2668 5271 2791 5311 cum
2818 5258 3094 5325 Apostolo,
3120 5273 3303 5312 eorum
3326 5255 3447 5324 quae
3476 5270 3619 5313 retro
3656 5269 3779 5309 sunt

2197 5324 2613 5381 obliviscuntur:
2645 5327 2698 5381 in
2723 5341 2783 5381 ea
2814 5324 2941 5381 vero
2972 5345 3088 5397 quae
3112 5338 3236 5382 ante
3260 5337 3407 5391 sunt,
3442 5330 3493 5383 id
3521 5340 3605 5383 est
3629 5330 3678 5381 in
3707 5330 3780 5380 lu-

2196 5401 2313 5469 tura
2343 5406 2395 5449 et
2421 5408 2620 5452 :eterna
2650 5398 3024 5469 extenduntur,
3059 5403 3142 5454 vel
3170 5415 3264 5469 per
3292 5400 3594 5465 Manassen,
3626 5398 3779 5453 intel-

2197 5464 2431 5538 ligun_tur
2448 5470 2540 5535 illi,
2555 5469 2667 5537 qui,
2683 5468 2936 5538 quidquid
2957 5464 3270 5538 probrosum
3285 5464 3773 5538 etignotniniosum

2197 5552 2293 5608 pro
2319 5536 2537 5593 Christo
2567 5536 2713 5608 passi
2738 5550 2880 5605 sunt,
2910 5536 3243 5608 vi‘lipendunt
3273 5550 3327 5595 et
3350 5536 3769 5595 obliviscuntur.

2198 5605 2348 5661 Unde
2378 5623 2471 5678 per
2503 5605 2691 5663 Isaiam
2732 5610 2926 5665 dicitur
2973 5605 3253 5667 Ecclesia}:
3292 5611 3601 5665 Obliviscere
3629 5613 3778 5680 ἱςηοο

2196 5680 2363 5734 minim
2393 5681 2656 5735 viduitatis
2686 5692 2805 5738 nnr.
2830 5682 2991 5753 Quasi
3022 5683 3165 5738 cnim
3199 5681 3353 5740 vidua
3390 5682 3486 5739 fuit
3510 5680 3782 5749 Ecclesia,
