3984 6362
244 326 346 385 791

964 321 1031 379 IN
1070 319 1483 378 PSALMORUM
1526 317 1787 375 LIBRUM
1832 317 2186 379 EXEGESIS.
2226 351 2298 364 —
2337 322 2583 382 PSALH.
2624 324 2735 382 LX.

3407 328 3506 385 798

244 449 373 500 dum
413 443 771 499 Christianum
817 453 1011 496 nomen
1055 440 1108 494 in
1147 438 1411 495 dedecore
1458 440 1673 495 mansit.
1723 436 1820 493 Se-
1848 434 1897 497 A
1923 451 2105 506 quam,
2134 438 2528 512 calceamentum
2552 458 2738 507 meum,
2770 441 2928 496 etiam
2961 443 3014 497 in
3043 442 3348 499 ldumteam.
3378 446 3508 512 Quis

285 521 455 573 uitur:

242 536 573 650 quadrivia:
602 581 848 654 fortitudo
866 580 1184 654 capitisntei.
1212 580 1462 654 Ephraim
1491 580 1820 654 fructiﬁeatio

244 651 649 725 interpretatur,
675 667 768 722 per
783 652 921 725 quod
939 651 1301 725 intelliguntur
1319 652 1369 725 in
1390 654 1547 725 bonis
1560 653 1821 725 operibus

244 722 653 788 fructificantes,
700 738 834 790 quos
863 722 1097 777 Ecclesia
1137 730 1292 775 vocat
1338 723 1702 778 fortitudinem
1731 736 1822 776 ca-

243 798 375 863 pitis
401 796 507 862 sui,
536 796 586 849 id
615 804 716 857 est,
746 792 943 848 Christi
975 792 1039 844 ad
1071 792 1491 847 similitudinem.
1514 792 1847 863 Sicutenim'

243 862 446 924 bonum
484 864 876 921 reclinatorium
913 863 1109 918 infirmi
1153 863 1341 929 capitis
1378 863 1620 931 quadam
1673 862 1824 916 forti-

243 938 401 1003 tudo,
434 936 486 991 id
512 946 619 1001 est,
650 936 911 990 recreatio
948 942 1052 998 est,
1084 931 1179 1003 sic,
1207 932 1348 1003 bene
1386 944 1669 1001 operantes
1696 940 1824 987 sunt

244 1001 507 1064 fortitudo
553 1005 785 1068 Christi,
831 1003 953 1073 quia
1007 1002 1095 1073 alii
1134 1001 1375 1057 videntes
1429 1018 1612 1059 eorum
1660 1018 1822 1071 opera

242 1079 417 1143 bona,
471 1077 771 1145 glorificent
802 1072 987 1128 Deum.
1022 1072 1100 1127 Illi
1128 1087 1260 1128 vero
1287 1075 1369 1145 fin
1411 1075 1603 1145 quibus
1634 1074 1822 1145 vulpes

240 1150 431 1204 foveas
461 1143 675 1211 habent,
708 1154 764 1200 et
788 1147 1034 1199 volucres
1063 1145 1183 1199 (τωιί
1214 1144 1385 1210 nidos,
1415 1143 1521 1197 non
1553 1154 1677 1199 sunt
1707 1143 1821 1198 for-

241 1219 419 1273 titudo
440 1219 577 1287 ejus,
606 1218 698 1271 sed
722 1213 1003 1278 debilitas;
1032 1214 1150 1287 quia
1180 1230 1283 1287 non
1334 1215 1497 1287 habet
1512 1216 1568 1287 in
1618 1216 1700 1268 his
1716 1215 1821 1287 _uhi

241 1284 547 1343 recumbat.
583 1288 676 1342 Vel
708 1288 864 1341 aliter
903 1300 998 1355 per
1044 1285 1295 1354 Ephraim
1351 1284 1665 1355 intelligitur
1710 1284 1823 1338 frit-

239 1360 501 1413 ctificatio
531 1359 646 1420 illa,
676 1373 794 1423 qua:
836 1356 1093 1424 processit
1120 1355 1187 1409 de
1215 1371 1382 1421 grano
1435 1357 1530 1409 illo
1562 1358 1613 1409 in
1664 1368 1824 1409 cruce

240 1442 482 1495 mortuo,
513 1438 569 1483 et
610 1429 661 1482 in
704 1426 1097 1482 resurrectione
1120 1427 1431 1494 justifieato,
1476 1427 1527 1479 id
1554 1437 1638 1481 est
1670 1438 1823 1491 seges

239 1500 448 1567 ubique
465 1509 727 1553 terrarum
748 1496 1098 1563 credentium,
1115 1498 1181 1550 de
1207 1511 1312 1564 quo
1337 1496 1535 1550 dictdm
1560 1506 1673 1551 est:
1704 1495 1822 1548 Nisi

238 1586 468 1639 granum
497 1570 737 1638 frumenti
772 1568 957 1621 cadens
1003 1568 1058 1621 in
1110 1578 1296 1621 terram
1342 1578 1597 1621 mortuum
1644 1567 1822 1634 fuerit.

238 1644 416 1706 ipsum
446 1641 612 1693 solum
638 1649 806 1693 manet
828 1655 846 1703 ;
870 1639 912 1691 si
932 1648 1101 1691 autem
1128 1641 1580 1705 mortuumfuerit,
1607 1640 1824 1690 multum

239 1712 471 1779 fructum
498 1708 666 1776 affert.
694 1710 821 1777 Qua:
851 1722 1002 1779 seges
1019 1718 1101 1779 est
1123 1707 1378 1779 fortitudo
1398 1708 1608 1776 capitis,
1638 1708 1687 1761 id
1716 1717 1820 1772 est,

1926 517 2105 563 autem
2130 510 2342 565 deducet
2372 528 2469 576 me,
2502 515 2582 567 vel
2613 522 2790 575 caput.
2831 514 2916 569 vel
2945 515 3260 577 Ecclesiam,
3291 517 3347 570 in
3374 510 3471 570 ciui

1926 587 2078 632 tatem
2117 580 2404 655 munitam,
2430 583 2498 655 id_
2526 591 2628 645 est,
2655 585 2709 655 in
2739 594 2949 655 gentem
2979 584 3114 640 adeo
3155 585 3401 641 diffusam
3449 597 3507 642 et

1927 663 2169 723 magnam
2188 650 2230 723 ?7
2262 651 2539 706 Multitudo
2581 653 2725 707 enim
2743 650 2956 723 'populi,
2991 657 3377 712 munimentum
3417 668 3504 713 est

1924 719 2172 792 civitatis.
2200 722 2329 792 Quis
2350 724 2574 777 deducet
2599 739 2703 787 me,
2739 719 2881 790 dico,
2911 740 3078 792 usque
3106 727 3171 780 ad
3218 726 3504 791 Idumaeos,

1926 791 2154 863 terrenis
2182 791 2388 846 deditos
2412 804 2466 847 et
2494 794 2958 861 desperatissimos
2972 791 3004 851 2’
3028 794 3123 851 Vel
3147 798 3334 851 aliter:
3373 796 3507 863 Quis

1925 861 2153 915 dedttcet
2181 877 2266 916 me
2296 866 2348 917 in
2372 862 2549 917 futuro
2581 866 2631 918 itt
2662 866 2930 920 civitatem
2962 868 3240 931 munitam,
3273 868 3323 920 id
3348 861 3431 921 est
3453 869 3508 921 in

1924 931 2198 987 caelestem
2247 933 2577 998 Jerusalem,
2634 950 2753 1004 qua:
2792 945 2874 991 est
2926 938 3115 992 civitas
3168 938 3400 999 munita,
3439 939 3509 993 ad

1925 1015 2101 1077 quam
2115 1005 2288 1077 nullus
2316 1005 2488 1059 hostis
2531 1006 2753 1069 accedit,
2785 1014 2842 1060 et
2867 1022 2896 1060 a
2927 1022 3028 1077 qua
3055 1008 3233 1062 nullus
3258 1008 3507 1077 civisre-

1924 1072 2269 1198 cedit??Quis
2294 1084 2349 1130 et
2376 1077 2431 1129 in
2473 1076 2720 1153 prmsettti
2750 1072 2962 1133 deducet
3004 1094 3084 1132 me
3120 1094 3278 1148 usque
3302 1080 3356 1131 in
3384 1076 3509 1132 ldu-

1924 1158 2104 1196 micam

1924 1158 2104 1196 moram

2000 1212 2268 1288 Nonnetu
2298 1213 2437 1269 Deus
2460 1217 2546 1286 qui
2574 1217 2809 1288 repulisti
2834 1233 2947 1281 nos,
2984 1230 3032 1272 et
3080 1235 3181 1273 non
3230 1220 3508 1288 egredieris

1926 1282 2066 1337 Deus
2086 1286 2137 1337 in
2162 1286 2426 1339 virtutibus
2455 1282 2680 1339 nostris?
2706 1287 2782 1339 Da
2804 1288 2948 1341 nobis
2973 1290 3223 1342 auxilium
3252 1282 3315 1343 de
3337 1292 3501 1343 tribu-

1926 1354 2135 1424 latione,
2157 1366 2213 1428 et
2239 1372 2367 1409 vana
2395 1357 2535 1410 salus
2564 1357 2804 1411 hominis.
2848 1356 2911 1411 In
2940 1359 3043 1413 Dee
3067 1360 3311 1428 faciemus
3338 1361 3505 1412 uirtu-

1929 1434 2044 1488 tem,
2072 1436 2121 1478 et
2148 1427 2255 1495 ipse
2278 1430 2344 1479 ad
2370 1429 2589 1480 nihilum
2618 1429 2829 1482 deducet
2857 1427 3157 1483 tribulantes
3180 1446 3289 1483 nos.
3316 1429 3371 1483 Id
3399 1438 3507 1493 εει,

1925 1497 2187 1565 repulisse
2228 1497 2463 1551 exterius
2510 1510 2565 1551 et
2615 1501 3004 1565 contempsi~se
3033 1502 3252 1554 videris.
3288 1500 3353 1553 Et
3379 1501 3505 1553 ideo

1926 1564 2046 1640 dico
2072 1567 2328 1640 repulisti,
2358 1568 2484 1636 quia
2523 1578 2578 1622 tu
2619 1567 2778 1631 Deus,
2804 1564 2893 1639 qui
2924 1586 3044 1624 cum
3093 1570 3329 1638 patrihus
3355 1586 3509 1640 egre-

1927 1636 2194 1702 diebaris;
2254 1640 2381 1706 quia
2421 1647 2476 1691 tu
2525 1636 2837 1693 manifeSIis
2865 1642 3031 1708 signis
3080 1636 3159 1693 eis
3200 1636 3412 1705 aderas,
3450 1649 3511 1694 ut

1929 1722 2169 1781 prtesens
2196 1722 2317 1781 esse
2362 1709 2752 1777 intelligereris,
2800 1726 2901 1764 non
2931 1710 3202 1781 egredieris
3227 1712 3281 1763 in
3310 1712 3513 1764 virtuti-

237 1776 586 1841 augmentum
619 1788 671 1834 et
696 1776 946 1835 exaltatio
967 1776 1184 1849 Christi,
1214 1780 1301 1845 qui
1346 1788 1504 1845 caput
1532 1786 1620 1832 est
1646 1779 1826 1833 Eecle-
1864 1788 1911 1849 Β
1935 1776 2045 1841 bus,
2079 1778 2129 1831 id
2152 1788 2254 1841 est,
2302 1778 2355 1831 in
2385 1776 2706 1833 exercitibus
2743 1784 2930 1833 nostris
2958 1776 3210 1843 exterius,
3240 1792 3297 1835 ut
3322 1797 3513 1847 corpo-

238 1853 363 1906 εἰπε.
386 1852 496 1916 Ipsa
513 1852 654 1905 enim
680 1849 980 1914 infirmitas,
997 1848 1046 1902 id
1072 1858 1175 1914 εει,
1208 1863 1352 1902 mors
1378 1849 1593 1912 Christi,
1623 1864 1830 1901 summa

240 1922 343 1974 fuit
374 1921 648 1976 fortitudo:
695 1921 817 1989 quia
843 1921 980 1986 quod
1007 1920 1269 1986 inﬁrmum
1295 1928 1371 1972 est
1398 1918 1518 1988 Dei,
1545 1922 1733 1988 fortius
1762 1930 1835 1971 est

240 1992 482 2046 omnibus
507 1991 810 2044 hominibus.
832 1990 896 2043 Et
917 1992 1191 2044 sciendum
1213 1989 1356 2057 quod
1377 1989 1671 2046 secundum
1693 1992 1833 2057 quod

239 2077 354 2116 vos
389 2062 583 2118 Christi
612 2072 717 2127 est,
749 2060 981 2115 dicetur:
1028 2058 1279 2131 Epitraim
1306 2070 1389 2117 est
1411 2063 1659 2132 fortitudo
1686 2063 1831 2133 copi-

238 2134 309 2187 tis
338 2134 458 2202 rnei,
486 2133 573 2202 qui
595 2147 713 2187 sum
734 2139 910 2201 caput.

315 2201 466 2256 Iuda
492 2201 581 2257 rex
600 2218 762 2267 meus,
802 2202 957 2256 Moab
986 2201 1091 2255 olla
1120 2203 1229 2272 spei
1253 2218 1397 2258 metu.
1424 2204 1675 2272 Ephraim
1706 2205 1836 2271 qui-

240 2273 376 2330 dem
404 2282 486 2347 est
508 2273 785 2347 fortitudo_
802 2287 941 2347 mea,
971 2282 1028 2347 et
1074 2272 1233 2347 (ulla,
1277 2274 1329 2327 id
1358 2283 1461 2347 est,
1491 2276 1581 2347 ille
1609 2274 1699 2347 qui
1740 2275 1836 2328 de-

244 2343 467 2413 scendit
496 2344 562 2398 de
585 2345 726 2398 tribu
757 2344 914 2409 Juda,
946 2343 1032 2396 cui
1086 2344 1139 2398 in
1191 2346 1356 2413 figura
1407 2345 1601 2400 Christi
1627 2343 1832 2400 dictum

184 2408 197 2418 ’
241 2424 336 2468 εει
358 2432 375 2469 :
401 2408 959 2486 Juda,benedicent_te
987 2408 1291 2486 fratrestui.
1324 2414 1438 2486 llle,
1472 2416 1709 2486 inquam,
1753 2425 1837 2469 est

242 2500 347 2539 rea:
379 2483 628 2556 meus,iid
657 2495 761 2556 est,
802 2484 938 2556 regit
967 2500 1072 2549 me,
1102 2485 1224 2555 quia
1264 2485 1411 2556 prior
1441 2483 1625 2555 passus
1647 2498 1749 2546 est.
1780 2495 1836 2540 et

241 2569 383 2625 vere
409 2554 664 2610 obediens
685 2553 805 2610 fuit.
848 2554 915 2608 Et
940 2556 1063 2622 quia
1094 2553 1248 2625 talem
1267 2553 1458 2625 regem
1490 2557 1680 2621 habeo,
1712 2557 1833 2612 ideo

240 2624 411 2697 )jonb
440 2634 522 2697 est
560 2627 663 2679 olla
682 2626 812 2697 spei
832 2640 976 2690 mete,
994 2625 1050 2697 id
1079 2636 1181 2691 est,
1212 2624 1333 2681 ideo
1346 2624 1519 2681 etiam
1559 2643 1718 2697 spero
1746 2642 1833 2680 re-

240 2694 335 2750 ﬁci
359 2695 429 2749 de
461 2695 796 2750 abutentibus
821 2696 955 2765 lege.
986 2696 1141 2752 Moab
1165 2698 1305 2751 enim
1349 2712 1419 2752 ex
1448 2713 1546 2750 avo
1573 2694 1626 2752 et
1650 2713 1835 2752 sorore

242 2775 441 2821 contra
490 2766 657 2833 legem
689 2776 840 2821 natus
885 2774 1005 2821 est:
1035 2775 1091 2821 et
1117 2768 1238 2822 ideo
1267 2768 1422 2822 Moab
1448 2769 1833 2834 interpretatur

241 2838 481 2890 abutens
502 2835 635 2906 lege.
670 2836 763 2891 Vel
789 2837 969 2890 aliter:
1004 2836 1139 2903 Quia
1164 2838 1291 2892 mihi
1319 2839 1436 2892 talis
1457 2846 1539 2892 est
1570 2850 1682 2903 rex,
1715 2840 1835 2893 ideo

243 2906 548 2960 ferventem
582 2908 914 2976 iniquitatem
953 2921 1057 2961 non
1101 2907 1321 2971 timebo,
1363 2910 1454 2963 sed
1481 2910 1658 2977 petius
1680 2909 1832 2963 Moab

241 2993 351 3049 ens
399 2977 504 3030 olla
548 2978 869 3049 iniquitatis,
912 2986 1013 3049 est,
1046 2977 1176 3032 mihi
1229 2978 1334 3031 olla
1370 2981 1667 3049 spei:quia
1740 2995 1834 3049 per

246 3048 442 3118 ipsum
478 3048 653 3114 potius
700 3062 861 3116 spero
891 3048 1168 3115 prolicere,
1199 3064 1354 3118 quam
1400 3048 1648 3104 deficere.
1684 3051 1832 3105 Sicut

244 3117 570 3189 enimAhene
599 3118 713 3189 lege
735 3124 1012 3182 utentium,
1041 3121 1174 3172 bona
1205 3117 1327 3173 Sunt
1356 3135 1541 3188 opera,
1582 3122 1660 3174 sic
1692 3122 1829 3175 male

245 3186 517 3260 utentium
550 3186 683 3260 lege.
714 3202 874 3260 opera
900 3198 1023 3242 sunt
1053 3189 1213 3244 mala.
1257 3189 1320 3243 Et
1352 3186 1403 3244 hi
1435 3203 1822 3260 persequuntur

246 3258 548 3311 Ecclesiam
602 3259 712 3313 Dei.
766 3258 915 3312 Unde
964 3274 1056 3324 per
1095 3258 1661 3315 Ezechielem'dictu‘m
1708 3271 1821 3318 est:

255 3327 385 3379 Vidi
416 3328 571 3382 ollam
602 3333 869 3399 ferventem
896 3328 972 3399 fab
1018 3330 1286 3398 Aquilone.
1337 3332 1451 3386 Olla
1505 3332 1715 3385 fervens
1758 3335 1825 3386 ab

245 3400 542 3470 Aquilone,
594 3401 843 3470 iniquitas
883 3398 1117 3464 fervens,
1164 3415 1419 3454 succensa
1451 3405 1517 3454 ah
1544 3406 1822 3470 Aquilone,

246 3469 557 3541 quiddtxit:
589 3469 797 3541 Portam;
829 3470 995 3522 sedem
1028 3486 1189 3522 meam
1231 3473 1298 3522 ad
1325 3469 1642 3541 Aquilonem,
1669 3483 1713 3525 et
1743 3490 1828 3527 ero

246 3539 439 3610 simil’s
462 3540 738 3593 Altissimo.
770 3539 929 3605 Quasi
962 3540 1138 3593 dicat:
1182 3542 1234 3593 Si
1266 3539 1433 3595 fervet
1460 3544 1545 3595 illa
1578 3545 1825 3610 iniquita-

252 3612 323 3662 tis
352 3609 480 3673 olla,
501 3624 530 3661 e
561 3619 742 3664 contra
777 3612 1102 3664 ﬂatrunescat
1126 3613 1283 3664 ardor
1302 3609 1702 3666 charilutilelc
1723 3632 1824 3666 non

249 3688 463 3754 tantum
506 3683 699 3754 poterit
728 3682 1113 3754 persequendo,
1140 3693 1390 3749 quantum
1418 3700 1515 3754 ego
1538 3692 1721 3752 potero
1750 3686 1827 3738 di-

248 3748 470 3818 ligendo
493 3762 542 3804 et
572 3748 836 3816 patiendo.

332 3820 400 3873 Et
425 3830 679 3887 praeterea
709 3821 975 3874 extendam
1003 3822 1391 3876 colceamentum
1419 3840 1606 3888 meum,
1640 3824 1689 3875 id
1722 3834 1827 3888 est,

253 3888 608 3966 Evangelium
653 3907 849 3966 meum,
880 3892 1018 3960 quod
1062 3893 1263 3966 calcent
1284 3904 1348 3966 et_
1367 3896 1535 3945 munit
1564 3898 1722 3961 pedes
1753 3898 1831 3947 in-

252 3962 507 4031 tertores,
542 3972 592 4021 td
623 3978 725 4031 est,
755 3964 1083 4029 all‘eenones.
1113 3962 1248 4025 sicut
1274 3964 1687 4023 calceamentum
1718 3983 1831 4019 mtt-

253 4039 336 4110 nit
359 4038 525 4110 pedes
554 4038 867 4110 exteriores,
888 4055 1050 4109 usque
1080 4042 1133 4093 in
1154 4048 1459 4107 launueam,
1475 4046 1524 4097 td
1546 4054 1648 4110 est,
1665 4058 1830 4107 usque

247 4107 305 4160 in
337 4108 813 4177 desperatissimos.

328 4177 790 4256 Idumaeaquippe
819 4182 1196 4249 interpretatur
1224 4192 1421 4235 terrena
1472 4184 1727 4256 voluptas,
1779 4193 1832 4239 et

252 4262 359 4316 per
390 4250 499 4321 hoc
554 4249 914 4321 signiﬁcantur
970 4263 1175 4305 terrena
1224 4249 1598 4321 appetentes,-
1635 4265 1689 4309 et
1753 4257 1832 4310 eis

252 4318 494 4394 maxime
543 4319 887 4394 inluerentes.
940 4322 1009 4394 Et
1041 4324 1173 4375 adeo
1199 4318 1447 4389 extendo,
1498 4318 1637 4394 quod
1670 4327 1829 4378 etiam

250 4390 580 4459 alienigenis,
621 4391 670 4443 id
700 4400 779 4445 εει
802 4392 1052 4463 allophyli
1085 4395 1206 4445 mihi
1236 4395 1420 4445 subditi
1459 4390 1597 4457 sunt,
1624 4397 1831 4450 scilicet

251 4467 312 4511 ut
373 4468 715 4533 revereantur
761 4464 945 4516 saltem
994 4480 1099 4528 me,
1148 4464 1233 4529 qui
1267 4464 1448 4518 nolunt
1482 4466 1735 4533 proficere
1762 4466 1830 4521 de

258 4543 373 4602 tne.
394 4528 560 4602 Saepe
574 4530 715 4584 enim
769 4532 891 4586 mali
919 4528 1189 4602 suhjacent
1212 4534 1364 4587 bouis
1394 4528 1496 4589 non
1519 4551 1720 4599 amore,
1736 4537 1831 4591 sed

254 4600 493 4677 timore._
522 4599 589 4654 Et
638 4602 911 4677 sciendum
956 4599 1096 4677 (νίφα
1140 4603 1181 4656 si
1222 4616 1377 4677 caput
1424 4606 1538 4660 haec
1576 4607 1830 4677 loquitur,

257 4684 431 4737 pauca
464 4670 529 4724 de
560 4673 827 4740 praedictis
853 4670 1189 4727 mutabimus.
1214 4670 1371 4740 Quasi
1395 4677 1562 4730 dicat:
1594 4670 1735 4730 Juda
1752 4670 1835 4734 est

250 4755 354 4793 rex
391 4756 547 4804 meus,
600 4740 650 4794 id
682 4753 783 4804 est,
823 4758 949 4798 vere
979 4744 1307 4807 confitcntes,
1342 4755 1397 4799 et
1437 4760 1496 4800 se
1528 4748 1670 4814 ipsos
1699 4750 1835 4803 bene

256 4821 510 4877 regentes
534 4821 655 4887 sunt
678 4828 829 4882 reges
852 4815 978 4875 mei,
998 4814 1048 4887 id
1072 4825 1174 4877 est,
1194 4829 1346 4887 [eges
1367 4830 1633 4887 meorum,
1648 4833 1836 4887 regen-

257 4887 345 4953 tes
395 4894 487 4953 eo_s
516 4882 678 4935 verbo
725 4894 779 4953 et
825 4886 1089 4953 exemplo,
1121 4895 1177 4939 ut
1205 4882 1414 4951 Petrus,
1446 4882 1641 4943 Paulus
1670 4882 1732 4943 εἰ
1742 4889 1832 4944 alii

257 4951 416 5029 tales.
449 4949 675 5029 Etnideo
714 4952 869 5029 Moab
895 4949 1105 5029 est'olla
1131 4957 1237 5025 spei
1255 4949 1407 5029 mea,
1448 4957 1505 5029 id,
1538 4969 1640 5026 est,
1677 4973 1835 5029 spero

256 5018 599 5097 etiam‘relici
624 5022 692 5077 de
719 5025 1055 5079 abutentibns
1085 5018 1220 5097 lege,
1253 5027 1304 5081 id
1335 5018 1438 5093 est,
1478 5028 1545 5083 de
1587 5018 1837 5097 praevari-

253 5092 533 5167 catnrihus
562 5097 856 5160 conversis,
888 5105 941 5149 et
970 5096 1069 5149 hoc
1099 5092 1243 5159 ideo,
1289 5092 1538 5167 quiaego
1567 5092 1837 5154 extendam

256 5160 653 5215 calceamentum
684 5179 882 5220 meum:
917 5167 967 5219 id
993 5176 1096 5226 est,
1133 5160 1416 5223 notitieabo
1457 5160 1837 5224 incarnationis

256 5246 403 5310 mea}.
438 5243 918 5310 secretum_usque_
938 5238 990 5289 in
1019 5233 1325 5310 ldnmccam,
1358 5239 1409 5294 id
1437 5250 1538 5302 εει,
1570 5255 1739 5310 usque
1770 5241 1838 5296 ad

257 5302 761 5378 ntaxitne__terrenis
792 5302 1044 5378 deditos:
1086 5317 1138 5378 et
1180 5307 1278 5361 hoc
1316 5309 1366 5362 in
1424 5302 1666 5375 tantum,
1696 5311 1836 5378 quod

256 5372 424 5423 etiam
453 5371 839 5449 alienigentz,_id
863 5376 1232 5449 est,allophyli
1262 5378 1388 5433 mihi
1411 5380 1620 5447 subditi,
1634 5371 1841 5437 scilicet

256 5456 368 5494 non
401 5444 725 5507 atnore,’sed
751 5444 963 5504 timore.

335 5512 464 5573 Quis
486 5513 700 5589 deducet
722 5531 799 5569 me
826 5517 877 5568 in
905 5518 1151 5589 civitatem
1176 5519 1457 5573 munitam:
1495 5521 1604 5589 quis
1633 5522 1840 5576 deducet

258 5599 341 5634 me
365 5599 519 5659 usque
546 5586 596 5636 in
623 5585 946 5641 ldumwam?
974 5589 1165 5643 Volunt
1192 5590 1403 5657 quidam
1432 5585 1573 5659 qtmd
1616 5592 1666 5645 in
1697 5604 1841 5645 utra-

254 5669 365 5728 que
398 5654 783 5728 lectioneistud
820 5668 1018 5712 tantum
1052 5675 1150 5713 vox
1180 5654 1420 5728 corporis
1450 5654 1550 5726 ἐίι,
1584 5663 1676 5716 sed
1710 5664 1839 5717 nihil

260 5722 508 5790 impedit,
556 5726 681 5793 quin
711 5727 867 5780 etiam
900 5744 1001 5781 vox
1052 5729 1243 5795 capitis
1272 5722 1339 5783 sn
1369 5722 1545 5795 usque
1585 5733 1633 5785 in
1682 5734 1840 5788 linem

265 5804 512 5861 respectu
542 5798 779 5867 corporis
800 5818 808 5851 :
830 5811 880 5853 et
902 5803 974 5854 sic
1005 5801 1379 5856 continuatur:
1416 5802 1721 5873 Extendunt,
1754 5805 1838 5862 in-

1938 1849 2119 1902 raliter
2143 1851 2449 1903 vincamus:
2482 1849 2576 1902 sed
2609 1849 2828 1903 interius
2860 1865 2956 1904 nos
2984 1851 3276 1905 consolaris
3294 1860 3350 1905 et
3375 1866 3512 1904 con-

1940 1919 2138 1985 firmas,
2154 1931 2209 1976 et
2234 1919 2359 1975 "acis
2381 1921 2654 1977 cmlestetn
2676 1924 2896 1991 patriam
2919 1922 3224 1988 amabilem,
3243 1932 3512 1980 terrenam

1938 2004 2067 2044 vero
2094 1992 2497 2060 deSpicabilem.

2011 2063 2075 2115 Et
2099 2064 2220 2129 quia
2252 2064 2525 2117 nobiscum
2548 2077 2607 2119 εε
2656 2064 2899 2131 interius,
2931 2065 3055 2120 licet
3079 2064 3339 2133 repuleris
3367 2073 3517 2119 exte-

1936 2131 2069 2203 rius,
2092 2133 2234 2200 ideo,
2266 2133 2509 2200 Domine,
2540 2137 2607 2187 da
2635 2135 2775 2187 nobis
2817 2136 3070 2189 auxilium
3101 2131 3342 2199 interius,
3372 2135 3513 2203 quod

1937 2201 2006 2255 sit
2051 2202 2114 2255 de
2160 2203 2527 2269 tribulatione,
2581 2204 2633 2259 id
2672 2214 2784 2270 est,
2836 2220 3050 2259 causam
3114 2206 3303 2259 haheat
3342 2201 3511 2256 tribu-

1936 2272 2229 2339 lationem,
2281 2273 2333 2327 id
2386 2282 2500 2339 est,
2561 2274 2642 2329 fac
2696 2285 2755 2329 ut
2809 2276 3113 2341 tribulatio,
3165 2290 3323 2343 quam
3378 2280 3514 2341 pati-

1936 2356 2058 2415 mur
2079 2344 2325 2415 exterius
2347 2386 2361 2408 ,
2396 2348 2465 2397 sit
2492 2346 2557 2400 ad
2588 2344 2881 2415 profectum
2904 2387 2920 2409 ,
2968 2361 3070 2401 non
3126 2346 3190 2399 ad
3244 2346 3507 2399 defectum

1938 2412 2176 2487 interius.
2204 2414 2357 2479 Quod
2382 2415 2501 2487 ideo
2527 2412 2665 2479 dico,
2699 2415 2829 2487 quia
2850 2432 2981 2470 uana
3005 2416 3287 2487 etinutilis
3313 2426 3396 2487 est
3423 2431 3510 2468 sa-

1936 2483 2018 2557 lus
2031 2486 2529 2557 hominisexterius,
2548 2496 2604 2541 et
2623 2483 2748 2541 vere
2768 2483 2915 2543 dabit
2940 2486 3079 2557 quod
3106 2502 3255 2555 rogo,
3272 2486 3393 2553 quia
3416 2502 3516 2541 nos

1938 2555 2182 2623 faciemus
2220 2556 2451 2609 virtutem
2480 2558 2722 2617 interius,
2778 2557 2831 2611 id
2861 2555 2968 2623 est,
3014 2566 3324 2610 constantes
3351 2566 3403 2609 et
3435 2557 3516 2609 vi-

1939 2633 2116 2680 ctores
2136 2628 2338 2680 erimus
2362 2629 2416 2679 in
2441 2636 2491 2681 le
2514 2625 2644 2682 Deo.
2672 2626 2809 2682 Vere
2833 2626 2975 2681 enim
3018 2626 3338 2682 Laurentius
3363 2625 3512 2689 vicit,

1935 2697 2023 2763 qui
2054 2697 2212 2768 dixit:
2243 2699 2454 2768 Assatus
2475 2714 2609 2761 sum,
2629 2699 2744 2768 jam
2771 2714 2913 2752 versa
2935 2709 2981 2751 et
3009 2698 3280 2751 manduca.
3309 2696 3516 2768 Eteon-

1934 2766 2094 2819 vertit
2119 2782 2177 2820 se
2206 2767 2272 2820 ad
2303 2782 2400 2821 nos
2427 2768 2493 2823 ad
2522 2766 2758 2822 nostram
2779 2768 3230 2831 exhortationem,
3261 2767 3410 2834 quasi
3435 2767 3514 2819 di-

1935 2846 2052 2890 cat:
2100 2839 2162 2890 Ει
2195 2838 2349 2905 hujus
2376 2840 2450 2891 rei
2479 2839 2850 2893 certitudinem
2882 2856 2974 2905 per
3003 2839 3102 2891 hoc
3152 2838 3343 2901 habeo,
3387 2837 3512 2904 quia

1934 2907 2041 2976 ipse
2097 2907 2236 2961 Deus
2289 2909 2499 2962 deducet
2546 2914 2614 2960 ad
2645 2910 2883 2972 nihilum,
2926 2916 2983 2963 et
3020 2909 3105 2962 hie
3134 2917 3187 2961 et
3221 2909 3272 2960 in
3314 2908 3513 2969 futuro,

1933 2978 2234 3032 tribulantes
2265 2995 2376 3033 nos.
2405 2980 2541 3034 Ecce
2571 2979 2662 3033 Dei
2704 2980 2872 3048 gratia
2927 2981 2993 3032 ad
3043 2978 3264 3032 nihilum
3316 2976 3514 3031 redacti

1935 3057 2083 3119 sunt,
2145 3063 2244 3102 nec
2285 3061 2547 3117 apparent
2594 3064 2815 3119 usquam
2864 3050 3063 3103 inimici
3104 3049 3376 3119 Ecclesiae,
3411 3049 3514 3119 nisi

1938 3117 2078 3173 forte
2103 3119 2304 3173 ebriosi
2355 3120 2608 3175 calicibus
2666 3117 3075 3188 persequantur,
3104 3120 3244 3171 sicut
3270 3118 3394 3171 olim
3422 3118 3512 3188 fu-

1937 3190 2064 3243 riosi
2090 3189 2353 3258 lapidibus
2393 3205 2509 3245 eam
2543 3186 3017 3258 persequebantur.
3050 3190 3298 3242 Ebriosus
3325 3186 3508 3258 accipe

1929 3261 2011 3311 vel
2047 3257 2155 3311 hac
2188 3260 2324 3313 dulci
2354 3260 2480 3325 vita,
2522 3264 2603 3313 vel
2652 3257 2811 3313 etiam
2854 3262 2975 3313 vino
3004 3258 3330 3322 inebriatos;
3355 3257 3509 3327 quasi

1929 3331 2181 3382 calicibus
2224 3330 2512 3384 Ecclesiatn
2558 3340 2966 3396 persequuntur.
2990 3332 3110 3397 quia
3133 3343 3277 3398 saepe
3305 3327 3506 3384 sanctis

1930 3402 2055 3452 viris
2080 3400 2311 3454 inferunt
2331 3411 2385 3454 et
2407 3400 2794 3454 contradicunt.

2436 3515 2499 3568 ΙΝ
2533 3513 2794 3569 PSALMU
2807 3515 2849 3568 Μ
2885 3512 2994 3567 LX.

2326 3643 2376 3685 tn
2406 3632 2562 3683 linem
2599 3628 2649 3682 in
2683 3630 2897 3701 hymnis
2931 3631 3115 3686 Davm.

2536 3737 2909 3777 ARGUIENTUI.

2006 3811 2082 3864 Et
2116 3825 2342 3885 persona
2393 3814 2575 3881 populi
2611 3815 2663 3866 in
2699 3814 2970 3884 Babylone
3016 3814 3192 3882 positi,
3220 3824 3272 3871 et
3301 3830 3398 3885 pro
3418 3830 3511 3871 sua

1934 3884 2179 3936 libertate
2209 3884 2548 3965 deprecantis
2596 3886 2829 3967 psalmus
2869 3886 2970 3968 iste
3014 3884 3395 3972 componitur,
3425 3889 3514 3943 cui

1935 3964 2112 4012 tamen
2143 3968 2293 4028 spem
2324 3964 2577 4015 uulnerat
2609 3964 2928 4015 reversionis
2948 3964 2999 4015 itt
3027 3964 3253 4030 patriam

2535 4066 2891 4106 EXPLANATIO.

2009 4144 2063 4197 In
2095 4142 2564 4215 hymntsGrarrum
2593 4154 2687 4215 est,
2713 4154 2759 4196 et
2780 4145 3142 4215 interpretatur
3162 4144 3214 4198 in
3241 4142 3509 4215 laudibus,

1934 4215 2069 4282 quod
2114 4226 2243 4268 totus
2297 4213 2540 4285 Psalmus
2579 4212 2765 4266 Christi
2807 4212 3062 4281 praeconia
3106 4214 3411 4285 personabit.
3442 4215 3510 4269 In

1934 4286 2100 4355 prima
2131 4294 2272 4351 parte
2298 4302 2330 4336 a
2359 4283 2545 4351 ﬁnibus
2566 4291 2714 4357 terrae
2738 4285 3036 4357 deprecatur
3065 4283 3286 4357 populus
3310 4286 3503 4355 fidelis,

1936 4365 1988 4407 ut
2019 4357 2128 4424 ejus
2172 4356 2416 4407 audiatur
2444 4356 2625 4417 oratio,
2658 4366 2906 4424 quatenus
2946 4356 3001 4409 in
3042 4356 3219 4409 sancta
3270 4357 3505 4411 Ecclesia

1938 4441 2257 4494 perseverans
2279 4425 2480 4477 alarum
2504 4426 2610 4497 ejus
2632 4426 2877 4479 velamine
2905 4437 3217 4497 protegatur.
3242 4427 3305 4479 In
3329 4443 3510 4480 secun-

1866 4517 1912 4575 ι)
1938 4498 2005 4547 da
2024 4496 2215 4565 gratias
2240 4496 2364 4575 agit,
2387 4496 2523 4562 quod
2540 4496 2697 4565 justis
2726 4496 3078 4575 ha'rcditatem
3103 4514 3248 4575 suam
3275 4497 3436 4562 dedit,
3458 4506 3507 4549 et

1936 4582 2119 4638 nomen
2139 4582 2310 4638 suum
2339 4566 2392 4619 in
2421 4576 2663 4638 cateruam
2692 4568 2911 4637 gloriam
2943 4570 3272 4631 consecravit,
3302 4582 3367 4620 ea:
3404 4584 3510 4638 qua

1932 4651 1989 4691 re
2019 4635 2203 4691 laudes
2228 4653 2283 4691 se
2310 4637 2630 4690 redditurum
2648 4635 2843 4708 jugiter
2869 4638 3089 4693 Domino
3112 4640 3403 4707 pollicetur.

2498 4740 2928 4782 COMMENTARIUS.

2007 4816 2234 4882 Exaudi,
2267 4816 2424 4885 Deus,
2448 4819 2848 4886 deprecationem
2892 4836 3058 4875 meam
3087 4837 3108 4878 :
3143 4822 3351 4877 intende
3374 4838 3511 4876 ora-

1936 4889 2064 4962 tioni
2081 4906 2238 4962 parte.
2264 4890 2471 4962 Titulus
2500 4899 2583 4962 est
2613 4908 2625 4943 :
2659 4890 2724 4945 In
2750 4892 2903 4959 ﬁnem
2929 4892 2983 4944 in
3011 4892 3233 4962 hymnis,
3263 4892 3510 4948 Psalmus

1938 4961 2035 5028 ipsi
2071 4958 2258 5014 David.
2290 4960 2425 5026 Quid
2455 4962 2525 5014 sit
2554 4960 2605 5014 in
2649 4962 2832 5027 tinem,
2874 4976 3018 5031 saepe
3047 4958 3260 5017 'dictum
3306 4974 3408 5018 est.
3443 4963 3505 5025 In

1939 5033 2150 5101 hymnis
2180 5045 2303 5085 vero
2324 5032 2445 5085 ideo
2477 5033 2775 5099 appositum
2806 5041 2906 5097 est,
2942 5043 2997 5086 ut
3025 5034 3140 5088 sive
3166 5034 3499 5089 exsultemus

1938 5113 1993 5157 et
2017 5101 2277 5169 lzetemur,
2306 5104 2417 5157 sive
2442 5101 2755 5157 tribulemur
2782 5112 2837 5157 et
2864 5104 3247 5168 angustiemur,
3269 5105 3359 5159 ille
3383 5105 3498 5158 Ian-

1938 5170 2146 5226 dandus
2175 5172 2261 5237 sit,
2285 5173 2373 5241 qui
2421 5182 2474 5226 et
2522 5173 2573 5225 in
2607 5172 3033 5228 tribulationibus
3083 5175 3281 5237 erudit,
3341 5184 3397 5229 et
3444 5176 3500 5231 in

1940 5243 2210 5314 prOSperis
2239 5242 2545 5314 consolatur
2573 5243 2839 5297 homines.
2890 5242 2958 5297 Et
2987 5260 3121 5299 unus
3152 5246 3384 5313 loquitur
3415 5246 3503 5300 hic

1942 5312 2047 5368 non
2081 5328 2175 5379 per
2199 5328 2279 5378 se,
2308 5312 2401 5367 sed
2444 5328 2534 5379 per
2564 5315 2800 5368 membra
2824 5327 2953 5380 sua;
2982 5315 3105 5383 quia
3152 5312 3384 5384 loquitur
3414 5317 3505 5370 hie

1941 5384 2092 5455 quasi
2126 5399 2283 5455 unus,
2311 5398 2421 5455 non
2441 5393 2615 5455 autem
2645 5400 2779 5438 unus
2808 5394 2912 5451 est,
2941 5387 3033 5438 sed
3064 5395 3313 5455 tanquam
3342 5403 3504 5452 unus,

1946 5453 2123 5507 unitas
2162 5454 2248 5508 hic
2287 5454 2534 5520 loquitur.
2568 5453 2766 5509 Omnes
2816 5456 2961 5508 enim
3005 5455 3055 5509 itt
3096 5453 3317 5512 Christo
3368 5471 3510 5511 unus

1946 5523 2105 5579 homo
2143 5539 2347 5589 smnus,
2378 5522 2532 5591 hujus
2582 5533 2758 5578 autem
2813 5525 3043 5580 hominis
3089 5537 3247 5595 caput
3288 5529 3341 5581 in
3370 5527 3510 5581 caelo

1948 5606 2049 5658 est,
2083 5596 2317 5666 membra
2350 5609 2476 5666 vero
2505 5597 2555 5648 itt
2586 5604 2725 5666 terra
2758 5595 3018 5650 laborant.
3061 5599 3124 5651 Et
3144 5598 3231 5666 qui
3260 5598 3503 5652 laborant

1950 5668 2125 5719 videte
2165 5664 2291 5732 quid
2344 5665 2540 5736 dicant.
2590 5665 2701 5719 Vox
2751 5676 2833 5719 est
2871 5668 3121 5721 Ecclesia:
3164 5664 3367 5723 orantis
3413 5682 3510 5736 pro

1946 5737 2239 5790 constantia
2285 5736 2334 5786 in
2377 5734 2715 5806 tribulatith
2762 5746 2817 5789 et
2857 5740 3247 5806 persecutione,
3308 5750 3364 5791 ut
3415 5734 3510 5803 por

1947 5806 2061 5863 lucc
2084 5807 2146 5861 ad
2172 5805 2414 5862 eumdem
2441 5805 2621 5873 linem,
2654 5808 2717 5861 ad
2747 5824 2900 5879 quctn
2930 5820 3085 5887 caput
3109 5805 3505 5893 ejut’pervcuit,
