3984 6362
513 243 620 307 Ἰυθ

979 239 1176 303 ΒΕῧιΕ
1216 236 1665 301 VENERABILIS
1702 240 1850 299 OPP.
1893 238 2059 296 PARS

2165 279 2171 294 .
2211 240 2403 297 SECT.
2446 240 2507 298 ll.
2539 272 2609 284 —
2641 242 2838 303 DUBIA
2885 238 2974 303 ΕΤ
3013 239 3282 304 ερυιιιι.

3645 248 3758 307 800

515 363 686 438 possit
737 361 1036 438 pervenire,
1085 370 1135 414 et
1178 361 1303 414 dicit
1357 358 1429 413 ita
1464 356 1650 438 :_Deus
1675 358 1857 438 _Pat_er,
1891 360 2073 413 exaudi
2103 357 2149 418 Α
2179 372 2278 438 ope
2308 374 2450 422 mea,
2502 374 2605 438 non
2657 360 2861 415 viribus
2892 362 3066 438 meis:
3095 364 3189 418 sed
3229 362 3347 429 quia
3400 371 3646 438 protegar
3695 372 3751 424 in

514 428 919 502 Heprecaliouem
949 447 1111 502 meam
1162 445 1256 494 pro
1303 429 1533 502 peccatis
1585 429 1718 502 meis
1743 428 1984 502 iactam,
2016 439 2071 483 et

517 498 740 569 intende,
770 503 820 556 id
850 511 957 569 est,
999 501 1259 553 intentum
1305 508 1358 554 te
1412 499 1494 553 lac
1538 498 1754 553 orationi
1802 513 1926 553 ntere
1976 514 2071 569 pro

496 568 915 642 perseverantia
940 568 1130 642 ﬁnibus
1153 579 1310 642 terrai

590 644 631 694 Α
656 643 840 711 ﬁnibus
870 650 1015 693 terra:
1040 640 1109 692 ad
1149 649 1197 691 te
1221 639 1452 711 clamavi,
1484 640 1608 693 dum
1653 638 1953 711 anxiaretur
1967 654 2070 711 deor

516 708 685 764 meum
710 727 727 763 :
754 712 806 763 in
835 719 973 776 petra
994 710 1231 762 exattasti
1256 724 1353 763 me.
1392 711 1512 764 Ideo
1541 711 1659 763 dico
1699 718 1757 759 ut
1786 708 2064 770 esaudias,

519 782 639 847 quia
670 794 768 848 ego
795 781 1009 832 clamavi
1036 780 1103 831 ad
1130 788 1174 831 te
1199 795 1229 829 a
1265 780 1447 845 finibus
1487 790 1653 833 terrat.
1697 777 1847 843 Quod
1880 788 2069 848 potest

519 849 687 915 accipi
709 847 807 903 ’vel
835 849 1164 916 simpliciter,
1197 850 1344 915 quasi
1381 850 1604 913 diceret,
1640 848 1717 900 Ab
1746 847 1889 900 omni
1922 858 2066 913 parte

519 914 676 972 terra:
702 936 717 983 ;
749 920 831 973 vel
863 914 917 972 'ut
940 914 1094 972 causa
1125 914 1221 983 sit,
1250 934 1309 971 ac
1338 919 1381 973 si
1412 920 1568 978 dicat,
1600 917 1826 972 Clamavi
1868 932 1971 970 non
2002 918 2065 970 ad

520 1002 729 1051 aurum,
761 1004 861 1042 non
889 989 953 1042 ad
983 999 1279 1055 argentum,
1326 990 1420 1042 sed
1464 990 1530 1041 ad
1562 998 1607 1040 te
1637 988 1859 1051 primum
1889 1003 1920 1038 a
1944 986 2066 1055 fini-

517 1056 613 1110 bus
642 1067 807 1119 terrae.
839 1059 890 1111 id
922 1068 1002 1112 est
1030 1074 1122 1125 per
1152 1058 1275 1110 illos
1302 1060 1389 1126 qui
1419 1068 1541 1126 sunt
1570 1059 1703 1111 lines
1732 1066 1904 1120 teme,
1944 1057 2067 1124 quia

522 1142 738 1181 onmem
767 1129 1121 1181 terrenitalem
1152 1129 1436 1181 liuiveriint
1467 1128 1519 1181 in
1559 1142 1636 1180 se.
1666 1126 1794 1191 Quis
1824 1140 1957 1178 unus
1985 1127 2068 1181 hic

518 1198 718 1251 clamet
746 1214 774 1250 τι
807 1198 1001 1251 ﬁnibus
1030 1200 1217 1251 terrae?
1248 1200 1347 1250 nisi
1378 1199 1497 1265 quia
1521 1196 1762 1250 Christus
1784 1204 1865 1248 est
1889 1212 2023 1248 unus
2050 1236 2065 1259 ,

514 1268 669 1333 cujus
703 1269 968 1332 possessio
994 1278 1048 1321 et
1086 1268 1367 1320 haereditas
1396 1279 1476 1319 est
1497 1268 1603 1330 illa,
1643 1266 1709 1319 de
1737 1279 1837 1332 qua
1866 1265 2065 1318 dictum

515 1345 599 1389 est
623 1337 944 1392 :°Postulaa
981 1354 1078 1400 me,
1119 1347 1165 1389 et
1211 1338 1341 1390 dabo
1390 1338 1478 1389 tibi
1521 1345 1689 1405 gentes
1725 1334 2068 1388 [nereditatem

513 1412 675 1471 tuam,
701 1418 746 1461 et
778 1407 1134 1473 possessionem
1174 1418 1311 1459 tuam
1352 1408 1586 1460 terminos
1612 1415 1783 1469 teme,
1827 1405 1925 1457 hoc
1964 1417 2068 1470 esi,

519 1488 714 1543 corpus
735 1478 945 1539 Christi,
975 1478 1087 1529 haec
1107 1484 1192 1530 est
1219 1478 1499 1531 liiereditas
1523 1476 1714 1529 Christi
1745 1490 1864 1540 quae
1894 1489 1922 1524 a
1956 1476 2071 1525 lini-

518 1542 630 1600 bus
652 1556 803 1601 terrae
826 1549 1034 1599 clamat.
1077 1548 1251 1612 Quare
1290 1556 1466 1600 autem
1504 1547 1697 1599 clamat
1738 1544 1886 1608 dicit,
1928 1545 2071 1597 scili-

512 1625 601 1668 cet
629 1616 750 1668 dum
792 1618 1085 1669 anxiaretur
1124 1632 1209 1668 cor
1250 1633 1438 1669 meum.
1476 1616 1701 1670 Necesse
1740 1623 1822 1667 est
1860 1612 1985 1666 dum
2016 1614 2065 1666 in

2176 428 2454 506 velamento
2491 430 2695 506 alarum
2728 440 2953 506 tuarum.
2997 432 3212 506 Magnus
3243 428 3326 487 est
3370 428 3754 506 astus'hnjns

2174 500 2376 561 szecnli,
2416 499 2536 567 quia
2574 500 2753 570 multae
2783 499 3145 554 tribulationes
3165 501 3427 570 justoruin
3455 520 3471 557 :
3505 507 3605 559 sed
3634 499 3747 562 tam

2175 583 2361 641 magna
2385 577 2467 621 est
2498 569 2680 641 umbra
2704 569 2930 641 alarum
2973 570 3064 623 Dei
3097 569 3268 638 (quasi
3300 571 3460 641 dicai)
3491 579 3636 641 quod
3677 582 3746 630 ali

2176 636 2265 710 illo
2294 653 2377 710 nte
2407 640 2630 710 protegit
2655 659 2688 710 ;_
2704 639 2798 710 bas
2833 650 3005 693 autem
3035 636 3149 693 alas
3175 636 3455 707 possumus
3489 636 3750 710 accipere

2174 707 2253 758 vel
2278 707 2613 761 dilectionem
2660 707 2753 761 Dei
2783 716 2839 761 et
2868 710 3115 775 proximi,
3149 710 3229 763 vel
3261 710 3418 764 Vetus
3445 723 3500 765 et
3528 707 3746 769 Novum

2172 775 2595 841 Testamentum,
2622 779 2707 830 vel
2740 779 3156 831 misericordiam
3200 789 3256 833 et
3310 782 3612 837 veritatem.
3648 786 3756 838 bli—

2174 847 2517 901 sericordiam
2542 848 2753 914 quidem
2778 849 2827 900 in
2854 849 3172 903 remittendo
3199 860 3432 915 peccata,
3456 855 3742 909 veritates:

2170 929 2320 979 vero,
2354 916 2407 969 in
2436 917 2751 997 complenda
2779 918 3059 986 promissa,
3092 919 3177 973 vel
3205 919 3366 972 etiam
3399 921 3739 991 increpatio-

2174 999 2294 1037 item
2324 995 2376 1037 et
2406 987 2831 1051 promissionem.

2243 1054 2494 1119 Quoniam
2524 1067 2595 1116 tu,
2626 1055 2755 1109 Deus
2782 1072 2938 1120 meus,
2961 1057 3210 1110 exaudisti
3236 1059 3514 1114 orationem
3536 1079 3704 1114 meam
3724 1081 3744 1118 :

2170 1124 2354 1177 dedisti
2400 1126 2743 1178 Iiarreditatem
2798 1128 3083 1180 timentibus
3135 1143 3313 1180 nomen
3366 1140 3528 1184 tuum.
3596 1133 3739 1188 Vere

2173 1204 2417 1262 proteges
2447 1210 2550 1259 me,
2576 1195 2824 1259 quoniam
2854 1195 2961 1263 jam
2980 1198 3231 1249 exaudiui
3261 1200 3540 1253 orationem
3566 1220 3741 1255 means

2172 1265 2359 1334 tactam
2394 1280 2487 1331 pro
2516 1265 2929 1332 perseverantia,
2960 1276 3013 1319 tu
3038 1268 3158 1319 dico
3188 1268 3238 1320 in
3271 1267 3372 1321 hoc
3410 1270 3548 1323 Deus
3574 1289 3741 1334 meus,

2174 1332 2222 1405 id
2254 1344 2335 1386 est
2362 1349 2516 1399 quem
2546 1336 2665 1387 ideo
2700 1336 2890 1388 merito
2916 1338 3079 1405 gratis
3111 1352 3251 1400 amo,
3307 1339 3427 1392 colo
3454 1351 3509 1391 et
3554 1332 3740 1397 laudo.

2175 1403 2465 1477 lfltinilioc
2519 1413 2757 1477 apparet,
2789 1403 2940 1472 quod
2979 1420 3105 1459 vere
3151 1421 3237 1460 me
3285 1409 3567 1476 exaudisti,
3618 1416 3740 1477 quia

2170 1474 2353 1527 dedisti
2381 1476 2487 1540 jam
2528 1475 2663 1539 ipse,
2708 1475 2926 1528 daturus
2972 1484 3208 1543 tempore
3236 1491 3332 1528 suo
3374 1478 3424 1529 in
3477 1474 3740 1534 reticere-

2171 1543 2376 1596 ditatem
2404 1546 2778 1610 sempiternam
2813 1556 2865 1597 et
2907 1561 3107 1610 veram,
3156 1554 3209 1598 et
3250 1546 3542 1601 timentibus
3589 1562 3740 1604 casto

2175 1612 2363 1666 timore
2412 1630 2593 1666 nomen
2638 1627 2797 1673 tuum,
2835 1614 2884 1667 id
2936 1624 3037 1676 est,
3074 1620 3172 1669 hoc
3213 1630 3404 1669 nomen
3460 1617 3603 1671 Deus
3658 1624 3739 1674 vel

521 1688 946 1759 peregrinatione
986 1703 1188 1759 sumtis,
1233 1688 1552 1759 tentationdes
1598 1693 1654 1739 et
1694 1683 2060 1759 _tri_hu|at_i_ones
2094 1700 2141 1759 Β
2174 1681 2445 1759 Dominus.
2479 1681 2666 1736 Merito
2701 1695 2878 1759 autem
2923 1686 3261 1759 hoe_nomen
3300 1687 3439 1739 Deus
3485 1691 3740 1745 omnibus

517 1752 909 1823 patiainur,sed
938 1756 1155 1810 tentatio
1175 1766 1350 1808 nostra
1380 1752 1670 1822 profectum
1694 1753 1871 1807 habet.
1896 1752 2061 1806 Nemo

512 1825 659 1877 enim
683 1828 779 1879 sibi
826 1827 1122 1887 innotescit,
1159 1827 1253 1878 nisi
1291 1834 1564 1888 tentatus;
1599 1838 1695 1876 nec
1720 1823 2064 1877 coronabitnr

514 1894 723 1967 οΙίωίε,
751 1896 851 1949 nisi
878 1896 1076 1949 vicerit.
1111 1895 1328 1949 Vincere
1359 1910 1460 1967 non
1495 1894 1705 1967 poterit,
1748 1892 1849 1945 nisi
1890 1903 2062 1945 certu-

515 1965 916 2031 verit;certare
946 1980 1068 2019 vero
1095 1980 1195 2017 non
1228 1966 1441 2027 poterit,
1483 1967 1527 2016 si
1572 1965 1661 2031 qui
1705 1977 1825 2017 eum
1872 1970 2060 2027 tentet,

510 2030 720 2087 hostem
760 2050 861 2088 non
903 2035 1161 2089 habuerit.
1192 2034 1439 2097 Clamavi,
1484 2030 1718 2103 inquam,
1749 2032 1817 2083 ad
1840 2041 1907 2094 te,
1944 2034 2063 2085 dum

510 2117 603 2154 eor
637 2122 801 2157 meum
843 2107 1157 2167 anxiaretur,
1191 2105 1550 2157 tantummodo
1590 2118 1693 2157 non
1736 2104 2059 2167 vinceretur,

512 2171 637 2225 ideo
657 2176 776 2242 quia
803 2182 855 2228 tu
883 2175 1123 2229 era/tosti
1147 2189 1223 2226 me
1246 2189 1311 2227 ne
1334 2175 1574 2228 vincerer
1602 2174 1656 2225 in
1694 2181 1857 2239 petra.
1906 2169 2062 2224 Petra

513 2251 701 2306 autem,
747 2255 802 2296 ut
829 2245 899 2297 ait
924 2247 1227 2313 Apostolus,
1251 2254 1361 2297 erat
1399 2244 1644 2313 Christus,
1670 2243 1757 2311 qui
1790 2257 1883 2295 nos
1911 2243 2059 2295 exal-

518 2314 645 2365 tavit
670 2332 682 2366 :
713 2314 831 2381 quia
864 2312 1007 2381 prior
1037 2330 1130 2383 pro
1160 2315 1313 2368 nobis
1341 2321 1395 2367 et
1422 2312 1490 2367 de
1514 2323 1698 2367 neStro
1731 2313 1897 2365 voluit
1920 2313 2058 2378 capi,

509 2384 699 2454 teneri,
742 2384 992 2454 ﬂagellari
1039 2394 1092 2438 et
1135 2384 1292 2448 cmdi,
1322 2393 1377 2454 ut
1404 2383 1715 2454 exemplum
1734 2385 1888 2454 nobis
1912 2386 2060 2454 daret

510 2451 757 2515 vivendi;
801 2451 867 2509 de
901 2471 984 2510 me
1009 2455 1155 2509 enim
1192 2454 1289 2508 sibi
1336 2453 1634 2515 inﬁrmitas,
1686 2451 1752 2505 de
1798 2453 1887 2505 illo
1932 2453 2057 2505 milii

508 2518 762 2591 fortitudo
792 2543 803 2577 :
836 2524 901 2578 de
930 2540 1015 2578 me
1030 2524 1133 2578 sibi
1164 2523 1473 2589 ignominia,
1492 2523 1559 2577 de
1589 2523 1678 2575 illo
1701 2521 1825 2575 mihi
1852 2524 2018 2591 gloria
2043 2540 2055 2574 :

508 2589 577 2641 de
608 2606 691 2644 me
722 2593 817 2647 sibi
844 2610 1006 2657 mors,
1038 2594 1105 2648 de
1132 2594 1221 2647 illo
1248 2593 1375 2646 mihi
1407 2594 1547 2647 vita:
1581 2591 1649 2646 de
1690 2607 1774 2646 me
1802 2589 1900 2647 sibi
1953 2598 2059 2645 liu-

508 2661 754 2727 miliatio,
789 2664 854 2717 de
881 2664 969 2718 illo
1000 2664 1125 2717 mihi
1149 2664 1417 2717 exaliatio.

584 2729 847 2801 Deduxisti
870 2750 967 2795 me,
995 2735 1113 2801 quia
1136 2735 1297 2797 fartus
1327 2750 1378 2787 es
1400 2748 1510 2801 spes
1551 2747 1660 2784 mea
1685 2771 1699 2794 ,
1724 2732 1877 2785 turris
1908 2734 2059 2800 farti-

512 2798 697 2870 tudinis
719 2818 748 2852 a
776 2803 906 2870 facie
945 2798 1157 2857 inimici.
1199 2798 1453 2856 Exaliasti
1492 2818 1588 2865 me,
1626 2804 1859 2869 inquam,
1890 2798 1943 2855 et
1973 2811 2061 2856 ite-

504 2866 703 2922 duxisti
748 2866 826 2924 me
862 2874 929 2926 de
978 2876 1168 2926 virtute
1223 2876 1272 2925 iii
1322 2875 1589 2927 virtutem.
1650 2866 1941 2937 Dedusisti,
1978 2876 2057 2926 in-

503 2951 687 3010 quam,
739 2944 857 3010 quia
903 2943 1007 2996 dux
1059 2959 1245 2997 metis:
1276 2951 1329 2996 et
1368 2958 1460 3009 per
1511 2951 1582 3006 te,
1614 2944 1732 3009 quia
1783 2943 1863 2995 via
1893 2944 1959 2996 ad
1988 2953 2059 3007 te,

506 3007 633 3082 quia
689 3007 851 3065 tti'es
889 3016 1057 3081 patria
1104 3013 1254 3082 mihi.
1307 3007 1378 3064 Et
1414 3025 1536 3082 vere
1580 3007 1866 3075 deduxisti,
1940 3015 2063 3082 quia

507 3077 676 3144 factus
699 3096 750 3133 es
778 3076 900 3147 spes
931 3100 1040 3136 mea
1078 3085 1130 3137 in
1160 3076 1379 3135 Christo.
1425 3081 1666 3135 Christus
1709 3083 1849 3134 enim
1880 3076 1966 3134 est
2010 3085 2059 3137 in

513 3146 613 3201 hoc
641 3165 764 3216 spes
794 3146 992 3218 nosua,
1035 3154 1157 3221 quia
1191 3168 1376 3219 passus
1399 3162 1497 3214 est,
1526 3161 1764 3204 mortuus
1783 3192 1797 3215 ,
1826 3153 2064 3217 sepultus

504 3228 609 3280 est,
642 3229 696 3273 et
725 3224 1028 3276 resurrexit.
1060 3222 1235 3289 Quare
1262 3224 1311 3275 in
1335 3221 1448 3288 ipso
1476 3222 1714 3275 videmus
1741 3231 1797 3275 et
1824 3222 2062 3277 laborem

507 3301 749 3367 nosuuni
790 3305 842 3346 et
892 3295 1191 3367 mercedem
1228 3302 1502 3367 nostram.
1544 3291 1803 3367 Laborem
1849 3294 2059 3367 quidem

511 3360 851 3437 ittpassione,
885 3363 1184 3437 mercedem
1226 3362 1279 3417 in
1329 3360 1717 3437 resurrectione
1741 3377 1758 3414 :
1782 3363 1901 3437 quia
1929 3364 2061 3418 duas

510 3432 647 3480 vitas
698 3432 971 3487 habemus.
1023 3435 1280 3497 Alteram,
1332 3432 1385 3486 in
1425 3447 1526 3501 qua
1581 3434 2058 3501 sumus:alterum

504 3510 665 3561 quam
694 3514 989 3570 speramus.
1024 3501 1089 3555 Et
1120 3505 1163 3556 si
1196 3500 1455 3571 patienter
1482 3501 1771 3556 toleramus
1822 3500 1966 3556 illam
2009 3505 2059 3557 iii

506 3580 611 3640 qua
642 3582 846 3635 sumus,
874 3572 1237 3638 perveniemus
1280 3572 1344 3625 ad
1390 3572 1533 3626 illam
1564 3586 1722 3640 quam
1763 3586 2058 3640 speramus.

508 3632 626 3689 Non
672 3632 944 3704 noveram,
975 3642 1075 3696 nisi
1115 3641 1381 3696 hominem
1425 3641 1569 3695 nasci
1585 3632 1651 3695 ὀι
1681 3632 1850 3695 mori:
1885 3658 2060 3697 resur-

509 3717 637 3772 gere
663 3716 859 3773 autem,
889 3720 945 3767 et
986 3712 1038 3763 in
1089 3725 1345 3767 aeternum
1395 3712 1577 3766 vivere
1625 3726 1728 3763 non
1784 3726 2055 3767 noveram.

509 3778 729 3854 Accepit
780 3779 894 3854 ipse
935 3781 1076 3848 quod
1132 3797 1229 3849 ego
1260 3796 1532 3854 noveram,
1578 3790 1635 3835 et
1674 3781 2061 3854 demonstravit

508 3844 641 3925 mihi
666 3850 805 3925 quod
833 3863 933 3918 ego
953 3844 1064 3905 non
1090 3844 1361 3917 noveram,
1385 3850 1436 3903 id
1475 3844 1557 3905 est
1594 3850 2055 3925 resurrectionem,

510 3922 565 3993 et
590 3917 672 3993 sic
702 3917 983 3993 factusiest
1017 3935 1147 3993 spes
1176 3935 1317 3993 mea,
1349 3930 1403 3974 et
1436 3929 1519 3975 est
1548 3921 1674 3973 mihi
1719 3920 1870 3993 turris
1902 3922 2059 3993 [orli-

510 3985 695 4063 tttdt'nis
729 4004 761 4039 a
786 3989 917 4063 facie
952 3985 1164 4063 inimici,
1204 3990 1268 4063 id
1306 3985 1397 4044 Vest
1442 4006 1474 4043 a
1532 3990 1807 4063 prtesentiu
1831 3985 2052 4063 iiii'iiiici,

512 4054 713 4133 scilicet
741 4054 807 4113 ne
843 4060 971 4133 tela
994 4059 1110 4133 ejus
1152 4061 1215 4113 ad
1247 4076 1331 4133 me
1356 4054 1705 4133 perveniant.
1743 4054 2059 4133 liisidiantur

505 4123 637 4176 mihi
655 4127 931 4200 heretici,
959 4123 1213 4184 insultant
1242 4123 1584 4200 milii-pagani
1617 4137 1674 4183 et
1697 4145 1882 4183 omnes
1907 4132 2051 4195 mali,

512 4195 667 4269 quasi
706 4212 809 4269 non
840 4202 909 4252 sit
951 4201 1077 4254 mihi
1118 4200 1266 4255 locus
1296 4195 1502 4269 relu’gii'.
1533 4199 1639 4254 Sed
1683 4201 1925 4253 Christus
1974 4211 2058 4256 est

508 4262 641 4316 mihi
673 4268 832 4320 turris
862 4268 1201 4323 fortitudinis.
1236 4270 1359 4324 ΙΙωο
1388 4262 1547 4323 turris
1571 4272 1803 4323 exterius
1833 4286 1935 4322 non
1964 4286 2056 4337 ap-

503 4344 674 4408 paret,
708 4338 800 4408 sed
840 4352 1049 4405 semper
1084 4340 1305 4394 interius
1335 4354 1569 4408 praesens
1612 4348 1711 4393 est.
1762 4340 2051 4394 Considera

2173 1753 2461 1806 timendum
2492 1763 2593 1813 εει.
2628 1762 2687 1805 ιιι
2714 1754 2853 1807 sicut
2907 1755 2971 1806 ad
3014 1753 3317 1807 Creatorem
3348 1769 3622 1823 creatura,
3672 1761 3738 1813 ila

2162 1825 2225 1895 ad
2257 1823 2423 1895 ipsum
2456 1836 2513 1874 se
2538 1823 2792 1877 habeant.
2817 1824 2943 1875 Item
2968 1825 3067 1877 hoc
3092 1839 3280 1878 nomen
3315 1825 3571 1880 Dominus
3595 1834 3738 1895 justo

2164 1892 2449 1945 timendum
2477 1904 2557 1945 est
2587 1896 2834 1963 omnibus
2866 1903 2922 1945 ut
2959 1895 3188 1947 habeant
3229 1910 3289 1948 se
3327 1910 3452 1963 erga
3484 1892 3634 1959 enni,
3665 1904 3738 1952 si-

2162 1971 2253 2014 cut
2281 1976 2465 2015 servus
2491 1976 2612 2029 erga
2643 1962 2940 2027 dominum,
2973 1964 3214 2016 subditus
3242 1978 3365 2031 erga
3395 1962 3701 2029 praelatum.

2235 2031 2355 2084 Dies
2383 2048 2535 2106 super
2581 2033 2689 2106 dies
2719 2032 2849 2099 regis
2881 2033 3092 2106 adjicies
3120 2049 3329 2106 :_annos
3357 2038 3475 2106 ejus
3506 2053 3665 2106 usque
3687 2041 3739 2091 in

2163 2099 2294 2175 diem
2317 2102 2649 2175 generationis
2678 2111 2722 2154 et
2749 2099 3107 2175 generationis.
3144 2104 3317 2175 Dabis,
3353 2099 3593 2175 inquam,
3625 2110 3735 2159 hir-

2162 2170 2462 2245 reditatem,
2489 2172 2661 2245 ethoc
2689 2170 2854 2245 mede
2870 2173 3019 2225 dabis
3043 2188 3160 2225 eam
3190 2191 3198 2223 :
3226 2174 3347 2239 quia
3377 2170 3597 2245 adjicies
3628 2180 3735 2232 dies

2160 2242 2317 2307 regis,
2350 2242 2397 2294 id
2430 2250 2513 2294 est
2540 2243 2652 2295 dies
2681 2244 2786 2306 jam
2827 2243 2980 2296 datos
3004 2245 3110 2310 regi
3146 2252 3330 2296 nostro
3360 2242 3598 2308 Chi-ista,
3625 2250 3736 2301 dies

2158 2311 2361 2364 scilicet
2411 2312 2742 2365 immortales
2799 2322 2854 2365 et
2893 2322 3145 2377 aiternos,
3202 2328 3362 2380 super
3398 2314 3576 2383 justas
3620 2319 3732 2372 dies

2160 2388 2371 2435 nostros
2398 2384 2651 2435 mortales
2680 2390 2734 2435 et
2769 2382 3103 2436 transitorios
3140 2399 3153 2435 :
3182 2393 3235 2435 et
3261 2382 3427 2437 annos
3457 2388 3572 2450 ejus
3599 2390 3733 2452 adii-

2159 2453 2267 2521 cies
2297 2466 2457 2517 super
2500 2467 2668 2505 annos
2718 2465 2950 2517 nosnos,
3008 2468 3169 2521 usque
3209 2452 3332 2505 dum
3386 2457 3651 2521 perducas
3683 2460 3730 2507 in

2159 2520 2320 2594 diem,
2342 2522 2391 2573 id
2410 2529 2511 2594 est,
2530 2522 2962 2594 iiiteternitatem;
2981 2520 3097 2594 qnie
3111 2523 3221 2576 dies
3241 2520 3452 2577 estsine
3472 2525 3597 2587 line,
3618 2530 3733 2594 quia

2166 2592 2387 2664 estdies
2408 2593 2522 2664 sine
2548 2601 2723 2664 nocte,
2750 2594 2801 2644 in
2818 2592 2971 2664 diem
2998 2592 3116 2664 dico
3147 2594 3486 2661 generationis
3509 2605 3560 2647 et
3587 2592 3729 2664 gene-

2161 2661 2395 2733 raiionis,
2423 2661 2474 2715 id
2496 2670 2600 2726 est,
2628 2663 2711 2733 ubi
2753 2661 2856 2716 erit
2884 2661 3190 2733 indeﬁciens
3210 2666 3510 2729 generatio,
3546 2661 3604 2718 iii
3630 2682 3731 2733 qua

2160 2731 2362 2803 scilicet
2388 2748 2544 2800 neque
2572 2732 2783 2795 nubent,
2844 2748 3001 2799 neque
3048 2732 3320 2803 nubentur.
3370 2734 3436 2786 Et
3465 2749 3585 2803 qua:
3631 2731 3730 2788 non

2164 2810 2255 2871 per
2285 2802 2483 2864 lunam,
2508 2803 2600 2855 sed
2627 2818 2745 2869 quae
2767 2816 2858 2869 per
2885 2808 3053 2856 solem
3080 2802 3432 2869 signiﬁcatur,
3457 2802 3582 2871 quia
3607 2814 3728 2859 tunc

2158 2867 2287 2938 justi
2328 2872 2600 2941 fulgebunt
2628 2867 2898 2942 sietitsol.
2932 2872 3056 2926 llazc
3080 2867 3255 2925 autem
3290 2867 3529 2939 praesens
3566 2891 3727 2942 gene-

2146 2942 2297 2994 ratio
2329 2939 2428 3012 per
2452 2943 2626 2996 lunam
2671 2939 3022 3011 signiﬁcatur,
3066 2942 3189 3009 quia
3240 2943 3433 3007 recipit
3472 2939 3727 3012 augmen-

2168 3020 2277 3082 tum
2308 3021 2362 3065 et
2383 3011 2779 3067 detrimentum.
2813 3013 2996 3065 Annos
3044 3019 3221 3065 autem
3263 3015 3405 3079 regis
3449 3011 3573 3067 ideo
3616 3026 3731 3082 post

2167 3081 2284 3152 dies
2316 3082 2508 3152 posuit,
2540 3090 2599 3135 ut
2638 3096 2728 3150 per
2777 3082 2886 3152 hoc
2925 3083 3042 3148 plus
3073 3083 3435 3149 signiﬁcaret:
3484 3084 3577 3137 sed
3607 3081 3729 3152 quia

2164 3150 2418 3219 quidquid
2443 3151 2510 3206 de
2534 3152 2830 3206 aeternitate
2859 3150 3025 3214 dicas,
3058 3166 3241 3214 parum
3268 3161 3349 3203 est
3369 3150 3637 3218 quantuni
3665 3155 3725 3205 ad

2166 3224 2329 3288 ipsam
2368 3222 2431 3273 ad
2472 3224 2572 3275 hoc
2601 3219 2910 3284 notandum,
2942 3220 3080 3289 quod
3112 3220 3256 3287 prius
3290 3236 3383 3286 per
3412 3222 3526 3276 dies
3556 3232 3607 3276 et
3636 3240 3729 3275 au-

2165 3306 2261 3344 nns
2290 3290 2704 3359 signiﬁcaverat,
2722 3306 2814 3360 per
2839 3292 2979 3345 diem
3005 3305 3163 3344 unam
3191 3291 3305 3345 sine
3337 3302 3514 3357 nocte,
3540 3304 3592 3346 et
3610 3294 3728 3346 sine

2164 3360 2269 3416 ﬁne
2296 3358 2631 3429 signiﬁcavit.
2723 3358 2793 3365 “’

2238 3428 2503 3483 Permanet
2531 3433 2584 3483 in
2614 3438 2857 3484 retentum
2884 3430 2937 3483 in
2966 3440 3235 3498 conspectu
3278 3428 3391 3495 Dei,
3423 3430 3725 3483 misericor-

2165 3500 2305 3571 diam
2344 3511 2387 3552 et
2425 3502 2688 3571 veritatem
2713 3503 2823 3571 ejus
2849 3502 2961 3569 quis
2989 3501 3249 3571 requiret?
3278 3500 3463 3571 Nobis,
3488 3503 3725 3568 inquam,

2161 3570 2372 3640 adﬁcies
2398 3570 2504 3623 dies
2525 3572 2680 3641 regis.
2710 3569 2816 3623 lies
2861 3579 3036 3623 antein
3070 3569 3237 3636 quid?
3270 3569 3536 3623 Permanet
3573 3574 3725 3623 scili-

2160 3653 2243 3693 cet
2272 3640 2612 3709 inconspectu
2653 3640 2743 3693 Dei
2775 3641 2944 3693 Patris
2972 3641 3027 3692 in
3074 3652 3342 3693 wternum.
3392 3640 3456 3693 Et
3480 3642 3726 3707 quando-

2163 3711 2376 3778 quidem
2405 3710 2456 3763 in
2487 3722 2742 3763 aeternum
2784 3725 2903 3763 cum
2933 3710 3089 3763 Patre
3131 3719 3425 3775 permanet,
3456 3711 3568 3777 quis
3599 3725 3728 3777 ergo

2160 3780 2379 3846 requiret
2419 3782 2527 3847 ejus
2573 3779 2969 3833 misericordiam
3000 3791 3044 3831 et
3083 3780 3360 3839 veritatem,
3391 3790 3447 3832 ut
3486 3783 3572 3830 ubi
3603 3782 3724 3845 ipse

2162 3860 2263 3912 est,
2308 3848 2413 3903 illic
2450 3859 2503 3903 et
2530 3851 2767 3903 minister
2796 3850 2910 3915 ejus
2940 3850 3042 3901 sit?
3067 3850 3226 3915 Quasi
3276 3850 3417 3903 dicat
3443 3867 3455 3900 :
3488 3849 3723 3903 Difﬁcile

2159 3930 2240 3972 est
2268 3930 2321 3971 ut
2346 3922 2462 3986 quis
2492 3920 2591 3973 hoc
2619 3920 2795 3973 faciat.
2826 3920 2915 3971 Vel
2940 3922 3093 3973 aliter
3120 3937 3133 3971 :
3170 3919 3303 3972 Vere
3343 3920 3489 3971 dabis
3541 3920 3723 3972 liere-

2158 3989 2375 4044 ditatein
2418 3991 2723 4044 timentibus
2754 4001 2821 4042 te.
2858 3990 2986 4042 Nam
3018 3989 3237 4057 adiicies
3292 4004 3455 4052 super
3481 3989 3603 4041 dies
3634 4004 3723 4041 re-

2158 4060 2237 4125 gis
2268 4070 2581 4127 prmsentes,
2608 4061 2740 4113 alios
2768 4058 2881 4111 dies
2927 4061 3086 4127 regis,
3132 4069 3365 4111 aeternos
3397 4059 3627 4111 scilicet.
3662 4057 3728 4111 lit

2159 4145 2318 4197 super
2349 4129 2445 4183 hos
2470 4144 2637 4183 annos
2687 4131 2824 4197 regis
2866 4128 2999 4182 alios
3041 4142 3209 4181 annos
3248 4128 3383 4195 ejus,
3440 4143 3504 4182 eo
3557 4144 3726 4195 usque

2158 4200 2279 4251 dum
2312 4198 2564 4267 perducas
2590 4211 2771 4266 regem
2804 4198 2950 4250 illum
2979 4208 3033 4251 et
3085 4210 3305 4264 regnum
3336 4198 3449 4265 ejus
3480 4198 3535 4251 in
3581 4198 3725 4251 diem

2158 4268 2512 4335 generationis
2536 4278 2590 4322 et
2615 4268 2995 4329 gerierntiouis.
3029 4271 3129 4321 hoc
3155 4267 3307 4319 estin
3342 4269 3726 4336 aeternitatem,

2162 4340 2247 4391 ubi
2272 4340 2373 4390 erit
2396 4340 2670 4406 generatio
2699 4350 2747 4391 et
2769 4337 3067 4406 generatio,
3101 4338 3150 4391 id
3184 4347 3267 4390 est
3293 4337 3605 4391 indeliciens
3633 4354 3728 4406 ge-

506 4386 763 4478 iiui'dq'uiii
773 4386 1039 4476 “ρξδίὲῖἷεζ’
1069 4386 1745 4478 ii‘i'é'ii‘iar'iis's'u;si}:in
1770 4386 2051 4477 assist:
2083 4386 2132 4444 υ
2159 4386 2677 4473 assensere;
2702 4386 2922 4461 usus:
2941 4386 3150 4461 satis;
3174 4386 3271 4460 is;
3293 4386 3722 4478 ἶέιῖἑζίὶίἶῖιιῖἶ-

506 4469 624 4538 Ipse
644 4469 789 4548 enim
808 4469 1018 4544 'passus
1036 4488 1115 4533 est
1145 4469 1204 4533 ui
1230 4469 1549 4547 resurgeret,
1579 4469 1700 4548 quia
1750 4469 1805 4532 tii
1846 4494 2056 4548 quoque

498 4544 750 4598 eumdem
777 4562 962 4615 speras
992 4547 1172 4613 ﬁnem,
1195 4560 1247 4603 et
1267 4550 1344 4603 sic
1366 4544 1548 4604 turrim
1574 4544 1797 4604 intrasti.
1822 4544 1929 4603 Nec
1949 4544 2055 4615 jam

502 4616 805 4686 consentiet;
836 4619 1067 4683 inimico,
1114 4630 1165 4673 et
1213 4620 1312 4673 tela
1355 4619 1549 4673 inimici
1594 4635 1698 4673 non
1747 4619 2057 4686 pervenient

501 4682 567 4735 ad
603 4692 674 4749 te,
705 4686 813 4741 iino
844 4697 897 4741 tn
940 4688 1259 4755 jaculaberis
1307 4689 1357 4742 iii
1404 4688 1673 4749 inimicum
1721 4682 1821 4743 tela
1861 4697 1968 4752 tua,
2004 4691 2053 4744 id

500 4761 617 4835 est,
636 4760 793 4811 verba
836 4757 973 4813 bona
1000 4758 1191 4828 quibus
1227 4773 1320 4813 cor
1347 4758 1462 4827 ejus
1490 4762 1640 4829 ligas,
1695 4767 1751 4814 et
1802 4758 1891 4813 tibi
1934 4775 2053 4814 eum

495 4835 809 4895 corynngas.

507 4962 518 4973 _
569 4891 874 4973 intrabitabo
914 4901 967 4954 in
1012 4899 1332 4955 tabernaculo
1364 4909 1454 4973 tuo
1481 4901 1532 4973 iit
1573 4899 1783 4963 saecula,
1816 4907 2055 4973 prolrgar

494 4967 553 5015 in
579 4967 853 5021 velamento
875 4972 1074 5022 alarum
1099 4981 1321 5022 tuarum.
1352 4972 1481 5034 Quia
1504 4970 1674 5022 factus
1697 4985 1754 5023 es
1777 4971 1901 5022 milii
1929 4967 2053 5036 spes

496 5042 551 5084 et
581 5038 739 5088 turris
767 5037 1110 5102 fortitudinis,
1146 5041 1263 5093 ideo
1286 5056 1386 5107 ego
1418 5056 1519 5093 non
1551 5042 1763 5107 perl‘uga
1797 5040 1912 5092 vilis
1936 5054 2049 5105 ero,

493 5107 585 5154 sed
634 5108 942 5174 inltabitabo,
998 5110 1048 5163 id
1094 5120 1196 5172 est,
1247 5111 1495 5163 statarius
1547 5110 1811 5162 habitator
1856 5125 1949 5161 ero
1998 5110 2051 5161 in

492 5174 817 5250 tabernaculo
860 5192 968 5246 tuo,
999 5180 1046 5250 id
1077 5188 1179 5243 est,
1212 5180 1261 5232 in
1295 5178 1506 5250 militari
1537 5179 1695 5231 domo
1725 5190 1834 5250 tua,
1868 5178 1917 5231 id
1948 5190 2047 5242 ρει,

493 5244 547 5293 in
589 5244 982 5316 _Ecclesiasticis
1034 5249 1308 5303 institutis.
1362 5249 1427 5302 In
1466 5250 1675 5312 siccula,
1725 5248 1774 5300 id
1822 5258 1924 5313 est,
1959 5264 2053 5316 per

493 5312 657 5387 multa
692 5322 913 5387 saecula,
943 5320 1083 5387 quod
1129 5320 1247 5373 ideo
1275 5320 1425 5383 dicit,
1455 5334 1573 5387 quia
1609 5318 1787 5370 tandin
1821 5312 2053 5373 manebit

491 5379 735 5438 Ecclesia
788 5379 919 5452 lucc,
961 5379 1243 5456 quousque
1294 5379 1484 5443 omnes
1522 5388 1657 5441 lilios
1699 5388 1953 5455 colligat,
1997 5396 2054 5441 et

485 5457 671 5504 tantus
719 5456 786 5509 sit
818 5473 1092 5527 numerus
1143 5460 1394 5523 ﬁliorum,
1427 5458 1514 5527 qui
1557 5458 1721 5523 possit
1770 5459 2052 5511 restituere

486 5534 771 5598 numerum
798 5526 1167 5598 damnatorum
1189 5526 1515 5598 angelorum.
1542 5528 1691 5583 Unde
1709 5527 1907 5581 dictum
1934 5536 2048 5580 est:

487 5588 750 5667 §ustinete
780 5597 1034 5650 modicum
1074 5588 1290 5663 tempus",
1318 5600 1476 5652 donec
1504 5599 1772 5667 impleatur
1813 5612 2052 5650 numerus

484 5661 710 5729 fratrum
750 5674 1054 5723 uestrorum.
1102 5661 1433 5739 lnhahitabo,
1467 5661 1701 5739 inquam,
1729 5676 1784 5724 et
1813 5668 1914 5723 hoc
1945 5683 2050 5722 non

2155 4488 2268 4532 stus
2300 4490 2479 4530 noster
2507 4493 2595 4531 rex
2624 4494 2727 4530 non
2755 4480 2923 4530 solum
2956 4478 3010 4530 in
3054 4478 3324 4546 praesenti,
3354 4477 3445 4531 sed
3470 4485 3523 4530 et
3553 4488 3721 4532 icter-

2157 4549 2344 4601 iialiter
2378 4548 2429 4600 in
2466 4549 2617 4601 nobis
2655 4558 2857 4615 regnet.

2226 4616 2494 4670 Permanet
2520 4618 2573 4670 in
2600 4632 2861 4671 wiernum.
2898 4616 3223 4672 Determinat
3249 4631 3364 4685 quie
3391 4616 3462 4669 sit
3489 4631 3726 4684 genera-

2157 4688 2230 4741 tio
2258 4698 2313 4741 et
2338 4689 2631 4757 generatio,
2658 4689 2741 4740 illa
2767 4688 2970 4741 seilicet
2999 4702 3115 4751 qua:
3142 4696 3399 4752 permanet
3421 4688 3472 4739 in
3496 4702 3718 4752 conspe-

2155 4767 2238 4810 ctu
2272 4758 2360 4811 Dei
2384 4758 2433 4810 in
2463 4766 2725 4811 internum.
2755 4759 2817 4810 Et
2844 4758 3037 4825 quibus
3063 4757 3369 4825 permanet?
3401 4758 3722 4823 requirenti.

2154 4827 2254 4882 bus
2282 4828 2479 4882 scilicet
2510 4828 2907 4880 misericordiam
2946 4837 2993 4880 et
3039 4828 3293 4878 veritatem
3324 4826 3395 4888 ei,
3428 4827 3476 4878 id
3515 4838 3623 4886 est,
3653 4828 3721 4878 ad

2156 4898 2409 4951 honorem
2434 4898 2581 4966 ejus;
2607 4900 2721 4967 quis
2745 4909 2824 4951 est
2850 4909 3023 4951 autem
3052 4900 3136 4963 qui
3164 4897 3426 4965 requiret?
3456 4900 3724 4963 perfectus

2156 4968 2336 5035 utique
2356 4977 2461 5023 est.
2509 4967 2861 5022 Misericordia
2900 4967 2992 5019 Dei
3032 4977 3137 5027 est,
3161 4967 3302 5033 quod
3335 4980 3440 5018 non
3492 4967 3724 5020 attendit

2156 5038 2341 5091 merita
2389 5049 2587 5099 nostra,
2617 5038 2709 5090 sed
2744 5039 3036 5089 bonitatem
3084 5051 3260 5100 suam,
3301 5036 3504 5089 scilicet
3558 5045 3617 5088 ut
3665 5048 3720 5089 et

2156 5116 2368 5175 peccata
2413 5108 2564 5158 nobis
2597 5107 2902 5173 dimitteret,
2936 5116 2991 5160 et
3040 5105 3199 5158 vitam
3253 5114 3507 5161 mternam
3561 5105 3719 5158 nobis

2156 5178 2508 5245 promitteret.
2541 5176 2745 5229 Veritas
2798 5193 2931 5245 vero
2954 5176 3065 5245 ejus
3111 5185 3211 5237 est,
3257 5178 3379 5244 quia
3430 5191 3531 5228 non
3587 5177 3721 5229 fallit.

2154 5244 2377 5299 reddere
2403 5245 2530 5299 illud
2558 5248 2697 5315 quod
2726 5244 2984 5315 promisit.
3027 5248 3088 5301 Et
3119 5248 3195 5299 sic
3219 5246 3580 5300 iiiisericorilia
3604 5250 3721 5313 ejus

2162 5326 2243 5369 est
2285 5317 2336 5369 in
2388 5317 2708 5370 remittendo
2750 5327 3009 5384 peccata:
3056 5320 3246 5371 veritas
3291 5332 3416 5370 vero
3466 5318 3516 5369 in
3561 5319 3721 5370 exhi—

2154 5386 2329 5441 bendo
2356 5388 2631 5455 promissa.
2664 5386 3014 5441 Attendamus
3045 5387 3221 5453 itaque
3244 5388 3380 5440 hanc
3410 5386 3717 5440 misericor-

2155 5458 2295 5509 diam
2324 5468 2377 5511 et
2403 5462 2701 5523 veritatem,
2728 5465 2783 5512 ct
2824 5474 2919 5511 nos
2962 5472 3079 5510 eam
3110 5457 3386 5510 faciamus.
3419 5456 3720 5509 Misericor-

2155 5528 2295 5580 diain
2322 5528 2537 5595 quidem
2570 5529 2823 5583 iaciamus
2862 5529 2910 5581 in
2934 5538 3172 5595 egentes,
3203 5537 3255 5581 et
3287 5528 3338 5579 in
3372 5527 3631 5591 inﬁrmos,
3665 5534 3723 5579 et

2154 5598 2315 5651 etiam
2366 5598 2418 5651 in
2478 5599 2759 5661 inimicos;
2805 5600 3078 5651 veritatem
3128 5613 3252 5651 vero
3303 5596 3573 5661 faciamus,
3617 5599 3724 5650 iiii-

2157 5668 2364 5737 plentes
2400 5668 2537 5738 quod
2570 5669 2624 5723 in
2669 5668 2986 5738 baptismate
3015 5668 3358 5739 promisimus
3426 5666 3612 5723 scitis:
3666 5674 3730 5720 ut
