3984 6362
283 242 389 300 801

1023 234 1088 296 ΙΝ
1125 233 1540 298 PSALMOBUM
1575 235 1838 295 LIBRUM
1874 236 2235 295 EXEGESIS.
2278 267 2347 280 -—
2388 237 2639 296 PSALM.
2680 238 2812 296 LXI.

3422 245 3531 303 809

276 364 549 427 rit-recepta
599 368 905 427 servemus,
947 365 1002 427 et
1058 356 1137 409 sic
1180 366 1451 423 peccatum
1496 364 1716 427 peccato
1756 370 1859 410 non
1885 356 1936 417 Δ
1964 353 2137 427 cadat,
2164 353 2256 408 sed
2288 360 2341 427 ut
2372 354 2549 423 pigros
2578 369 2683 427 quo
2710 367 2997 427 sequamur
3018 366 3425 427 commoveant:
3470 370 3527 415 et

274 424 725 492 Superaddamus.
758 425 908 492 Quod
963 424 1282 494 faceremus,
1336 429 1379 481 si
1436 424 1696 493 priecepta
1749 441 1854 480 non

278 510 648 560 servaremus,
679 496 798 562 quia
832 503 1048 562 peccato
1079 497 1337 549 mendacii
1370 508 1643 562 peccatum
1680 504 1857 549 trans-

278 566 578 635 gressionis
604 566 907 620 adderetur.
936 564 1085 635 Quod
1106 576 1280 618 autem
1312 566 1438 619 dicit
1464 583 1477 616 :
1513 568 1639 632 Quis
1678 566 1853 633 requi-

277 634 363 689 ret
408 635 478 698 ei,
512 651 617 688 non
646 635 761 689 sine
786 648 944 686 causa
976 634 1204 696 dicitur;
1234 635 1355 702 quia
1397 637 1550 688 multi
1579 636 1853 704 requirunt

274 706 703 776 misericordiam
732 715 782 756 et
812 705 1083 776 veritatem
1112 704 1166 776 in
1197 705 1365 776 libris,
1398 716 1452 759 ut
1473 708 1644 759 sciant
1672 706 1853 776 inquo

274 775 701 843 misericorditer
740 775 1013 826 nobiscum
1044 773 1170 843 egit,
1199 783 1251 827 et
1276 775 1329 828 in
1358 776 1547 842 quibus
1576 774 1852 843 promissis

272 860 388 898 non
419 842 621 897 fefellit.
657 844 722 896 Et
760 851 817 895 ut
861 845 1020 895 etiam
1072 841 1205 895 alios
1252 841 1704 909 nodcastepsed
1755 858 1850 907 pro

277 924 505 968 terreno
533 914 679 968 lucro
722 912 967 965 doceant.
1004 911 1224 975 Quidam
1254 914 1406 978 enim,
1460 926 1515 967 ut
1565 913 1850 982 Apostolus

278 984 383 1055 ait,
411 983 667 1037 Christum
697 998 798 1055 non
824 982 1289 1055 casteprtedicant.
1316 984 1381 1036 Et
1407 984 1458 1036 hi
1486 984 1616 1055 tales
1643 983 1851 1055 miseri-

282 1052 529 1107 cordiam
554 1063 610 1106 et
631 1053 903 1106 veritatem
930 1053 977 1104 ei
1009 1065 1111 1105 non
1142 1052 1453 1119 requirunt:
1488 1052 1562 1107 illi
1594 1067 1723 1106 vero
1751 1052 1850 1104 nii-

244 1150 251 1155 -
276 1122 633 1176 sericordiam
664 1132 718 1176 et
741 1124 1012 1175 veritatem
1041 1124 1112 1187 ei,
1143 1121 1192 1174 id
1222 1131 1324 1189 est,
1351 1122 1417 1175 ad
1449 1124 1705 1176 honorem
1728 1122 1846 1187 ejus

271 1194 577 1260 requirunt,
609 1195 697 1259 qui
730 1192 794 1244 ad
829 1195 927 1244 lioc
958 1206 1074 1244 eam
1120 1196 1458 1259 investigarit,
1488 1203 1541 1245 ut
1573 1204 1622 1246 et
1649 1190 1847 1245 faciant

268 1277 420 1323 eam,
452 1271 505 1314 et
526 1262 751 1314 doceant
772 1277 876 1315 non
901 1276 995 1329 pro
1021 1271 1232 1315 terreno
1261 1263 1433 1328 lucro,
1457 1262 1549 1316 sed
1574 1262 1640 1316 ad
1670 1262 1849 1329 proxi-

272 1346 487 1383 morum
529 1330 829 1384 utilitatem.

348 1401 443 1454 Sic
470 1403 718 1468 psalmum
744 1402 909 1454 dicam
938 1400 1129 1453 nomini
1156 1410 1263 1468 tuo,
1290 1401 1342 1454 in
1364 1402 1610 1456 sarculum
1640 1402 1839 1464 steculi,

266 1479 318 1520 et
376 1470 589 1522 rrddam
640 1481 754 1522 vota
800 1487 911 1524 mea
963 1475 1023 1522 de
1072 1471 1154 1523 die
1180 1472 1231 1523 in
1259 1475 1410 1525 diem.
1455 1471 1615 1536 Quasi
1663 1472 1840 1525 dicat:

275 1542 548 1607 Quidquid
573 1540 660 1593 alii
692 1540 903 1607 faciant,
928 1556 1026 1611 ego
1050 1541 1467 1596 misericordiam
1489 1552 1542 1596 et
1564 1543 1839 1611 veritatem

272 1613 400 1674 tibi,
445 1611 685 1673 Domine,
730 1612 1037 1682 requiram:
1078 1610 1214 1682 quia
1251 1612 1419 1665 dicam
1469 1610 1744 1682 psalmum,
1790 1611 1840 1665 id

1963 424 2135 494 locum
2177 439 2281 492 quo
2323 424 2431 494 jam
2484 426 2827 479 transiliendo
2856 426 3113 491 pervenit,
3157 428 3516 483 commendat.

1960 493 2031 567 ita
2065 494 2215 567 enim
2236 493 2394 559 super
2419 494 2623 567 aliquos
2652 505 2861 567 est,Aut
2890 494 2958 547 sit
2986 497 3145 567 etiam
3190 497 3291 549 sub
3318 499 3520 567 aliquo.

1960 561 2113 616 Unde
2142 564 2367 629 primum
2398 565 2557 615 voluit
2589 564 2741 618 nobis
2769 564 3035 617 insinuare
3063 564 3163 618 sub
3202 580 3307 632 quo
3339 561 3519 624 slt'tu-

1958 639 2060 702 tus,
2095 646 2167 686 ne
2197 634 2331 698 quod
2365 634 2644 686 transilivit
2671 635 2934 701 superbia:
2974 635 3062 699 sit,
3103 634 3194 688 sed
3228 637 3515 702 profectus.

1954 701 2010 753 In
2042 704 2272 769 quodam
2302 718 2428 769 ergo
2459 718 2652 756 securo
2685 704 2801 756 loco
2832 704 3031 769 positus
3059 703 3137 757 sic
3165 701 3332 758 dicit:
3366 705 3516 760 Nam

1952 785 2016 822 ne
2047 768 2155 823 Deo
2182 768 2411 841 subjecta
2449 783 2520 824 est
2545 772 2717 824 anima
2740 768 2892 825 mea?
2920 772 3247 826 Transiliens
3273 775 3373 828 iste
3400 776 3512 830 lor-

1954 848 2097 911 tasse
2122 840 2173 893 in
2215 840 2500 911 Evangelio
2527 844 2835 896 audiverat:
2872 842 2973 908 Qui
3009 859 3062 895 se
3103 844 3315 908 exultat,
3346 845 3516 899 humi-

1951 908 2184 972 liabitur,
2216 921 2271 964 et
2318 908 2656 964 econverso.
2706 912 2772 964 Et
2811 913 2930 965 ideo
2961 912 3176 965 timidus
3218 931 3282 967 ne
3324 918 3517 968 transi.

1951 978 2127 1052 lieudo
2164 981 2482 1052 superbiret,
2533 982 2821 1052 alloquitur
2873 985 3018 1035 cives
3066 983 3321 1049 quosdam
3375 999 3511 1052 quos

1953 1048 2335 1120 patituralluze
2350 1052 2491 1103 enim
2512 1059 2636 1104 sunt
2661 1048 2931 1115 civitates,
2960 1048 3098 1105 sicut
3135 1060 3189 1104 et
3231 1054 3335 1106 duo
3364 1048 3533 1120 prin;

1950 1119 2097 1184 cipes
2129 1134 2144 1172 :
2179 1118 2466 1189 Babylonia
2511 1121 2752 1181 scilicet,
2792 1130 2846 1173 et
2890 1121 3264 1190 Jerosolynia;
3320 1118 3507 1178 harum

1948 1190 2090 1241 cives
2118 1190 2413 1258 confligunt
2433 1204 2643 1257 semper
2673 1190 2809 1243 inter
2837 1205 2895 1243 se
2918 1208 2931 1243 :
2967 1191 3039 1242 illi
3059 1192 3124 1244 de
3147 1196 3399 1258 vanitate,
3420 1193 3508 1251 isti

1947 1258 2021 1329 de!
2049 1259 2266 1311 veritate
2291 1273 2304 1310 :
2335 1258 2407 1312 illi
2430 1259 2497 1312 de
2519 1258 2791 1327 injustitia,
2820 1260 2901 1312 isti
2931 1259 2997 1313 de
3021 1259 3245 1328 justitia.
3278 1262 3339 1316 Et
3364 1266 3508 1329 prior

1958 1327 2051 1402 'uit
2083 1328 2390 1402 ba’bylonia
2422 1339 2661 1402 tempore
2695 1331 2805 1402 etsi
2855 1344 2957 1402 non
2999 1327 3277 1402 dignitate,
3305 1327 3425 1402 quia
3453 1342 3511 1389 ut

1940 1397 2019 1448 ait
2067 1398 2354 1465 Apostolus
2406 1415 2420 1450 :
2467 1398 2588 1450 Non
2629 1399 2767 1465 prius
2803 1400 2936 1466 quod
2980 1397 3243 1466 spirituale
3283 1397 3373 1465 est,
3422 1404 3514 1455 sed

1945 1466 2082 1537 quod
2124 1468 2368 1521 animale.
2400 1468 2467 1522 Et
2492 1470 2687 1534 incepit
2719 1471 2923 1533 Achati,
2951 1474 3037 1537 qui
3068 1473 3332 1523 civitatem
3362 1486 3427 1525 eo
3456 1474 3509 1527 in

1946 1535 2066 1590 loco
2099 1538 2186 1590 ubi
2207 1539 2393 1611 civitas
2423 1540 2567 1611 prius
2612 1554 2715 1591 non
2746 1538 2863 1604 fuit,
2898 1535 3212 1611 tet—tilicavit.
3241 1540 3509 1611 Jerusoly-

1945 1620 2028 1658 ma
2056 1620 2180 1677 vero
2211 1607 2394 1660 Jebuz.
2441 1606 2608 1661 .lebuz
2652 1616 2835 1661 eorum
2862 1609 3048 1661 civitas
3090 1611 3354 1663 deSIructa
3388 1606 3505 1677 fuit,

269 1690 384 1766 est,
433 1682 566 1766 liene
613 1676 872 1766 eperalfor
914 1676 1326 1766 misericordiam
1375 1690 1440 1763 et.
1469 1676 1755 1766 'veritatem
1786 1695 1842 1734 cl.
1873 1706 1921 1766 Β
1946 1684 2003 1729 et
2032 1676 2345 1766 remdili‘cata
2371 1686 2490 1757 est:
2540 1678 2662 1757 quia
2693 1692 2850 1766 lieni:
2888 1680 3005 1766 pius
3037 1680 3158 1766 ,ιδίδί
3181 1695 3269 1766 ἐκ
3324 1682 3508 1766 impio,

270 1750 522 1802 faciendo
544 1759 595 1801 et
616 1751 853 1803 docendo
875 1764 977 1803 non
1002 1750 1151 1813 mihi,
1184 1753 1276 1805 sed
1304 1752 1496 1804 nomini
1523 1760 1629 1814 tuo,
1650 1751 1700 1803 id
1732 1762 1837 1815 est,

266 1820 338 1869 ad
378 1822 630 1871 honorem
664 1821 891 1872 numinis
922 1821 1015 1881 tui,
1047 1820 1268 1874 tendens
1296 1822 1347 1872 in
1368 1822 1611 1875 swculum
1642 1835 1836 1874 conse-

267 1899 514 1958 cutivuni
547 1888 699 1955 hujus
724 1891 917 1954 steculi,
964 1889 1013 1941 id
1062 1900 1165 1956 est,
1204 1894 1613 1958 perseverando.
1651 1892 1715 1943 Et
1759 1893 1839 1945 sic

264 1959 419 2019 dicn,
450 1957 713 2011 Paulinum
743 1959 908 2011 dicam
933 1960 1124 2012 nomini
1156 1957 1264 2023 tuo,
1298 1961 1347 2014 id
1375 1969 1457 2014 est
1482 1962 1548 2014 ad
1579 1961 1836 2015 honorem

267 2031 509 2080 numinis
558 2032 627 2080 itii
660 2032 710 2080 in
750 2034 989 2082 sacculum
1019 2040 1074 2083 ut
1118 2030 1330 2083 reddam
1373 2030 1466 2084 tibi
1514 2038 1631 2083 vota
1673 2046 1786 2083 mea
1818 2046 1838 2085 :

265 2107 402 2150 vota
425 2102 532 2150 sola
562 2099 832 2161 interiora,
861 2101 908 2151 id
939 2108 1040 2163 est,
1090 2114 1183 2152 me
1217 2102 1387 2166 ipsum
1419 2104 1593 2153 eundo
1635 2102 1700 2152 de
1733 2106 1832 2155 hoc

265 2170 357 2220 die
390 2170 634 2235 presenti
659 2169 709 2220 in
733 2169 863 2221 dirm
903 2168 1154 2223 futurum.
1182 2169 1529 2225 Cassiodorus
1555 2172 1608 2223 in
1635 2186 1837 2239 praece-

262 2240 419 2291 denti
453 2253 603 2291 versu
658 2238 862 2304 planius
906 2240 1283 2306 aliquantulum
1335 2241 1547 2305 insistit,
1580 2238 1829 2294 et’dicit:

272 2308 700 2383 Quandoquidem
727 2310 983 2383 generatio
1022 2310 1265 2383 praedicta
1296 2312 1839 2383 a’ternaliterpcrma-

260 2388 349 2481 get
384 2379 437 2431 in
464 2392 728 2458 conspectu
758 2379 873 2459 μυί,
913 2379 1035 2460 ergo
1079 2382 1192 2481 quis
1215 2382 1449 2481 ’τιξᾳαὶνεέ
1476 2382 1521 2434 ei
1552 2381 1837 2481 miseriam;

306 2464 411 2481 In.”
441 2465 546 2481 nos“
602 2457 647 2481 ΔΙ
668 2459 925 2481 maritalem
958 2465 1068 2481 Λευ.
1142 2467 1208 2481 nn
1254 2466 1311 2481 υ.
1343 2466 1407 2481 ειη
1457 2460 1530 2481 ΑΔ,
1561 2466 1574 2478 ι
1604 2467 1723 2481 nmen
1752 2467 1782 2481 αι
1819 2467 1837 2481 ι

262 2451 413 2519 diam
440 2450 568 2515 ejus,
601 2457 647 2519 et
668 2450 927 2505 ueritatem
956 2450 1106 2513 eius?
1142 2450 1311 2502 nullus
1339 2451 1530 2505 scilicet
1555 2466 1574 2504 :
1602 2451 1723 2519 quia
1752 2450 1839 2503 ubi

261 2518 421 2593 nulla
450 2529 518 2593 est
551 2517 779 2593 miseria,
802 2520 871 2571 ibi
910 2535 1012 2593 non
1050 2523 1432 2593 est-quarenda
1460 2517 1835 2593 misericordia.

261 2587 405 2640 Item
431 2589 514 2640 ubi
543 2589 685 2640 nulla
707 2604 927 2658 unquam
955 2587 1181 2642 incurrit'
1199 2590 1422 2658 falsitas,
1458 2590 1654 2644 nonest
1677 2592 1841 2658 requi-

259 2662 592 2734 renda,‘qua:
610 2676 650 2734 si
666 2674 805 2725 mper
826 2661 967 2712 adest
980 2659 1199 2734 peritas.
1219 2662 1298 2734 lit
1319 2676 1441 2729 quia
1466 2663 1638 2734 nullus
1661 2664 1838 2734 requi-

264 2739 353 2781 ret
400 2728 470 2781 ibi
521 2730 793 2782 veritatem
836 2742 887 2785 et
922 2728 1367 2790 misericordiam.
1410 2745 1537 2798 ergo
1577 2731 1662 2784 hic
1692 2728 1837 2796 νέαι.

256 2813 409 2853 mum
430 2798 617 2862 dicam,
648 2810 777 2863 etc.,
810 2798 859 2854 id
891 2808 992 2863 est,
1026 2799 1447 2856 misericordiam
1472 2810 1527 2854 et
1557 2802 1839 2855 veritatem

256 2871 560 2934 requiram,
591 2878 646 2921 ut
674 2869 779 2922 illic
808 2883 1029 2923 necesse
1055 2872 1329 2937 requirere
1357 2884 1459 2924 non
1487 2871 1736 2925 habeam.

748 2977 812 3032 IN
853 2977 1173 3034 PSALMUM
1216 2979 1352 3034 LXI.

504 3089 561 3143 lu
592 3087 749 3143 linem
782 3100 878 3157 pro
904 3086 1130 3154 lditliun,
1150 3089 1392 3145 Psalmus
1420 3089 1605 3146 David.

857 3194 1233 3235 ABGUIIBN'I’UI.

336 3268 511 3323 Verba
545 3268 989 3335 Maeliabmorum,
1027 3272 1239 3338 quando
1270 3270 1338 3323 ab
1369 3271 1637 3325 Antiocno
1658 3272 1829 3326 sacri-

256 3342 529 3403 licare,et
577 3341 839 3405 prufanari
886 3342 1232 3409 cogebantur.
1284 3342 1457 3396 Aliter
1486 3357 1588 3395 vos
1636 3343 1837 3397 Christi

260 3423 332 3464 ue
368 3424 638 3479 passione.

884 3495 1235 3535 EXPLANATIO.

341 3576 557 3628 [dii/tun
597 3577 958 3643 interpretatur
994 3574 1319 3642 transiliens,
1365 3577 1420 3630 id
1461 3586 1555 3641 est,
1591 3589 1841 3633 amatores

260 3649 461 3699 sa'culi.
491 3645 841 3700 lntroducitur
870 3649 1001 3718 enim
1047 3663 1259 3715 persona
1292 3649 1469 3718 militis
1498 3647 1706 3713 Christi,
1752 3652 1840 3718 qui

256 3731 305 3767 et
334 3718 509 3769 mundi
537 3717 1093 3791 desideria_reliquertl,
1124 3728 1174 3791 et
1206 3720 1257 3773 in
1287 3715 1504 3791 Domino
1533 3735 1620 3786 spe
1646 3715 1839 3791 ﬁrmis-

257 3804 396 3839 sima
418 3789 767 3855 permanserit.
786 3785 1094 3839 Transilitor
1117 3789 1230 3852 iste,
1255 3804 1402 3855 quem
1429 3785 1675 3853 diximus,
1698 3793 1841 3843 titio-

258 3874 404 3921 rum,
456 3858 624 3909 videns
667 3858 911 3927 mundum
942 3857 1195 3909 erroribus
1248 3859 1562 3925 miseriisque
1603 3862 1839 3927 plenissi-

258 3945 429 3989 mum,
457 3930 508 3979 in
553 3929 715 3991 primo
763 3926 984 3978 membro
1035 3929 1216 3995 psalmi
1256 3929 1478 3980 animam
1525 3926 1672 3981 suam
1732 3930 1838 3983 Deo

261 3998 536 4065 profitetur
566 4013 669 4050 esse
696 3996 972 4069 subjectum
997 4010 1016 4050 :
1044 3998 1163 4067 quia
1196 4014 1284 4064 per
1313 3996 1506 4051 Filium
1525 4001 1840 4069 unigenitum

258 4084 454 4119 munus
493 4070 713 4119 salutare
739 4068 981 4133 suscepit,
1013 4082 1230 4137 arguens
1257 4084 1339 4121 eos
1370 4070 1459 4136 qui
1496 4071 1604 4122 solo
1620 4068 1839 4123 nomine

259 4137 558 4193 desiderant
584 4152 637 4189 se
676 4138 778 4193 dici
825 4137 1147 4191 christianos.
1199 4139 1436 4191 Secunda
1469 4150 1611 4206 parte
1652 4143 1838 4193 iterum

265 4209 496 4259 animum
524 4223 669 4282 suam
698 4208 819 4260 dicit
839 4206 1110 4282 _subditam
1140 4206 1357 4282 Domino
1391 4207 1561 4282 Patri,
1597 4214 1839 4282 quoniam

267 4293 363 4344 per
387 4281 497 4348 ejus
530 4275 746 4348 Verbum
770 4276 1040 4330 salutarent
1069 4279 1358 4346 patientiam
1378 4275 1695 4348 Conquisiuit,
1718 4297 1839 4331 con-

267 4346 493 4415 ﬁrmans
519 4346 706 4419 plebem
730 4351 1037 4414 confessione
1063 4348 1230 4419 ﬁdeli,
1258 4359 1309 4400 ut
1335 4361 1437 4401 toto
1463 4346 1628 4403 cordis
1651 4346 1839 4415 affecm

1948 1759 2103 1798 nemo
2133 1749 2303 1811 justus
2334 1747 2432 1798 nisi
2464 1762 2525 1799 ex
2552 1747 2767 1814 injusto.
2804 1747 2938 1801 Sunt
2965 1756 3142 1801 autem
3171 1750 3288 1803 dum
3325 1752 3514 1803 ciVita-

1950 1824 2030 1867 tes
2060 1817 2339 1887 contrarite
2364 1818 2412 1867 in
2442 1818 2686 1883 praesenti
2720 1819 3018 1884 permixtae,
3046 1820 3170 1871 dum
3200 1834 3360 1886 grana
3389 1836 3509 1887 pre-

1948 1894 2162 1957 muntur
2190 1899 2219 1937 a
2243 1885 2447 1957 paleis.
2485 1887 2634 1948 Quod
2685 1887 2991 1942 transiliens
3024 1888 3123 1943 iste
3153 1885 3242 1955 qui
3285 1885 3511 1957 loquitur

1951 1953 2036 2027 liie
2075 1954 2377 2027 attendens,
2413 1955 2735 2027 _Babylo_r_iia:
2765 1958 2909 2027 cives
2947 1971 3079 2025 quus
3125 1953 3507 2027 patitur,'allti-

1941 2026 2141 2090 quitur.
2190 2024 2349 2089 Quasi
2393 2024 2582 2079 dicat:
2620 2024 2723 2080 Vos
2775 2024 3080 2081 insultando
3129 2024 3505 2092 impedimenta

1943 2093 2161 2160 paratis,
2188 2109 2283 2146 vus
2325 2096 2692 2164 persequendo
2736 2095 2969 2164 dejicere
3004 2097 3183 2160 vultis,
3227 2113 3321 2155 vus
3362 2099 3506 2152 deei-

1943 2164 2135 2236 piendo
2160 2165 2412 2236 seducere
2452 2163 2706 2231 quaeritis,
2747 2163 2844 2218 vus
2875 2165 3134 2219 adulando
3165 2168 3384 2236 laqueos
3412 2185 3506 2220 ne.-

1940 2235 2121 2305 ctitis:
2155 2235 2247 2305 sed
2286 2249 2552 2302 nunquam
2585 2237 2653 2305 ita
2701 2236 2918 2305 memini
2946 2250 3106 2301 super
3131 2235 3265 2305 quos
3295 2241 3417 2300 siin,
3450 2248 3507 2295 ut

1940 2302 2139 2356 oblitus
2165 2303 2265 2357 sim
2291 2305 2390 2357 sub
2418 2319 2524 2371 quo
2553 2304 2676 2357 siin.
2724 2304 2910 2357 Nonne
2936 2306 3108 2363 anima
3136 2302 3245 2359 mea
3274 2307 3503 2373 subjecta

1941 2383 2014 2425 est
2038 2373 2146 2425 Deo
2165 2374 2190 2425 1’
2215 2374 2369 2427 Certe
2406 2382 2871 2446 quantumcunque
2901 2376 3293 2440 transcendam,
3326 2394 3496 2446 quau.

1942 2451 2262 2511 tumcunque
2303 2444 2618 2508 transiliam,
2646 2458 2940 2513 nunquam
2973 2455 3157 2498 contra
3186 2444 3354 2500 Deuui
3379 2462 3496 2513 ero,

1940 2514 2033 2566 sed
2061 2514 2160 2566 sub
2190 2515 2298 2566 Deo
2327 2531 2343 2572 ;
2373 2513 2500 2567 tiibil
2528 2512 2680 2579 milii,
2703 2512 2807 2567 sed
2825 2515 2924 2568 sibi
2949 2524 3114 2568 totum
3141 2518 3498 2572 attribuenda.

1942 2580 2173 2636 Securus
2200 2585 2340 2636 enim
2368 2584 2661 2637 transiliam
2690 2593 2905 2646 cmtera,
2936 2586 2981 2637 si
3009 2586 3108 2639 sub
3134 2586 3226 2638 illo
3253 2602 3335 2640 tne
3364 2602 3497 2641 con.

1942 2652 2107 2718 lineo,
2145 2654 2232 2719 qui
2263 2662 2347 2706 est
2389 2668 2547 2720 super
2579 2667 2777 2708 omnia.
2816 2654 2884 2707 Et
2930 2656 3118 2707 merito
3164 2656 3340 2709 anima
3383 2673 3499 2710 mea

1939 2722 2180 2790 subjacet
2208 2722 2341 2789 Deo,
2364 2724 2482 2789 quia
2512 2724 2573 2776 ab
2599 2726 2712 2790 ipso
2736 2733 2818 2778 est
2841 2724 3065 2781 salutare
3086 2740 3250 2777 meum
3279 2740 3297 2779 :
3331 2725 3381 2779 itl
3420 2738 3503 2786 est

1935 2792 2244 2860 justilicatio
2266 2806 2418 2865 mea.
2434 2792 2576 2865 Nam
2599 2803 2642 2846 et
2663 2794 2772 2861 ipse
2800 2792 2937 2847 Deus
2963 2809 3124 2860 meus,
3147 2809 3271 2849 vere
3297 2797 3363 2848 ab
3383 2797 3500 2865 ipso

1939 2870 2023 2914 est
2049 2865 2281 2917 salutare
2314 2864 2457 2932 inihi
2485 2879 2499 2919 :
2531 2865 2649 2932 quia
2691 2876 2801 2930 ipse
2842 2873 2926 2916 est
2967 2878 3154 2917 creatis
3202 2880 3306 2930 me,
3334 2874 3387 2918 et
3408 2864 3502 2920 re.

1939 2946 2130 2985 creatis
2156 2946 2259 2985 me.
2297 2930 2439 2985 Nam
2462 2930 2567 3002 ipse
2592 2933 2731 2985 Deus
2758 2949 2919 2998 meus,
2952 2933 3070 3000 quia
3098 2933 3220 2991 fecit
3241 2950 3360 2989 cuni
3390 2952 3495 2989 non

1943 3015 2115 3073 essein
2140 3010 2196 3055 ut
2219 3014 2391 3073 essem
2424 3020 2435 3054 :
2464 3011 2509 3055 et
2535 3012 2618 3056 est
2645 3004 2884 3055 salutaris
2912 3019 3072 3073 meus,
3124 3006 3243 3073 quia
3289 3005 3411 3058 fecit
3441 3015 3499 3061 ut

1867 3064 1912 3128 C
1940 3070 2114 3139 justus
2135 3086 2327 3125 essent.
2353 3070 2648 3139 Susceptor,
2680 3073 2731 3126 id
2748 3084 2849 3140 est,
2872 3064 3124 3126 defensor
3140 3064 3286 3127 incus
3311 3086 3496 3130 contra

1945 3144 2207 3195 irruentes
2234 3151 2289 3194 et
2329 3151 2726 3209 persequentes,
2757 3154 2809 3195 et
2840 3144 2959 3195 ideo
2990 3158 3090 3195 non
3130 3146 3361 3197 movebar
3386 3160 3500 3200 am-

1943 3212 2097 3280 plius.
2117 3212 2283 3263 Motus
2302 3212 2442 3265 enim
2470 3215 2539 3264 lui
2561 3214 2612 3265 in
2638 3212 2827 3275 Adam,
2856 3221 3027 3265 motus
3056 3213 3127 3265 fui
3152 3215 3202 3266 in
3233 3229 3317 3267 nte
3339 3216 3450 3281 ipso
3481 3234 3493 3268 :

1942 3285 2035 3334 sed
2066 3281 2172 3349 jam
2201 3281 2351 3348 (jam)
2381 3282 2533 3348 quasi
2578 3282 2743 3348 dicat,
2771 3286 2840 3333 ab
2871 3284 2984 3348 ipso
3034 3283 3103 3334 ita
3149 3285 3495 3338 confirmatus

1942 3363 2080 3414 sum,
2108 3351 2251 3423 quod
2291 3350 2516 3423 amplius
2558 3365 2664 3423 non
2709 3352 2987 3423 movebar.
3017 3351 3189 3423 Quod
3231 3354 3300 3407 de
3348 3355 3497 3423 gravi

1944 3431 2111 3482 motu,
2143 3431 2196 3473 ut
2224 3422 2291 3473 de
2330 3420 2690 3474 criniiualibus
2729 3420 3123 3488 intelligendum
3163 3434 3264 3476 est.
3303 3420 3373 3477 lii
3397 3426 3499 3478 hoc

1941 3502 2021 3543 est
2042 3488 2184 3563 idem
2213 3490 2351 3557 quod
2374 3491 2503 3548 alibi
2532 3490 2729 3546 dictum
2756 3501 2837 3563 est
2864 3508 2875 3542 :
2920 3490 3038 3542 Non
3063 3492 3226 3547 veniat
3256 3496 3380 3552 mihi
3407 3510 3495 3563 pes

1940 3560 2206 3625 superbiae,
2240 3569 2286 3611 et
2314 3575 2495 3612 manus
2542 3561 2821 3627 peccatoris
2865 3576 2966 3617 non
3010 3574 3200 3620 moveat
3243 3579 3339 3622 me.
3398 3560 3495 3619 Ubi

1939 3633 2085 3701 enim
2112 3630 2243 3682 dixit
2269 3646 2281 3682 :
2312 3630 2499 3683 Nonne
2537 3631 2708 3701 anima
2758 3628 2864 3683 Deo
2918 3631 3141 3701 subjecta
3168 3644 3261 3701 est,
3306 3649 3497 3699 super-

1943 3699 2081 3752 biam
2104 3701 2330 3753 removit
2358 3713 2387 3751 a
2415 3713 2503 3764 se;
2549 3700 2635 3755 hic
2676 3715 2800 3753 vero
2825 3716 2944 3754 cum
2973 3698 3102 3754 dicit
3127 3720 3139 3754 :
3168 3698 3289 3757 Non
3319 3698 3493 3759 move-

1940 3769 2032 3821 bor
2056 3769 2297 3837 amplius,
2327 3770 2462 3823 idem
2492 3779 2575 3825 est
2601 3785 2663 3823 ac
2697 3769 2742 3824 si
2771 3771 2945 3824 dicat:
2980 3770 3172 3823 Manus
3215 3774 3495 3836 peccatoris

1939 3855 2041 3912 non
2066 3851 2261 3892 moveat
2300 3855 2398 3893 ms.
2435 3840 2705 3909 Quousque
2733 3841 2925 3895 irruitis
2956 3841 3011 3894 in
3033 3840 3307 3904 hominem,
3333 3859 3499 3912 quan-

1938 3911 2220 3976 doquidein
2244 3913 2358 3978 ipse
2377 3924 2456 3962 εει
2477 3911 2722 3964 salutaris
2744 3925 2912 3974 meus,
2942 3921 2995 3963 et
3020 3922 3297 3978 susceptor
3315 3911 3493 3967 meus?

1940 3981 2229 4048 Quousque
2266 3993 2394 4049 ergo
2444 3994 2563 4046 vos,
2604 3982 2748 4049 cives
2794 3980 3115 4048 Babyloniis,
3167 3982 3367 4038 irruitis
3416 3988 3498 4039 iu-

1941 4050 2210 4114 sultando.
2242 4048 2628 4119 persequendo,
2679 4048 2938 4119 adulando
2968 4050 3155 4119 illiille
3198 4049 3489 4116 hominem,

1940 4118 1993 4172 id
2025 4130 2127 4186 est,
2160 4121 2213 4172 in
2245 4132 2328 4173 tne
2351 4122 2612 4178 inlirmum
2635 4129 2687 4171 et
2717 4118 2951 4188 fragilem
2975 4118 2995 4170 ?
3020 4118 3177 4171 Certe
3204 4134 3365 4186 usque
3385 4137 3491 4188 quo

1941 4192 2165 4256 potestis
2204 4191 2408 4242 irruere
2437 4191 2490 4245 in
2518 4189 2812 4253 hominem,
2837 4186 2955 4255 quia
2984 4203 3070 4241 vos
3096 4189 3312 4242 universi
3334 4186 3492 4243 inter-

1939 4259 2111 4326 ﬁcitis.
2146 4259 2240 4312 llic
2276 4257 2558 4329 alloquitur
2588 4258 2952 4315 universaliter
2996 4259 3137 4312 cives
3185 4260 3488 4329 Babyloniae

1939 4332 2231 4396 dispersos,
2262 4328 2502 4394 diliusos,
2536 4330 2846 4396 permistos;
2875 4338 2929 4382 et
2958 4337 3063 4381 tam
3086 4343 3179 4382 eos
3207 4328 3305 4399 qui
3324 4330 3491 4390 furin-

260 4399 477 4484 iperare
513 4399 689 4469 debeat
734 4399 927 4482 semper
968 4419 1021 4469 in
1063 4399 1359 4472 hominum.
1392 4419 1565 4471 Tertio
1615 4399 1836 4474 membro

1942 4413 2093 4453 secus
2119 4408 2263 4461 sunt,
2285 4400 2429 4477 .sicut
2455 4400 2621 4476 spina;
2648 4400 2700 4479 in
2723 4399 2959 4464 sepibus,
2986 4414 3265 4484 quam‘eos
3290 4403 3375 4484 qui
3410 4404 3491 4455 in-

259 4497 489 4561 errantes
519 4494 732 4561 populos
771 4497 953 4561 monet,
984 4496 1037 4561 ut
1063 4489 1115 4538 in
1144 4488 1363 4561 Domino
1398 4492 1564 4561 magis
1594 4508 1749 4558 quant
1779 4494 1834 4543 in

256 4556 466 4613 caduca
492 4559 667 4611 mundi
710 4558 851 4614 istius
878 4559 1115 4624 felicitate
1142 4558 1423 4627 conﬁdant.

844 4662 1263 4705 CONMENTABIUS.

339 4738 529 4813 Nonne
543 4739 680 4813 _De_o
704 4738 1049 4813 subjectaerit
1068 4741 1251 4813 anima
1273 4755 1403 4813 mea.
1449 4738 1515 4793 In
1556 4742 1711 4807 ﬁnem
1738 4760 1831 4813 pro

262 4808 506 4874 Idithun,
534 4807 773 4862 Psalmus
793 4807 889 4878 ipsi
910 4809 1097 4862 David.
1121 4811 1255 4876 Quid
1275 4812 1349 4863 sit
1374 4813 1426 4864 in
1449 4814 1630 4876 linem,
1649 4807 1827 4868 uotum

258 4890 373 4934 est.
402 4881 610 4932 lditliun
639 4888 838 4944 autem,
876 4881 1022 4944 juxta
1072 4882 1378 4933 llebraicam
1430 4884 1817 4946 interpretatio.

261 4965 394 5004 item
426 4950 711 5002 transiliens
735 4964 820 5002 eos
864 4952 1257 5017 interpretatur.
1290 4950 1434 5016 Quos
1461 4952 1595 5007 eos?
1618 4955 1671 5006 In
1709 4954 1828 5007 imis

258 5020 473 5073 scilicet
498 5029 855 5084 rctnauentes,
884 5028 939 5073 et
962 5020 1075 5074 Ιιειιο
1098 5032 1304 5074 terrena
1332 5032 1662 5089 appetentes.
1689 5024 1829 5076 Psal-

264 5105 389 5144 mus
420 5104 566 5156 vero,
597 5089 647 5142 id
676 5099 758 5160 est
785 5090 902 5142 laus
948 5091 1044 5142 ista
1099 5091 1403 5144 attribuitur
1429 5094 1527 5160 ipsi
1565 5092 1748 5154 David,
1775 5095 1823 5146 id

258 5169 374 5227 est,
422 5161 579 5226 capiti
638 5159 722 5211 vel
778 5160 937 5212 alicui
987 5164 1225 5213 membro
1272 5159 1517 5228 digniori.
1568 5160 1715 5229 Quod
1757 5175 1826 5216 sit

264 5233 487 5299 dignum
516 5229 586 5282 ita
619 5229 884 5295 insistere,
933 5229 1001 5281 ita
1034 5231 1318 5295 transilire,
1349 5233 1485 5285 sicut
1524 5236 1826 5287 ostenditur

262 5301 320 5353 in
357 5302 456 5371 hoc
479 5300 712 5371 Psalmo.
746 5299 1071 5353 'l‘ransiliens
1108 5302 1252 5354 enim
1294 5302 1396 5354 iste
1418 5302 1506 5369 qtti
1537 5303 1622 5355 hic
1649 5305 1821 5371 loqui.

261 5380 376 5437 tur,
399 5370 509 5438 jam
536 5368 791 5438 quosdam
821 5371 1117 5433 transilivit,
1145 5384 1277 5439 quos
1304 5368 1535 5439 desuper
1572 5368 1819 5440 despicit.

268 5441 554 5496 Videamus
596 5453 723 5507 ergo
766 5454 1045 5510 quousque
1088 5451 1142 5495 et
1173 5455 1306 5509 quos
1330 5443 1656 5504 transilierit,
1684 5458 1739 5497 et
1767 5444 1819 5498 in

258 5527 371 5579 quo
393 5511 595 5579 positus
619 5512 708 5574 sit,
743 5512 793 5563 id
823 5523 923 5575 est,
974 5512 1073 5563 sub
1102 5525 1207 5579 quo
1242 5510 1417 5565 adhuc
1458 5515 1529 5565 sit
1565 5516 1817 5580 quosdam

258 5586 414 5653 quasi
450 5580 815 5653 transiliret-it.
868 5580 963 5653 De,
994 5581 1251 5649 spirituali
1304 5582 1446 5634 enini
1493 5588 1722 5651 quodam
1764 5594 1819 5638 et

257 5649 453 5709 securo
487 5649 605 5707 loco
652 5652 906 5716 intuetur,
953 5651 1063 5705 haec
1085 5653 1189 5705 iina
1220 5649 1599 5723 respiciens—ea
1626 5669 1728 5709 non
1761 5665 1818 5708 ut

1941 4479 2023 4537 tus
2060 4478 2203 4532 sunt,
2255 4469 2390 4521 sicut
2435 4470 2632 4521 zizania
2682 4470 2820 4537 inter
2871 4484 3054 4537 grana.
3109 4472 3266 4534 Quasi
3298 4472 3488 4528 dicat:

1937 4535 2208 4605 Quotquot
2251 4540 2381 4591 estis
2426 4539 2651 4607 separati
2695 4535 2783 4597 vel
2813 4535 3047 4605 permisti
3097 4553 3308 4601 omnes.
3350 4557 3490 4595 nunc

1934 4612 2064 4661 estis
2092 4607 2376 4678 tolerandi,
2419 4612 2736 4677 quandoque
2766 4623 2892 4675 Vero
2920 4610 3219 4675 separandi,
3253 4614 3376 4678 quia
3402 4626 3488 4667 vos

1933 4680 2157 4732 universi
2202 4677 2490 4744 interﬁcitis
2538 4690 2739 4735 tantum
2793 4692 2986 4745 corpus
3023 4681 3162 4745 quod
3213 4677 3293 4731 est
3343 4693 3493 4734 exte-

1933 4748 2064 4811 rius,
2114 4764 2219 4801 non
2265 4749 2404 4815 quod
2456 4760 2540 4802 est
2574 4750 2818 4801 interius.
2865 4747 3089 4811 lt'rtiitis,
3146 4748 3382 4817 inquam,
3416 4751 3490 4809 iu-
3535 4759 3542 4815 ξ

1932 4821 2086 4871 statis
2132 4819 2258 4869 nubi
2307 4818 2417 4871 enti
2462 4829 2706 4885 tanquam
2733 4818 2916 4885 parieti
2962 4818 3233 4879 inclinato,
3282 4819 3333 4870 id
3382 4829 3491 4885 est,
3540 4824 3541 4827 “

1935 4888 2088 4940 facile
2116 4887 2347 4941 vincibili
2378 4901 2552 4942 vestra
2584 4889 2935 4955 reputatione.
2965 4890 3097 4940 sicut
3128 4886 3293 4941 facilis
3318 4892 3489 4943 estad

1927 4957 2291 5011 subruendum
2322 4958 2497 5025 paries
2527 4960 2809 5015 inclinatus
2833 4973 2848 5023 ;
2872 4968 2918 5011 et
2953 4959 3058 5009 enti
3090 4967 3334 5026 tanquam
3376 4973 3486 5015 ma-

1928 5028 2077 5080 ceriae
2100 5029 2348 5095 depulsae,
2382 5027 2433 5083 id
2459 5038 2563 5094 est,
2608 5043 2710 5082 non
2766 5030 2903 5082 bene
2943 5026 3160 5095 fundato
3192 5030 3244 5080 iii
3277 5028 3399 5093 lide,
3434 5038 3490 5083 et

1928 5094 2411 5154 ilrtniterradicato
2451 5102 2502 5151 in
2552 5099 2833 5157 charitate.
2865 5094 2959 5150 Vel
2992 5098 3148 5150 aliter
3176 5113 3191 5149 :
3230 5097 3329 5150 Vos
3355 5097 3477 5153 uni-

1925 5168 2054 5219 versi
2096 5167 2383 5237 interﬁcitis
2424 5182 2511 5221 vos
2548 5169 2690 5236 ipsos
2721 5170 2770 5221 in
2801 5165 3177 5237 niehominem
3209 5166 3484 5237 irruendo,

1924 5251 2020 5289 vos
2048 5238 2167 5291 dico
2195 5236 2599 5306 cumparabiles,
2631 5239 2750 5305 quia
2797 5237 2851 5294 in
2894 5236 3227 5291 innocentem
3278 5236 3476 5293 irruitis

1924 5306 2113 5383 parieti
2125 5318 2362 5383 tanquam
2377 5306 2638 5383 inclinato,
2656 5316 2701 5360 et
2722 5308 2959 5383 maceria:
2967 5316 3211 5383 tanquam
3232 5306 3475 5383 depulsta,

1922 5380 2043 5446 quia
2073 5380 2209 5432 sicut
2229 5379 2413 5447 parieti
2438 5378 2679 5431 inclinato
2701 5388 2744 5429 et
2770 5377 3004 5430 maceria:
3029 5378 3254 5447 depulsa
3277 5377 3479 5439 vicinus

1925 5458 2009 5520 est
2039 5449 2246 5520 lapsus,
2272 5451 2483 5520 itavos,
2520 5452 2644 5516 quia
2683 5449 3015 5502 innocentem
3040 5449 3363 5520 Opprimitis,
3393 5464 3477 5502 vr-

1919 5519 2067 5571 cinos
2102 5533 2193 5572 vos
2223 5518 2394 5571 facitis
2416 5518 2605 5584 lapsui.

2001 5587 2363 5641 Verumtamen
2392 5589 2610 5656 pretium
2640 5603 2803 5641 meum
2833 5588 3208 5657 cogitaverunt.
3240 5587 3348 5656 Ego
3376 5588 3493 5656 qui.

1917 5657 2038 5715 dem
2069 5660 2147 5719 sic
2175 5672 2270 5715 eos
2296 5658 2579 5725 admonui,
2608 5660 2700 5719 sed
2733 5667 2908 5718 tamen
2955 5658 3053 5730 ipsi
3093 5667 3148 5720 et
3188 5658 3233 5717 si
3264 5672 3370 5718 non
3397 5658 3485 5721 «ιδ-
