3984 6362
526 330 630 388 805

1008 326 1210 382 BED/E
1252 319 1696 381 VENERABILIS
1718 324 1867 381 OPP.
1899 323 2073 381 PARS
2125 323 2188 378 ll.
2229 321 2422 378 SECT.
2456 321 2523 377 ιι.
2552 350 2621 359 --
2646 317 2853 377 ΒυΒΙΑ
2891 317 2978 374 ET
3016 313 3287 375 SPUlilA.

3651 319 3753 376 805

526 447 752 504 xerunt,
797 435 1013 507 quidam
1036 434 1241 507 saltem
1270 434 1613 507 cogitaverunt
1640 445 1669 485 a
1699 445 1787 486 me
1822 432 2069 507 repellere
2093 440 2143 500 Α
2179 438 2322 507 tores
2350 438 2593 483 veterum
2626 436 2908 507 parentum
2940 436 3083 507 sunt.
3130 427 3220 507 Et_
3246 426 3392 507 ponit
3419 440 3579 507 unam
3610 426 3750 507 frau-

524 512 743 583 pretium
771 503 934 561 meum
954 547 969 571 ,
999 503 1050 558 id
1079 512 1197 583 est-,7
1226 504 1292 583 ad
1324 503 1705 583 impatientiam
1735 516 1819 583 me
1848 503 2068 583 incitare

524 572 840 643 voluerunt;
867 590 1018 653 quae,
1045 583 1103 653 ut
1131 575 1207 627 ait
1232 574 1538 653 Apostolus,
1568 572 1849 653 necessaria
1876 582 1947 626 est
1967 580 2068 653 ,ιιι

520 642 831 719 reponemus
857 642 1238 719 pronussionem
1260 642 1365 719 ;'et
1393 642 1472 719 sic
1512 644 1721 719 privare
1765 655 1852 695 me
1892 642 2067 719 pretio

528 711 649 774 meo
674 726 729 772 et
765 711 1195 772 remuneratione
1237 714 1504 780 patientiae
1542 711 1843 766 voluerunt.
1893 712 1960 765 Et
1990 719 2070 765 ta-

480 777 491 785 ’
523 804 645 842 men
693 799 791 855 ego
820 784 1050 855 cucurri
1078 797 1175 851 per
1203 777 1673 855 divinapraeccpta
1728 780 1846 855 sine
1874 781 2068 855 aliquo

521 850 902 929 impedimento
926 850 1152 929 implens
1175 867 1237 907 ea
1259 861 1357 929 ,et
1382 850 1486 929 hoc
1510 851 1612 929 ieci
1641 853 1698 903 in
1725 851 1842 914 siti,
1868 850 1925 929 id
1954 861 2066 915 est,

519 922 751 981 sitiendo
780 932 833 978 ut
863 923 1106 991 exemplo
1135 936 1254 991 meo
1288 922 1407 976 illos
1434 922 1719 991 dirigerem
1737 957 1753 984 ,
1784 929 1838 991 et
1866 922 1920 973 in
1948 934 2069 974 cor-

519 1011 620 1064 pus
650 1008 823 1064 meum
856 988 1186 1064 trajicérem.
1207 990 1346 1044 Dicit
1373 988 1567 1064 beatus
1588 988 1914 1058 Augustinus
1940 991 2067 1064 quia

518 1059 618 1120 nos
644 1062 854 1134 quando
881 1059 1090 1116 sitimus
1109 1101 1124 1125 ,
1156 1061 1412 1134 liquorem
1441 1060 1531 1134 qui
1559 1071 1719 1134 extra
1732 1069 1815 1113 est
1842 1059 2070 1134 per_spi-

517 1128 680 1189 rituni
710 1133 766 1188 in
793 1147 986 1201 corpus
1008 1146 1162 1186 suum
1190 1128 1472 1201 trajiciunt.
1499 1130 1648 1201 Quod
1676 1128 1878 1201 Moyses
1896 1130 2069 1201 signi-

520 1202 733 1272 ﬁcavit,
781 1198 1079 1272 qui'iratus
1118 1210 1279 1272 caput
1308 1198 1470 1272 Avituli
1497 1198 1779 1253 conﬂatilis
1811 1200 1862 1253 in
1894 1200 2065 1272 ignem

522 1274 701 1338 misit,
720 1270 785 1327 et
804 1270 1005 1325 deinde
1034 1270 1378 1335 comminuit,
1409 1279 1463 1322 et
1486 1284 1619 1339 aqua
1648 1270 1982 1337 conspersit,
2014 1281 2069 1322 et

516 1344 727 1413 populo,
759 1341 827 1395 ad
873 1341 1158 1413 bibendum
1206 1340 1376 1413 dedit.
1422 1339 1522 1394 Per
1560 1340 1787 1413 Moysen
1838 1353 2068 1413 namque

517 1409 660 1469 Deus
704 1412 863 1467 Pater
904 1409 1241 1479 intelligitur,
1289 1409 1379 1478 qui
1424 1410 1572 1479 quasi
1622 1411 1787 1462 iratus
1818 1410 2066 1476 populum

516 1485 812 1546 maiorum,
859 1482 947 1549 qui
994 1477 1151 1546 caput
1195 1477 1339 1533 vituli
1383 1477 1723 1547 significatur,
1754 1492 1849 1546 per
1891 1480 2067 1549 ignem

519 1550 877 1607 tribulationis
908 1549 1240 1618 plerumque,
1266 1557 1318 1602 et
1346 1563 1440 1615 per
1468 1548 1711 1601 timorem
1744 1549 1918 1618 luturi_
1935 1548 2068 1616 ignis

514 1622 766 1675 admonet
786 1659 803 1686 ,
833 1630 888 1673 et
911 1615 1072 1673 verba
1104 1615 1849 1687 praedicationiscomminuit.
1878 1615 1945 1687 Et
1962 1615 2068 1685 per

515 1705 707 1770 aquam
738 1688 1071 1770 baptismatis
1093 1686 1295 1770 populo
1321 1686 1612 1770 bibendum.
1633 1687 1841 1767 tribuit,
1872 1686 1924 1739 id
1950 1694 2031 1770 est
2050 1725 2065 1749 ,

2173 500 2293 553 dem
2322 513 2509 553 eorum
2545 494 2641 564 pro
2668 500 2901 562 caeteris,
2930 498 3115 551 dicens
3146 515 3159 548 :
3194 494 3258 549 In
3289 499 3509 565 stateris,
3543 498 3745 553 subau-

2168 570 2310 624 ditur
2336 578 2573 637 agentes,
2598 576 2651 619 ut
2690 568 2826 622 alios
2870 567 3171 636 decipiant;
3214 567 3309 637 sed
3355 568 3484 621 nihil
3526 570 3610 620 eis
3643 572 3738 623 hoc

2169 635 2420 706 prodest,
2453 639 2561 691 imo
2611 638 2798 701 obest,
2846 635 3115 704 quia’ipsi
3159 635 3512 705 decipiuntur,
3548 638 3615 691 de
3645 638 3740 693 hac

2168 708 2391 761 nouitate
2414 707 2672 760 tendentes
2696 706 2751 759 in
2775 707 3033 773 idipsum,
3060 707 3112 760 id
3137 714 3252 772 est,
3283 709 3334 760 in
3364 706 3507 760 illam
3538 712 3746 761 vanitac

2169 787 2301 840 tem,
2324 792 2443 846 quae
2470 789 2684 842 semper
2705 784 2789 829 est
2813 776 2951 843 ipsa,
2978 778 3028 830 id
3052 785 3155 841 est,
3177 790 3421 839 manens,
3448 777 3497 829 id
3520 784 3633 840 est,
3658 780 3746 831 de-

2168 846 2433 900 ducuntur
2458 861 2550 913 per
2572 846 2709 899 lianc
2734 849 3022 900 vanitatem
3049 847 3101 898 in
3123 854 3352 899 aeternas
3380 861 3567 912 plenas
3588 864 3603 911 ;
3627 862 3745 916 qua:

2169 930 2275 969 non
2302 916 2422 970 ideo
2447 917 2694 969 dicuntur
2722 916 2945 979 vanitas,
2974 917 3098 984 quia
3126 928 3254 969 vere
3285 916 3454 970 malos
3484 917 3740 984 puniant,

2167 986 2263 1040 sed
2289 996 2542 1054 quantum
2572 984 2641 1038 ad
2670 986 3151 1039 remunerationem
3184 985 3470 1039 bonorum.
3503 986 3574 1039 Et
3622 989 3741 1055 quia

2168 1055 2422 1123 quidquid
2467 1069 2497 1107 a
2544 1068 2679 1123 vero,
2714 1068 2835 1109 esse
2877 1065 3185 1123 separatum
3228 1062 3353 1118 est,
3386 1055 3511 1109 illud
3545 1058 3742 1110 merito

2168 1121 2326 1193 quasi,
2347 1124 2479 1179 nillil
2508 1136 2610 1179 est.
2644 1122 2734 1178 Vel
2762 1125 2915 1179 aliter
2940 1121 2956 1177 t
2987 1121 3113 1177 Filii
3140 1125 3403 1176 hominum
3428 1134 3550 1177 sunt
3582 1127 3703 1178 varii
3721 1168 3737 1191 ,

2168 1194 2291 1262 quia
2319 1195 2636 1248 inhaerentes
2668 1194 2851 1259 vanis,
2885 1202 2940 1248 et
2963 1204 3088 1247 sunt
3117 1194 3381 1247 mendaces
3407 1195 3461 1247 in
3490 1198 3734 1260 stateris,

2168 1263 2404 1328 scilicet,
2436 1263 2557 1333 quia
2588 1264 2643 1316 in
2672 1263 2865 1317 trutina
2894 1278 2954 1318 se
2981 1276 3102 1316 cum
3133 1264 3248 1316 aliis
3278 1274 3480 1331 ponunt
3508 1275 3563 1317 et
3591 1280 3737 1319 com-

2172 1344 2426 1401 pensant,
2452 1345 2505 1387 et
2536 1333 2857 1387 mendaciter
2886 1333 3003 1387 aliis
3037 1348 3096 1386 se
3126 1333 3456 1401 praeferunt,
3490 1334 3735 1389 volentes

2170 1414 2405 1458 statuere
2432 1402 2693 1471 justitiam
2724 1416 2875 1456 suam
2896 1442 2912 1468 ,
2945 1403 3089 1456 velut
3118 1405 3207 1456 ille
3236 1402 3535 1457 Pharisseus
3568 1405 3729 1470 fecit,

2169 1475 2258 1541 qui
2289 1474 2422 1527 dixit
2449 1490 2463 1527 :
2495 1472 2700 1526 Gratias
2731 1473 2818 1525 tibi
2846 1488 2976 1543 ago,
3020 1471 3269 1536 Domine,
3314 1474 3434 1541 quia
3471 1488 3577 1525 non
3622 1491 3731 1527 sum

2168 1544 2299 1596 sicut
2344 1543 2511 1597 atteri
2557 1543 2854 1609 hominum,
2901 1552 2954 1596 et
3001 1551 3217 1597 caetera.
3263 1543 3329 1596 Et
3370 1544 3472 1597 hoc
3510 1544 3636 1596 ideo
3666 1552 3734 1595 la-

2172 1614 2356 1679 ciunt,
2406 1623 2461 1667 ut
2505 1628 2599 1681 per
2640 1613 2741 1666 hoc
2784 1612 3056 1680 decipiant
3098 1613 3252 1678 alios,
3283 1622 3339 1667 et
3370 1628 3463 1679 per
3494 1615 3600 1666 hoc
3645 1630 3735 1666 au-

2170 1692 2330 1749 geant
2378 1683 2710 1751 iniquitatem
2758 1697 2927 1737 suam.
2982 1684 3241 1736 Simulata
3286 1684 3427 1736 enim
3470 1684 3697 1751 aequitas

517 1745 1059 1844 inl-corpps'lidelium
1089 1745 1314 1837 t'rajicit,
1346 1766 1401 1811 et
1426 1757 1504 1844 sic
1532 1758 1671 1844 sitim
1704 1745 1840 1844 eius.
1868 1745 2065 1836 restio-1
2100 1784 2148 1844 Β
2174 1745 2393 1844 duplex.
2414 1745 2500 1807 es't
2543 1753 2813 1832 iniquitas.
2865 1753 3001 1844 Ipsi,
3029 1753 3183 1844 dico,
3203 1754 3292 1820 qui
3335 1745 3645 1844 quanqtiitm
3674 1745 3735 1809 de

516 1830 652 1898 guit.
699 1826 852 1898 lianc
899 1842 1112 1896 quoque
1161 1829 1302 1898 sitim
1354 1828 1545 1898 mulier
1584 1826 1674 1879 illa
1704 1826 2069 1898 Samaritana,

514 1896 636 1967 qua:
664 1901 810 1966 prior
840 1897 1125 1951 Dominum
1154 1897 1321 1967 sensit
1362 1896 1632 1967 sitientem
1653 1937 1668 1962 ,
1720 1905 1777 1950 et
1820 1896 2075 1967 Dominus

514 1965 799 2022 bibit’eam
829 1967 1156 2021 credentem.
1189 1966 1341 2020 Nunc
1383 1966 1449 2019 ad
1492 1966 1722 2020 litteram
1766 1965 2070 2020 redeamus.

519 2038 631 2106 Ego
656 2038 870 2106 quidem
898 2036 1138 2090 sitiebam
1170 2036 1378 2089 illorqu
1402 2036 1746 2090 salvationem
1764 2074 1786 2106 ,_
1811 2036 1912 2106 ipsi
1940 2050 2069 2106 vero

523 2104 611 2160 ore
653 2104 746 2160 suo
790 2108 920 2160 mihi
966 2105 1356 2169 benedicebant,
1402 2113 1449 2157 et
1492 2106 1645 2158 corde
1683 2104 2071 2159 maledicebant.

522 2177 638 2230 Non
669 2176 840 2230 solum
884 2177 1025 2231 enim
1055 2176 1105 2229 bi
1132 2176 1220 2242 qui
1249 2184 1439 2244 gerunt
1466 2175 1589 2230 ﬁdei
1618 2184 1948 2228 sacramenta
1967 2215 1983 2241 ,
2015 2184 2073 2229 et

524 2247 751 2300 oderunt
776 2245 953 2300 divina
985 2255 1282 2314 praecepta,
1314 2245 1409 2299 sed
1438 2246 1597 2299 etiam
1642 2245 1811 2299 Judmi
1841 2246 1926 2299 vel
1975 2260 2071 2313 pa-

523 2316 643 2384 gani
684 2315 924 2370 fidelibus
961 2330 1057 2370 ore
1090 2316 1444 2381 benedicunt,
1474 2315 1665 2381 quibus
1705 2323 1881 2369 tamen
1911 2316 2074 2370 corde

522 2386 911 2440 contradicunt.

606 2454 961 2509 Verumtamen
989 2453 1100 2509 Deo
1142 2454 1368 2524 subjccta
1402 2464 1541 2518 esto,
1572 2455 1745 2508 anima
1780 2470 1924 2519 mea,
1952 2470 2075 2521 quo-

526 2526 665 2577 niam
696 2524 758 2577 ab
786 2526 896 2595 ipso
923 2524 1163 2595 patientia
1189 2539 1319 2579 mea.
1348 2524 1451 2591 Ipsi
1476 2526 1686 2592 quidem
1720 2526 1917 2595 instant
1946 2524 2075 2595 milii

524 2607 762 2663 tanquam
794 2593 970 2662 parieti
999 2594 1244 2647 inclinato
1262 2634 1278 2659 ,
1310 2595 1363 2648 id
1391 2602 1506 2659 est,
1540 2596 1692 2649 facile
1721 2593 1957 2648 vincibili
1980 2634 1995 2659 ,
2024 2604 2079 2648 et

528 2666 828 2719 interﬁcere
856 2680 941 2719 me
967 2664 1185 2727 volunt,
1218 2672 1274 2719 et
1313 2664 1539 2732 pretium
1588 2680 1762 2719 meum
1811 2669 2073 2730 repellere

524 2735 780 2803 cogitant,
808 2746 861 2788 et
886 2749 1003 2789 cum
1032 2747 1127 2788 ore
1155 2735 1500 2799 benedicunt,
1530 2734 1694 2788 corde
1719 2733 2076 2799 maledicunt;

521 2809 614 2857 sed
652 2812 826 2856 tamen
855 2811 941 2868 ιιι,
969 2805 1146 2857 anima
1174 2818 1291 2856 mea
1313 2844 1328 2869 ,
1357 2812 1475 2859 esto
1501 2806 1709 2858 subdita
1752 2804 1858 2858 Deo
1877 2844 1895 2870 ,
1946 2813 2003 2858 ut
2047 2819 2077 2858 a

522 2887 646 2925 vera
680 2873 979 2927 obedientia
1009 2883 1063 2926 et
1092 2873 1344 2941 patientia
1376 2889 1479 2926 non
1507 2874 1747 2928 recedas.
1789 2873 1856 2927 Et
1886 2874 2078 2929 merito

524 2941 693 3013 debes
734 2942 782 3013 ei
825 2957 944 2998 esse
981 2942 1255 3013 subjecta,
1302 2943 1540 3010 quoniam
1583 2945 1826 3013 patientia
1867 2959 1979 2996 mea
2016 2945 2079 2997 ab

526 3012 671 3081 ipso,
703 3011 749 3066 si
780 3013 916 3066 inter
947 3012 1312 3065 tribulationes
1348 3022 1403 3066 et
1441 3011 1841 3081 persecutiones
1873 3013 2078 3076 patiens

526 3094 650 3136 esse
677 3095 833 3150 queo.
874 3082 986 3135 Hoc
1013 3096 1116 3135 non
1148 3091 1231 3135 est
1258 3097 1323 3135 ex
1355 3096 1441 3136 me
1462 3123 1477 3148 ,
1509 3083 1605 3137 sed
1629 3084 1699 3137 ab
1724 3099 1812 3139 eo.
1853 3084 1922 3138 Et
1949 3097 2076 3139 vere

523 3153 591 3205 ab
620 3151 754 3219 ipso,
785 3153 906 3219 quia
935 3153 1043 3218 ipse
1074 3151 1208 3204 Deus
1237 3168 1394 3217 meus,
1422 3166 1610 3207 creans
1638 3167 1743 3217 tne,
1769 3164 1814 3207 et
1842 3154 2077 3209 Salvator

522 3235 662 3275 meus
687 3235 933 3275 recreans
959 3235 1081 3286 me;
1108 3222 1313 3290 adjutor
1334 3236 1471 3276 meus
1495 3234 1679 3277 contra
1705 3225 2077 3294 impugnanles

520 3303 574 3345 et
611 3302 1035 3360 persequentes,
1086 3294 1384 3358 perducens
1427 3306 1515 3346 me
1560 3294 1711 3359 illuc,
1764 3295 1816 3349 id
1862 3302 1976 3359 est,
2020 3296 2076 3350 in

517 3359 806 3435 c‘mlestent’
840 3361 1168 3435 Jerusalem,
1218 3364 1357 3417 unde
1394 3361 1761 3435 ampliusnon
1797 3363 2071 3435 emigrabo.

518 3427 583 3483 Et
618 3444 741 3485 vere
778 3440 861 3486 est
898 3432 1135 3486 Salvator
1171 3446 1343 3497 meus,
1376 3427 1499 3498 quia
1527 3434 1580 3487 in
1609 3433 1718 3487 Deo
1744 3444 1824 3489 est
1850 3427 2076 3490 stilutare

519 3515 717 3567 meum,
766 3501 819 3553 id
866 3510 985 3565 est,
1032 3506 1205 3555 omnis
1246 3500 1553 3570 jnstilicatio
1593 3514 1646 3557 et
1689 3506 1909 3559 salvatio
1954 3520 2073 3561 mea

520 3583 696 3644 nunc,
725 3577 771 3623 et
804 3572 920 3639 ipse
951 3572 1159 3644 tandem
1190 3580 1293 3644 erit
1319 3574 1517 3640 gloria,
1550 3577 1639 3643 qui
1668 3578 1737 3629 ab
1764 3577 1880 3644 ipso
1908 3576 2074 3644 glori-

524 3638 724 3713 ficabor
752 3638 1174 3713 resurrectione,
1216 3638 1615 3713 itnuiortalitaie
1642 3654 1695 3697 et
1724 3638 2068 3713 inipassibili-

520 3715 664 3777 tate.
695 3706 907 3761 Interim
934 3719 1108 3762 autem
1151 3711 1313 3777 quid?
1357 3714 1511 3766 Certe
1553 3712 1766 3768 interim
1801 3706 1893 3768 ἐει
1938 3715 2075 3769 Deus

519 3776 735 3840 auxilii,
771 3778 821 3830 id
853 3787 961 3841 est,
995 3779 1194 3845 praebet
1222 3780 1351 3832 mihi
1380 3782 1628 3836 auailiom
1674 3793 1860 3837 contra
1904 3787 2073 3837 mani-

522 3845 688 3899 lestas
719 3850 1137 3920 oppugnationes
1164 3862 1350 3920 eorum
1382 3851 1471 3917 qtti
1504 3854 1632 3905 foris
1660 3864 1819 3920 sntit,
1852 3864 1906 3907 et
1942 3868 2069 3908 c0n-

529 3930 605 3967 tra
650 3918 901 3970 subdolus
947 3917 1242 3972 locutiOnes
1285 3916 1535 3974 falsorum
1583 3916 1824 3975 fratrum.
1862 3923 1923 3976 Et
1954 3927 2074 3978 ideo

518 3985 713 4059 “nerito
733 3989 907 4041 omnis
936 4003 1047 4041 mea
1075 4003 1189 4056 spes
1215 3998 1298 4042 est
1326 3990 1377 4059 in
1408 3990 1553 4056 ipso,
1578 3993 1667 4059 qui
1696 4000 1778 4044 est
1804 3991 1962 4047 Deus.

590 4054 808 4121 Sperate
836 4060 889 4132 iu
915 4073 994 4111 eo.
1030 4054 1165 4132 Ecce
1194 4054 1495 4132 transiliens
1522 4054 1641 4125 iste,
1669 4064 1760 4131 qui
1790 4064 1876 4116 hic
1905 4064 2074 4132 loqui-

518 4134 628 4201 tur,
660 4128 966 4194 exsequitur
1010 4129 1148 4197 quod
1195 4129 1248 4183 in
1293 4131 1442 4183 titulo
1473 4132 1668 4185 dictum
1686 4128 1814 4199 est,
1846 4128 2069 4201 scilicet,

516 4195 655 4271 alios
686 4206 743 4249 ut
770 4212 890 4271 eum
918 4195 1233 4271 sequantur,
1261 4209 1315 4252 et
1341 4203 1588 4271 exemplo
1611 4203 1726 4270 ejus
1755 4195 2070 4271 transiliam,

521 4266 775 4340 admonet
801 4266 982 4320 dicens
1002 4266 1183 4340 {Quia
1213 4284 1312 4338 ego
1340 4266 1545 4325 ldttnuu
1580 4266 1796 4340 spiritus
1845 4274 1895 4326 ιιι
1940 4266 2069 4339 Deo,

520 4338 696 4387 omnis
742 4338 1079 4413 congregatio
1126 4342 1333 4407 pOpuli,
1367 4342 1418 4393 id
1464 4351 1579 4410 est,
1611 4338 1798 4398 omnes
1826 4358 1949 4408 vos,
1981 4338 2071 4413 qui

518 4417 647 4480 vero
684 4409 877 4480 populo
916 4407 1073 4461 vultis
1109 4412 1378 4477 aggregari
1399 4454 1412 4477 ,
1444 4407 1642 4480 sperate
1670 4417 1725 4466 in
1752 4429 1838 4478 eo,
1872 4407 2067 4480 idest,

527 4467 803 4550 imitemini
837 4489 959 4550 me,
989 4486 1046 4529 ut
1072 4467 1316 4545 εχὲὗιμῖο
1349 4467 1481 4534 tneo'
1496 4488 1723 4550 speretis
1751 4485 1803 4537 in
1826 4467 1943 4538 'Deo
1967 4467 2070 4549 ξεί
2098 4467 2151 4528 Ι)

518 4542 767 4610 effundite
805 4547 962 4598 corda
1006 4557 1170 4599 vestra
1206 4542 1376 4601 coram
1420 4542 1540 4615 illo,
1585 4555 1636 4607 id
1679 4566 1789 4615 est,
1818 4542 2071 4609 evacuate

512 4614 676 4693 corda
716 4625 891 4669 vestra
934 4616 1073 4693 unde
1111 4630 1235 4671 sunt
1265 4623 1421 4687 plena
1442 4660 1457 4686 ,
1490 4614 1541 4675 id
1571 4633 1685 4689 est,
1718 4614 1949 4692 nequitia
1970 4668 1985 4693 ,
2016 4635 2074 4678 ut

519 4684 842 4762 impleantur
890 4685 1195 4762 utule___sunt
1237 4684 1451 4762 vacua,»
1484 4693 1534 4745 id
1575 4684 1689 4757 est,
1715 4684 1942 4762 jusiitia.
1972 4684 2073 4750 ’νει

511 4753 766 4832 eﬂimdite
808 4769 983 4832 coram
1025 4756 1118 4810 illo
1139 4796 1156 4821 ,
1176 4753 1441 4832 scilicet,
1468 4753 1770 4817 confitendo
1814 4775 2028 4832 peccata
2051 4806 2068 4831 ,

512 4839 631 4887 qua:
659 4823 712 4878 in
741 4827 995 4903 cordibus
1026 4830 1216 4903 vestris
1240 4837 1398 4903 erant
1423 4823 1705 4899 absconsa,
1734 4823 2072 4903 deprecando

510 4904 567 4946 et
595 4897 883 4972 sperandi},
913 4907 969 4972 et
997 4900 1189 4952 merito
1221 4899 1425 4972 debetis
1452 4903 1504 4955 in
1533 4917 1600 4957 eo
1625 4897 1864 4972 sperare,
1898 4915 1951 4959 et
1977 4921 2070 4959 co-

509 4977 625 5043 ram
657 4965 747 5019 illo
775 4965 1050 5022 eﬁundere
1083 4982 1211 5043 cor,_
1230 4969 1351 5037 quia
1382 4969 1495 5038 ipse
1520 4965 1743 5027 cum'sit
1789 4965 1960 5041 Deus,
1990 4985 2075 5030 est

505 5034 716 5113 adjutor
756 5045 926 5089 noster
967 5049 1153 5113 contra
1198 5034 1572 5113 inipugtiantes
1614 5053 1672 5097 et
1717 5034 2072 5113 tr.bulau'tes,

510 5105 810 5186 perducens
839 5120 938 5161 nos
967 5109 1020 5160 in
1046 5105 1291 5165 tetanum
1315 5105 1418 5178 ,ἰὰ
1443 5123 1552 5179 est,
1582 5114 1636 5168 in
1666 5124 1923 5171 aeternam
1954 5105 2071 5186 glol

504 5185 659 5227 nam.

589 5241 945 5325 Verumtamen
995 5248 1111 5325 vani
1160 5249 1259 5319 ﬁlii
1302 5247 1602 5325 Marinum,
1653 5256 1919 5310 mendaces
1973 5258 2076 5325 ﬁlii

513 5308 777 5393 dominum
907 5322 1106 5393 stateris
1124 5362 1143 5387 ,
1160 5308 1236 5372 ἰιι
1277 5320 1533 5389 decipiant
1560 5308 1660 5393 ipsi
1684 5332 1747 5379 de
1774 5308 2075 5381 canit—atii

512 5388 757 5463 iaipsum.
790 5388 904 5463 Ego
930 5391 1145 5459 quidem
1173 5404 1359 5444 onines
1388 5388 1457 5449 de
1501 5388 1672 5451 salute
1718 5411 1813 5451 sua
1858 5398 1934 5451 sic
1979 5401 2076 5451 ad-

509 5460 688 5537 monui
713 5494 729 5519 ,
754 5460 1120 5537 sed_tanquam
1149 5462 1215 5513 ad
1245 5464 1507 5537 quosdam
1536 5466 1667 5519 nihil
1696 5470 1913 5533 proieci,
1949 5470 2074 5537 quia

507 5531 632 5603 sunt
658 5529 804 5603 vani,
858 5529 909 5581 id
951 5539 1039 5603 est
1059 5570 1076 5595 ,
1110 5532 1337 5603 terrenis
1356 5571 1372 5597 ,
1404 5548 1522 5602 quae
1549 5529 1760 5590 vanitas
1787 5529 1945 5603 sunt,
1965 5529 2047 5592 ’σε

509 5596 639 5657 diti,
661 5602 717 5647 et
740 5606 862 5648 sunt
892 5602 1176 5663 mendaces,
1208 5596 1450 5667 scilicet}
1480 5606 1856 5660 beatitudinem
1889 5596 2071 5662 veram

509 5669 879 5745 promittentes
906 5669 1002 5745 sibi
1033 5672 1344 5745 in‘vanitate
1372 5675 1459 5728 ubi
1489 5676 1628 5728 nulla
1658 5680 1926 5730 beatitudo
1950 5693 2070 5745 CSt;

507 5742 560 5785 et
590 5732 690 5789 hoc
719 5736 857 5801 ideo,
891 5741 1011 5805 quia
1042 5740 1139 5807 ﬁlii
1173 5744 1434 5797 hominum
1464 5758 1621 5816 sunt,
1659 5749 1708 5801 id
1743 5758 1858 5815 est,
1884 5732 2069 5803 ιὶιιιιιιιλ

2182 1823 2431 1876 varietate
2472 1820 2779 1889 Opinionutn
2824 1834 2949 1875 sunt
2980 1825 3031 1874 in
3062 1823 3299 1888 diverso,
3334 1820 3514 1876 tamen
3544 1826 3613 1874 de
3656 1839 3735 1876 ea-

2178 1895 2332 1945 nitate
2357 1907 2541 1946 omnes
2568 1892 2789 1945 tendunt
2816 1892 2867 1944 in
2898 1892 3140 1961 idipsum.
3166 1893 3325 1958 Quasi
3356 1895 3497 1946 dicat
3523 1911 3535 1944 :
3563 1894 3736 1959 Quae-

2178 1977 2335 2029 quam
2368 1962 2686 2029 multiplices
2714 1970 2838 2015 sunt
2881 1977 3112 2026 errores,
3156 1972 3331 2016 tamen
3380 1966 3430 2015 in
3484 1966 3587 2018 hoc
3614 1981 3735 2019 con-

2179 2035 2427 2096 veniunt,
2458 2033 2598 2099 quod
2624 2047 2810 2086 omnes
2838 2034 2903 2085 ad
2936 2034 3193 2085 vanitates
3224 2033 3521 2086 intendunt.

2253 2102 2430 2154 Nolite
2469 2117 2672 2169 sperare
2700 2103 2751 2153 in
2781 2103 3045 2169 iniquitate
3064 2145 3080 2170 ,
3113 2112 3161 2154 et
3191 2104 3397 2172 rapinas
3426 2103 3588 2155 nolite
3618 2119 3732 2156 con-

2178 2174 2462 2239 cupiscere;
2486 2172 2675 2243 divitia:
2699 2172 2999 2243 siaﬂluant,
3021 2173 3174 2226 nolite
3200 2189 3286 2225 cur
3309 2189 3588 2243 apponere.
3617 2174 3733 2236 Vos,

2181 2243 2430 2310 inquam,
2478 2242 2567 2295 lilii
2616 2242 2922 2305 hominum,
2970 2244 3227 2297 hactenus
3272 2242 3394 2296 vani
3443 2243 3641 2306 fuistis,
3684 2256 3733 2296 et

2178 2313 2484 2382 mendaces,
2533 2312 2726 2365 amodo
2755 2323 2931 2366 autem
2963 2313 3114 2366 nolite
3138 2329 3341 2382 sperare
3368 2316 3421 2366 in
3450 2314 3729 2381 iniquitate.

2179 2380 2360 2435 Potest
2388 2397 2597 2450 quoque
2626 2384 2728 2435 hoc
2743 2384 2940 2452 referri
2968 2384 3034 2437 ad
3064 2380 3231 2437 bonos
3252 2423 3266 2447 ,
3297 2399 3431 2452 quos
3473 2380 3619 2450 prius
3646 2384 3733 2436 ad-

2168 2452 2443 2522 imonuit,_
2468 2453 2693 2506 dicens:
2726 2450 2941 2519 Sperate
2980 2455 3033 2504 in
3076 2468 3165 2516 eo,
3214 2462 3269 2507 et
3309 2450 3535 2522 reliqua.
3580 2454 3734 2519 Quasi

2178 2521 2321 2574 dicat
2348 2540 2360 2573 :
2395 2520 2521 2575 Filii
2561 2522 2761 2588 quidem
2787 2522 3049 2575 hominum
3075 2534 3190 2576 sunt
3220 2525 3333 2575 vani
3362 2534 3409 2576 et
3428 2520 3730 2589 mendaces,

2181 2605 2275 2644 vos
2304 2602 2480 2645 autem
2510 2595 2597 2659 qui
2626 2606 2787 2647 verus
2814 2593 2970 2647 vultis
2997 2607 3115 2647 esse
3157 2595 3401 2661 populus,
3438 2594 3602 2646 nolite
3628 2610 3733 2661 spe-

2179 2676 2295 2732 rare
2334 2662 2387 2714 in
2425 2662 2709 2729 iniquitate.
2749 2663 3033 2717 Possumus
3070 2674 3247 2717 autem
3287 2664 3621 2732 iniquitatem
3661 2665 3735 2717 vel

2182 2730 2271 2785 hic
2301 2731 2668 2786 universaliter
2706 2737 2950 2798 accipere
2996 2747 3090 2802 pro
3120 2735 3266 2788 omni
3312 2730 3593 2802 iniquitate
3614 2774 3630 2798 ,
3659 2733 3736 2788 vtl

2183 2804 2549 2856 tantummodo
2588 2803 2641 2856 in
2685 2802 2973 2858 ambitione
3019 2806 3277 2870 pecunize.
3328 2806 3461 2870 Quia
3498 2805 3626 2858 alibi
3665 2806 3738 2856 ιιι-

2182 2880 2324 2942 ctum
2352 2882 2435 2925 est
2462 2889 2473 2923 :
2509 2871 2685 2925 Omnis
2714 2872 2851 2926 dives
2878 2884 2968 2926 aut
2997 2874 3218 2940 iniquus,
3247 2885 3337 2927 aut
3367 2888 3532 2928 lateres
3560 2876 3733 2942 iniqui.

2182 2940 2247 2994 Et
2267 2942 2456 2995 dividit
2476 2943 2596 2996 illos
2617 2956 2748 3010 quos
2770 2945 2983 2996 insimul
3005 2945 3090 2996 bic
3132 2946 3356 3012 accipit,
3382 2946 3435 2998 in
3459 2946 3595 2998 duas
3627 2940 3737 3012 par-

2185 3020 2287 3075 tes,
2311 3012 2534 3077 scilicet,
2566 3012 2620 3065 in
2649 3027 2906 3081 pauperes
2927 3022 2982 3068 et
3008 3014 3219 3068 divites.
3246 3017 3311 3068 Et
3337 3019 3483 3083 prius
3506 3016 3655 3083 ponit
3678 3016 3740 3069 de

2184 3084 2535 3151 pauperibus,
2564 3084 2747 3138 dicens
2774 3083 2885 3137 ita:
2924 3085 3027 3138 Vos
3060 3099 3317 3153 pauperes
3358 3087 3518 3149 nolite
3558 3102 3738 3138 coacu-

2180 3153 2373 3224 piscere
2400 3156 2658 3224 rapinas,_
2693 3153 2746 3205 id
2792 3164 2909 3222 est,
2954 3153 3174 3224 injustas
3223 3157 3522 3209 alienarum
3562 3171 3737 3210 rerum

2177 3222 2568 3289 subreptioues.
2637 3222 2962 3278 Damnosutn
3009 3222 3177 3278 enim
3236 3226 3440 3279 lucrum
3495 3236 3619 3292 est,
3686 3238 3737 3278 ut

2175 3293 2421 3364 acquiras
2452 3292 2725 3361 pecuniam
2746 3333 2761 3357 ,
2792 3304 2846 3348 et
2874 3296 3062 3362 perdas
3090 3296 3467 3349 innocentiam.
3499 3298 3733 3364 Namque

2176 3362 2304 3435 quid
2351 3366 2524 3430 rapias
2569 3363 2752 3426 vides,
2796 3378 2827 3418 a
2873 3379 2980 3433 quo
3010 3380 3136 3420 vero
3164 3367 3391 3435 rapiaris
3418 3382 3529 3420 non
3560 3362 3728 3420 vides.

2175 3432 2312 3504 Noli
2340 3446 2469 3503 ergo
2515 3446 2703 3501 rapere
2749 3432 2964 3503 propter
2993 3432 3360 3503 paupertatem
3396 3447 3543 3489 tuam
3567 3474 3585 3502 ,
3618 3440 3735 3504 quia

2175 3517 2264 3571 qut
2296 3503 2419 3557 fecit
2446 3512 2495 3558 te
2514 3546 2529 3571 ,
2564 3513 2743 3572 pascet
2772 3513 2842 3558 te.
2885 3507 2945 3560 Si
2974 3520 3114 3560 ennn
3145 3508 3313 3572 pascit
3341 3519 3392 3559 te
3434 3503 3732 3572 latronem,

2176 3575 2346 3644 pascit
2398 3583 2448 3627 te
2496 3575 2857 3644 innocentem.
2907 3576 2964 3630 Si
3014 3579 3181 3644 pascit
3231 3588 3283 3630 te
3329 3577 3729 3639 datnnandum,

2174 3642 2344 3697 multo
2370 3646 2538 3713 magis
2566 3642 2737 3713 pascit
2767 3656 2818 3698 te
2846 3642 3198 3699 liberandum.
3247 3645 3425 3699 Nolite
3461 3660 3595 3713 ergo
3642 3663 3734 3701 vos

2177 3728 2432 3782 pauperes
2461 3715 2810 3783 concupiscere
2833 3717 3042 3783 rapinas
3063 3756 3078 3781 ,
3105 3725 3160 3770 et
3206 3717 3251 3768 si
3278 3718 3463 3769 divitia
3491 3718 3731 3785 afﬂuant,

2175 3785 2228 3836 id
2256 3793 2338 3837 est
2357 3821 2374 3848 ,
2405 3786 2450 3838 si
2477 3784 2669 3837 divites
2699 3789 2830 3854 estis
2849 3825 2863 3848 ,
2895 3785 3052 3837 nolite
3080 3785 3279 3839 divitiis
3308 3802 3395 3839 cor
3422 3784 3685 3854 apponere
3715 3806 3733 3849 ;

2172 3857 2313 3922 quod
2345 3854 2420 3907 illi
2450 3854 2679 3919 faciunt,
2711 3853 2802 3922 qui
2846 3856 3049 3909 malunt
3091 3870 3182 3910 eas
3212 3853 3504 3911 recondere
3526 3897 3542 3921 ,
3574 3874 3730 3925 quam

2175 3926 2495 3991 pauperibus
2516 3938 2755 3991 erogare,
2788 3936 2841 3980 et
2869 3927 2994 3979 dum
3021 3940 3113 3980 eas
3141 3929 3482 3993 custodiunt,
3520 3932 3622 3996 ιμδι
3654 3944 3732 3980 m-

2176 3996 2337 4046 terius
2365 4009 2394 4047 a
2422 4008 2544 4048 vera
2576 3997 2779 4049 ratione
2804 4005 2859 4048 et
2888 3997 3156 4050 intellectu
3183 3996 3445 4050 dililuuut.
3470 3998 3542 4050 Et
3573 4001 3730 4065 ιιιιιιι-

2173 4066 2299 4132 quid
2332 4080 2521 4130 praiter
2548 4065 2713 4117 solum
2748 4068 3114 4121 necessitatem
3164 4076 3525 4130 retinuerunt,
3564 4080 3729 4121 totum

2175 4137 2495 4205 pauperibus
2527 4146 2834 4202 rapuerunt.
2870 4135 3018 4190 Unde
3043 4140 3329 4205 Apostolus
3356 4140 3422 4190 ad
3454 4140 3732 4192 "innotue-

2174 4220 2297 4257 um:
2331 4203 2559 4272 Prtecipe
2596 4206 2830 4277 divitibus
2875 4209 3026 4277 hujus
3064 4203 3239 4260 sicculi
3267 4223 3367 4260 non
3394 4209 3617 4261 sublime
3646 4227 3731 4263 sa-

2173 4289 2309 4348 pere,
2343 4290 2637 4348 necsapere
2664 4276 2715 4327 in
2744 4276 3290 4348 incerto’divitiarum,
3318 4286 3375 4332 et
3401 4280 3631 4348 reliqua.

2243 4345 2411 4399 Semel
2438 4345 2632 4398 locutus
2660 4355 2733 4398 est
2760 4345 2919 4402 Deus.
2953 4347 3077 4401 Ideo
3104 4349 3224 4401 dico
3254 4359 3311 4401 ut
3341 4363 3434 4402 nec
3461 4345 3732 4417 pauperes

2172 4418 2412 4488 rapiant,
2443 4431 2543 4469 nec
2560 4417 2985 4488 ‘dintesdivitiis
3010 4433 3102 4471 cor
3140 4430 3444 4488 apponant,
3472 4436 3604 4488 quia
3639 4433 3727 4485 tu,

2178 4486 2396 4539 Domine
2414 4524 2429 4549 ,
2461 4499 2513 4539 et
2540 4486 2816 4541 damnabis
2845 4490 3033 4556 malos,
3065 4498 3117 4541 et
3146 4486 3506 4543 rentunerabis
3535 4496 3732 4545 bonos.

2175 4558 2328 4620 Quod
2357 4568 2437 4609 est
2466 4557 2553 4609 ubi
2581 4558 2711 4610 dicit
2740 4575 2752 4609 :
2789 4559 2922 4624 Quia
2951 4569 3003 4611 tu
3031 4560 3209 4612 reddes
3238 4560 3506 4627 unicuique
3539 4576 3731 4614 secun-

2175 4631 2296 4699 dum
2327 4641 2626 4699 operasua,
2655 4627 2736 4699 liis
2769 4632 2977 4697 quidem
3009 4631 3256 4699 praemia,
3288 4630 3392 4683 illis
3429 4636 3729 4697 suppilCia.

2174 4693 2244 4749 Et
2288 4693 2536 4763 pracedd
2583 4693 2856 4766 utriusque
2887 4693 3145 4767 probatio.
3178 4702 3337 4767 Quasi
3364 4693 3510 4755 dicat
3538 4693 3553 4754 Ξ
3595 4704 3733 4757 Vere

2173 4767 2452 4839 damnabis
2479 4768 2667 4833 malos,
2694 4771 2819 4836 quia
2842 4769 2967 4834 tibi,
2993 4769 3230 4837 Domine,
3253 4779 3336 4825 est
3365 4779 3606 4837 potestas
3638 4790 3737 4839 pu-

2176 4837 2358 4890 niendi
2388 4848 2493 4891 tam
2521 4839 2753 4906 majores
2776 4854 2937 4907 quam
2964 4842 3212 4895 minores.
3236 4840 3303 4894 Et
3329 4856 3449 4895 vere
3476 4837 3739 4897 remune-

2175 4908 2318 4960 rabts
2361 4909 2560 4972 bonos,
2603 4910 2727 4977 quia
2756 4912 2848 4965 tibi
2876 4920 2962 4965 est
2989 4911 3365 4967 misericordia.
3402 4913 3738 4969 Potestatem

2176 4978 2353 5044 itaque
2376 4980 2671 5048 timeamus,
2696 4979 3109 5035 misericordiam
3132 4995 3409 5048 amemus;
3435 4998 3533 5035 nec
3560 4984 3644 5037 sic
3670 4987 3742 5038 de

2176 5047 2538 5102 misericordi:
2568 5064 2967 5120 praesumamus,
2993 5060 3051 5105 ut
3077 5047 3400 5120 potestatem
3417 5065 3742 5107 contemna-

2175 5131 2333 5190 mus;
2365 5132 2537 5190 neque
2560 5118 2641 5190 sic
2669 5131 2980 5187 potestatem
3011 5118 3308 5188 timeamus,
3335 5133 3391 5176 ut
3417 5124 3483 5177 de
3514 5125 3743 5179 iniseri-

2175 5189 2357 5267 cordia
2371 5188 2735 5267 desperemus,
2752 5194 2877 5261 quia
2902 5201 3184 5267 utrumque
3205 5204 3290 5248 est
3315 5195 3365 5267 in
3394 5195 3523 5257 Deo,
3556 5208 3613 5249 et
3633 5201 3743 5249 uu-

2175 5264 2466 5311 sericordta
2505 5267 2560 5333 et
2606 5272 2859 5328 potestas.
2913 5264 3178 5318 Potesmte
3223 5266 3435 5333 quidem
3484 5268 3746 5320 ltumitiat

2175 5333 2455 5396 superbos,
2479 5331 2838 5401 misericordia
2867 5334 3065 5389 exultat
3093 5331 3340 5389 humiles.
3367 5335 3519 5401 Quod
3549 5351 3743 5391 autem

2176 5410 2469 5471 utrumque
2507 5402 2561 5453 in
2605 5400 2716 5455 Deo
2760 5406 2862 5469 sit,
2912 5407 3196 5471 Apostolus
3237 5400 3469 5460 insinuat
3494 5408 3746 5464 dicens;

2179 5470 2328 5535 Quod
2356 5474 2399 5524 si
2430 5467 2568 5523 Deus
2593 5473 2763 5526 volens
2791 5467 3054 5529 ostendere
3076 5478 3205 5529 iram
3234 5491 3410 5541 suam,
3441 5486 3488 5529 et
3514 5480 3752 5531 demon-

2175 5551 2338 5616 strare
2368 5544 2643 5616 potentiam
2671 5560 2849 5610 suam,
2895 5546 3007 5607 tulit
3035 5547 3088 5599 in
3116 5548 3280 5601 multa
3324 5548 3571 5616 patientia
3611 5564 3753 5601 eum

2176 5613 2267 5665 ira:
2288 5653 2300 5676 ,
2332 5627 2444 5678 qua:
2473 5615 2720 5687 destinata
2748 5626 2864 5669 sunt
2897 5621 2949 5669 in
2995 5613 3344 5687 perditionem.
3395 5619 3533 5671 Ecce
3577 5631 3749 5686 pute-

2176 5696 2304 5735 sms.
2338 5686 2587 5749 Sequitur
2615 5686 3001 5751 nnserieordta,
3026 5691 3259 5757 scilicet,
3292 5702 3345 5741 ut
3378 5689 3577 5739 divitias
3605 5707 3748 5756 gm-

2178 5756 2260 5806 tite
2295 5769 2398 5806 suw
2437 5757 2777 5822 mani/extaret
2814 5759 2867 5810 in
2904 5762 3031 5811 rasis
3072 5756 3446 5814 miseric'ortlia'.
3479 5762 3633 5813 hunc
3668 5764 3750 5813 ad
