3984 6362
688 260 705 286 ε

265 317 376 372 805
460 326 527 381 ἢ,
556 344 586 371 ο

987 308 1050 364 ΙΝ
1090 308 1505 366 PSALMORUM
1544 304 1846 362 LIBDRUM
1890 301 2241 357 EXEGISSIS.
2287 330 2346 339 —-
2392 301 2632 356 PSALSI.
2674 301 2834 357 LXII.

3400 305 3501 361 806

269 434 506 485 litteram
548 424 847 481 redeamus.
889 420 1029 485 Tibi,
1062 423 1298 487 inquam,
1342 420 1593 483 Domine,
1623 429 1704 475 cst
1744 434 1834 488 po-
1868 423 1913 480 Α
1943 429 2041 481 re;
2077 429 2175 488 ego
2204 427 2332 488 vero
2362 415 2597 488 cucurri,
2627 415 2747 488 quia
2778 413 2920 488 nulla
2952 412 3223 488 saecularis
3252 413 3500 488 illecehm

267 510 438 553 testas
482 504 538 550 et
586 491 973 550 misericordia.
1007 491 1073 544 Et
1114 490 1219 543 haec
1263 492 1366 543 duo
1408 491 1601 553 audivi,
1630 490 1686 544 id
1715 500 1832 554 est,

269 566 555 631 intellexi,
596 563 720 631 quia
760 562 900 617 Deus
936 562 1090 631 semel
1128 563 1333 631 locutus
1363 569 1456 613 est.
1511 559 1608 631 llic
1658 570 1834 631 movet

269 628 980 707 Augustinusiquarstionem
1008 630 1193 707 dicens
1217 646 1230 681 :
1261 628 1451 707 Mirum
1477 629 1670 707 videtur
1698 629 1833 707 quod

269 699 399 759 dicit
428 707 597 759 Deum
628 699 850 757 locutum
881 716 987 754 esse
1014 700 1201 765 semel,
1241 708 1284 752 et
1329 699 1481 752 istunt
1525 700 1628 753 duo
1679 700 1831 751 audi-

270 779 425 830 visse.
478 773 601 828 Non
651 782 819 826 autem
869 771 997 823 adeo
1040 770 1224 823 mirum
1265 778 1427 833 esset,
1471 769 1515 821 si
1559 768 1743 821 diceret
1788 778 1835 822 et

270 865 388 901 eum
419 844 572 900 semel
601 842 849 903 locutum,
880 850 928 894 et
959 852 1012 894 se
1040 854 1194 893 unum
1221 838 1492 892 audivisse.
1523 838 1626 894 Sed
1659 848 1833 891 tamen

274 919 456 971 adhuc
497 916 630 969 bene
669 927 771 966 non
811 918 994 973 esset,
1034 909 1159 977 quia
1199 908 1340 962 Deus
1377 919 1431 962 et
1467 910 1734 962 multoties
1780 917 1837 962 et

273 989 463 1042 multis
500 983 673 1039 modis
712 983 919 1035 locutus
954 984 1057 1033 est.
1098 978 1329 1032 Locutus
1367 988 1449 1032 est
1483 979 1627 1032 enim
1665 979 1827 1039 Adae,

269 1057 464 1111 dicens
508 1054 556 1107 ei
591 1071 602 1105 :
650 1052 842 1115 Adam,
876 1049 960 1101 ubi
990 1064 1040 1101 es
1066 1048 1091 1100 Σ)
1118 1048 1246 1102 Cain
1275 1062 1486 1117 quoque
1527 1048 1698 1112 dixit;
1736 1045 1836 1101 Ubi

271 1137 349 1180 est
380 1125 506 1179 Abel
537 1124 695 1192 frater
719 1121 876 1174 tuus?
906 1120 1133 1192 Locutus
1163 1132 1370 1186 quoque
1405 1126 1491 1192 est
1527 1118 1796 1192 Abraham
1816 1158 1830 1181 ,

272 1196 426 1250 Isaae
466 1187 749 1255 ct'Jacob,
792 1200 843 1243 et
889 1188 1137 1242 omnibus
1188 1188 1498 1255 prophetis;
1550 1187 1836 1241 novissime

270 1280 456 1319 autem
488 1264 693 1317 locutus
722 1270 805 1313 est
833 1259 884 1313 in
908 1257 1044 1326 Filio
1073 1271 1191 1311 suo.
1222 1257 1326 1311 Sed
1355 1272 1656 1325 quanquam
1696 1260 1833 1310 mul-

270 1334 532 1404 tipliciter
561 1346 667 1404 per
703 1330 997 1397 subjectum
1036 1340 1335 1404 creaturam
1373 1329 1443 1380 sit
1480 1328 1715 1404 locutus,
1752 1338 1833 1379 ta-

271 1396 401 1459 in'en
433 1396 588 1469 apud‘
621 1415 680 1455 se
731 1396 935 1463 tantum
966 1398 1133 1469 semel
1190 1397 1397 1469 locutus
1445 1407 1561 1462 est,
1614 1396 1666 1469 id
1708 1406 1830 1469 est,

273 1491 446 1528 unum
473 1466 705 1526 Verbum
739 1480 941 1522 tantum
971 1468 1151 1537 genuit
1182 1466 1248 1519 de
1275 1481 1334 1519 se
1354 1508 1368 1533 ,
1403 1481 1497 1535 per
1526 1467 1666 1537 quod
1699 1468 1833 1519 facta

272 1557 408 1599 sunt
453 1543 662 1605 omnia,
708 1549 763 1592 et
806 1542 858 1593 iti
902 1535 1008 1605 quo
1049 1538 1205 1591 simul
1251 1548 1373 1590 sunt
1399 1536 1612 1598 omnia,
1647 1535 1835 1605 inquo

272 1614 555 1682 prmscivit
582 1608 971 1682 quid_la_cturus
999 1615 1115 1661 erat
1144 1607 1194 1659 in
1226 1616 1485 1682 creatura.
1531 1606 1645 1682 Non
1693 1608 1832 1682 enim

270 1676 508 1739 nescivit
535 1676 676 1750 quod
707 1678 863 1743 fecit,
895 1678 944 1750 in
975 1677 1270 1750 quo__semel
1312 1676 1487 1750 omnia
1533 1676 1793 1750 diSposuit
1815 1717 1829 1739 ,

269 1769 401 1823 quae
428 1745 654 1824 diversis
700 1746 1286 1824 tenipo_ribus_diversa_
1321 1746 1606 1824 distribuit.
1654 1745 1828 1812 Usque
1860 1766 1906 1824 Β

272 1815 345 1879 ad
379 1824 483 1877 hoc
510 1823 729 1875 verbum
762 1815 1156 1885 intelligendum
1188 1816 1314 1869 dicit
1345 1818 1430 1869 hic
1466 1831 1523 1868 se
1552 1824 1828 1870 transcen-

266 1894 459 1957 disse,
492 1902 546 1946 et
576 1889 648 1944 ibi
677 1888 839 1942 multa
870 1888 1103 1952 audivit,
1132 1886 1197 1938 de
1225 1887 1415 1957 quibus
1446 1886 1548 1938 duo
1577 1890 1689 1938 haec
1713 1888 1829 1953 qui-

268 1966 400 2020 dem
421 1955 621 2026 ,‘mali,
653 1959 880 2021 scilicet,
910 1957 1316 2020 damnabantur,
1355 1955 1474 2008 boni
1507 1970 1630 2008 veto
1656 1970 1833 2009 remu-

269 2034 629 2093 nerabuntur,
657 2045 772 2098 qua:
798 2027 1027 2082 maxime
1053 2027 1362 2098 necessaria
1378 2027 1647 2098 praevidit,
1681 2026 1833 2079 nobis

272 2104 550 2172 proponit.
601 2095 782 2155 Potest
822 2110 1028 2165 quoque
1078 2097 1307 2172 psalmus
1351 2095 1449 2172 iste
1493 2095 1592 2172 legi
1625 2096 1675 2147 in
1704 2110 1835 2172 voce

272 2165 471 2241 capitis
522 2178 884 2241 persecutores
928 2179 1054 2220 suos
1101 2166 1326 2241 Judteos.
1358 2166 1429 2217 ita
1458 2165 1828 2241 "alloquentis,

268 2234 432 2313 quasi
487 2234 664 2295 dicat:
694 2238 829 2313 Quid
886 2252 973 2291 me
1018 2236 1280 2313 quaeritis“
1314 2234 1609 2313 interﬁcere
1656 2235 1832 2286 homi-

270 2303 406 2367 nem
435 2313 522 2382 qui
556 2324 679 2382 vera
709 2303 1237 2382 locutus_sum_vobi_s
1259 2303 1477 2382 ?_noni_ie
1512 2306 1683 2382 anima
1722 2320 1834 2382 mea

272 2374 467 2453 potius
505 2381 598 2453 erit
642 2379 870 2453 subiecta
896 2374 1025 2453 _Deo
1072 2376 1143 2453 in,
1169 2374 1471 2453 obedientia
1502 2375 1834 2453 persistendo

268 2444 439 2522 quam
470 2450 661 2504 vobis?
692 2450 808 2502 I‘lrit
836 2447 1035 2522 utique.
1087 2445 1152 2498 Et
1182 2444 1368 2498 merito
1386 2484 1407 2522 ,_
1446 2446 1566 2522 quia
1613 2444 1836 2522 salutare

270 2513 448 2576 meum
469 2561 487 2587 ,
519 2522 569 2575 id
600 2528 680 2575 est
702 2559 725 2587 ,ν
749 2513 1071 2571 resurrectio
1103 2528 1220 2587 mea
1250 2523 1332 2567 est
1356 2515 1419 2566 ab
1449 2516 1578 2584 ipso.
1622 2515 1684 2567 Et
1714 2528 1835 2568 vere

269 2596 343 2645 ah
374 2584 488 2660 ipso
509 2599 590 2644 est
607 2632 622 2654 ,
645 2586 766 2658 quia
790 2589 903 2660 ipse
924 2594 1077 2660 est_et
1103 2584 1244 2660 Deus
1269 2599 1630 2660 meus_cre_ans
1656 2598 1758 2650 me,
1786 2593 1834 2637 et

267 2653 519 2717 saluiaris
547 2653 686 2713 meus
708 2700 722 2724 ,
746 2653 867 2725 quia
896 2670 981 2710 me
1005 2655 1276 2708 hominem
1306 2669 1397 2725 per
1428 2653 1654 2709 Verbum
1680 2669 1831 2708 suum

268 2731 599 2800 assumpsit,
629 2738 683 2784 et
710 2722 1007 2800 immunem
1029 2739 1059 2776 a
1088 2734 1301 2800 peccato
1332 2722 1456 2777 fecit
1480 2735 1576 2800 ;_et
1614 2735 1695 2777 est
1722 2741 1835 2778 sus-

270 2795 624 2869 ceptor'meus
655 2801 738 2853 vel
766 2797 833 2851 de
861 2795 1138 2869 sepulcro,
1171 2796 1253 2848 vel
1281 2806 1462 2848 contra
1493 2796 1753 2849 irruentes
1781 2804 1837 2848 et

272 2868 651 2941 inipugnantes
680 2886 694 2934 ;
726 2877 782 2922 et
810 2869 929 2941 ideo
958 2868 1123 2918 semel
1144 2877 1333 2941 .motu‘s
1365 2879 1458 2941 per
1488 2874 1712 2941 mortem
1735 2904 1751 2929 ,
1778 2874 1837 2918 et

267 2932 599 3005 sitseitvatus,
632 2932 733 2993 non
760 2937 989 2991 movebar
1016 2932 1253 3001 amplius.
1285 2934 1463 2989 Semel
1490 2934 1630 2987 enim
1659 2950 1834 2988 resur-

271 3013 424 3066 rexit
468 3004 749 3071 Christus,
798 3008 852 3061 in
898 3016 1156 3060 aeternum
1202 3005 1457 3058 victurus.
1512 3005 1600 3058 Vel
1643 3004 1831 3059 aliter:

1943 500 2029 539 me
2059 484 2324 549 detinuit;
2356 492 2411 537 et
2441 483 2618 537 hocin
2647 486 2760 546 siti,
2795 484 2844 536 id
2872 493 2988 549 est,
3032 484 3261 538 sitiendo
3291 485 3502 539 illorum

1937 556 2161 609 salutem
2184 593 2199 617 ,
2230 563 2289 607 ut
2318 551 2461 618 prius
2492 569 2506 617 ;
2536 563 2729 607 catera
2775 568 2877 606 non
2926 564 3218 616 mutantur,
3269 554 3369 607 nisi
3415 556 3507 609 ubi

1936 625 2065 679 dicit
2091 641 2102 675 :
2140 623 2392 688 Quoniam
2420 624 2482 675 ob
2513 623 2624 690 ipso
2652 634 2724 676 est
2754 626 2992 690 patientia
3022 640 3153 676 mea.
3203 624 3353 689 Quod
3399 628 3505 678 tale

1937 704 2022 749 est
2077 694 2229 764 quasi
2274 693 2456 747 dicat:
2506 691 2630 764 Ideo
2674 695 2892 758 merito,
2928 695 3137 764 animo,
3186 693 3297 747 Deo
3344 694 3508 749 debes

1936 777 2063 818 esse
2088 762 2323 832 Subiecta
2342 800 2358 825 ,
2386 762 2634 831 quoniam
2666 766 2909 828 patientia
2936 780 3047 816 mea
3069 804 3084 829 ,
3117 763 3167 816 id
3199 772 3309 829 est,
3344 764 3509 817 tribu-

1939 833 2105 898 latio,
2137 848 2297 898 quam
2327 833 2521 902 patior,
2563 842 2636 885 est
2680 837 2743 885 ab
2784 834 2937 903 ipso,
2987 834 3038 886 id
3081 844 3199 898 est,
3228 833 3297 886 ab
3341 834 3508 901 ipsius

1936 904 2313 972 dispositione,
2349 916 2453 972 non
2481 903 2549 972 ab
2581 906 2798 956 istorum
2832 903 3213 967 iiilestatione;
3244 912 3506 971 pratterea

1936 970 2079 1042 quod
2131 972 2353 1027 inferius
2401 970 2641 1027 dicitur:
2698 972 2914 1040 Sperate
2962 973 3014 1025 in
3064 970 3288 1026 Domino
3338 974 3504 1025 omnis

1938 1043 2263 1113 congregatio
2290 1042 2503 1110 populi,
2528 1043 2595 1096 ad
2624 1044 2769 1097 solos
2787 1042 3025 1109 Judaaos,
3063 1044 3114 1097 in
3149 1044 3246 1095 hac
3276 1042 3504 1098 lectione

1937 1112 2279 1168 referendum
2308 1120 2407 1166 est.

2404 1201 2466 1254 IN
2524 1200 2841 1256 PSALMUM
2880 1200 3018 1255 LXII

2016 1295 2258 1349 Psatmus
2290 1295 2449 1349 David
2483 1310 2601 1349 cum
2633 1306 2775 1349 esset
2806 1298 2856 1349 in
2887 1296 3101 1351 deserto
3130 1296 3394 1352 Idumarae.

2530 1403 2911 1443 ABGUIIENTUII.

2006 1480 2080 1534 Ex
2115 1495 2338 1547 persona
2369 1496 2554 1535 eorum
2587 1483 2815 1544 canitur,
2866 1482 2953 1549 qui
3006 1482 3211 1537 meritis
3259 1483 3500 1539 eminen-

1935 1550 2101 1604 tiores
2130 1551 2181 1605 iii
2213 1551 2481 1621 Babylone
2512 1552 2795 1619 degebant.

2534 1656 2891 1696 EXPLANATIO.

2006 1727 2245 1783 Psalmtts
2304 1739 2350 1782 et
2408 1729 2574 1783 David
2625 1731 2908 1799 frequenter
2955 1732 3182 1785 indicant
3232 1733 3506 1789 Dominum

1935 1798 2222 1864 Christum,
2286 1800 2574 1869 frequenter
2626 1798 2931 1868 Ecclesium,
2987 1805 3107 1870 quia
3160 1801 3391 1857 Christus
3448 1808 3502 1859 in

1934 1870 2168 1922 membris
2204 1870 2310 1922 suis
2345 1882 2415 1922 est
2438 1879 2531 1940 ἶχει
2576 1872 2797 1922 membra
2840 1872 2892 1922 in
2933 1886 3023 1923 suo
3052 1873 3216 1940 capite
3242 1876 3503 1927 continen-

1935 1949 2059 2005 tur;
2091 1948 2402 2008 quapropter
2431 1938 2672 1993 Ecclesia:
2697 1955 2808 2009 qum
2836 1940 2885 1991 in
2918 1942 3011 1992 Ituc
3041 1938 3236 2008 psalmo
3266 1944 3499 1997 locutura

1935 2018 2006 2083 est
2036 2010 2216 2083 merito
2245 2012 2518 2083 pra’posita
2546 2020 2663 2083 sunt
2705 2011 2872 2083 iet-ba,
2898 2025 3025 2083 qum
3056 2013 3349 2083 signiﬁcant
3390 2014 3499 2066 Do-

1935 2081 2131 2131 minum
2173 2079 2511 2133 Salvatorent.
2548 2079 2675 2133 "(re
2698 2081 2849 2149 igitur
2891 2080 2941 2132 in
2991 2079 3190 2134 deserto
3232 2081 3502 2144 Idutna'w.

1935 2149 2029 2201 hoc
2055 2159 2162 2211 est,
2192 2150 2427 2216 inhujus
2455 2150 2631 2203 swculi
2662 2151 2903 2201 ariditate
2946 2149 3177 2215 habitat,
3212 2154 3295 2204 ubi
3323 2153 3426 2213 sitit
3456 2165 3506 2208 et

1935 2218 2189 2271 desiderat
2220 2216 2501 2271 Christum.
2536 2218 2684 2273 Unde
2713 2228 2758 2273 et
2782 2218 3067 2283 oldumcea,
3112 2223 3163 2273 in
3199 2238 3298 2287 qua
3339 2221 3506 2275 David

1935 2290 2264 2359 exsultabat,
2316 2290 2951 2359 terrenarinterpretatur.
3014 2289 3082 2341 In
3138 2293 3306 2358 prima
3358 2304 3501 2359 parte

1938 2359 2120 2425 psalmi
2162 2356 2396 2430 Ecclesia
2437 2358 2693 2411 desiderat
2751 2358 2957 2412 Domini
3004 2356 3274 2430 uirtutem,
3323 2356 3504 2430 optans

1935 2430 2160 2500 omnium
2191 2428 2436 2500 bonorum
2477 2430 2784 2500 pinguedine
2828 2429 3041 2495 repleri,
3092 2440 3145 2481 ut
3190 2432 3301 2498 ejus
3345 2428 3502 2500 digna

1936 2499 2093 2567 possit
2124 2498 2623 2569 laudibusinveniri.
2658 2498 2722 2552 In
2750 2503 2974 2551 secunda
3002 2501 3192 2568 gratias
3221 2502 3357 2567 agit,
3385 2498 3505 2569 quia

1934 2570 2025 2620 sub
2054 2569 2301 2621 velamine
2327 2568 2527 2621 alarum
2552 2567 2758 2621 Domini
2784 2570 2958 2621 mundi
2986 2567 3235 2638 procellas
3261 2567 3496 2635 evaserit,

1936 2638 2248 2711 inimicisque
2273 2638 2377 2711 suis
2404 2639 2733 2711 in_inferiora
2761 2649 2907 2692 terra:
2936 2639 3251 2711 damnandis
3272 2682 3285 2704 ,
3318 2642 3503 2711 Regem

1935 2705 2189 2760 Christum
2224 2709 2275 2761 in
2304 2707 2412 2762 Deo
2440 2705 2597 2762 Patre
2622 2725 2742 2762 cum
2780 2710 2969 2763 sanctis
2998 2712 3243 2777 prwdtcat
3274 2705 3500 2764 esseda:-

1936 2788 2180 2830 taturunt.

2510 2863 2941 2904 COMMENTARIUS.

2009 2937 2148 2992 Deus
2166 2978 2179 3002 ,
2210 2936 2380 3003 Deus,
2408 2940 2477 2993 ad
2502 2949 2549 2993 te
2575 2940 2639 2993 de
2667 2941 2779 3008 luce
2804 2939 2976 3008 rigilo.
3010 2937 3248 2994 Psalmus
3276 2940 3374 3007 ipsi
3400 2939 3507 2995 Da-

1934 3009 2018 3062 vid
2038 3049 2054 3073 ,
2085 3025 2203 3062 cum
2228 3019 2361 3079 esset
2388 3010 2442 3062 in
2472 3013 2669 3067 deserto
2703 3007 2971 3065 Idum’ww.
3001 3009 3218 3079 Legitur
3259 3014 3309 3065 in
3339 3012 3511 3065 histo-

272 3084 457 3166 Mo_tus
493 3080 712 3166 quidem.
738 3078 835 3131 luit
861 3077 915 3129 in
945 3077 1132 3166 etiam.
1158 3083 1411 3166 quantum
1455 3073 1831 3166 (lg-mas???)
1864 3102 1911 3166 ο
1942 3083 2018 3166 ria
2048 3080 2188 3166 quod
2221 3078 2401 3166 David
2416 3094 2537 3166 eum
2572 3090 2979 3166 persequeretur
3012 3073 3136 3166 eum
3163 3080 3328 3166 .Saul,
3363 3084 3508 3161 venit

271 3151 381 3205 sed
410 3144 527 3205 non‘
552 3149 775 3218 amplius
802 3148 1055 3209 movebar,
1084 3145 1133 3198 id
1165 3153 1248 3218 est
1266 3184 1281 3206 ,
1328 3159 1430 3218 non
1470 3144 1637 3218 etiam
1661 3159 1835 3218 move:

274 3224 407 3285 bor,
454 3214 707 3289 quantum
736 3218 801 3289 ad
842 3230 1144 3286 personam.
1195 3215 1510 3269 Naturaliter
1555 3214 1731 3279 enim,
1787 3214 1840 3270 id

271 3303 402 3353 est,
434 3286 713 3359 quantum,
738 3286 805 3342 ad
849 3298 1183 3359 communem
1227 3293 1503 3347 naturam,
1544 3294 1724 3359 motus
1760 3294 1844 3339 est

269 3354 527 3417 Christus
557 3362 609 3413 in
640 3357 837 3423 Adam;
869 3356 961 3410 sed
992 3370 1097 3408 non
1128 3363 1213 3410 est
1251 3364 1425 3409 motus
1460 3354 1838 3424 personaliter,

268 3447 405 3500 quia
438 3440 696 3499 peccatum
722 3443 823 3500 non
852 3426 1011 3500 fecit,
1029 3440 1118 3500 nec
1147 3428 1376 3500 inuentus
1408 3437 1479 3478 est
1503 3424 1653 3500 dolus
1680 3426 1843 3500 inore

269 3493 413 3572 ejus.
438 3493 723 3572 'Quousque
762 3493 955 3551 irruitis
996 3495 1048 3547 in
1075 3493 1365 3548 hominem?
1391 3495 1601 3563 quando
1627 3494 1839 3562 quidem

275 3570 426 3625 Deus
463 3570 709 3624 salutaris
737 3582 889 3621 meus
916 3574 1019 3627 est,
1047 3574 1102 3618 et
1146 3575 1425 3633 susceptor
1467 3578 1643 3628 meus;
1676 3579 1841 3633 quare

270 3657 411 3710 ergo
438 3639 673 3709 quarritis
698 3651 808 3710 me
848 3634 1191 3710 interﬁcere!
1236 3634 1367 3710 Nam
1418 3634 1617 3688 irruitis
1647 3636 1698 3687 iii
1730 3650 1836 3701 me,

270 3705 739 3781 qu’em‘reputatis
784 3707 954 3760 solum
987 3719 1107 3760 esse
1138 3705 1434 3781 hominem;
1468 3714 1523 3758 et
1565 3717 1841 3781 quormque

272 3775 522 3835 irruitis?
548 3775 707 3833 Certe
732 3790 1006 3846 quousque
1034 3776 1280 3844 potestis,
1326 3778 1446 3843 quia
1476 3788 1570 3827 vos
1611 3775 1839 3829 universi

273 3851 585 3904 interlicitis
624 3862 710 3902 me
744 3856 1010 3910 exterius,
1053 3859 1159 3899 non
1205 3846 1461 3906 interius;
1515 3859 1636 3910 vos,
1687 3846 1839 3909 dico,

273 3922 545 3975 irruentes
574 3918 700 3972 milii
729 3918 836 3971 enti
864 3926 1103 3985 tanquam
1130 3916 1309 3984 parieti
1352 3913 1593 3985 inclinato
1636 3925 1684 3967 et
1728 3931 1840 3967 ma-

270 3992 433 4044 ceria:
459 3990 716 4057 depulsae,
747 3986 798 4041 id
829 3984 971 4057 est,
1002 3984 1129 4057 mihi
1178 3999 1347 4057 prono
1390 3984 1454 4037 ad
1501 3994 1722 4057 mortem
1743 4024 1757 4044 ,
1790 3994 1844 4038 et

272 4069 474 4130 sponte
504 4054 731 4130 venienti
776 4055 854 4130 ad
890 4056 1217 4130 passionem,
1263 4056 1411 4130 juxta
1442 4055 1564 4130 illud
1594 4072 1621 4130 ;⁸
1650 4054 1841 4130 Volun-

276 4125 411 4183 tarie
438 4129 735 4197 sacrificabo
766 4126 893 4190 tibi;
923 4126 1009 4197 vel,
1035 4127 1194 4179 aliter
1222 4142 1235 4176 :
1273 4125 1621 4197 Vos__universi
1646 4126 1840 4192 interﬁ-

275 4202 400 4254 cith
447 4215 531 4253 me
557 4193 583 4262 ,⁷
618 4213 748 4260 vos,
794 4198 948 4261 dico,
1000 4196 1262 4249 irruentes
1305 4193 1431 4247 mihi
1462 4197 1569 4248 enti
1600 4204 1840 4262 tanquam

278 4269 468 4340 parieti
495 4268 739 4340 inclinato
768 4276 813 4320 et
840 4265 1351 4340 ntaeeritedepulsaa,
1397 4267 1514 4332 quia
1563 4268 1697 4340 sicut
1740 4267 1840 4340 ali-

278 4336 405 4409 quis
433 4340 521 4407 qui
552 4341 603 4391 in
635 4338 883 4406 parietem
924 4336 1033 4405 jam
1080 4336 1389 4409 inclinatum
1435 4337 1716 4409 inacerieni
1749 4336 1841 4387 de.

279 4406 493 4479 pulsam
538 4409 761 4462 irrueret
804 4410 1214 4479 opprimeretur,
1259 4406 1331 4457 ita
1371 4406 1509 4479 quod
1552 4421 1644 4479 vos
1672 4406 1723 4479 in
1754 4421 1838 4479 me

274 4461 460 4549 adiali
489 4461 695 4532 ruinam
740 4461 1023 4530 multorum
1070 4461 1268 4549 positus
1307 4461 1423 4526 sum
1467 4474 1517 4526 in
1566 4474 1725 4549 Israel
1765 4478 1839 4549 ir-
1868 4461 1917 4520 Ι)

274 4547 439 4605 ruitis
460 4550 572 4622 ,__ad
607 4557 856 4622 vestratn_
879 4557 962 4600 est
1003 4547 1500 4622 opucssiuneuuet
1544 4547 1840 4622 damnatio-

278 4635 429 4675 nctn.
468 4618 556 4671 γει
587 4620 782 4672 aliter:
818 4616 920 4671 Vos
946 4615 1163 4669 univeisi
1208 4615 1490 4681 interﬁcitis
1537 4629 1623 4667 vos
1663 4615 1837 4682 ipsos;

279 4689 537 4744 irruendo
567 4688 618 4741 in
650 4704 735 4742 me
766 4702 861 4755 pro
892 4687 1007 4740 loco
1035 4696 1089 4739 et
1115 4694 1275 4754 gente
1296 4725 1311 4750 ,
1343 4684 1462 4752 quia
1490 4692 1621 4737 estis
1650 4687 1700 4738 in
1742 4686 1839 4739 hoc

276 4759 414 4813 mihi
460 4758 843 4825 comparabiles
890 4757 1071 4823 parieti
1114 4767 1356 4823 tanquam
1399 4756 1674 4820 inclinato,
1719 4757 1841 4823 quia

277 4829 423 4882 sicut
455 4828 639 4896 parieti
671 4828 922 4882 inclinato
966 4826 1293 4894 propinquus
1340 4825 1579 4896 imminet
1627 4825 1835 4893 lapsus,

274 4902 351 4952 ita
381 4895 476 4969 per
504 4907 729 4952 mortem
757 4911 963 4969 meam,
995 4911 1088 4961 per
1126 4910 1308 4969 quamg
1328 4897 1525 4969 putatis
1568 4895 1743 4948 locum
1786 4906 1842 4969 et

274 4965 491 5039 geniem
542 4970 806 5032 retinere,
850 4968 1055 5022 vicinus
1100 4967 1250 5019 vobis
1296 4965 1545 5039 imminet
1579 4979 1735 5039 casus
1774 4968 1841 5039 de

272 5036 471 5094 codem
504 5038 623 5093 Ioco
666 5047 719 5092 et
752 5048 940 5108 gente,
982 5046 1037 5090 et
1079 5036 1675 5108 etiainﬂcomparabiles‘
1708 5038 1839 5090 estis

277 5114 517 5163 maceria:
563 5104 823 5176 depulsaz,
873 5108 925 5161 id
971 5114 1085 5171 est,
1134 5106 1301 5174 fragili
1355 5120 1541 5169 muro,
1591 5104 1678 5175 qui
1726 5108 1842 5159 sine

274 5189 528 5235 cernente
574 5187 694 5246 est,
736 5181 861 5248 quia
904 5177 1083 5246 gluten
1128 5176 1397 5230 charitatis
1444 5184 1500 5230 et
1544 5177 1840 5231 allectioms

276 5263 388 5303 non
418 5249 644 5303 habetis.

366 5317 715 5372 Verumtamen
741 5319 955 5389 pretium
982 5331 1150 5389 meum
1174 5316 1528 5389 cogitaverunt
1565 5315 1837 5389 repellere,

276 5390 484 5443 cucurri
526 5389 579 5441 in
606 5387 840 5453 siti;'ore
885 5401 979 5440 suo
1025 5387 1412 5448 benedicebant,
1461 5394 1508 5437 et
1552 5387 1702 5437 corde
1744 5403 1839 5440 suo

276 5458 665 5513 maledicebant.
694 5459 805 5527 Ego
833 5457 1044 5527 quidem
1074 5472 1166 5510 eos
1194 5456 1260 5509 de
1290 5458 1458 5510 salute
1485 5469 1578 5507 sua
1623 5455 1715 5527 sic
1730 5458 1828 5510 ad-

276 5529 501 5593 monui,
529 5530 623 5584 sed
657 5525 829 5583 tanien
852 5525 959 5597 ipsi
1016 5528 1115 5581 etsi
1157 5542 1261 5579 non
1306 5527 1595 5597 dixerunt,
1641 5525 1828 5581 saltem

275 5600 624 5671 cogitaverunt
651 5596 895 5671 repellere
923 5600 1140 5665 pretium
1165 5596 1441 5671 meum,id
1472 5604 1553 5671 est
1572 5597 1681 5671 ,_ad
1712 5598 1827 5671 ino-

278 5667 600 5725 bedieutiam
632 5684 714 5723 me
744 5669 1001 5721 suscitare
1022 5709 1035 5727 ,
1067 5682 1119 5719 cz
1144 5668 1218 5719 sic
1250 5670 1471 5733 pretium
1507 5667 1671 5733 ipsius
1697 5668 1829 5719 ohe-

280 5740 495 5797 dicutite
516 5781 531 5805 ,
565 5741 613 5794 id
642 5749 754 5805 est,
785 5741 1005 5809 gloriam
1035 5737 1619 5807 rcsurrectionishmihi
1652 5738 1828 5791 aufer-

1946 3151 2013 3202 ad
2047 3150 2325 3214 Idumaeos,
2353 3159 2406 3205 et
2438 3150 2507 3205 ibi
2537 3150 2921 3217 aliquantulum
2955 3150 3127 3203 latuit.
3160 3150 3376 3203 Idumaei
3406 3165 3503 3204 au-

1945 3225 2051 3289 tem
2098 3220 2275 3288 populi
2323 3229 2485 3283 sunt,
2534 3235 2758 3289 quorum
2805 3221 2952 3288 regio
2980 3230 3061 3273 est
3089 3219 3346 3281 Idumam,
3383 3236 3503 3285 qua:

1942 3288 2321 3356 interpretatur
2352 3288 2563 3344 terrena
2586 3331 2602 3357 ,
2634 3291 2717 3344 vel
2763 3290 3075 3359 sanguinea.
3124 3292 3190 3342 Et
3234 3288 3502 3359 signiﬁcat

1942 3370 2258 3426 prasentem
2294 3359 2491 3425 vitam,
2526 3374 2644 3429 qua:
2675 3374 2767 3426 per
2803 3358 3161 3429 se’desertum
3193 3358 3309 3423 est,
3351 3374 3497 3428 quia,

1940 3439 2196 3496 quantum
2226 3429 2278 3481 in
2310 3442 2368 3483 se
2394 3437 2479 3483 est
2502 3469 2518 3495 ,
2550 3429 2750 3483 nullum
2797 3429 2970 3482 locum
3015 3428 3359 3483 habitationis
3408 3428 3500 3480 lia-

1941 3497 2060 3563 bet;
2088 3509 2161 3563 et
2201 3500 2338 3552 invia
2374 3511 2476 3565 est,
2505 3499 2626 3567 quia
2669 3502 2712 3553 si
2763 3513 2867 3552 non
2899 3499 3135 3553 veritatis
3184 3499 3264 3552 via
3317 3513 3410 3567 per
3437 3515 3501 3553 se

1939 3578 2063 3633 est;
2094 3577 2148 3622 et
2175 3569 2427 3637 iuaquosa
2456 3579 2577 3633 est,
2624 3570 2746 3638 quia
2793 3569 2845 3621 in
2892 3583 2952 3624 se
2998 3584 3119 3623 vera
3166 3580 3312 3622 caret
3356 3569 3497 3623 rele-

1939 3640 2137 3693 ctione.
2172 3638 2228 3692 In
2259 3654 2360 3707 qua
2391 3653 2610 3693 necesse
2648 3649 2732 3693 est
2774 3648 2830 3692 ut
2869 3638 3130 3707 patiamur
3157 3639 3349 3693 multas
3381 3648 3495 3692 ten-

1941 3712 2209 3769 tationes.
2268 3708 2637 3763 tribulationes
2687 3719 2741 3763 et
2792 3710 3207 3775 persecutiones.
3260 3711 3324 3763 Iit
3373 3711 3495 3762 ideo

1940 3779 2064 3832 dum
2096 3780 2147 3831 iii
2175 3792 2236 3832 ea
2261 3794 2464 3845 sumus,
2487 3794 2698 3847 semper
2725 3778 2872 3832 sitire
2901 3792 2953 3834 ct
2982 3780 3188 3833 esurire
3216 3779 3497 3842 debemus,

1943 3852 2070 3915 quia
2101 3851 2146 3903 si
2175 3849 2408 3902 senseris
2441 3860 2491 3903 te
2522 3853 2607 3903 hic
2634 3852 2901 3903 sitientem
2923 3889 2938 3913 ,
2968 3850 3181 3903 tandem
3210 3849 3405 3903 senties
3449 3860 3503 3902 te

1940 3918 2228 3985 bibentem.
2276 3917 2421 3971 Beati
2466 3920 2607 3973 enim
2652 3921 2737 3989 qui
2779 3921 3005 3972 esuriunt
3035 3932 3080 3971 et
3120 3924 3298 3972 sinunt
3336 3921 3500 3987 justi-

1941 3991 2092 4051 timn,
2142 3991 2378 4057 quoniam
2426 4005 2550 4043 vere
2602 3992 2811 4042 tandem
2856 3989 3238 4043 saturabumur.
3291 3991 3344 4041 In
3393 3990 3499 4042 hoc

1943 4069 2121 4111 autem
2148 4063 2359 4112 deserto
2389 4058 2640 4112 Dominus
2673 4068 2851 4111 noster
2877 4058 3030 4112 Jesus
3061 4060 3301 4112 Christus
3348 4071 3492 4124 pos:-

1943 4139 2024 4181 lus
2049 4169 2065 4194 ,
2097 4129 2348 4198 quidquid
2382 4144 2474 4196 per
2502 4143 2560 4182 se
2588 4137 2704 4181 erat
2732 4129 2999 4180 desertum
3023 4137 3083 4198 et
3115 4128 3308 4198 invium
3341 4127 3492 4198 habi-

1943 4197 2258 4252 tahileleeit
2301 4208 2354 4251 et
2384 4199 2642 4265 pervium,
2674 4206 2729 4251 et
2758 4199 2927 4251 imbre
2954 4197 3212 4263 Spiriiuali
3245 4197 3497 4266 respersit

1939 4269 2080 4337 quod
2109 4280 2226 4322 erat
2256 4268 2565 4334 inaquosum
2593 4284 2605 4331 ;
2637 4267 2794 4321 docet
2817 4278 2868 4320 et
2895 4268 3142 4320 admonet
3176 4282 3270 4321 nos
3299 4278 3495 4336 quanta

1940 4339 2264 4401 intentione,
2296 4346 2499 4405 quanto
2528 4337 2720 4390 ardore
2762 4348 2809 4390 et
2842 4338 3109 4392 desiderio
3152 4342 3200 4390 in
3248 4338 3495 4405 pnesenti

1942 4408 2151 4461 defectu
2197 4412 2465 4474 suspirare
2511 4406 2800 4462 debeamus
2853 4410 2976 4465 illuc
3033 4409 3342 4475 pervenire,
3402 4414 3494 4461 uht

1944 4479 2083 4531 nulla
2114 4477 2326 4530 miseria
2356 4478 2492 4540 erit,
2528 4492 2625 4530 nec
2668 4478 2807 4531 ullus
2836 4477 3073 4532 delectus
3095 4519 3109 4540 ,
3140 4490 3195 4533 et
3223 4479 3348 4531 dicit
3377 4478 3447 4530 ita
3479 4494 3494 4529 :

1941 4546 2075 4601 Deus
2115 4547 2269 4601 Pater
2310 4548 2433 4615 qui,
2480 4560 2600 4600 cum
2646 4549 2722 4602 sis
2771 4548 2908 4602 Deus
2950 4551 3186 4602 omnium
3219 4563 3311 4616 per
3340 4558 3495 4600 natu-

1940 4633 2090 4689 ram,
2126 4618 2263 4671 Deus
2286 4632 2441 4689 mens
2472 4624 2526 4671 et
2554 4632 2791 4671 meorum
2824 4620 3123 4689 specialiter
3148 4634 3206 4672 es
3250 4632 3341 4686 per
3372 4631 3496 4685 gra-

1941 4688 2065 4741 tiam
2085 4729 2098 4752 ,
2126 4702 2225 4756 ego
2250 4687 2401 4757 vigilo
2428 4703 2530 4740 non
2563 4698 2775 4756 propter
2804 4687 3017 4756 aliquod
3050 4699 3316 4742 terrenum
3347 4703 3497 4740 com—

1940 4760 2189 4823 modum,
2241 4761 2333 4811 sed
2385 4767 2441 4810 ut
2494 4759 2795 4826 perveniam
2838 4761 2905 4810 ad
2952 4768 3028 4823 te,
3080 4760 3165 4812 ubi
3211 4758 3385 4812 nullus
3415 4766 3501 4811 est

1939 4828 2199 4882 defectus.
2233 4827 2299 4881 Et
2327 4827 2427 4881 hoc
2456 4844 2559 4882 non
2590 4843 2652 4883 ex
2685 4843 2770 4883 me
2798 4828 3000 4894 habeo,
3034 4829 3126 4882 sed
3172 4828 3232 4881 de
3271 4827 3411 4891 luce,
3444 4827 3496 4881 id

1941 4908 2054 4961 est,
2099 4898 2165 4952 de
2205 4908 2289 4952 tua
2339 4897 2744 4951 illuminatione.
2794 4898 2923 4952 Nota
2956 4899 3096 4966 quod
3125 4900 3266 4952 dicat
3300 4896 3495 4966 Vigilo.

1946 4967 2171 5036 Vigilare
2213 4970 2353 5021 enim
2402 4969 2528 5022 nihil
2574 4971 2717 5021 aliud
2763 4978 2845 5022 est
2885 4984 3040 5035 quam
3081 4984 3184 5021 non
3235 4968 3491 5021 dormire.

1943 5037 2068 5091 Dua:
2099 5050 2274 5092 autem
2302 5049 2423 5092 sunt
2450 5041 2821 5103 dorm.tioues,
2850 5053 3091 5103 somnus,
3120 5039 3340 5101 scilicet,
3368 5052 3493 5090 cor-

1942 5107 2106 5177 poris,
2134 5123 2187 5163 et
2214 5123 2433 5162 somnus
2460 5110 2673 5162 animae.
2700 5109 2934 5173 Quarum
2961 5110 3124 5161 altera
3148 5109 3374 5161 salubris
3395 5118 3499 5171 est,

1940 5178 2105 5232 altera
2135 5180 2391 5233 mortalis.
2427 5181 2658 5235 Somnus
2686 5180 2828 5232 enim
2858 5179 3098 5246 corporis
3140 5178 3368 5232 salubris
3411 5187 3497 5231 est

1941 5256 1995 5301 et
2020 5251 2348 5304 necessarius
2373 5259 2481 5317 εμι,
2501 5250 2619 5317 quia
2647 5250 2746 5302 nisi
2774 5251 3009 5302 membra
3034 5250 3273 5316 corporis
3298 5262 3494 5301 somno

1940 5322 2178 5386 corporis
2224 5316 2547 5383 reliciantur,
2595 5333 2927 5387 nequaquam
2973 5320 3061 5371 diu
3092 5328 3306 5387 possent
3332 5316 3498 5372 susti-

1942 5403 2069 5444 nere
2088 5391 2321 5444 animum
2342 5390 2665 5458 vigilantem,
2689 5401 2742 5442 et
2762 5388 3058 5458 actionibus
3081 5390 3194 5443 suis
3218 5390 3497 5443 intenden-

1945 5468 2069 5513 tem.
2107 5458 2341 5515 Somnus
2370 5457 2495 5513 vero
2540 5462 2733 5513 anima:
2783 5457 3025 5513 mortalis
3052 5471 3168 5525 est,
3203 5464 3323 5528 quia
3353 5472 3502 5511 som-

1940 5544 2043 5583 nus
2093 5531 2283 5584 animze
2325 5530 2517 5583 oblivio
2566 5529 2659 5582 Dei
2705 5538 2806 5582 est.
2855 5531 2937 5583 Ab
2970 5531 3069 5583 hoc
3093 5545 3281 5584 somno
3307 5528 3505 5583 excitat

1947 5614 2043 5653 nos
2071 5601 2356 5667 Apostolus
2384 5600 2565 5652 dicens
2596 5616 2608 5650 :
2645 5599 2813 5667 Surge
2840 5600 2929 5665 qui
2958 5602 3177 5665 dormis,
3211 5610 3257 5653 et
3284 5612 3499 5667 exsurge

1942 5686 1974 5721 a
2014 5672 2255 5734 mortuis,
2299 5681 2346 5722 et
2386 5672 2693 5722 illuminabit
2742 5681 2787 5722 te
2828 5670 3081 5729 Christus.
3130 5672 3242 5737 Ipse
3289 5681 3504 5739 quoque

1949 5740 2199 5796 DOiiiinus
2232 5750 2405 5795 noster
2445 5741 2685 5795 Christus
2716 5747 2960 5809 exempto
2991 5756 3087 5796 suo
3118 5758 3212 5796 nos
3248 5746 3498 5794 admonet
