3984 6362
503 341 609 403 807

971 339 1174 399 BEDE
1213 333 1664 396 VENERABILIS
1699 331 1849 390 OPP.
1894 332 2069 391 PARS

2214 332 2411 392 sec'r.
2450 332 2515 389 n.
2558 362 2629 375 -
2666 333 2998 423 avellier
3035 331 3309 392 SPURIA.
3333 281 3354 311 ³
3417 352 3480 405 ,ρ
3504 347 3603 421 ,ν
3626 326 3755 394 ’ωε

500 456 624 519 hic,
657 458 715 508 ιιι
740 464 920 507 mores
950 451 1120 505 nostri
1149 458 1203 505 et
1230 457 1336 503 Vita
1383 456 1565 502 nostra
1620 446 1686 501 ad
1721 446 1884 501 Deum
1935 445 2078 519 vigi-
2105 448 2153 509 Α
2182 456 2456 513 oraturus,
2510 454 2604 519 aut
2650 446 2775 516 quid
2821 424 3176 519 acce'pturus?
3227 447 3339 502 Hoc
3390 444 3644 519 scilicet,
3702 458 3760 507 ut

504 515 650 589 leni,
677 535 735 578 ut
753 523 841 577 alii
871 521 1196 575 dormientes
1226 535 1319 588 per
1348 518 1561 587 vigilias
1591 529 1804 589 nostras
1833 515 2076 589 exciten-

511 585 729 660 tnr,'et
782 592 1057 660 nobiscum
1116 585 1335 659 vigilent
1386 585 1441 642 et
1485 589 1710 660 dicant:
1763 585 2076 660 Deuspeus

509 655 685 729 meus,
732 664 798 716 ad
846 672 894 715 te
937 663 999 714 de
1037 659 1151 714 luce
1176 655 1371 730 'vigilo.
1403 659 1553 730 Quod
1600 655 1971 730 atttemponit
2014 658 2077 708 de

509 727 746 797 luce,ad
802 732 1200 786 instructionem
1248 727 1482 781 nostram
1527 727 1684 790 facit,
1736 728 1973 797 scilicet,
2022 734 2079 797 ut

504 821 601 872 per
642 796 755 857 hoc
803 803 991 855 doceat
1035 801 1179 872 quod
1227 800 1379 872 nihil
1411 799 1700 872 debeamus
1745 796 1897 872 nobis
1927 796 2076 847 attri-

508 868 701 934 bucre,
733 887 854 926 cum
886 874 999 939 ipse
1033 869 1338 924 Dominicus
1368 871 1526 925 homo
1554 868 1696 937 quod
1726 868 1933 936 vigilat,
1968 880 2075 920 non

507 946 644 1006 sibi,
677 944 768 996 sed
802 942 1027 995 Domino
1056 941 1326 995 attribuat.

576 1013 747 1067 δὶιὶιίι
794 1014 845 1063 in
890 1022 936 1063 te
977 1012 1149 1063 anima
1178 1026 1309 1062 mea.
1344 1007 1482 1063 Vere
1532 1008 1687 1079 vigilo
1737 1006 1805 1059 ad
1851 1015 1919 1070 te,
1952 1012 2069 1079 tam

502 1084 677 1135 anima
708 1097 864 1149 quam
893 1090 945 1134 et
974 1094 1220 1149 corpore.
1254 1080 1387 1133 Nam
1414 1076 1600 1131 anima'
1640 1092 1749 1149 mea
1781 1076 2067 1130 attendens

503 1148 767 1206 defectum
801 1166 959 1219 quem
992 1148 1207 1218 patitur,
1238 1151 1416 1213 sitivit,
1462 1150 1511 1201 id
1543 1158 1645 1213 est,
1692 1148 1834 1219 sitim
1866 1156 1919 1200 et
1960 1160 2073 1219 ma-

508 1239 667 1292 gnum
699 1216 1020 1275 desiderium
1045 1216 1248 1285 habuit,
1274 1230 1329 1292 ut
1358 1234 1451 1287 per
1478 1229 1548 1282 te,
1580 1219 1671 1292 qui
1705 1216 1782 1292 via
1815 1232 1897 1279 es,
1928 1216 1992 1269 ad
2020 1225 2071 1270 te

506 1286 647 1349 Esset
671 1294 721 1343 in
751 1302 817 1358 te,
843 1292 963 1359 quia
996 1292 1160 1357 patria
1179 1304 1258 1353 es,
1289 1291 1338 1343 in
1356 1286 1460 1357 qua
1485 1289 1660 1343 nullus
1690 1286 1929 1359 defectus
1954 1295 2067 1351 est;

505 1374 558 1417 ει
585 1365 741 1424 etiam
772 1357 891 1414 caro
934 1376 1045 1413 mea
1071 1377 1221 1429 quam
1254 1359 1603 1427 multipliciter
1632 1358 1827 1429 sitivit,
1858 1357 1910 1409 id
1938 1366 2066 1429 est,

506 1442 724 1503 pr0pter
752 1427 1092 1503 multiplicem
1122 1430 1381 1503 delectum
1407 1445 1585 1503 suum,
1619 1427 1898 1495 multiplex
1920 1427 2068 1503 desi-

505 1500 715 1571 derium
761 1502 966 1554 habuit.
1014 1500 1200 1553 Plures
1243 1501 1384 1571 enim
1431 1500 1691 1571 delectus
1722 1507 1847 1552 sunt
1892 1500 2069 1550 carnis

507 1568 665 1642 quam
722 1572 948 1634 animze;
981 1579 1035 1624 et
1056 1571 1183 1642 ideo
1228 1568 1395 1633 Quam
1422 1569 1792 1642 multipliciter,
1815 1574 2068 1642 quantum

513 1638 580 1697 ad
610 1657 823 1696 carnem
851 1640 1119 1706 apposuit;
1147 1656 1245 1701 nec
1268 1642 1390 1694 ideo
1410 1640 1538 1693 dicit
1562 1654 1776 1693 carnem
1810 1638 2065 1703 sitivisse,

503 1714 644 1779 quod
692 1726 817 1768 caro
864 1713 1033 1763 sitiret
1082 1712 1160 1764 vel
1212 1712 1386 1763 anima
1435 1726 1528 1777 per
1576 1724 1655 1775 se,
1687 1711 1781 1763 sed
1815 1709 1937 1776 quia
1967 1706 2067 1779 huc

506 1776 646 1853 quod
676 1782 791 1853 ipse
829 1780 1103 1853 delectum
1149 1776 1444 1853 utriusque
1481 1780 1729 1843 attendit,
1760 1792 1919 1831 causa
1969 1776 2068 1853 fuit

506 1849 673 1921 quare
699 1849 887 1921 sitivit.
914 1849 1111 1921 Sitivit,
1146 1849 1382 1921 inquam,
1422 1865 1553 1921 ‘caro
1582 1866 1710 1921 mea,
1736 1858 1788 1901 et
1819 1862 1922 1921 non
1950 1850 2063 1900 cui-

506 1918 655 1985 libet,
686 1921 778 1976 sed
803 1920 913 1973 tibi.
942 1919 1104 1984 Quasi
1133 1919 1309 1973 dicat:
1334 1918 1534 1975 Sitiunt
1562 1919 1650 1971 alii
1678 1919 2067 1979 lnereditatem,

508 1993 925 2060 possessionem,
981 1992 1072 2060 vel_
1113 2004 1353 2056 uxorem,
1419 1992 1693 2055 pecuniam
1738 1997 1793 2042 et
1841 1989 2064 2060 similia;

507 2058 637 2115 i-aro
666 2076 793 2115 vero
823 2076 961 2126 mea,
993 2058 1077 2114 vel
1106 2062 1301 2126 anima,
1332 2074 1440 2113 non
1467 2060 1635 2113 sitivit
1664 2060 1763 2112 nisi
1796 2070 1867 2118 te.
1889 2058 1940 2111 in
1965 2072 2070 2125 quo

504 2146 628 2187 vera
662 2129 882 2185 refectio
909 2138 1010 2183 est.
1045 2130 1314 2183 Promissa
1359 2132 1501 2183 enim
1549 2140 1747 2183 aeterna
1802 2126 2072 2181 beatitudo

510 2207 705 2255 ammte
729 2210 834 2265 est,
875 2200 927 2254 in
958 2214 1058 2267 qua
1088 2203 1289 2253 nullum
1334 2200 1495 2253 sentit
1537 2213 1656 2254 esse
1685 2197 1970 2261 delectum,
2019 2205 2074 2250 et

508 2274 631 2327 ideo
662 2285 874 2338 semper
901 2271 1133 2337 suspirat
1163 2270 1227 2322 ad
1260 2270 1438 2334 illam;
1468 2270 1615 2323 carni
1664 2284 1793 2323 vero
1822 2282 2070 2323 resurre-

506 2343 615 2397 ctio
640 2382 656 2407 ,
687 2341 1057 2394 immortalitas
1088 2349 1143 2394 et
1178 2340 1571 2409 impassibilitas
1606 2349 1733 2393 sunt
1762 2340 2021 2408 promissa
2053 2380 2070 2408 ,

505 2420 563 2469 et
591 2414 708 2466 ideo
734 2411 926 2469 merito
953 2426 1165 2479 quoque
1193 2424 1319 2467 caro
1346 2410 1457 2464 sitit
1484 2411 1548 2468 ad
1579 2408 1697 2467 ista.

577 2481 643 2535 In
674 2490 809 2537 terra
838 2480 1061 2545 deserta,
1091 2481 1227 2537 invia
1256 2491 1299 2536 et
1329 2481 1575 2545 inaquosa
1605 2482 1700 2542 sic,
1733 2489 1780 2535 et
1810 2480 1864 2535 in
1898 2486 2073 2538 sancto

505 2554 746 2623 apparui,
780 2559 832 2623 ut
863 2551 1082 2623 uidet-em
1112 2552 1342 2623 virtutem
1378 2561 1537 2623 tuam.
1568 2551 1729 2623 Quasi
1764 2551 1943 2603 dicat:
1977 2550 2073 2623 Ubi

512 2621 721 2692 positus
742 2622 884 2674 sitivi
921 2623 1238 2687 tantopere?
1271 2622 1344 2677 lbi
1372 2622 1597 2685 scilicet,
1633 2622 1720 2692 ubi
1745 2621 2076 2692 necessario

512 2690 798 2753 sitiendum
826 2700 930 2754 est,
981 2693 1103 2759 quia
1131 2693 1188 2743 in
1232 2702 1385 2755 terra,
1419 2692 1469 2745 id
1500 2702 1602 2755 est,
1656 2690 1710 2745 in
1743 2691 1840 2743 hac
1867 2700 2077 2743 terrena

515 2763 643 2825 vita,
675 2777 792 2829 qua;
822 2775 915 2828 per
941 2776 1001 2815 se
1029 2770 1145 2815 erat
1174 2764 1393 2823 deserta,
1429 2763 1478 2815 id
1507 2772 1609 2825 est,
1636 2763 1751 2814 sine
1782 2761 1930 2813 omni
1952 2775 2076 2814 vera

517 2830 866 2897 habitatione,
897 2846 1173 2899 quousque
1205 2832 1345 2886 Deus
1374 2833 1530 2886 Pater
1560 2830 1702 2885 misit
1748 2832 1799 2884 in
1823 2845 1941 2884 eam
1983 2846 2076 2883 ve-

512 2918 605 2958 ιύδ
630 2901 976 2961 habitatores.
1025 2912 1078 2954 et
1106 2915 1406 2961 consortes.
1438 2902 1489 2956 id
1534 2913 1635 2967 est,
1670 2913 1887 2955 sanctos
1914 2901 2077 2965 viros,

506 2973 597 3052 qui
628 2971 1151 3052 eammexcolerent;
1204 2982 1253 3025 et
1305 2972 1455 3052 invia.
1487 2982 1624 3038 erat,
1655 2986 1929 3052 quousque
1970 2972 2077 3034 via,

509 3039 561 3098 id
586 3050 688 3106 est,
734 3039 978 3094 Christus
1015 3042 1245 3109 desuper
1288 3043 1337 3097 ei
1387 3042 1549 3095 missa
1598 3052 1718 3107 est;
1746 3051 1793 3094 et
1835 3039 2081 3109 inaquosa

511 3120 647 3178 erat,
683 3110 733 3164 id
773 3121 875 3171 est.
905 3115 1048 3165 omni
1078 3127 1199 3166 vera
1248 3111 1539 3167 refecunne
1569 3114 1815 3179 carebat,
1861 3116 1953 3165 sed
1987 3126 2080 3179 per

514 3182 788 3237 ministros
834 3180 1032 3250 Spiritu
1087 3191 1274 3237 sancto
1302 3183 1534 3247 repletos
1583 3198 1718 3251 aqua
1772 3180 2079 3236 refectiouis

513 3267 677 3319 verae,
705 3251 757 3306 id
781 3264 882 3318 est,
914 3252 1181 3320 spirituali
1208 3255 1453 3308 doctrina
1484 3254 1692 3322 perfusa
1721 3263 1821 3306 est.
1856 3253 1910 3306 In
1958 3253 2077 3317 hac,

514 3322 755 3391 inquam,
791 3331 929 3376 terra
965 3323 1171 3391 positus
1197 3324 1361 3388 sitivi,
1384 3334 1437 3379 et
1465 3325 1516 3376 in
1543 3324 1645 3376 hoc
1672 3332 1847 3375 sancto
1872 3322 2084 3376 deside-

511 3394 596 3468 rio
626 3407 765 3456 meo,
792 3392 845 3468 id
875 3403 980 3459 est,
1011 3392 1062 3447 in
1091 3393 1307 3468 liacgsiti
1340 3410 1481 3468 utea,
1515 3394 1736 3468 apparui
1778 3394 1893 3468 tibi,
1922 3395 1995 3445 sic
2025 3401 2081 3468 ut

512 3463 732 3515 uiderem
755 3464 987 3514 uirtutem
1012 3474 1171 3525 tuam,
1197 3465 1246 3518 id
1273 3476 1377 3530 est,
1403 3466 1471 3517 ita
1494 3463 1588 3517 me
1607 3464 1916 3533 praaparavi,
1942 3463 2083 3531 quod

514 3533 590 3586 fui
635 3533 828 3599 dignus
857 3548 1113 3600 apparere
1144 3535 1233 3587 tibi
1266 3550 1359 3603 per
1394 3537 1513 3595 hoc,
1563 3538 1686 3601 quia
1735 3534 1863 3597 vidi,
1896 3534 1947 3585 id
1978 3543 2081 3597 est,

513 3603 739 3671 cognovi
766 3612 905 3655 tuam
939 3605 1208 3674 virtutem,
1240 3607 1375 3659 hanc
1405 3605 1630 3666 scilicet,
1663 3604 1804 3671 quod
1835 3606 1911 3656 sic
1956 3606 2075 3657 siti-

518 3686 631 3724 rem
662 3686 783 3725 esse
813 3682 976 3737 tuatn,
1010 3688 1115 3724 nun
1162 3691 1354 3739 meatu,
1403 3688 1447 3727 et
1478 3678 1530 3728 in
1581 3676 1679 3727 hoc
1709 3675 1927 3744 gloriam
1967 3690 2087 3728 e~se

512 3751 677 3805 tuam,
727 3756 831 3792 non
884 3757 1089 3813 meam,
1141 3745 1190 3797 id
1240 3754 1346 3813 est,
1383 3754 1433 3799 te
1481 3746 1885 3814 glortlicaudutu
1942 3761 2082 3811 esse,

516 3825 621 3867 ιιοη
655 3823 760 3863 Ille.

589 3880 1075 3961 Quoniantlmeliar
1106 3892 1177 3935 est
1218 3884 1569 3961 misericordia
1617 3894 1701 3937 tua
1751 3901 1906 3961 super
1928 3886 2083 3951 vitas,

516 3951 672 4022 labia
703 3966 814 4002 mea
859 3950 1137 4003 laudabunt
1187 3964 1253 4005 te.
1300 3954 1426 4006 ldeo
1476 3957 1667 4015 merito
1698 3956 1762 4007 ad
1796 3950 1845 4008 t'e
1896 3957 2081 4022 sitm,

512 4020 763 4089 quoniam
794 4034 916 4074 cum
966 4022 1128 4080 multa
1180 4022 1287 4076 sint
1314 4039 1508 4090 genera
1559 4027 1794 4090 vivendi,
1839 4041 1956 4092 qua:
1999 4020 2086 4080 di-

514 4092 657 4145 versi
681 4092 893 4145 diversa
924 4092 1022 4145 sibi
1066 4092 1290 4161 eligunt,
1321 4107 1372 4147 ut
1406 4096 1491 4148 hic
1535 4098 1828 4160 mercandi,
1864 4098 1951 4149 ille
1991 4100 2090 4149 ini-

515 4162 725 4227 litaudi,
760 4163 845 4216 hic
874 4177 1056 4233 agrum
1087 4165 1320 4228 colendi,
1352 4175 1405 4218 et
1432 4167 1646 4233 similia,
1677 4178 1853 4220 tamen
1893 4170 2089 4221 miseri-

514 4233 707 4309 cordia
738 4240 825 4284 tua
875 4232 1004 4285 illud
1038 4236 1333 4287 institutum
1388 4232 1793 4309 vivetidi,quod
1830 4246 1883 4297 tu
1936 4239 2089 4291 nubis

516 4302 733 4374 dedisti,
767 4318 868 4353 non
904 4318 992 4368 per
1023 4308 1209 4357 merita
1242 4316 1443 4367 nostra,
1473 4309 1567 4359 sed
1600 4302 1691 4374 per
1718 4308 1887 4361 solani
1923 4312 2083 4361 mise-

522 4372 808 4424 ticurdiam
853 4380 1020 4435 luant,
1047 4376 1135 4439 qui
1170 4376 1309 4428 nulla
1344 4378 1533 4429 merita
1582 4372 1825 4431 invenisti
1854 4378 1905 4431 iu
1934 4379 2089 4431 nobis

516 4456 637 4515 qua:
682 4457 989 4515 coronares,
1037 4447 1128 4495 sed
1163 4446 1355 4498 delicta
1403 4462 1520 4513 qua:
1564 4455 1918 4513 condonares,
1968 4467 2087 4515 qua:

2105 3153 2152 3216 Ο

2181 520 2356 569 anima
2379 534 2512 581 mea,
2542 518 2592 570 id
2615 530 2716 581 est,
2750 533 3008 580 meorum,
3037 518 3317 588 repleatur,
3360 517 3488 570 sicut
3521 518 3685 587 adipe
3707 531 3757 573 et

2183 588 2511 657 pinguedine.
2543 587 2722 654 Adeps
2758 590 2974 657 pr0prie
3000 598 3086 643 est
3112 588 3371 656 pinguedo
3401 588 3486 642 illa
3509 603 3637 655 quae
3657 590 3759 642 Cir.

2179 656 2393 711 cumdat
2422 656 2695 718 intestina.
2729 656 2824 724 per
2850 674 3008 726 quam
3032 660 3151 727 quia
3186 658 3407 711 interior
3456 666 3563 723 est,
3610 657 3754 712 desi-

2178 738 2368 795 gnatur
2421 726 2554 781 bona
2606 730 2973 791 conscientia;
3030 726 3295 795 pinguedo
3345 741 3471 780 vero
3524 742 3654 795 qua
3706 729 3755 783 in

2182 798 2435 851 membris
2465 798 2707 851 exterius
2736 809 2839 861 est,
2871 807 2925 852 et
2965 798 3088 853 ideo
3121 812 3215 866 per
3264 798 3643 865 pinguedinem
3680 800 3753 851 si-

2176 868 2493 935 gniﬁcantur
2523 868 2743 921 virtutes
2771 876 2826 921 et
2875 870 3009 921 bona
3058 884 3241 938 opera.
3294 866 3409 938 Non
3440 868 3603 938 enim
3642 878 3755 921 orat

2178 938 2278 991 iste
2311 953 2407 1004 pro
2433 938 2697 1001 corporali
2731 939 3072 1005 pinguedine,
3096 936 3198 993 sed
3232 952 3326 1003 pro
3356 936 3632 999 interiori,
3653 938 3754 991 sci-

2176 1007 2321 1073 licet,
2355 1021 2450 1076 pro
2479 1007 2739 1078 spirituali
2766 1009 2953 1078 gratia:
2986 1008 3330 1078 abundantia,
3364 1008 3476 1060 sine
3497 1022 3609 1073 qua
3650 1009 3751 1060 cito

2176 1078 2228 1129 in
2261 1079 2410 1131 bonis
2440 1076 2692 1145 operibus
2718 1076 2903 1131 delicit
2950 1079 3159 1145 anima;
3193 1078 3277 1131 vel
3303 1076 3437 1130 forte
3469 1086 3634 1145 rogat
3663 1094 3752 1145 pro

2177 1146 2354 1200 futura
2386 1144 2707 1217 pinguedine
2750 1148 2860 1212 illa,
2906 1148 2957 1201 id
2990 1156 3092 1210 est,
3129 1144 3234 1214 'pro
3265 1146 3439 1217 futura
3478 1144 3671 1215 gleria
3702 1149 3750 1201 in

2172 1233 2274 1281 qua
2301 1219 2477 1271 omnis
2543 1227 2727 1271 nostra
2760 1218 2954 1287 peribit
3004 1218 3317 1285 indigentia,
3342 1216 3461 1287 quia
3513 1231 3753 1283 prasens

2176 1288 2491 1342 habebimus
2519 1286 2773 1355 quidquid
2806 1289 2925 1341 boni
2953 1288 3395 1343 desiderabimus.
3428 1286 3584 1354 Rogo
3603 1327 3618 1348 ,
3677 1288 3753 1340 in-

2172 1373 2353 1427 quam,
2384 1367 2440 1429 ut
2467 1358 2725 1424 repleatur
2766 1359 2941 1411 anima
2990 1375 3102 1410 mea
3144 1359 3447 1429 pinguedine
3486 1366 3537 1409 et
3578 1357 3753 1429 sicas

2171 1443 2360 1493 meum,
2391 1428 2438 1480 id
2471 1437 2572 1493 est,
2601 1442 2662 1480 os
2693 1443 2933 1482 meorum
2966 1430 3017 1481 in
3051 1428 3479 1482 l'uturolaudabit
3505 1435 3567 1480 te
3610 1428 3751 1480 labiis

2172 1499 2548 1563 exsultationis,
2588 1498 2636 1550 id
2685 1509 2794 1565 est,
2836 1499 2991 1552 labiis
3039 1499 3361 1553 exaltativis.
3412 1496 3569 1551 Nunc
3609 1496 3745 1550 enim

2172 1584 2296 1623 vera
2328 1584 2431 1621 non
2466 1578 2547 1622 t-st
2576 1569 2882 1628 exsultatio,
2914 1568 3036 1635 quia
3067 1568 3296 1622 labimur
3327 1570 3380 1621 in
3411 1566 3674 1636 peccatis.
3705 1575 3756 1621 et

2172 1655 2235 1694 ex
2268 1654 2396 1693 ca~u
2431 1639 2725 1702 tristamur;
2772 1639 3002 1706 gemitus
3030 1648 3085 1693 et
3128 1639 3403 1693 orationes
3448 1637 3750 1702 fundimus;

2180 1720 2461 1778 postquam
2494 1720 2671 1762 autem
2701 1712 2877 1763 omnis
2908 1716 3088 1763 nostra
3121 1709 3312 1776 peribit
3343 1708 3558 1762 miseria
3587 1748 3607 1778 ,
3659 1721 3751 1762 nec

2103 1799 2148 1858 Β
2175 1777 2279 1833 erit
2307 1782 2498 1858 oratio,
2534 1790 2660 1833 tunc
2690 1779 2904 1834 demum
2954 1783 3065 1833 sola
3121 1778 3359 1833 manebit
3404 1791 3526 1833 vere
3582 1777 3748 1833 laudis

2175 1850 2485 1909 exsultatio,

2246 1919 2337 1973 Sic
2365 1935 2558 1971 memor
2586 1919 2663 1987 fui
2692 1920 2770 1973 lui
2798 1936 2956 1989 super
2986 1929 3197 1973 stratum
3227 1935 3414 1987 meum,
3442 1918 3499 1972 in
3546 1919 3754 1989 matuti-

2175 1991 2257 2043 nis
2308 1990 2588 2043 nteditabor
2615 1992 2667 2043 in
2718 2002 2785 2055 te,
2815 1988 2937 2057 quia
2981 1992 3127 2059 fuisti
3163 1991 3374 2059 adjutor
3421 2006 3589 2042 meus.
3639 1988 3755 2045 Ideo

2176 2059 2387 2114 tandem
2420 2074 2543 2114 vere
2570 2060 2796 2113 laudabo
2831 2071 2905 2125 te,
2942 2064 3061 2129 quia
3093 2076 3231 2114 nunc
3274 2060 3565 2129 meditabor,
3602 2061 3654 2112 in
3685 2070 3750 2120 te.

2177 2130 2227 2184 id
2251 2142 2354 2194 est,
2386 2134 2558 2185 omnis
2585 2132 2811 2185 intentio
2842 2146 2959 2185 mea
2989 2135 3090 2185 erit
3119 2133 3169 2186 iu
3202 2142 3252 2185 te
3292 2132 3344 2184 in
3376 2128 3680 2193 matutinis,
3707 2132 3752 2185 id

2175 2212 2278 2264 est,
2305 2202 2455 2254 bouis
2482 2203 2769 2268 operibus;
2798 2217 2890 2269 per
2918 2204 3234 2255 matutinum
3259 2202 3402 2255 enim
3425 2215 3597 2268 opera
3618 2200 3751 2254 desi.

2176 2282 2426 2339 gnantur,
2455 2275 2574 2339 quia
2607 2273 2692 2340 qui
2724 2272 2894 2326 seduli
2920 2282 3044 2325 sunt
3084 2273 3149 2326 ad
3178 2270 3535 2340 operandam,
3570 2272 3624 2324 in
3655 2285 3755 2323 ma-

2182 2342 2356 2395 tutino
2405 2344 2467 2393 ad
2496 2356 2630 2407 opus
2659 2354 2903 2409 surgunt.
2938 2343 3065 2396 lieni
3112 2344 3236 2411 quia
3267 2343 3319 2396 in
3368 2343 3638 2394 matutino
3674 2342 3750 2394 lux

2177 2411 2363 2480 incipit
2392 2426 2671 2479 apparere.
2707 2428 2799 2477 per
2824 2416 3138 2466 matutinum
3172 2427 3333 2481 opera
3367 2412 3526 2473 lucis,
3561 2412 3613 2464 id
3655 2422 3751 2473 est,

2180 2483 2317 2535 bona
2348 2498 2511 2548 opera
2543 2482 2930 2551 intelliguntur.
2966 2484 3063 2549 Qui
3097 2483 3241 2537 enim
3292 2485 3432 2535 male
3473 2483 3606 2551 agit,
3650 2483 3753 2534 odit

2180 2552 2386 2616 lucem;
2414 2554 2502 2619 qui
2535 2566 2659 2606 vero
2690 2554 2923 2608 ambulat
2967 2558 3019 2607 in
3061 2555 3205 2620 luce,
3235 2568 3338 2606 non
3369 2551 3619 2616 oll'endit,
3640 2555 3752 2621 quia

2182 2638 2286 2676 non
2319 2624 2458 2693 male
2489 2624 2627 2693 agit;
2661 2635 2715 2677 et
2744 2634 2825 2677 est
2854 2626 3127 2692 prannissa
3162 2624 3428 2692 probatio.
3477 2623 3643 2687 Quasi
3680 2624 3753 2675 di-

2180 2704 2297 2746 cat:
2333 2692 2394 2747 Si
2427 2708 2643 2759 seniper
2690 2709 2883 2746 memor
2920 2695 2997 2761 fui
3023 2695 3120 2758 tui,
3162 2696 3320 2749 etiam
3370 2709 3527 2759 super
3552 2701 3753 2745 stratum

2181 2780 2371 2829 meum,
2404 2764 2453 2815 id
2504 2771 2611 2828 est,
2659 2763 2714 2815 in
2749 2774 2990 2832 tempore
3020 2764 3289 2818 destinato
3330 2765 3520 2833 quieti,
3555 2763 3755 2832 quando

2184 2836 2361 2887 minus
2393 2833 2660 2887 videbaris
2685 2833 2815 2887 mihi
2851 2836 3209 2897 necessarius,
3252 2845 3377 2888 tunc
3406 2848 3537 2888 vere
3566 2836 3619 2885 in
3655 2849 3752 2884 ms-

2182 2904 2384 2968 tutinis,
2420 2903 2471 2957 id
2504 2913 2607 2971 est,
2664 2906 2717 2958 in
2744 2904 2956 2971 labore,
2989 2919 3095 2975 quo
3138 2908 3367 2958 maxime
3412 2904 3487 2957 tui
3533 2904 3751 2975 indigeo,

2182 2976 2471 3028 meditabor
2513 2974 2664 3041 inte,
2699 2975 2751 3029 id
2782 2985 2884 3040 est,
2918 2976 2991 3029 tui
3010 2974 3227 3029 memor
3274 2991 3391 3038 ero,
3424 2974 3568 3041 quod
3609 2986 3688 3027 est
3725 2990 3753 3027 ι

2184 3046 2402 3117 minori.
2437 3045 2620 3117 Potest
2647 3049 2808 3099 etiam
2851 3061 2946 3117 per
2977 3048 3316 3110 matutinum,
3365 3045 3511 3113 quod
3558 3052 3754 3109 tempus

2183 3127 2266 3187 est
2298 3115 2517 3178 laboris,
2548 3115 3172 3187 adversitas‘designari;
3206 3131 3299 3185 per
3349 3124 3591 3169 stratum
3612 3129 3751 3174 vero.

2187 3186 2240 3243 in
2269 3199 2375 3254 quo
2399 3184 2720 3258 quiescitur,
2751 3184 3109 3255 prosperitas;
3137 3197 3192 3241 et
3210 3184 3372 3258 bene
3397 3186 3752 3239 necessarium

2188 3266 2271 3311 est
2301 3259 2438 3325 quod
2472 3257 2516 3327 si
2547 3256 2755 3309 memdr
2787 3259 2879 3309 luit
2905 3258 3021 3327 ejus
3054 3261 3103 3310 in
3139 3256 3517 3326 prosperitate,
3563 3268 3757 3308 memor

2188 3327 2259 3380 eti
2280 3343 2347 3379 tm
2376 3328 2443 3379 sit
2476 3326 2527 3378 in
2558 3327 2903 3381 adversitatc.
2938 3326 3145 3382 ’Potest
3169 3339 3222 3382 et
3267 3329 3423 3381 aliter
3452 3327 3580 3388 dici,
3614 3335 3669 3379 ut
3695 3330 3759 3379 sit

2186 3398 2423 3451 ostensio
2447 3411 2475 3447 a
2510 3396 2644 3464 pari.
2673 3396 2833 3462 Quasi
2866 3397 3044 3452 dicat:
3076 3398 3212 3452 Vere
3242 3401 3457 3451 tandem
3504 3413 3562 3448 os
3602 3411 3757 3448 nteant

2188 3467 2419 3520 laudabit
2446 3475 2516 3531 te,
2542 3468 2665 3534 quia
2690 3468 2743 3519 in
2767 3470 3051 3533 matutinis,
3073 3469 3123 3522 id
3142 3478 3245 3531 est,
3269 3469 3323 3521 in
3347 3466 3756 3530 resurrectione,

2188 3539 2613 3606 quandocunque
2644 3540 2744 3590 crit
2774 3554 2929 3592 suum
2984 3543 3323 3601 matutiuutn,
3356 3538 3479 3606 quia
3532 3551 3759 3590 resurree

2190 3610 2296 3661 ctio
2329 3619 2659 3661 mortuorum
2690 3608 3029 3663 diﬂertsicut
3059 3609 3207 3663 stella
3233 3626 3265 3661 ιι
3295 3613 3441 3661 stetta
3473 3606 3669 3675 differt.
3697 3609 3755 3659 Et

2192 3679 2312 3732 ideo
2358 3680 2511 3749 dicit,
2544 3676 2610 3730 In
2663 3680 2931 3733 matutinis
2978 3680 3273 3749 pluraliter.
3307 3681 3481 3742 Tunc,
3528 3693 3758 3749 inquam,

2193 3747 2476 3801 meditabor
2506 3752 2559 3800 in
2611 3758 2680 3815 te,
2714 3752 2764 3801 id
2815 3760 2916 3817 est,
2954 3747 3128 3804 omnis
3162 3754 3383 3804 intentio
3416 3763 3537 3802 mea
3578 3749 3681 3801 erit
3708 3747 3758 3800 in

2193 3822 2347 3873 laude
2381 3828 2487 3872 tua.
2522 3819 2584 3871 Et
2612 3819 2713 3873 huc
2740 3820 2881 3886 ideo,
2910 3821 3032 3888 quia
3058 3822 3201 3888 prius
3234 3822 3310 3887 fui
3339 3835 3531 3872 memor
3568 3820 3667 3881 tui,
3692 3822 3757 3869 ita

2192 3900 2247 3942 ut
2274 3905 2447 3946 essent
2478 3905 2628 3959 super
2652 3902 2871 3949 stratum
2911 3908 3098 3955 meum,
3147 3892 3201 3951 id
3228 3901 3331 3955 est,
3362 3891 3510 3943 carni
3543 3898 3596 3943 et
3632 3903 3756 3941 san-

2191 3962 2337 4029 guini
2384 3974 2487 4012 non
2537 3963 2962 4028 acquiescerem,
3013 3962 3106 4017 sed
3162 3962 3530 4020 inﬁrmitatem
3592 3972 3763 4013 carnis

2196 4046 2328 4087 mea:
2376 4030 2441 4083 ad
2475 4031 2785 4085 servitutem
2834 4043 2975 4086 tuam
3021 4032 3427 4100 compellerem.
3481 4032 3547 4083 Et
3578 4030 3763 4083 metito

2199 4112 2321 4155 tunc
2352 4100 2637 4173 meditabor
2666 4117 2786 4173 ego,
2823 4102 2875 4165 id
2899 4112 3001 4166 est,
3036 4106 3435 4164 meditabttntur
3463 4102 3567 4154 mei
3596 4103 3651 4152 in
3679 4112 3726 4173 te
3747 4141 3761 4161 ,

2193 4174 2315 4241 quia
2346 4171 2461 4224 sine
2488 4180 2538 4224 te
2567 4171 2704 4224 nihil
2727 4189 3010 4241 possumus
3042 4174 3240 4229 facere.
3268 4173 3506 4237 Namque
3536 4181 3588 4224 tu
3619 4172 3762 4237 prius

2194 4242 2261 4294 ad
2292 4239 2341 4293 id
2375 4239 2781 4315 promerendum
2810 4244 2959 4315 fuisti
2976 4246 3186 4315 adjutor
3216 4260 3372 4305 nteus,
3407 4244 3459 4296 id
3492 4250 3596 4315 est,
3624 4256 3765 4315 meo:

2196 4326 2335 4375 rum,
2369 4323 2421 4364 et
2450 4326 2662 4387 semper
2693 4312 3225 4387 eris'mihi‘adjutur,
3257 4315 3379 4382 quia
3409 4312 3765 4387 exsultabn,

2196 4391 2298 4442 est,
2329 4384 2671 4435 exsultabunt
2697 4387 2799 4436 mei
2827 4386 2881 4437 in
2909 4381 3192 4437 uelauiento
3220 4381 3424 4436 alarum
3452 4396 3685 4443 tuarum,
3713 4381 3763 4433 id

2197 4462 2299 4513 est,
2335 4456 2384 4505 in
2416 4461 2500 4504 tua
2535 4455 2884 4523 protectione,
2920 4466 2972 4507 ut
2997 4455 3062 4508 ad
3096 4457 3262 4508 solam
3309 4456 3525 4515 dicatur
3576 4453 3769 4523 sinitli-y

517 4513 710 4594 delicta
736 4514 779 4594 si
816 4514 1049 4594 punires,
1082 4514 1251 4567 victus
1278 4531 1447 4594 esses,
1476 4520 1568 4594 sed
1601 4518 1699 4571 hoc
1742 4513 2088 4594 pertinuit—ad
2122 4513 2171 4572 D
2202 4525 2460 4577 tudinem.
2496 4513 2611 4594 Sel
2663 4524 2827 4579 etiam
2857 4513 2951 4594 per
2980 4531 3094 4578 alas
3120 4525 3237 4593 ejns
3284 4513 3628 4594 dilectionem
3676 4521 3767 4579 Dei

518 4592 664 4643 tuam
700 4582 1141 4650 misericordiam,
1188 4594 1243 4638 et
1293 4588 1522 4658 maluisti
1570 4582 1875 4655 peccatores
1900 4588 2099 4658 juSiili-

520 4668 664 4729 care,
696 4669 854 4729 quam
889 4657 1093 4729 punire,
1128 4658 1269 4708 etde
1297 4657 1461 4729 impio
1494 4660 1635 4725 pium
1680 4657 2059 4729 iacere;’iilud
2082 4701 2096 4724 ,

519 4724 757 4802 inquam,
795 4728 1092 4802 institutum
1134 4727 1343 4802 vivendi
1387 4724 1601 4802 melius,
1654 4740 1707 4782 et
1748 4745 1851 4782 non
1875 4724 2095 4798 parum,

520 4796 615 4869 sed
645 4796 715 4845 ita
746 4803 801 4846 ut
828 4796 895 4847 sit
914 4810 1086 4869 super
1105 4797 1250 4861 vitas,
1283 4798 1333 4852 id
1360 4806 1459 4862 est,
1494 4800 1647 4869 longe
1673 4796 1897 4853 excedat
1918 4802 2096 4860 omnia

520 4867 624 4917 alia
654 4878 849 4930 genera
877 4864 1088 4919 vivendi
1117 4883 1130 4931 ;
1163 4876 1216 4920 t-t
1244 4870 1364 4922 ideo
1404 4870 1540 4922 labia
1565 4864 1696 4932 nica,
1730 4871 1780 4923 id
1809 4880 1917 4935 est,
1949 4886 2097 4924 tneo-

522 4948 663 5007 rutn,
697 4936 749 4987 ιιι
781 4936 956 5007 futuro
1003 4937 1285 5007 laudabunt
1314 4949 1359 4991 te
1390 4954 1512 4993 vera
1556 4941 1884 4994 laudatione.
1928 4941 2091 5007 Quasi

518 5002 657 5057 dicat
690 5019 704 5056 :
737 5005 887 5067 Quod
910 5004 1148 5075 laudabo
1181 5017 1232 5060 te
1264 5011 1434 5061 habeo
1463 5025 1524 5061 ex
1559 5020 1631 5075 ιιι,
1666 5025 1772 5063 ιιοιι
1806 5002 2094 5065 ειιίιιιἸειι-

520 5078 707 5127 darent
757 5086 806 5127 te
853 5074 990 5126 labia
1023 5091 1162 5145 ιιιεδ,
1214 5081 1314 5137 nisi
1358 5074 1689 5147 iirmcederet
1734 5082 2098 5141 misericordia

520 5154 625 5196 tua.
700 5166 705 5172 ‘

592 5214 683 5268 Sic
704 5212 992 5267 benedicam
1024 5224 1069 5270 te
1096 5216 1148 5275 in
1190 5221 1290 5277 vita
1317 5233 1449 5281 mea,
1479 5229 1527 5275 et
1561 5219 1615 5276 in
1648 5221 1853 5281 nomine
1881 5231 1967 5275 tua
2014 5222 2100 5281 le.-

520 5289 644 5361 vabo
669 5300 852 5361 manus
881 5301 1037 5361 meas.
1071 5288 1343 5351 Laudabo,
1378 5291 1621 5356 inquam.
1655 5299 1708 5351 te
1738 5294 1789 5345 in
1814 5292 2013 5361 futuro,
2047 5304 2102 5347 et

519 5356 683 5409 etiam
712 5355 764 5408 in
792 5359 1036 5429 priusenti
1070 5360 1361 5429 benedicnm
1386 5369 1434 5417 te
1455 5355 1513 5411 in
1543 5362 1647 5413 vita
1695 5379 1807 5415 mea
1826 5404 1840 5428 ,
1868 5355 2097 5429 scilicet,

520 5442 675 5512 quam
695 5427 975 5512 tudedilsti
1008 5429 1165 5512 mihi.
1194 5428 1471 5501 Nunquam
1489 5446 1600 5512 ego
1618 5432 1765 5512 elegi
1792 5427 1890 5500 sic,
1913 5436 1964 5487 id
1989 5427 2096 5512 est,

520 5506 578 5555 ut
610 5498 1023 5567 misericordiam
1051 5508 1194 5552 tuam
1218 5498 1430 5565 semper
1451 5498 1748 5567 attendam:
1770 5498 1883 5557 non
1905 5504 2097 5559 merita

520 5582 660 5619 mea.
689 5565 755 5619 Et
787 5567 982 5633 levabo,
1017 5569 1067 5622 id
1097 5578 1200 5633 est,
1223 5570 1472 5624 exaltabo
1502 5588 1678 5627 ntanus
1704 5565 1840 5628 meas
1886 5576 1935 5628 in
1963 5590 2092 5630 ora-

522 5638 665 5715 tione
690 5647 743 5691 et
766 5638 901 5715 bona
926 5641 1257 5715 operatione,
1281 5655 1384 5715 non
1405 5655 1621 5711 propter
1643 5645 1870 5715 gloriam
1893 5661 2093 5710 meam,

518 5709 614 5768 sed
634 5710 693 5781 in
724 5711 923 5761 nomine
952 5721 1039 5764 tuo
1062 5712 1430 5779 glorilicandu,
1456 5709 1685 5781 scilicet,
1709 5725 1767 5770 ut
1793 5717 1880 5778 alii
1907 5709 2092 5772 viden?

516 5787 599 5840 tes
628 5779 764 5843 bona
794 5795 949 5859 cpera
980 5782 1279 5861 gloriﬁcent
1307 5796 1501 5839 nomen
1528 5779 1700 5842 tuum.
1732 5787 1870 5864 Quid
1916 5798 2094 5849 autem

2201 4604 2253 4645 et
2285 4592 2509 4660 proximi
2541 4607 2825 4661 possumus
2860 4592 3133 4663 ’βάρει-ε,
3154 4592 3246 4653 vel
3278 4608 3566 4664 utrumque
3584 4593 3769 4647 Testa,

2202 4672 2465 4726 mentum,
2499 4664 2580 4717 vel
2610 4665 3029 4723 misericordiam
3060 4677 3114 4719 et
3143 4666 3448 4731 veritatem,
3481 4666 3566 4720 vel
3598 4667 3767 4721 minas

2201 4743 2255 4787 et
2287 4735 2671 4808 promissiones
2697 4752 2710 4803 ;
2743 4747 2795 4790 et
2824 4737 2945 4808 quia
2974 4735 3251 4798 exsultabo
3297 4739 3349 4790 in
3379 4747 3425 4790 te
3445 4776 3462 4801 ,
3493 4737 3616 4790 ideo
3658 4748 3771 4787 me-

2199 4808 2303 4859 rito
2334 4804 2505 4855 anima
2534 4820 2646 4857 mea
2687 4816 2739 4859 et
2785 4804 3029 4869 meorum
3059 4810 3273 4860 adlitesit
3302 4809 3418 4873 tibi,
3453 4808 3505 4860 id
3540 4819 3644 4869 est,
3674 4819 3767 4873 ag-

2198 4875 2464 4943 glutinata
2495 4884 2582 4927 est
2612 4876 2702 4928 tibi
2733 4879 2945 4935 vinculo
2969 4878 3263 4940 charitatis,
3289 4880 3360 4931 ita
3392 4888 3600 4945 tamen,
3631 4887 3683 4929 ιιι
3704 4876 3774 4929 sit

2200 4954 2319 5019 post
2346 4953 2415 5005 te,
2446 4944 2497 4997 id
2529 4956 2631 5009 est,
2657 4949 2785 5001 velit
2807 4958 2858 5002 te
2884 4950 3060 5017 sequi,
3090 4964 3195 5002 non
3230 4950 3559 5016 pra-cedere.
3590 4944 3651 5001 'In
3673 4962 3773 5019 qua

2204 5017 2518 5069 adhaesione
2555 5032 2783 5086 Antecessc
2829 5028 2995 5074 estut
3044 5022 3206 5072 multa
3241 5022 3410 5086 patiar
3459 5020 3621 5076 mala,
3669 5017 3773 5072 Sed

2203 5100 2324 5155 quae
2350 5086 2516 5138 cura?
2549 5084 2717 5159 Nulla
2752 5089 2978 5153 scilit-t-t,
3010 5091 3131 5159 quia
3178 5084 3389 5151 deﬂere
3420 5098 3512 5142 tua
3554 5088 3776 5159 suscepit

2202 5171 2281 5209 me
2311 5164 2364 5208 et
2394 5169 2566 5218 meos,
2595 5159 2660 5210 ad
2691 5158 3082 5217 defendendum
3113 5172 3295 5213 contra
3343 5162 3614 5219 inimicos.
3664 5158 3777 5223 ipsi

2201 5241 2319 5278 vero
2348 5242 2453 5279 non
2484 5240 2854 5293 cessaverunt,
2881 5232 2976 5284 sed
3007 5234 3313 5297 qumsierunt
3354 5231 3583 5284 animam
3616 5245 3775 5282 meam

2201 5306 2255 5351 et
2285 5311 2548 5370 meorum,
2580 5314 2683 5352 non
2714 5302 2781 5354 ad
2811 5304 3146 5365 imitandum,
3181 5304 3272 5355 sed
3309 5304 3376 5354 ad
3406 5303 3771 5370 perdendum;

2202 5380 2256 5421 et
2287 5368 2388 5421 hoc
2417 5370 2468 5421 in
2513 5385 2720 5433 vanum,
2753 5374 2875 5440 quia
2908 5374 3080 5440 potius
3114 5374 3165 5425 in
3197 5374 3299 5431 hoc
3344 5368 3445 5426 sibi
3478 5378 3777 5426 nocuerunt

2202 5440 2743 5513 quamprolecerunt.
2775 5441 2922 5513 Quod
2952 5444 3181 5497 maxime
3208 5455 3387 5501 tamen
3417 5444 3484 5497 ad
3508 5454 3668 5512 caput
3688 5456 3775 5495 re-
3802 5448 3808 5475 ε

2203 5510 2481 5564 terendum
2512 5522 2617 5577 est,
2667 5510 2820 5581 cujus
2846 5513 3078 5567 animam
3121 5514 3291 5575 Judaei
3326 5528 3452 5571 vere
3499 5515 3551 5568 in
3581 5510 3774 5565 vanum

2204 5582 2428 5652 perdere
2451 5586 2801 5658 quiesierunt,
2823 5585 2942 5653 quia
2970 5599 3061 5653 per
3084 5595 3309 5640 mortem
3332 5586 3471 5655 ejus,
3497 5600 3593 5658 per
3614 5597 3773 5652 quam

2203 5667 2264 5729 se
2296 5668 2537 5729 regnum
2566 5654 2806 5729 retinere
2849 5657 3146 5729 putabant,
3178 5654 3371 5726 potius
3403 5654 3774 5729 pet-uiderunt.

2202 5719 2265 5801 Et
2295 5719 2415 5801 ideo
2444 5724 2620 5801 (quasi
2652 5726 2818 5801 dicat)
2849 5719 3083 5801 animam
3103 5719 3269 5801 meam
3295 5719 3627 5801 qutc'sierunt,
3650 5727 3777 5792 quia

2200 5792 2480 5856 intrpibunt
2508 5794 2560 5855 in
2591 5792 2838 5873 inferiora
2865 5806 3037 5874 terrw,
3071 5798 3124 5855 id
3151 5808 3257 5871 est,
3284 5792 3459 5855 locum
3492 5808 3540 5854 el
3566 5808 3781 5875 βρηεειιι
