3984 6362
194 295 332 387 sos

916 293 981 348 IN
1023 289 1441 349 PSALMOBUM
1483 288 1742 346 LIBRUM
1783 288 2138 346 EXEUESIS.
2183 320 2253 331 —
2294 289 2541 348 PSALM.
2584 290 2763 347 LXIII.

3379 297 3487 358 810

207 422 321 480 αἱδί
356 414 739 489 praituleruut,
768 422 824 470 et
866 415 1158 483 cupiditate
1188 422 1389 489 terram
1443 411 1787 489 introierunt,
1821 415 1876 475 Α
1902 412 2040 467 inter
2070 412 2311 489 homines
2356 414 2670 489 apparuisse
2691 454 2706 480 ,
2734 412 2860 489 quia
2890 413 2944 469 in
2972 426 3038 470 eo
3066 414 3238 489 solum
3275 416 3443 477 intelli
3470 451 3476 463 ι

207 491 321 550 sed
350 484 509 559 longe
538 487 735 559 melius
760 496 843 559 est
862 500 1020 553 super
1052 493 1251 559 terram
1284 485 1579 559 ambulare,
1610 493 1663 540 et
1709 484 1790 551 ip-

206 579 338 621 sam
364 556 698 622 eodculeare,
722 556 774 610 id
801 565 883 612 est
922 565 1135 612 terrena
1166 556 1459 625 deSpicere,
1507 570 1666 625 quam
1695 570 1794 609 cu-

207 634 454 707 piditate
515 643 677 698 super
732 637 930 707 terram
980 627 1091 693 ire,
1150 628 1274 707 quia
1321 627 1569 707 quisquis.
1615 627 1796 707 perni-

207 698 370 761 Eiose
398 713 456 758 et
482 708 668 757 contra
715 698 940 753 salutem
969 712 1120 752 suam
1153 706 1365 752 terrena
1395 698 1620 766 appetit,
1686 706 1795 752 ter-

210 791 341 833 ram
371 773 477 830 sibi
504 770 852 839 superponit,
899 781 951 824 et
980 770 1032 823 in
1077 778 1236 824 terrae
1264 768 1516 839 interiora
1542 768 1694 839 quasi
1741 769 1793 821 in

210 854 465 918 cryptam
522 838 825 918 quamdam.
862 841 1197 918 tenebrosam
1247 838 1409 893 subit.
1468 838 1793 918 Introibuut,

201 907 461 987 inquam,
494 907 781 987 cupiditate
812 910 914 987 loci
942 918 998 965 et
1039 911 1211 987 gentis
1256 918 1478 987 terram,
1523 907 1628 987 sed
1659 910 1789 977 quid

202 980 441 1056 prodest
463 983 581 1056 eis?
606 981 771 1056 Nihil,
796 981 1001 1036 scilicet
1019 1023 1033 1047 ,
1050 980 1191 1056 quia
1220 980 1488 1035 tradentur
1518 980 1574 1056 in_
1600 996 1788 1056 manus

206 1050 406 1127 gladii,
437 1054 491 1127 id
520 1054 717 1127 est,_in
763 1050 1106 1127 potestatem:
1128 1051 1491 1127 Romanorum
1515 1050 1789 1127 gladiato-

202 1121 363 1191 i‘um,
391 1121 515 1189 Titi,
548 1121 776 1190 scilicet,
802 1132 858 1177 et
888 1121 1223 1192 Vespasiani,
1250 1121 1340 1191 qui
1367 1135 1465 1177 eos
1495 1122 1563 1175 de
1596 1122 1711 1176 loco
1738 1131 1793 1177 et

204 1209 380 1268 gente
435 1195 740 1268 depellent;
787 1202 848 1268 et
893 1193 1009 1268 hoc
1040 1194 1194 1268 ideo,
1251 1194 1378 1268 quia
1423 1201 1789 1268 erantpartes

204 1262 372 1338 quasi
416 1262 623 1338 species
646 1264 891 1338 quaedam
922 1265 1178 1338 vulpium,
1223 1266 1349 1338 quia
1379 1262 1790 1338 associabantur

204 1334 405 1395 dolose
431 1334 731 1407 agentibus.
767 1335 867 1407 Per
894 1335 1108 1407 vulpem
1157 1336 1322 1399 enim,
1367 1334 1489 1404 quia
1520 1335 1787 1407 astutissiv

202 1425 365 1465 mum
422 1404 617 1463 animal
661 1415 779 1471 εει,
839 1405 1099 1461 dolositas
1142 1407 1471 1475 designatur.
1532 1404 1684 1459 Unde
1733 1404 1787 1458 in

207 1479 514 1547 Evangelio
542 1478 609 1532 de
637 1476 958 1547 quibusdam
987 1476 1188 1547 dictum
1217 1474 1301 1531 est
1334 1493 1347 1527 :
1396 1474 1585 1547 Vulpes
1612 1475 1786 1547 foveas

203 1544 424 1616 habent,
452 1548 680 1603 volucres
700 1546 813 1601 caeli
837 1546 1050 1611 nidum;
1080 1545 1244 1602 Filius
1271 1557 1435 1600 autem
1462 1546 1701 1608 hominis,
1734 1544 1786 1600 id

207 1632 322 1690 est,
360 1622 633 1676 dmmones
658 1618 813 1673 nidos
843 1617 1042 1690 habent
1078 1620 1131 1672 in
1160 1618 1330 1683 vobis,
1365 1626 1421 1671 et
1468 1616 1588 1690 ideo
1620 1616 1785 1690 Filius

204 1686 461 1747 hominis
500 1706 605 1743 non
665 1692 809 1743 habet
854 1688 939 1740 ubi
989 1698 1139 1759 caput
1202 1704 1353 1743 suum
1390 1687 1623 1759 reclinet.
1690 1686 1785 1741 Vel

202 1764 409 1845 aliter}
442 1761 728 1848 Tradenlur
753 1761 805 1848 in
834 1775 1015 1813 manus
1036 1757 1217 1848 gladii,
1240 1758 1293 1814 id
1314 1768 1415 1848 est,
1445 1757 1778 1848 occidenitur;
1818 1788 1863 1848 Β

202 1844 262 1888 et
296 1836 388 1902 qui
415 1848 523 1889 non
545 1830 856 1886 occidentur
876 1840 1022 1883 erunt
1038 1828 1223 1902 partes
1244 1829 1492 1900 vulpium,
1524 1828 1577 1882 id
1599 1836 1702 1902 est,
1729 1830 1783 1902 in

248 1898 429 1960 ariem
470 1913 524 1959 et
554 1903 946 1970 possessionem
994 1901 1260 1970 vulpibus,
1292 1898 1344 1955 id
1374 1908 1474 1965 est,
1530 1898 1785 1969 principi-

248 1918 429 1960 artem
470 1918 524 1959 et
554 1918 946 1970 possessronem
994 1918 1260 1970 vuipious,
1292 1918 1344 1955 iu
1374 1918 1474 1965 ess,
1530 1918 1770 1969 principi-

200 1918 338 2045 ﬁlis,
370 1991 401 2031 a
429 1974 622 2045 quibus
666 1974 719 2026 in
749 1970 1111 2045 captivitatem
1156 1971 1447 2045 ducantur,
1481 1970 1770 2045 dabuntur,

203 2041 359 2116 quod
411 2041 483 2101 ita
513 2045 708 2099 factum
740 2052 840 2116 est.
869 2041 1141 2116 Undecies
1170 2043 1312 2116 enim
1345 2051 1569 2097 centena
1609 2041 1781 2116 millia

202 2114 266 2172 iii
319 2116 689 2184 captivitatem
739 2114 883 2168 ducti
934 2122 1078 2181 sunt,
1116 2114 1596 2184 ,totidemﬂquoque
1650 2114 1788 2166 fame

205 2182 517 2257 perierunt,
543 2185 869 2254 totidemque
892 2184 1156 2257 interfecti
1181 2192 1326 2257 sunt.
1350 2182 1421 2257 Et
1444 2182 1787 2257 designantur

201 2254 309 2328 per
337 2259 530 2327 vulpes
561 2258 754 2312 terreni
789 2256 1076 2328 principes,
1121 2256 1475 2328 qui_maxime
1497 2254 1634 2328 dotis
1676 2267 1789 2328 res-

207 2323 464 2399 publicas
486 2330 900 2399 augeresolent.
939 2325 1088 2399 Unde
1128 2324 1462 2399 etDominus
1487 2323 1555 2379 de
1581 2324 1788 2379 Herode

203 2395 347 2455 dicit
374 2401 425 2454 in
458 2395 744 2467 Evaiigelio
770 2416 782 2450 :
814 2395 981 2450 Dicite
1006 2396 1145 2466 vulpi
1185 2398 1286 2463 illi,
1329 2397 1447 2464 quia
1475 2412 1576 2449 non
1606 2410 1787 2466 appre-

204 2470 404 2525 hendet
433 2470 753 2540 prophetiam
776 2476 919 2522 extra
946 2467 1250 2540 Jerusalem.

286 2542 408 2596 Rea:
433 2536 549 2596 vero
596 2540 849 2594 [relabitur
887 2540 939 2592 in
990 2537 1129 2605 Deo,
1156 2538 1462 2593 laetabuntur
1490 2553 1662 2592 omnes
1701 2536 1789 2606 qui

193 2614 399 2687 iurant
425 2613 479 2687 in
501 2628 581 2687 eo,
609 2610 747 2687 quia_
769 2612 1081 2687 obstructum
1107 2618 1181 2687 est
1225 2625 1304 2687 os_
1326 2608 1639 2687 loquentium
1686 2608 1786 2659 ini-

244 2702 337 2737 ua.
375 2683 579 2739 Inimici
622 2679 839 2752 quidem
887 2680 1052 2735 Judaei
1094 2679 1526 2745 damnabuntur,
1554 2694 1647 2733 rex
1673 2693 1789 2731 vero

244 2702 337 2737 ua.
376 2701 579 2739 InlmICI
626 2701 839 2752 quidem
887 2701 1052 2735 suum
1094 2701 1526 2745 uauittauuntur,
1554 2701 1647 2733 rea:
1673 2701 1779 2731 vero

202 2701 507 2818 thabitur;
539 2754 593 2807 id
618 2763 723 2816 est,
753 2766 850 2821 ego
879 2752 1125 2806 absolute
1155 2765 1267 2817 rex,
1299 2766 1457 2818 quem
1485 2751 1611 2818 (ipsi
1655 2763 1779 2803 con-

207 2833 575 2894 tempserunt,
604 2832 658 2879 et
689 2837 865 2894 regem
892 2822 1129 2891 vulpem,
1165 2821 1219 2875 id
1247 2831 1349 2886 est,
1379 2822 1648 2876 Ctesarem
1674 2822 1788 2894 ele-

206 2891 437 2968 gerunt,
468 2891 771 2968 laetaborin
805 2892 1031 2968 Domino
1061 2908 1170 2968 per
1202 2894 1675 2968 resurrectionem.
1726 2891 1791 2968 Et

207 2961 327 3023 non
362 2967 535 3022 solum
563 2982 654 3019 rex
684 2965 961 3029 (relabitur,
995 2961 1093 3018 sed
1123 2966 1178 3019 et
1202 2979 1373 3017 omnes
1400 2963 1487 3032 qui
1502 2964 1706 3032 jurant,
1736 2961 1790 3017 id

207 3048 297 3094 est
320 3037 414 3105 qni
462 3037 781 3091 conﬁrmant
822 3049 882 3089 se
924 3036 978 3088 in
1003 3050 1061 3089 eo
1090 3048 1233 3103 esse,
1284 3044 1340 3089 et
1380 3036 1583 3100 vivere,
1610 3033 1790 3105 lauda-

211 3104 411 3162 buntur
438 3108 650 3161 tandem
680 3117 733 3160 et
761 3105 1095 3169 laetabuntur,
1130 3107 1213 3160 vel
1238 3119 1270 3160 e
1298 3119 1579 3159 converso.
1604 3104 1789 3169 Magna

209 3178 364 3234 enim
394 3179 625 3234 laudatio
650 3192 770 3232 cum
802 3177 1007 3231 dicetur
1031 3177 1108 3231 eis
1134 3194 1146 3227 :
1188 3174 1384 3243 Venite,
1414 3177 1661 3230 benedicti
1684 3174 1791 3229 Ρα-

209 3252 309 3304 tris
338 3251 458 3305 uici.
490 3249 557 3303 Et
598 3247 724 3303 item
754 3264 767 3299 :
805 3247 966 3317 Euge,
993 3262 1132 3301 serve
1163 3246 1288 3300 bone
1317 3255 1364 3300 et
1396 3248 1589 3315 ﬁdelis.
1614 3248 1679 3302 Et
1698 3246 1789 3315 qui

210 3321 602 3385 laudabuntur,
630 3319 783 3387 pauci
815 3334 921 3372 non
963 3326 1141 3384 erunt,
1172 3319 1292 3387 quia
1333 3334 1389 3371 os
1429 3318 1667 3373 omnium
1706 3318 1789 3371 lo-

206 3392 483 3463 quentium
521 3391 730 3463 iniqua,
782 3389 836 3444 id
886 3398 1004 3463 est,_
1043 3388 1523 3463 contradicentium
1583 3389 1790 3463 veritati

206 3459 437 3518 tandem
485 3460 827 3524 obstruetur,
884 3469 938 3514 et
987 3460 1096 3529 jam
1151 3459 1459 3513 obstructum
1515 3470 1609 3523 est,
1666 3460 1788 3529 quia

208 3538 371 3604 pauci
396 3546 537 3588 nunc
565 3538 694 3585 sunt
721 3530 1165 3604 contradictores.
1208 3530 1339 3585 Nam
1370 3537 1424 3584 et
1476 3529 1645 3584 Judiei
1673 3532 1785 3599 qui,

216 3601 357 3659 dum
424 3616 593 3674 agnus
634 3601 1014 3674 occidebatur,
1067 3603 1473 3674 clamaverunt,
1508 3609 1788 3674 postquam

216 3675 312 3731 leo
330 3671 485 3729 [ortis
508 3673 757 3737 surrexit,
778 3672 1140 3727 obticuerunt.
1163 3671 1448 3727 Sciendum
1472 3672 1593 3741 quia
1616 3681 1791 3739 potest

212 3748 383 3802 etiam
415 3743 652 3811 psalmus
681 3742 781 3798 iste
811 3752 953 3814 totus
996 3743 1099 3814 legi
1129 3743 1182 3796 in
1217 3758 1346 3797 voce
1370 3742 1790 3814 uniuscujusque

208 3814 557 3887 perlectioris
578 3814 804 3887 membri
866 3813 1198 3887 incorpore.
1234 3815 1398 3887 lfarva
1432 3823 1606 3887 tamen
1637 3813 1789 3866 ditfe-

208 3882 387 3942 ientia
431 3894 539 3952 εει,
582 3882 703 3953 quia
733 3900 854 3953 qua:
901 3884 969 3939 de
1013 3885 1186 3954 capite
1215 3884 1470 3949 diximus,
1504 3883 1691 3937 eadem
1734 3892 1790 3937 et

209 3959 409 4013 eodem
438 3956 551 4011 fere
570 3956 730 4009 modo
763 3956 953 4024 cuique
980 3955 1286 4024 perl'eetiori
1308 3954 1649 4019 conveniunt,
1669 3954 1788 4008 aliis

208 4027 268 4083 in
308 4028 559 4097 exemplo
597 4040 657 4080 se
686 4026 922 4097 ponenti
963 4034 1018 4079 et
1070 4025 1151 4079 sic
1197 4025 1390 4080 dicenti
1436 4043 1448 4075 :
1502 4024 1637 4078 Deus
1684 4024 1789 4078 Pa-

206 4108 318 4163 ter,
368 4095 511 4153 Deus
553 4095 792 4151 omnium
826 4111 920 4163 per
947 4104 1214 4163 naturam,
1266 4109 1415 4150 meus
1445 4104 1498 4150 et
1547 4110 1789 4150 ineorum

210 4169 549 4238 consortium
582 4166 888 4234 specialiter
917 4182 1007 4236 per
1035 4170 1282 4236 gratiam,
1332 4181 1432 4235 ego
1472 4167 1626 4238 vigilo
1649 4167 1716 4220 ad
1746 4176 1792 4219 te

212 4242 279 4293 de
310 4242 446 4302 luce,
493 4237 547 4293 id
592 4245 695 4304 est,
748 4239 954 4292 sedulo.
989 4238 1063 4290 De
1103 4239 1218 4293 luce
1263 4240 1407 4291 enim
1462 4237 1628 4306 prima
1675 4252 1793 4291 sur-

210 4318 374 4380 gunt,
402 4310 492 4379 qui
518 4307 693 4380 seduli
717 4316 843 4380 sunt
872 4308 924 4362 in
953 4309 1223 4378 operibus.
1257 4307 1353 4363 Vel
1383 4309 1537 4363 aliter
1565 4307 1787 4380 :_Vigilo

209 4377 434 4451 quidem
458 4379 525 4431 ad
554 4386 631 4451 te,
656 4387 710 4432 et
738 4379 839 4451 hoc
876 4377 1066 4433 nonex
1109 4396 1195 4435 me
1226 4388 1332 4445 est,
1360 4380 1452 4433 sed
1481 4381 1543 4432 de
1574 4377 1707 4451 luce,
1738 4377 1792 4431 id

206 4448 316 4515 est,
349 4451 417 4506 de
464 4458 555 4503 tua
582 4448 1001 4516 illuminatione,
1031 4458 1084 4504 ει
1112 4462 1195 4505 εει
1238 4452 1389 4519 quasi
1430 4451 1607 4503 dicat:
1640 4448 1789 4505 Sicut

206 4511 369 4577 multi
385 4530 505 4575 orto
519 4523 626 4588 jam
652 4522 768 4575 sole
786 4511 1060 4574 dormiunt
1079 4511 1451 4589 corporaliter,
1470 4532 1523 4573 et
1542 4521 1787 4574 nesciunt
1820 4511 1870 4572 Ι)

168 4637 173 4641 .
207 4592 407 4649 adesse
437 4592 628 4657 solem,
650 4591 771 4660 quia
802 4606 904 4645 non
935 4589 1297 4655 illuninantur
1317 4605 1347 4644 a
1376 4593 1511 4655 sole,
1536 4592 1605 4643 ita
1627 4590 1785 4645 etiam

206 4662 372 4719 multi
397 4661 611 4717 Christo
638 4676 766 4716 vero
813 4663 930 4716 sole
953 4661 1065 4731 jam
1114 4672 1254 4725 orto,
1287 4671 1341 4715 et
1371 4660 1565 4729 ubique
1596 4664 1787 4729 praedi-

204 4744 335 4791 cato
364 4733 539 4789 adhuc
570 4731 870 4798 dormiunt,
919 4747 1020 4786 nec
1068 4732 1243 4801 ipsum
1288 4732 1478 4785 adesse
1521 4732 1783 4800 sentiunt,

207 4805 339 4875 quia
369 4804 548 4859 lumen
570 4803 791 4858 interius
822 4802 1055 4875 nondum
1079 4813 1457 4873 perceperunt.
1488 4803 1599 4875 Ego
1633 4817 1785 4868 vero,

208 4873 246 4932 ὁ
261 4874 428 4940 Deus,
446 4874 602 4943 vigilo
624 4884 689 4927 aa
707 4882 754 4927 te
776 4874 839 4927 de
854 4877 984 4941 luce,
1004 4873 1056 4927 id
1076 4884 1181 4941 est,
1202 4875 1323 4943 quia
1347 4873 1568 4927 interius
1580 4878 1790 4943 percepi

209 4955 363 5003 tuam
412 4946 608 5000 lucem.
643 4945 707 4998 Et
750 4947 987 5000 ostendit
1016 4944 1283 5013 quomodo
1316 4944 1497 5013 vigilo,
1550 4947 1687 4998 sicut
1736 4958 1789 5002 et

209 5020 362 5087 prius
384 5016 569 5072 dicens
594 5034 608 5069 :
640 5014 812 5071 Sitivil
839 5018 891 5069 in
922 5025 968 5070 te
993 5017 1169 5069 anima
1197 5033 1326 5083 mea,
1355 5027 1408 5071 et
1436 5024 1647 5071 caitera.
1678 5016 1789 5073 Nec

208 5086 415 5157 aliquid
443 5094 674 5141 mutatur
702 5101 869 5155 usque
895 5088 1022 5142 dum
1048 5086 1180 5158 dicit
1220 5106 1233 5141 :
1266 5087 1355 5143 Sic
1382 5089 1435 5140 in
1474 5097 1649 5141 sancto
1690 5104 1789 5158 ap-

207 5156 365 5241 parui
389 5158 499 5239 tibi,
529 5159 683 5241 quod
701 5168 784 5241 est
811 5160 989 5241 dicere
1016 5174 1030 5211 :
1060 5156 1214 5213 Sitivi
1237 5159 1461 5240 quidem
1500 5158 1683 5241 ath‘e,
1725 5156 1789 5241 ἐι

209 5229 266 5284 in
300 5232 406 5283 lioc
439 5233 493 5282 in
541 5237 716 5281 sancta
746 5229 1015 5285 desiderio
1051 5244 1173 5284 meo
1202 5232 1274 5283 sic
1304 5234 1522 5299 apparui
1574 5230 1695 5297 tibi,
1736 5232 1787 5287 id

210 5310 318 5366 est,
352 5300 577 5365 innotui,
610 5307 668 5353 ut
693 5306 748 5353 et
778 5309 833 5354 tu
864 5300 1229 5355 innotesceres
1276 5301 1427 5365 mihi,
1464 5300 1691 5366 scilicet,
1732 5313 1789 5358 ut

209 5371 265 5426 in
328 5380 512 5425 sancto
540 5378 652 5437 tuo,
686 5369 740 5424 id
769 5381 851 5425 est
878 5370 1115 5435 Christo,
1143 5371 1385 5436 viderem,
1418 5370 1470 5425 id
1497 5378 1599 5437 est,
1633 5374 1790 5429 intel-

208 5441 434 5513 ligerem
463 5457 571 5496 non
600 5444 771 5513 solum
800 5441 1097 5513 hominem,
1132 5446 1226 5495 sed
1273 5452 1434 5496 etiam
1464 5444 1789 5513 luamrvirtu-

210 5523 335 5578 tem,
388 5514 440 5568 id
486 5521 572 5567 est
613 5512 1055 5581 omnipotentiam
1108 5513 1263 5567 Verbi
1318 5514 1414 5577 tui,
1465 5521 1511 5566 et
1566 5512 1789 5582 gloriant

213 5594 379 5649 tuam,
432 5584 483 5638 id
517 5592 601 5655 est
633 5585 981 5637 salvationem
1010 5584 1225 5639 humani
1256 5585 1497 5655 generis,
1532 5600 1624 5650 per
1666 5601 1785 5642 eum

212 5654 431 5726 iactam,
460 5654 578 5726 quae
607 5664 690 5707 εει
714 5656 881 5723 gloria
910 5664 1016 5717 tua,
1042 5657 1165 5723 quia
1195 5654 1415 5710 sicutde
1445 5655 1622 5723 impiis
1649 5658 1784 5726 pios,

212 5725 283 5779 de
308 5728 478 5779 servis
509 5725 727 5789 liberos,
762 5728 828 5779 de
857 5728 1122 5779 damnatis
1151 5726 1320 5781 fecisti
1352 5728 1407 5781 in
1436 5744 1655 5795 regnum
1696 5746 1785 5783 as-

214 5811 488 5867 sumptus;
513 5798 665 5851 multi
693 5799 837 5850 enim
872 5812 1054 5864 parum
1090 5810 1273 5867 putant
1314 5813 1433 5855 esse
1462 5800 1657 5855 Filium
1692 5803 1785 5862 Dei

580 5894 853 5959 Parnoc.
882 5894 1102 5957 XCIII.

1902 492 2031 555 gunt
2054 485 2357 555 hominem,
2388 498 2491 538 non
2532 484 2767 539 divinam
2809 485 3086 541 virtutem.
3119 486 3247 542 Item
3279 490 3365 545 ubi
3389 494 3445 548 di

1898 554 1970 609 eit
2001 573 2014 609 :
2044 554 2111 608 Et
2139 556 2191 608 iu
2217 557 2420 609 nomine
2442 563 2548 620 tuo,
2573 565 2625 610 et
2653 564 2865 619 caetera,
2897 556 3011 612 haec
3037 558 3235 612 tantilla
3259 573 3445 619 estmu

1899 627 2050 681 talio.
2082 626 2243 694 Quasi
2270 626 2513 683 diceret:
2544 626 2687 682 Sicut
2719 636 2773 679 tu
2818 626 3009 681 levasti
3043 643 3232 683 manus
3265 642 3380 687 tuas
3409 636 3450 695 il

1897 711 2076 765 cruce,
2127 698 2205 751 sic
2273 712 2370 767 ego
2420 698 2591 750 levabo
2619 713 2797 751 manus
2851 713 2995 767 meas
3026 698 3075 751 in
3126 701 3365 757 oratione
3412 716 3454 761 et

1897 782 2062 838 opere
2092 784 2190 839 pro
2219 766 2565 840 glorilieando
2594 770 2938 840 luo_nominc.
2970 766 3174 825 Rursus
3221 773 3362 840 quod
3412 774 3464 833 iu

1895 836 2056 911 versu
2085 836 2378 911 penultimo
2408 838 2605 893 dicitur
2630 854 2642 891 :
2667 836 2961 911 lntroibunt
2982 840 3034 893 in
3052 836 3300 911 inferiora
3325 854 3472 902 terra

1894 909 2099 977 dicens,
2133 912 2184 965 in
2217 910 2316 984 hac
2337 923 2546 984 qquue
2578 910 2846 984 lectione,
2877 909 3136 984 quantum
3171 913 3236 966 ad
3266 916 3474 984 cupidi-

1897 990 2085 1047 tatem,
2113 990 2169 1036 et
2197 982 2464 1035 tradentur
2492 982 2547 1035 in
2576 996 2754 1034 manus
2787 981 2984 1050 gladii;
3016 995 3121 1036 non
3153 984 3294 1051 quod
3319 981 3472 1042 exte-

1893 1052 2025 1119 rius,
2060 1053 2151 1107 sed
2182 1051 2407 1107 interius
2428 1051 2743 1124 occidantur
2768 1068 2782 1116 ;
2817 1062 2870 1106 et
2899 1052 2999 1107 hoc
3029 1051 3173 1119 ideo,
3206 1056 3331 1122 quia
3355 1075 3477 1124 par-

1894 1130 1966 1194 tes
1992 1124 2240 1191 vulpium,
2276 1124 2326 1177 id
2358 1134 2460 1186 est,
2493 1122 2679 1177 dolose
2710 1132 2934 1191 agentes
2976 1132 3147 1178 erunt.
3197 1124 3309 1180 Rea:
3334 1122 3475 1194 vero,

1895 1193 1947 1248 id
1980 1205 2083 1260 est,
2115 1194 2207 1250 ille
2230 1236 2244 1257 ,
2274 1194 2360 1262 qui
2395 1195 2463 1247 ita
2497 1208 2555 1247 se
2585 1201 2754 1262 reget,
2791 1202 2848 1246 ut
2880 1194 3074 1248 talibus
3106 1209 3210 1249 non
3261 1198 3472 1253 confore

1891 1273 2089 1331 metur,
2141 1266 2393 1319 lwtabitur
2436 1264 2489 1317 in
2534 1263 2642 1315 Deo
2678 1272 2892 1331 propter
2944 1264 3317 1322 liberationem
3346 1309 3361 1331 ,
3412 1278 3467 1324 et

1891 1337 2051 1391 etiam
2085 1352 2258 1389 omnes
2288 1334 2378 1403 qui
2398 1338 2607 1403 jurant,
2636 1348 2694 1388 se
2727 1336 2905 1388 vivere
2950 1336 3003 1388 in
3034 1351 3093 1389 eo
3124 1351 3271 1405 rege,
3298 1340 3348 1392 id
3392 1350 3475 1396 est

1890 1405 2193 1461 imitatores
2231 1406 2370 1475 ejus,
2404 1405 2727 1459 laetabuntur
2757 1413 2810 1459 et
2859 1405 3228 1474 laudabuntur,
3262 1417 3317 1463 et
3362 1425 3472 1467 non

1892 1477 2045 1547 pauci
2077 1485 2257 1541 erunt,
2281 1476 2375 1531 sed
2408 1476 2581 1540 multi,
2612 1477 2733 1542 quia
2756 1492 2812 1529 os
2844 1476 3160 1531 obstructum
3187 1488 3280 1533 est.

2358 1577 2423 1631 IN
2462 1576 2780 1631 PSALMUM
2824 1576 3008 1631 LXIII.

2326 1666 2383 1722 In
2418 1670 2574 1723 finem
2607 1667 2842 1738 psalmus
2867 1667 3053 1723 David.

2487 1776 2873 1816 ARGUMENTUI.

1960 1843 2036 1897 De
2065 1842 2240 1911 seipso
2282 1840 2449 1895 David
2478 1842 2672 1911 cecinit
2716 1855 2835 1894 cum
2866 1841 3040 1896 Saulis
3072 1849 3459 1911 persecutioni-

1894 1914 1995 1970 bus
2023 1908 2311 1969 laboraret.
2345 1912 2518 1968 Aliter
2547 1908 2653 1965 vo'x
2684 1921 2979 1982 martyrum
3012 1908 3231 1981 Cliristi,

2500 2018 2863 2059 EXPLANATIO.

1960 2099 2121 2153 Tituli
2135 2099 2284 2171 hujus
2308 2098 2455 2151 verba
2477 2096 2733 2171 Christum
2758 2099 3067 2171 signiﬁcant,
3088 2104 3177 2171 qui
3201 2120 3289 2170 per
3310 2112 3475 2160 totum

1890 2173 2145 2245 psalmum
2175 2169 2237 2245 de
2275 2186 2368 2222 sua
2394 2179 2468 2222 est
2496 2169 2731 2237 passione
2776 2170 3059 2245 locuturus.
3100 2169 3292 2245 Prima
3334 2178 3472 2245 posi-

1890 2238 2025 2297 tione
2056 2240 2305 2293 Dominus
2329 2249 2467 2302 ornt,
2500 2248 2605 2292 uta
2634 2239 2811 2307 populi
2838 2238 3048 2294 Iudaici
3076 2243 3261 2296 timore
3289 2238 3472 2300 libere-

1890 2322 1992 2377 tur,
2021 2314 2207 2365 docens
2239 2311 2356 2364 illos
2383 2309 2625 2379 defecisse
2652 2312 2705 2362 in
2756 2310 2989 2376 insidiis,
3017 2329 3069 2365 se
3098 2323 3262 2367 autent
3304 2332 3473 2371 resur.

1888 2384 2078 2439 rexisse
2104 2384 2170 2435 ad
2200 2382 2447 2453 gloriam.
2472 2379 2712 2453 secunda
2741 2383 2985 2453 servitium
3024 2384 3218 2438 deridet
3250 2384 3468 2442 Judwo-

1889 2471 2026 2517 rum,
2059 2452 2387 2523 quiamagis
2432 2452 2533 2519 ipsi
2584 2452 2868 2523 conturbati
2910 2463 3029 2507 sunt
3081 2454 3144 2507 de
3196 2457 3473 2515 sceleribus

1890 2528 2016 2587 suis,
2045 2522 2269 2593 quando,
2302 2532 2589 2593 resurgente
2637 2522 2859 2593 Domino
2880 2562 2895 2587 ,
2928 2525 3037 2591 ejus
3065 2533 3138 2579 est
3165 2532 3471 2583 annuntiala

1892 2591 2159 2669 fortitudo.
2195 2594 2342 2669 Tunc
2387 2593 2524 2648 enim
2567 2591 2749 2646 laetitia
2768 2596 3030 2665 justorum
3049 2634 3064 2659 ,
3097 2605 3144 2650 et
3171 2609 3322 2652 recta:
3348 2600 3472 2669 ﬁdei

1890 2668 2051 2721 virtus
2078 2667 2338 2737 apparuit.

2462 2749 2866 2791 COMMENTARIUS

1968 2828 2198 2893 Exaudi,
2232 2827 2390 2892 Deus,
2424 2828 2709 2897 orationem,
2737 2842 2919 2889 meum,
2948 2843 3062 2879 cum
3094 2827 3354 2897 deprecor.
3402 2832 3472 2890 In

1894 2900 2051 2968 ﬁnem
2082 2900 2179 2967 ipsi
2211 2897 2403 2962 David,
2440 2898 2539 2951 hoc
2564 2905 2667 2962 est,
2703 2896 2816 2950 hare
2846 2898 3007 2951 verba
3038 2896 3340 2956 referuntur
3364 2920 3470 2962 non

1895 2967 1962 3024 ad
1992 2971 2292 3036 historiam,
2323 2969 2417 3023 sed
2461 2967 2513 3021 in
2531 2968 2720 3041 linem,
2754 2968 3008 3041 attributa
3040 2969 3138 3037 ipsi
3172 2971 3358 3041 David,
3384 2979 3469 3033 vel

1894 3041 2076 3110 capiti,
2107 3042 2229 3115 quia
2260 3039 2667 3115 commendatur
2698 3038 2851 3115 nobis
2894 3038 2947 3092 in
2971 3038 3099 3115 _lioc
3131 3038 3353 3109 psalmo
3377 3062 3472 3115 per

1897 3109 2083 3167 vocem
2117 3109 2284 3180 ipsius
2330 3111 2540 3178 capitis,
2590 3110 2820 3164 maxime
2846 3109 3020 3176 pissio
3047 3109 3184 3180 ejus,
3215 3123 3269 3168 et
3307 3109 3469 3174 etiam

1895 3193 2211 3261 sanctorum
2250 3190 2564 3261 martyrum,
2616 3181 2705 3249 qui
2758 3193 3105 3261 nequaquam
3141 3182 3305 3261 fortes
3348 3203 3469 3244 esse

1895 3264 2133 3328 possent,
2164 3252 2265 3328 nisi
2312 3250 2571 3328 imitando
2600 3266 2746 3315 eum,
2782 3250 2843 3328 id
2890 3260 3004 3315 est,
3046 3251 3329 3328 Christum
3374 3262 3461 3328 qui

1894 3321 2039 3393 prior
2088 3323 2238 3397 fortis
2285 3323 2557 3397 apparuit,
2615 3330 2689 3397 et_
2717 3321 2859 3387 prior
2900 3336 3087 3397 passus
3126 3334 3228 3378 est.
3285 3321 3468 3397 Neq'ue

1894 3392 2019 3449 talia
2071 3395 2399 3467 sustinerent
2452 3392 2505 3445 in
2554 3392 2799 3467 passione
2847 3392 3023 3467 qualia
3073 3392 3188 3459 ipse
3219 3392 3464 3467 passus,

1894 3468 1994 3538 nisi
2060 3465 2184 3519 talia
2223 3471 2526 3538 sperarent_
2569 3462 2635 3538 in
2666 3463 3058 3515 resurrectione
3110 3462 3283 3531 qualia
3349 3462 3464 3538 ipse

1892 3536 2278 3591 demonstravit
2298 3535 2361 3606 in
2390 3548 2471 3606 se.
2500 3532 2792 3606 Audiamus
2824 3547 2950 3602 ergo
2993 3546 3179 3589 vocem
3211 3538 3328 3606 ejus
3370 3532 3471 3597 ho-

1893 3609 2177 3672 tissimam,
2219 3605 2343 3676 quia
2393 3603 2480 3657 hic
2515 3604 2677 3676 etiam
2724 3618 2826 3676 non
2875 3612 3100 3676 tantum;
3133 3603 3367 3676 loquitur
3400 3613 3469 3669 de

1892 3692 1982 3753 _se,_
2002 3678 2096 3732 sed
2122 3674 2282 3753 etiam
2308 3674 2377 3729 de
2418 3674 2673 3753 membris
2704 3674 2839 3753 suis:
2866 3674 2941 3753 .Et
2969 3674 3317 3753 cst_intentio
3347 3682 3466 3753 ejus

1892 3744 2071 3803 lllllOC
2101 3747 2305 3822 psalmo
2334 3746 2711 3822 commendare
2755 3744 2909 3800 nobis
2936 3746 3237 3814 passionem
3282 3744 3457 3822 suain,

1893 3827 1949 3874 ut
1976 3822 2026 3873 in
2053 3834 2118 3873 eo
2144 3818 2419 3872 videamus
2445 3826 2499 3871 et
2529 3817 2767 3870 laborem
2796 3826 3038 3872 nostrum
3070 3827 3124 3873 et
3158 3817 3465 3881 mercedem

1891 3900 2152 3945 nostram.
2202 3888 2463 3943 Laborem
2502 3887 2717 3955 quidem
2765 3888 2815 3941 in
2845 3890 3110 3955 passione,
3155 3894 3460 3951 mercedem

1892 3977 2020 4017 vero
2062 3962 2115 4014 in
2144 3959 2569 4024 resurrectione;
2602 3972 2699 4012 nec
2728 3958 2779 4011 in
2803 3957 2985 4013 labore
3015 3959 3350 4027 deliciamus,
3402 3976 3461 4021 ut

1892 4033 1959 4085 ad
1987 4031 2287 4105 mercedem
2316 4030 2707 4098 perveniamus.
2739 4028 2956 4105 Etdicit
2977 4030 3085 4105 ita_:
3119 4029 3256 4085 Deus
3278 4034 3456 4105 Pater,

1892 4102 2078 4157 exaudi
2102 4102 2383 4156 orationem
2407 4115 2572 4153 meam
2598 4113 2694 4167 pro
2722 4098 2853 4151 meis
2883 4112 2911 4149 a
2935 4114 3020 4155 me
3046 4098 3261 4166 factam,
3287 4113 3343 4158 ut
3366 4098 3465 4163 des

1892 4175 1970 4228 eis
2037 4173 2390 4227 constantiam
2420 4181 2474 4224 et
2507 4169 2955 4239 perseverantiam
3004 4170 3056 4223 in
3117 4172 3461 4233 tribulatione

1893 4259 2009 4297 cum
2041 4244 2303 4310 deprecor,
2336 4242 2386 4294 id
2424 4235 2526 4304 est,
2555 4235 2677 4308 quia
2705 4238 2859 4310 valde
2882 4254 2976 4308 pro
3000 4241 3077 4295 eis
3101 4256 3309 4310 precor.
3336 4247 3462 4303 llaec

1894 4316 2034 4367 enim
2066 4309 2162 4368 iuit
2187 4309 2810 4383 validissiniuprecatio,
2842 4312 3053 4377 quando
3094 4309 3327 4383 aeipsuin
3354 4318 3468 4375 Deo

1895 4384 2035 4439 I’atri
2064 4398 2159 4453 pro
2185 4384 2337 4437 nobis
2362 4379 2578 4445 obtulit,
2610 4381 2663 4433 in
2684 4395 2789 4449 quo
2812 4395 2937 4436 vere
2964 4379 3192 4439 mortem
3221 4399 3461 4445 nostram

1896 4455 2193 4519 excusavit,
2223 4463 2284 4524 et
2303 4453 2522 4524 vulnera
2555 4459 2735 4524 nostra
2768 4453 2999 4519 sanavit,
3027 4463 3085 4524 et
3112 4464 3168 4509 ut
3195 4472 3290 4524 pro
3312 4462 3467 4517 nobis

1895 4527 2237 4579 exaudiretur
2263 4523 2406 4597 fecit.
2442 4522 2507 4576 Et
2522 4525 2661 4597 quia
2702 4522 2987 4597 deprecor,
3020 4523 3142 4580 ideo
3188 4522 3327 4597 eripe
3355 4534 3467 4585 ani-

1896 4612 2033 4649 mam
2062 4612 2223 4650 meam
2254 4610 2283 4646 η
2311 4595 2489 4647 timore
2514 4594 2731 4647 inimici.
2758 4593 2870 4647 Nan
2898 4606 3047 4664 rogat
3075 4593 3304 4653 animam
3346 4618 3473 4657 suo-

1894 4682 2013 4720 rum
2038 4667 2175 4735 eripi
2202 4666 2270 4720 ab
2298 4664 2549 4729 inimicis,
2581 4680 2648 4718 ne
2672 4664 3007 4729 occidantur,
3038 4668 3159 4736 quia
3194 4672 3343 4726 multi
3373 4688 3471 4729 0c-

1895 4738 1991 4792 cisi
2020 4747 2166 4804 sunt,
2192 4736 2286 4791 sed
2318 4745 2470 4805 mgat
2499 4736 2632 4803 eripi
2668 4751 2706 4801 ,a
2739 4737 2929 4791 timore
2970 4737 3335 4808 inimicorum,
3364 4745 3471 4801 sei-

1895 4808 2040 4872 Iicet,
2071 4824 2174 4862 non
2199 4822 2291 4863 eos
2321 4824 2405 4873 qui
2428 4821 2610 4875 corpus
2642 4807 2899 4873 occidunt,
2925 4808 3149 4861 animam
3177 4807 3344 4865 autem
3365 4830 3470 4870 non

1896 4890 2109 4949 possunt
2135 4878 2382 4933 occidere.
2420 4877 2669 4931 Timeant
2712 4892 2777 4930 ne
2802 4878 2869 4930 ab
2888 4880 2967 4949 eis
2995 4879 3338 4949 devocentur,
3369 4888 3466 4941 sed

1894 4948 2072 5026 potius
2102 4951 2323 5026 timeant
2352 4964 2472 5002 eum
2522 4948 2613 5026 qui
2636 4956 2796 5016 potest
2837 4948 2895 5002 et'
2932 4950 3157 5026 (inimum
3198 4963 3468 5026 et_corpus

1896 5019 2092 5075 inittere
2130 5022 2184 5075 in
2214 5021 2519 5090 gehennam,
2566 5019 2751 5090 idest,
2795 5033 2893 5073 suo
2926 5020 3101 5075 timori
3140 5019 3460 5083 subdantur.
3484 5062 3497 5071 ι

1894 5091 2010 5147 Non
2045 5093 2151 5146 sint
2178 5089 2230 5160 ;a’
2254 5092 2445 5145 timore
2481 5089 2655 5156 liberi,
2686 5090 2778 5143 sed
2808 5105 2837 5143 a
2870 5090 3062 5146 timore
3102 5092 3301 5150 inimici
3346 5112 3467 5154 ere-

1897 5164 1993 5230 pti,
2027 5166 2149 5231 quia
2186 5163 2356 5216 sancti
2407 5172 2670 5231 martyres
2719 5160 3141 5218 exaudiebantur
3165 5175 3217 5219 et
3244 5169 3463 5225 oceide~

1894 5234 2107 5299 bantur,
2137 5244 2190 5288 et
2226 5242 2401 5287 tamen
2434 5234 2499 5285 ab
2529 5231 2757 5285 inimicis
2786 5234 3277 5303 exsuperabantur;
3300 5241 3467 5299 inulti

1894 5321 2024 5359 vero
2053 5310 2303 5359 timentes
2335 5303 2739 5357 consentiebant
2783 5311 2838 5356 et
2867 5302 3133 5368 vivebant,
3179 5316 3233 5360 et
3260 5302 3329 5363 ab
3366 5311 3464 5366 ini.

1894 5378 2052 5431 micis
2079 5373 2697 5451 absorbebantur._.\tulti
2717 5372 2952 5451 abs‘orrpti
2978 5384 3031 5427 et
3058 5376 3163 5451 vivi
3186 5379 3463 5451 absorpti;

1895 5451 2048 5502 multi
2097 5463 2223 5501 vero
2273 5446 2465 5499 mortui
2495 5442 2753 5511 absorpti.
2787 5446 2884 5512 Qui
2914 5450 3056 5500 enim
3103 5442 3462 5510 Christianam

1892 5521 2201 5594 religionem
2250 5518 2502 5594 putabant
2543 5529 2734 5594 vanam
2789 5531 2928 5594 esse,
2983 5523 3176 5594 mortui
3224 5522 3465 5594 absorpti

1891 5586 2046 5643 suni:
2076 5590 2165 5658 qui
2192 5586 2778 5661 VCI‘QJll‘IBtllcillollem
2802 5588 3073 5661 Evangelii
3102 5605 3283 5647 veram
3316 5586 3460 5661 esSe,

1893 5670 1947 5715 et
1975 5656 2245 5715 Christum
2300 5656 2490 5711 Filium
2548 5657 2641 5711 Dei
2687 5673 2807 5712 estne
2834 5660 3143 5725 credebant,
3182 5672 3237 5717 et
3289 5656 3465 5720 tamen

1893 5735 2165 5787 doloribus
2208 5730 2471 5784 cedebant
2516 5742 2569 5782 et
2619 5729 3020 5794 sacriﬁcabant,
3065 5733 3165 5786 vivi
3212 5736 3467 5790 absorbe-

1892 5804 2103 5861 bantur.
2155 5803 2232 5859 Itli
2263 5804 2387 5873 quia
2417 5800 2609 5856 mnrtni
2636 5801 2891 5872 absorpti,
2925 5803 3009 5856 isti
3062 5819 3188 5861 vero
3228 5805 3469 5880 absorpti

2956 5897 3035 5961 26
