3984 6362
509 319 622 381 815

979 315 1186 373 BEDE
1227 311 1679 372 VENERABILIS
1719 310 1869 369 OPP.
1912 311 2092 368 PARS

2229 308 2427 367 sacr.
2470 308 2535 364 ii.
2589 337 2660 350 -
2701 289 2905 365 sumi
2951 287 3346 364 E'r'srunia.

3693 315 3797 371 816

512 437 737 514 generis
786 432 1017 514 insimul.
1041 441 1262 487 currunt
1302 432 1568 514 permisti,
1617 432 1667 514 in
1710 430 1815 513 ﬁne
1845 446 1974 514 vero
2006 446 2105 514 Ise-
2134 433 2181 493 Α
2210 444 2351 514 nunc
2382 428 2442 511 iit
2472 426 2823 514 integre,
2874 426 3149 514 reddetiiq.
3191 406 3309 508 quia
3356 428 3802 514 perfecta-mnia

589 507 762 566 randi.
796 506 921 561 inde
947 506 1108 558 etiam
1150 520 1289 559 nunc
1318 504 1719 571 distinguuntur
1744 504 1889 557 cives
1930 503 2101 571 Baby-

541 583 701 645 oniae,
733 586 788 632 et
816 577 957 631 cives
986 573 1355 645 Jcrnsolymte.
1408 575 1511 645 llas
1540 575 1674 628 duas
1720 575 1962 645 civitates
2000 574 2106 645 duo

515 643 719 711 iaciunt
747 661 977 702 amores.
1018 643 1315 700 Jerusalem
1346 644 1486 711 quod
1519 646 1640 698 facit
1679 660 1830 699 ainor
1861 643 1975 710 Dei,
2008 644 2107 697 Ba-

515 725 768 795 bylonem
818 733 944 795 vero
993 732 1145 795 amor
1194 716 1398 795 mundi,
1441 716 1745 795 interroget
1776 731 1845 795 se
1884 716 2108 795 quisque

514 786 608 864 qui
632 800 794 864 amat,
827 798 881 843 et
911 790 1143 864 inveniet
1171 788 1326 864 unde,
1352 787 1484 842 civis
1515 789 1585 840 sit
1629 787 1740 864 Dei.
1775 788 1827 841 Si
1868 795 1948 864 est
1977 786 2107 864 civis

517 859 848 933 Babyloniae,
872 859 1130 933 exstirpet
1152 859 1522 933 cupiditatem,
1554 869 1607 913 et
1640 859 1842 933 plantet
1872 859 2107 912 charita-

515 929 659 999 teni';
689 933 732 988 si
764 945 891 986 vero
920 930 1051 985 civis
1078 939 1160 985 est
1186 929 1556 1000 Jerosnlyinie,
1594 931 1785 986 toleret
1821 933 2106 998 captivita-

520 1016 652 1068 tem,
679 1010 860 1070 speret
885 1000 1273 1072 liberationem.
1312 1001 1423 1057 Sub
1465 1003 1563 1056 hac
1595 1002 1760 1072 tigura
1791 1000 2109 1069 captivitatis

519 1087 575 1134 et
603 1070 934 1132 liberatioiiis
968 1073 1204 1140 psalmus
1235 1074 1335 1128 iste
1380 1070 1649 1137 cantatur,
1678 1074 1729 1126 in
1769 1074 1923 1141 cujus
1954 1073 2108 1127 titulo

520 1159 647 1205 sunt
674 1146 780 1201 duo
805 1144 857 1198 hi
890 1144 1164 1212 prophetae
1206 1142 1469 1199 Jereniias
1516 1152 1574 1199 ει
1616 1148 1863 1214 Aggazus,
1892 1153 1946 1198 et
1983 1159 2109 1197 can-

521 1227 640 1273 tant
667 1233 789 1272 cum
819 1214 1115 1280 inciperent
1144 1216 1316 1287 exire.
1350 1214 1564 1287 Incipit
1585 1214 1790 1287 aliquis
1821 1215 1889 1269 de
1940 1215 2109 1287 Baby-

517 1289 665 1344 lonia
695 1288 864 1351 exire,
896 1300 1019 1341 cum
1050 1285 1240 1353 incipit
1283 1300 1485 1339 amare.
1522 1284 1689 1340 Multi‘
1710 1284 1850 1340 enim
1885 1284 2110 1341 latenter

518 1369 739 1416 exeunt.
787 1356 976 1411 Exitur
1018 1367 1197 1410 autem
1247 1356 1372 1411 inde
1421 1370 1527 1410 non
1571 1356 1814 1425 pedibus,
1850 1357 1944 1412 sed
1982 1356 2110 1413 affe-

520 1431 814 1486 ctionibus.
845 1427 1033 1482 Exitur
1060 1427 1106 1481 si
1138 1427 1227 1496 qui
1263 1428 1411 1495 prius
1451 1427 1660 1499 confusi
1716 1437 1869 1483 erant
1898 1429 2106 1499 cupidi-

519 1509 631 1557 tate
677 1499 1074 1568 distinguantur
1128 1500 1412 1552 charitate.
1468 1498 1711 1553 Distincti
1784 1499 1923 1555 enim
1970 1498 2106 1554 non

523 1582 654 1627 sunt
679 1567 906 1641 confusi.
952 1567 1020 1641 Et
1049 1569 1289 1638 quamvis
1334 1568 1690 1641 corporaliter
1729 1575 1837 1624 sint
1868 1570 2109 1639 permisti

518 1651 716 1701 sancto
744 1640 1034 1705 desiderio,
1066 1649 1243 1694 tamen
1290 1651 1415 1695 sunt
1458 1640 1717 1695 distincti.
1770 1642 1837 1697 Et
1875 1642 1920 1695 si
1964 1642 2107 1695 enim

521 1724 743 1785 promer
772 1712 1108 1780 corporalem
1151 1712 1496 1785 prtesentiam
1548 1709 1784 1785 nondum
1811 1712 2106 1785 petierunt,

2214 510 2339 554 tunc
2365 501 2566 554 erimus
2595 498 2936 566 sacriﬁcium,
2962 497 3170 567 quando
3195 498 3328 567 ignis
3360 499 3799 570 ﬂagrantissima

2210 571 2488 625 charitatis
2518 586 2617 625 nos
2650 580 2788 624 totos
2819 571 3043 638 arripiet
3075 570 3126 621 in
3158 584 3310 623 usum
3335 585 3506 626 suum.

2284 641 2493 696 Exaudi
2524 642 2803 695 orationem
2831 657 3015 693 meam.
3066 640 3131 694 Et
3161 649 3214 692 ut
3242 656 3340 709 ego
3372 646 3590 697 veniam
3626 654 3684 698 et
3708 659 3802 701 vo-

2211 722 2321 767 tum
2355 713 2573 768 reddam
2600 756 2613 780 ,
2651 713 2789 775 ideo,
2843 711 2986 767 Dens
3012 754 3025 775 ,
3057 712 3246 765 exaudi
3279 715 3559 768 orationem
3589 732 3761 769 meam
3783 758 3799 783 ,

2210 784 2387 839 dando
2419 785 2548 840 mihi
2580 784 3036 854 perseverantiam
3086 793 3272 838 contra
3321 788 3570 840 carnales
3604 801 3801 843 concu-

2212 857 2503 923 piscentias
2549 870 2646 910 nos
2678 854 3078 921 distrahentes,
3132 865 3314 910 contra
3349 872 3478 923 quas
3523 871 3641 911 non
3674 873 3801 915 con-

2209 927 2493 982 sentiendo
2541 936 2846 991 certamus,
2896 925 3127 995 qiiandiu
3177 926 3228 979 in
3281 927 3380 981 hac
3420 929 3528 981 vita
3586 942 3796 987 sumus.

2211 998 2415 1053 Exaudi
2468 996 2628 1062 dico,
2702 1006 2762 1051 ut
2827 998 3078 1062 veniam,
3148 996 3227 1051 sic
3288 1007 3345 1050 ut
3412 1009 3604 1054 votum
3676 1001 3795 1056 red-

2209 1070 2357 1131 dam,
2388 1069 2507 1138 quia
2538 1068 2898 1123 necessarium
2928 1068 3142 1137 quidem
3174 1076 3253 1121 est
3286 1077 3342 1133 ut
3371 1071 3611 1125 veniam.
3662 1071 3789 1126 Nam

2211 1142 2375 1194 omnis
2402 1156 2522 1194 citro
2548 1140 2732 1193 veniet.
2763 1138 3009 1193 Christus
3037 1140 3176 1193 enim
3210 1139 3470 1207 primitias
3499 1143 3691 1196 carnis
3734 1142 3796 1198 de

2211 1222 2368 1267 utero
2398 1213 2628 1281 virginis
2658 1211 2975 1275 assumpsit,
3007 1218 3063 1266 et
3094 1209 3343 1277 primitiis
3373 1214 3678 1280 assumptis
3710 1229 3803 1269 ne-

2210 1297 2364 1338 cesse
2392 1291 2481 1354 est
2503 1292 2695 1354 caetera
2736 1290 3047 1354 sequantur.
3070 1350 3082 1354 _
3103 1282 3172 1354 Et
3204 1281 3324 1354 ideo
3351 1283 3548 1354 omnis,
3586 1285 3799 1354 generis

2209 1367 2366 1417 caro,
2411 1353 2655 1425 scilicet,
2686 1350 2849 1425 servi,
2882 1350 3107 1425 domini,
3142 1351 3307 1425 docti,
3349 1350 3801 1425 indoctifsenes,

2213 1425 2388 1494 pueri,
2419 1423 2638 1480 venient
2665 1424 2880 1491 quidem
2906 1422 2972 1494 ad
3000 1422 3282 1494 judicium,
3307 1424 3433 1491 quia
3469 1439 3670 1479 omnes
3697 1422 3800 1481 sta;

2212 1492 2389 1551 bimus
2418 1505 2543 1549 ante
2574 1494 2807 1548 tribunal
2833 1492 3069 1559 Christi,
3099 1493 3193 1547 sed
3225 1507 3329 1548 non
3361 1508 3553 1549 omnes
3588 1497 3801 1552 venient

2210 1567 2278 1621 ad
2311 1576 2384 1634 te,
2433 1566 2673 1629 scilicet,
2728 1573 2785 1618 ut
2817 1563 2915 1635 tibi
2945 1565 3387 1635 incorporentur,
3422 1566 3550 1634 quia
3593 1568 3798 1635 quidam

2213 1637 2438 1692 veniunt
2468 1635 2779 1691 damnandi.
2812 1634 2879 1689 Et
2908 1634 3028 1689 ideo
3050 1634 3241 1690 exaudi
3274 1650 3389 1698 me,
3424 1647 3481 1689 nt
3508 1634 3724 1691 veniam
3748 1649 3797 1693 et

2216 1720 2403 1763 votum
2436 1706 2677 1772 reddam,
2704 1705 2759 1760 id
2782 1713 2886 1771 est,
2917 1706 3128 1761 veniam
3170 1705 3480 1772 salvandus,
3513 1723 3629 1762 non
3660 1709 3799 1764 dsin-

521 1780 819 1840 secundum
864 1792 1044 1836 tamen
1084 1782 1278 1837 mentis
1317 1782 1565 1838 affectum
1594 1783 1705 1853 jam
1738 1783 1886 1856 exire
1922 1798 2101 1852 cmpe-
2142 1796 2189 1856 Β
2213 1780 2443 1856 naiidus.

522 1867 672 1912 runt.
707 1856 1001 1908 Audiamus
1031 1867 1161 1922 ergo
1198 1864 1252 1907 et
1297 1862 1596 1917 cantemus,
1641 1863 1694 1908 et
1738 1853 2109 1910 desideremus

522 1927 680 1996 cujus
707 1927 853 1979 cives
879 1937 1085 1977 sumus.
1117 1924 1429 1991 Audiamus,
1464 1925 1704 1997 inquam,
1738 1936 1790 1978 et
1830 1940 1947 1995 quas
1975 1942 2105 1997 gau-

522 1998 613 2052 dia
646 1997 799 2050 nobis
829 2003 1133 2065 cantantur,
1175 2005 1229 2050 et
1257 1996 1524 2065 quomodo
1553 1998 1603 2049 iii
1646 1996 1802 2050 nobis
1832 1996 1993 2050 amor
2014 2013 2109 2052 no-

520 2078 651 2123 strte
678 2064 909 2137 civitatis
949 2067 1292 2130 reformatur,
1328 2080 1483 2134 quam
1515 2065 1762 2120 diuturna
1797 2068 2108 2137 peregrina-

522 2140 672 2193 tione
711 2136 862 2193 obliti
894 2150 1099 2190 sumus.
1134 2138 1248 2190 Rex
1294 2138 1491 2190 etenim
1544 2147 1728 2191 noster
1754 2136 2109 2194 mittit’nobis

526 2223 711 2264 sacras
740 2209 1042 2275 Scripturas
1067 2206 1217 2275 quasi
1249 2208 1505 2276 quasdam
1528 2209 1809 2278 epistolas,
1838 2210 1888 2263 in
1914 2210 2108 2278 quibus

523 2280 846 2334 iniormetur
877 2280 928 2331 in
964 2278 1116 2331 nobis
1146 2292 1298 2333 amor
1336 2278 1612 2333 redeundi.
1647 2278 1904 2334 Hortatur
1930 2290 2107 2336 autem

519 2365 641 2416 nos,
674 2362 730 2405 ut
758 2350 967 2403 dicatur
1016 2346 1253 2404 breviter
1301 2348 1535 2417 psalmus
1581 2352 1702 2413 iste,
1761 2362 1817 2406 ut
1864 2354 2111 2407 attenda-

521 2436 643 2477 mus
676 2419 1121 2491 peregrinationis
1170 2420 1415 2491 miserias
1444 2431 1606 2489 atque
1638 2422 1899 2489 laborem,
1933 2431 1989 2477 et
2034 2424 2112 2479 sic

520 2490 738 2560 semper
769 2490 1120 2563 suspiremus
1169 2490 1237 2544 ad
1289 2492 1516 2560 patriam
1568 2494 1905 2561 plenariam,
1952 2504 2110 2563 atque

524 2559 728 2632 aeterna
760 2562 1013 2617 felicitate
1041 2559 1328 2616 fruentem.
1363 2559 1763 2618 Attendendum
1798 2580 1925 2619 vero
1965 2559 2107 2632 quod

520 2631 783 2690 leremias
813 2632 1061 2688 excelsus
1092 2634 1177 2686 vel
1224 2633 1361 2686 altus
1409 2634 1823 2702 interpretatur;
1866 2646 1921 2690 et
1966 2636 2108 2691 desi-

520 2713 752 2776 gnautur
783 2718 877 2771 per
907 2717 1030 2776 eum
1074 2702 1342 2769 homines,
1391 2704 1506 2759 hanc
1546 2706 1725 2759 intima
1765 2715 2113 2761 contemnen-

520 2773 627 2840 tes,
668 2778 907 2847 etpalta,
952 2773 1004 2847 id
1050 2784 1133 2847 est
1176 2776 1439 2847 coelesda,
1490 2788 1827 2845 appetentes.
1881 2778 2111 2847 Aggaens

521 2859 652 2920 vero
680 2843 939 2920 solemnis
966 2845 1080 2920 sive
1112 2846 1333 2899 festivus
1372 2843 1778 2920 interpretatur,
1810 2859 1862 2903 et
1906 2843 2111 2920 sig'niti-

519 2926 611 2972 cat
643 2915 888 2989 homines
910 2915 1074 2989 adeo
1120 2925 1427 2989 provectos.
1463 2915 1526 2970 ut"
1563 2918 1672 2987 jam
1725 2915 1980 2989 quietem'
2005 2934 2110 2974 non

520 2995 787 3057 quierant,
823 2984 925 3039 nisi
960 2996 1164 3057 tantum
1192 2987 1300 3040 illic
1333 2989 1419 3040 ubi
1452 2984 1644 3057 gaudia
1674 2984 1799 3043 sunt
1829 2991 1944 3044 sine
1984 2990 2108 3056 line,

521 3056 580 3113 et
605 3056 871 3131 festivitas
896 3064 985 3131 est
1014 3056 1130 3112 sine
1170 3058 1587 3131 intermissione.
1625 3061 1869 3115 Ezechiel
1899 3075 2112 3131 quoque

524 3130 795 3201 memoria
818 3126 1356 3201 Deiuinterprcliitur,
1386 3130 1527 3197 quod
1574 3130 1694 3185 ideo
1722 3126 1958 3186 additum
2003 3126 2107 3201 εει,

522 3201 649 3325 quia
673 3197 889 3280 quidam
914 3199 1032 3253 libri
1062 3214 1167 3279 non
1197 3200 1452 3270 Aggteum
1475 3201 1698 3268 habent,
1718 3203 1810 3257 sed
1839 3197 2106 3285 Ezechiel;

571 3271 734 3325 itulus
784 3284 862 3324 sic
908 3281 1195 3325 exnonitur
1247 3288 1259 3322 :
1311 3269 1437 3325 Hinc
1488 3273 1649 3325 verba
1702 3277 2005 3325 referuntur
2057 3292 2106 3325 in

560 3271 734 3327 'itulus
784 3270 862 3324 sic
908 3271 1195 3338 exponitur
1247 3269 1263 3322 ἑ
1311 3269 1437 3326 Haec
1488 3273 1649 3328 verba
1702 3277 2005 3329 referuntur
2057 3277 2109 3329 in

506 3341 708 3408 ﬁnem,
739 3356 859 3410 qua:
887 3351 1011 3395 sunt
1042 3342 1277 3410 psalmus
1308 3342 1500 3411 David,
1536 3345 1586 3397 id
1616 3352 1719 3410 est,
1761 3345 2024 3407 ﬁdelium,
2057 3357 2111 3401 et

520 3413 845 3487 determinat
874 3420 1115 3487 uterque,
1163 3420 1221 3466 et
1247 3414 1370 3487 quid
1405 3414 1475 3469 sit
1509 3415 1764 3487 psalmus,
1801 3428 1855 3471 et
1883 3433 2107 3487 quorum

519 3486 616 3551 sit,
653 3483 837 3538 dicetis
866 3484 987 3551 quia
1036 3492 1119 3538 est
1164 3482 1454 3551 canticum,
1507 3482 1558 3539 id
1603 3498 1704 3551 est,
1750 3482 2110 3543 'exsul'tativus

520 3555 756 3627 hymnus
782 3552 1027 3627 Jeremim
1056 3563 1119 3627 ει⁸
1158 3556 1357 3625 Aggmi,
1391 3556 1442 3609 id
1473 3567 1575 3622 est,
1621 3560 1834 3612 illorum
1881 3559 2111 3614 duorum

521 3624 783 3689 ﬁdelium,
812 3624 904 3693 qui
932 3640 1048 3699 per
1090 3624 1560 3699 duosproplietas
1606 3629 1997 3699 signiﬁcantur.
2049 3630 2113 3685 Et

520 3704 878 3770 estcantatus
902 3696 969 3770 de
997 3695 1165 3770 verbo,
1199 3696 1249 3749 id
1287 3708 1388 3761 est,
1419 3698 1487 3752 de
1526 3695 1830 3768 cognitione
1878 3703 2113 3770 peregri-

518 3767 789 3829 nationis;
826 3765 948 3833 qnia
995 3767 1139 3819 enim
1186 3780 1551 3835 cognoverunt
1594 3765 1767 3825 exsilii
1799 3765 2113 3826 amaritudi-

524 3852 677 3907 nem,
712 3836 903 3889 sitiunt
930 3835 996 3907 ad
1028 3839 1213 3907 patria:
1242 3840 1604 3905 dulcedinem,
1632 3852 1685 3893 et
1713 3844 1835 3896 ideo
1865 3852 2109 3907 cantant,

522 3906 877 3963 exhortantur
904 3906 1036 3959 alios
1066 3918 1122 3959 ut
1153 3906 1297 3960 idem
1324 3912 1601 3963 attendant
1625 3922 1679 3964 et
1710 3912 1849 3965 idem
1904 3906 2112 3967 sitiant.

520 3979 675 4034 'l'unc
692 3977 813 4031 dico
842 3985 1107 4051 cantatus,
1138 3979 1573 4051 cu‘mpinciperent
1603 3983 1860 4051 proﬁcisci
1892 3998 1995 4038 non
2038 3984 2110 4037 illi

517 4051 818 4123 prophetae,
834 4047 1219 4123 sedsigiiiiicati
1236 4049 1300 4103 ab
1313 4052 1409 4123 eis.
1428 4047 1615 4123 Statim
1632 4047 1772 4106 enim
1786 4069 1909 4107 cum
1924 4055 2115 4123 aliquis

519 4118 589 4176 de
621 4121 889 4191 Babylone
922 4122 999 4173 ire
1029 4118 1234 4189 incipit,
1271 4130 1322 4175 et
1350 4121 1684 4177 dulcedinem
1715 4127 1899 4192 patriae
1928 4118 2113 4192 sentit,

518 4193 794 4267 sicprare,
840 4192 916 4243 sic
944 4192 1188 4267 hyinnire
1213 4192 1261 4244 ei
1293 4195 1544 4267 convenit
1575 4208 1589 4246 :
1620 4194 1663 4245 0
1693 4192 1850 4261 Deus,
1889 4198 2114 4267 hymnus

518 4263 576 4338 iii
607 4262 894 4338 Babylone
904 4276 1013 4338 non
1030 4264 1197 4338 decet
1227 4271 1298 4327 te,
1329 4263 1380 4316 id
1410 4274 1512 4328 est,
1543 4280 1646 4318 non
1681 4262 1940 4321 decenter
1962 4271 2115 4338 hym-

519 4333 670 4389 nitur
703 4334 793 4385 tibi
821 4348 850 4384 a
880 4332 1206 4407 Babyloniis,
1237 4338 1357 4402 quia
1390 4352 1491 4388 non
1526 4344 1601 4389 est
1642 4339 1872 4407 speciosa
1902 4332 2017 4393 laus
2063 4345 2115 4393 in

519 4419 612 4461 ore
652 4404 956 4476 peccatoris,
1000 4404 1096 4457 sed
1138 4404 1358 4472 [ignitius
1408 4407 1547 4459 decet
1580 4418 1627 4461 te
1654 4404 1708 4461 in
1739 4410 1890 4473 Sion,
1924 4411 1973 4462 id
2008 4422 2110 4476 est,

520 4476 778 4531 decenter
808 4475 1083 4547 hyitinitur
1115 4475 1210 4528 tibi
1241 4478 1306 4528 ab
1339 4476 1420 4529 his
1465 4479 1561 4547 qui
1602 4492 1725 4533 sunt
1774 4482 1824 4533 in
1858 4480 2009 4545 Sion,
2061 4484 2111 4536 id

522 4547 730 4623 est,_iii
778 4545 1032 4623 praesenti
1081 4545 1584 4623 speculatiouefl'gt
1634 4552 1847 4606 tandem
1906 4554 2112 4623 integre

525 4617 771 4672 reddetur
800 4618 891 4691 tibi
915 4625 1094 4691 volunt
1114 4617 1182 4691 ab
1208 4617 1409 4691 eisdem
1440 4621 1496 4673 in
1524 4617 1833 4691 Jerusalem,
1866 4626 1990 4691 quia
2019 4617 2113 4691 qui

525 4702 671 4744 nunc
690 4689 929 4761 exsultat
947 4686 1115 4761 Jacob
1138 4689 1193 4761 in
1218 4690 1631 4761 proﬁciscendo,
1660 4686 1924 4747 laetabitur
1948 4686 2112 4750 Israel

522 4758 991 4835 inperveniendo.
1027 4758 1120 4835 γει
1147 4757 1194 4814 si
1234 4769 1412 4835 patres
1445 4757 2111 4835 isequa'mur,.utrunique,

518 4831 752 4898 scilicet,
784 4832 911 4885 Sion
943 4840 999 4884 et
1045 4830 1344 4887 Jerusalem
1390 4834 1458 4888 ad
1507 4830 1649 4889 idem
1698 4830 2037 4891 relereinus':
2069 4830 2114 4891 Ο

524 4901 689 4967 Deus,
718 4902 773 4956 in
818 4901 1091 4975 Babylone
1135 4916 1331 4975 organa
1382 4920 1642 4974 suspensa
1677 4906 1979 4975 habuimus,
2016 4923 2114 4964 nec

521 4975 622 5028 tibi
638 4973 1031 5046 _byninivimus,
1060 4973 1184 5041 quia
1218 4980 1449 5045 hymnus
1477 4973 1770 5046 Babylonis
1802 4973 1909 5032 non
1958 4980 2114 5033 decet

520 5055 599 5103 te.
633 5044 693 5118 lii
734 5046 861 5099 Sion
896 5059 1036 5118 vero
1075 5044 1477 5118 superemlesti,
1514 5044 1607 5102 ubi
1649 5062 1771 5102 vera
1821 5051 2113 5118 speculatio

523 5126 629 5190 est,
662 5116 918 5190 decenter
948 5116 1040 5171 tibi
1073 5116 1371 5190 hymnitur,
1401 5119 1523 5186 quia
1554 5118 1759 5173 nullum
1795 5116 1904 5174 illic
1933 5123 2110 5190 impe-

526 5187 848 5260 dimentum,
876 5189 926 5241 in
954 5202 1058 5256 qua
1090 5187 1340 5256 quiddam
1375 5204 1625 5260 magnum
1654 5190 1807 5244 nobis
1848 5187 2111 5260 promitti-

521 5270 636 5325 tur,
683 5258 912 5323 scilicet,
942 5264 1128 5313 tiuctor
1160 5258 1536 5326 pulcherrimae
1572 5259 1805 5316 civitatis
1848 5258 1991 5317 illius
2030 5266 2111 5319 vi-

524 5328 757 5384 dendus.
785 5330 845 5385 In
866 5343 970 5399 qua
992 5343 1207 5398 quOQue
1228 5332 1272 5383 si
1304 5344 1409 5384 non
1435 5344 1662 5398 corpore
1694 5346 1896 5399 sumus,
1932 5344 2110 5389 tamen

523 5410 706 5455 mente
734 5413 938 5467 sumus,
972 5404 1117 5470 quia,
1149 5408 1203 5455 ut
1234 5400 1307 5453 ait
1330 5403 1641 5469 Apostolus,
1675 5402 1869 5456 Nostra
1899 5420 2111 5458 conver-

523 5485 658 5525 ωηο
682 5472 738 5545 in
766 5473 903 5525 castis
932 5483 1027 5525 est.
1059 5472 1128 5525 Et
1155 5473 1201 5526 si
1231 5472 1319 5528 hic
1348 5487 1577 5545 corpore
1609 5472 1747 5530 inter
1787 5475 2112 5545 Babylonios

527 5544 882 5611 ambulamus,
933 5558 1038 5597 non
1087 5554 1264 5599 tamen
1312 5544 1608 5599 secundum
1657 5560 1870 5601 carnem
1902 5544 2109 5601 ’inilita-

525 5626 676 5677 mus;
707 5620 761 5688 ει
788 5618 927 5688 sicut
972 5613 1291 5688 illic_mente
1321 5630 1527 5683 sumus,
1558 5619 1630 5671 ita
1673 5619 1833 5673 etiam
1869 5617 1979 5672 illic
2000 5618 2112 5688 jam

522 5693 707 5752 mente
739 5686 1063 5754 hyiiinimus.
1086 5686 1140 5741 lii
1165 5690 1314 5753 Sion,
1344 5704 1584 5757 inquam,
1606 5690 1719 5755 tibi,
1742 5690 1899 5756 Deus,
1918 5686 2113 5743 deCctl-

522 5763 610 5810 ter
659 5760 951 5822 hvtnnitiir,
1001 5770 1053 5812 et
1099 5759 1152 5813 in
1198 5759 1520 5826 Jerusalem,
1573 5762 1626 5815 id
1679 5770 1777 5825 est,
1821 5762 1874 5815 in
1920 5762 2108 5817 eadem

516 5827 682 5907 Sion,
714 5831 800 5887 ubi
831 5831 1206 5909 perveniemus
1232 5832 1301 5887 ad
1332 5832 1613 5899 visionem,
1661 5844 1844 5891 votum
1886 5833 2108 5905 quidem

2139 3166 2188 3231 C

2298 1844 2812 1923 Verba_iniqu0i'um.
2868 1848 2994 1923 Ideo
3037 1861 3261 1923 necesse
3305 1859 3406 1923 est
3437 1859 3496 1904 ut
3524 1850 3796 1915 exnudias,

2213 1922 2337 1990 quia
2369 1921 2521 1974 verba
2550 1917 2840 1987 iniquorum
2863 1960 2881 1989 ,
2913 1917 2964 1972 id
2998 1928 3081 1973 est
3107 1961 3122 1985 ,
3156 1919 3573 1990 Babyloniorum
3610 1938 3792 1988 prmia-

2214 1993 2420 2046 lueruiit
2440 2007 2595 2062 super
2620 2008 2733 2057 nos,
2769 2005 2992 2045 necesse
3017 1998 3120 2055 est,
3151 2000 3207 2043 ut
3238 1992 3289 2044 in
3320 2006 3422 2061 qua
3455 1992 3680 2047 civitate
3707 1994 3796 2047 ali-

2213 2064 2334 2134 quis
2386 2063 2657 2127 nascitur,
2713 2062 2887 2116 discat
2912 2071 2988 2134 et,
3024 2062 3258 2134 linguam
3306 2072 3359 2134 et
3388 2077 3574 2118 mores
3614 2065 3794 2133 gentis;

2214 2132 2293 2189 sic
2322 2143 2378 2188 et
2422 2148 2520 2188 nos
2563 2134 2932 2202 conversando
2978 2133 3116 2184 inter
3160 2132 3486 2202 Babylonios
3518 2143 3575 2187 et
3620 2132 3789 2189 eorum

2213 2206 2531 2269 vanitatem,
2582 2204 2635 2258 id
2666 2215 2771 2271 est,
2807 2200 3019 2275 ierrena
3045 2200 3559 2275 amaredidicimus;
3597 2216 3649 2260 et
3679 2208 3793 2275 qui-

2214 2274 2338 2330 dam
2372 2279 2534 2331 etiam
2568 2290 2754 2330 eorum
2780 2273 3114 2329 mendacium
3139 2273 3439 2328 didicerunt
3461 2316 3476 2340 ,
3509 2276 3636 2345 quia
3664 2273 3795 2331 crea-

2216 2357 2387 2401 turam
2419 2348 2658 2403 Creatori
2682 2354 3123 2417 praeposuerunt.
3178 2346 3241 2417 Et
3270 2348 3341 2399 ita
3370 2347 3537 2400 verba
3572 2361 3752 2403 eorum
3772 2390 3789 2417 ,

2214 2418 2267 2472 id
2298 2430 2416 2483 est,
2468 2432 2630 2487 prava
2661 2416 2904 2470 doctrina
2938 2416 3357 2486 Babyloniorum
3392 2420 3677 2485 praevaluit
3703 2416 3788 2472 n04

2218 2490 2319 2554 bis,
2348 2491 2470 2558 quia
2501 2489 2896 2553 consensimus;
2940 2496 2992 2541 et
3022 2502 3184 2554 super
3212 2501 3309 2558 nos
3333 2526 3347 2552 ,
3403 2490 3533 2558 quia
3567 2491 3620 2544 in
3646 2489 3793 2558 pluri-

2216 2559 2339 2627 bus;
2366 2557 2420 2614 et
2451 2571 2626 2627 tamen
2654 2573 2758 2612 non
2791 2569 3197 2626 oppresserunt,
3228 2557 3346 2626 quia
3376 2557 3435 2611 tu
3457 2598 3475 2623 ,
3519 2557 3665 2614 Deus
3702 2561 3787 2614 Pa-

2216 2622 2336 2697 ter,
2376 2622 2753 2698 propitiaberis,
2807 2622 3014 2693 idest,
3069 2622 3623 2698 per’propitiatorem
3657 2640 3788 2685 tuum

2254 2702 2476 2771 ropitins
2506 2702 2615 2756 eris
2645 2700 2862 2767 peccatis
2892 2699 3077 2753 nostris
3099 2742 3113 2767 ,
3166 2701 3294 2770 quin
3322 2701 3485 2755 etiam
3518 2702 3788 2771 impietati-

2215 2716 2338 2826 gus.
2381 2774 2507 2826 Hzec
2532 2773 2695 2826 verba
2728 2772 2858 2825 satis
2888 2773 3180 2826 ostendunt
3218 2770 3285 2825 ad
3330 2786 3493 2826 quem
3544 2776 3788 2826 pertineat

2257 2787 2338 2827 us.
2381 2774 2507 2827 Hzec
2532 2773 2695 2826 verba
2728 2772 2858 2825 satis
2888 2773 3180 2826 ostendunt
3218 2770 3285 2825 ad
3330 2786 3493 2840 quem
3544 2770 3790 2840 pertineat

2216 2842 2333 2897 haec
2362 2842 2687 2913 propitiatio.
2722 2841 2909 2896 Solent
2940 2843 3083 2896 enim
3120 2842 3243 2896 talia
3272 2842 3377 2896 dici
3402 2843 3787 2913 sacerdotibus,

2216 2915 2337 2984 quia
2366 2912 2656 2969 sacriﬁciis
2703 2922 2758 2967 et
2798 2913 3131 2968 orationibus
3177 2914 3343 2967 Deum
3394 2912 3602 2969 iaciunt
3652 2914 3787 2969 nobis

2215 2986 2526 3054 pr0pitium,
2560 2985 2795 3051 scilicet,
2828 2999 2904 3046 :ut
2931 2985 3177 3038 invenias
3202 2999 3326 3039 eum
3358 2996 3785 3054 cognoscentem,

2216 3053 2272 3110 et
2298 3060 2507 3111 veniam
2538 3055 2773 3109 dantem.
2819 3053 2909 3111 Sic
2950 3066 3004 3109 et
3052 3056 3190 3110 Deus
3239 3057 3399 3111 l’ater
3428 3053 3580 3110 misit
3617 3055 3789 3110 Filium

2217 3140 2375 3181 suum
2408 3167 2423 3191 ,
2469 3127 2557 3195 qui
2592 3142 2686 3194 pro
2714 3126 2869 3181 nobis
2907 3126 3102 3197 obtulit
3128 3127 3269 3196 quod
3314 3141 3344 3180 a
3388 3127 3549 3181 nobis
3576 3124 3784 3197 accepit.

2218 3197 2338 3266 Ipse
2366 3197 2617 3253 sacerdos
2643 3208 2698 3251 et
2728 3198 2925 3264 hostia,
2974 3196 3090 3266 ipse
3121 3198 3334 3252 oblator
3361 3206 3419 3251 et
3463 3198 3667 3254 oblatio
3688 3238 3704 3265 ,
3746 3207 3791 3253 et

2217 3282 2314 3337 per
2344 3269 2486 3323 hunc
2520 3269 2922 3336 pr0pitiatorem
2947 3271 3112 3323 nostri
3143 3270 3447 3324 miseretur.

2289 3338 2477 3393 Beatus
2500 3354 2650 3406 quem
2677 3337 2893 3410 elegisti.
2920 3340 3333 3409 Propitiaberis,
3364 3342 3584 3409 inquam
3602 3382 3617 3406 ,
3650 3341 3791 3395 nobis

2214 3425 2310 3480 per
2337 3410 2742 3479 propitiatoretn
2778 3423 2956 3479 tuum,
2989 3413 3080 3480 qui
3111 3411 3316 3468 electus
3344 3426 3372 3464 a
3405 3410 3583 3467 Verbo
3611 3420 3719 3477 tuo,
3744 3421 3789 3467 et

2215 3491 2520 3550 assumptus
2570 3481 2875 3551 specialiter
2925 3491 3008 3537 est
3058 3482 3264 3537 beatus.
3320 3482 3387 3536 Et.
3430 3485 3609 3537 omnis
3641 3486 3788 3537 etiam

2214 3569 2363 3623 quem
2409 3564 2463 3606 tu
2495 3550 2691 3623 elegisti
2726 3554 2835 3621 jam
2864 3552 3218 3621 dispositione
3243 3595 3257 3619 ,
3311 3567 3406 3621 per
3435 3554 3592 3608 illum
3621 3564 3669 3607 et
3710 3570 3787 3607 as-

2214 3623 2574 3695 sumpsistiad
2604 3624 3050 3692 iiicorporanduin
3076 3664 3093 3690 ,
3131 3634 3216 3678 est
3245 3627 3433 3679 beatus
3456 3667 3470 3691 ,
3508 3629 3634 3695 quia
3665 3625 3791 3677 babi-

2216 3696 2342 3748 tabit
2373 3694 2588 3748 tandem
2617 3735 2632 3759 ,
2685 3695 2736 3748 id
2767 3704 2852 3749 est
2880 3734 2894 3760 ,
2944 3697 3245 3750 niansorius
3274 3696 3377 3749 erit
3405 3696 3459 3748 in
3502 3694 3651 3749 atriis
3701 3696 3792 3749 suis

2216 3766 2705 3837 supercmlestihus.
2741 3767 2889 3819 Atria
2920 3766 3061 3820 enim
3090 3768 3379 3837 aliquando
3411 3781 3512 3835 pro
3555 3767 3789 3836 przeseuti

2219 3836 2457 3892 ECclesia
2505 3836 2872 3907 accipiuntur,
2928 3836 3215 3907 aliquando
3270 3838 3432 3893 etiam
3486 3843 3621 3891 atria
3676 3838 3785 3905 quia

2217 3910 2394 3962 solent
2436 3905 2615 3961 ornari
2651 3922 2748 3976 pro
2774 3907 2979 3962 caelesti
3013 3905 3342 3963 habitatione
3370 3948 3384 3974 ,
3418 3922 3543 3978 qua:
3572 3910 3788 3963 ornatis-

2216 3978 2352 4035 sima
2379 3988 2482 4043 est,
2514 3986 2573 4031 ut
2605 3978 2691 4031 hic
2718 3988 3006 4047 ponuntur.

2290 4050 2618 4114 Reptebimur
2647 4052 2699 4102 in
2724 4050 2886 4105 bonis.
2945 4050 3107 4118 Quasi
3137 4051 3280 4106 dicat
3310 4068 3323 4103 :
3358 4049 3580 4105 interim
3619 4059 3785 4104 autem

2217 4122 2383 4191 quid?
2415 4120 2648 4185 Scilicet,
2682 4124 3059 4190 reptebimuriu
3092 4122 3236 4177 bonis
3262 4123 3446 4176 domus
3477 4132 3605 4187 tute,
3644 4122 3791 4176 debe.

2218 4204 2300 4247 ret
2330 4192 2543 4263 dicere;
2594 4193 2687 4245 sed
2720 4196 2839 4257 quia
2888 4194 2976 4247 ille
3026 4209 3159 4249 unus
3191 4194 3258 4249 de
3305 4208 3411 4263 quo
3444 4194 3679 4262 loquitur
3716 4202 3789 4246 est

2219 4263 2403 4326 multi,
2437 4262 2736 4334 interquos
2769 4264 2883 4331 ipse
2910 4273 2993 4318 est
3015 4305 3031 4330 ,
3082 4266 3205 4320 ideo
3235 4262 3366 4320 dicit
3395 4264 3721 4334 lieplebimitr
3742 4268 3787 4314 in

2219 4336 2399 4399 bonis,
2441 4347 2545 4385 non
2578 4333 2902 4403 Babylonia},
2935 4352 3054 4404 qua:
3085 4348 3213 4391 sunt.
3234 4352 3450 4400 aurum,
3484 4346 3789 4406 argentum,

2218 4420 2447 4474 gemina:
2480 4411 2536 4457 et
2580 4414 2771 4459 caetera
2812 4407 3131 4475 pertinentia
3165 4409 3232 4462 ad
3263 4405 3593 4471 vanitatem,
3628 4405 3721 4460 sed
3748 4408 3793 4456 iit

2222 4480 2364 4529 bonis
2396 4476 2574 4527 domus
2604 4482 2721 4528 tum.
2759 4478 2980 4531 Domum
3010 4489 3063 4532 et
3093 4481 3349 4548 templum
3377 4479 3574 4547 accipit
3605 4476 3690 4530 hic
3720 4478 3793 4529 vel

2143 4534 2195 4594 Ι)
2217 4556 2661 4619 supercmtestein
2694 4548 3076 4603 habitationem
3100 4592 3113 4615 ,
3155 4534 3313 4619 quam
3346 4560 3400 4605 et
3428 4534 3626 4604 atrium
3648 4562 3796 4619 voca.

2215 4620 2308 4688 vit,
2346 4617 2500 4686 cujus
2530 4619 2668 4689 bona
2693 4628 2855 4687 sunt,
2909 4636 3022 4689 qua:
3052 4638 3140 4675 nec
3164 4617 3341 4675 oculus
3362 4622 3509 4684 vidit,
3544 4636 3636 4673 nec
3658 4618 3791 4671 auris

2214 4690 2447 4754 audivit,
2490 4688 2575 4742 vel
2626 4690 2788 4744 etiam
2836 4688 3053 4746 domum
3089 4703 3241 4747 vocat
3282 4693 3349 4747 ad
3392 4691 3790 4747 similitudinem

2216 4761 2489 4816 hominem
2542 4760 2891 4817 dominicum.
2943 4762 3084 4817 Deus
3125 4767 3268 4819 enim
3320 4774 3439 4819 erat
3484 4765 3540 4819 in
3586 4761 3792 4815 Christo

2217 4833 2475 4906 mundum
2509 4830 2611 4883 sibi
2645 4834 3018 4906 reconcilians.
3046 4836 3112 4890 Et
3138 4837 3357 4906 exponit
3377 4851 3499 4905 qua:
3531 4833 3641 4888 sint
3663 4832 3790 4886 bona

2215 4904 2359 4959 illius
2381 4904 2595 4966 domus,
2625 4903 2851 4978 scilicet,
2880 4908 3137 4961 sanctitas
3166 4903 3222 4961 et
3245 4903 3649 4978 mquitastquia
3678 4913 3794 4956 teat-

2217 4980 2359 5046 ptum
2386 4971 2639 5046 tuum_v_el
2663 4987 2954 5043 supernum
2982 4971 3361 5045 habitaculum,
3387 4971 3633 5033 vel’illud
3666 4984 3796 5028 tein-

2216 5043 2384 5118 plum,
2407 5043 2549 5121 quod
2571 5044 2636 5096 de
2653 5058 2713 5099 se
2736 5047 2870 5101 dixit
2890 5066 2904 5103 :
2922 5048 3120 5121 Soluite
3143 5043 3386 5121 templum
3409 5050 3527 5109 hoc,
3558 5053 3690 5121 εις..
3719 5053 3797 5098 εει

2215 5113 2469 5193 sanctum,
2490 5113 2540 5167 id
2564 5123 2666 5193 est,
2694 5122 2977 5176 sanctitate
2998 5113 3316 5193 plenum,'et
3337 5132 3428 5193 est
3442 5116 3676 5193 iiiirabite
3696 5130 3794 5170 non

2216 5192 2268 5246 in
2292 5200 2445 5250 auro,
2471 5198 2576 5239 non
2606 5189 2657 5239 in
2688 5200 2912 5258 argento
2940 5189 3317 5257 et'similibus,
3338 5191 3435 5248 sed
3461 5193 3515 5245 in
3538 5189 3797 5258 (equitate;

2216 5270 2273 5335 et
2304 5259 2537 5335 pertinet
2539 5261 2818 5335 “sanctitas
2847 5265 2914 5317 ad
2938 5263 3278 5333 religionem,
3305 5263 3532 5335 aequitas
3560 5274 3689 5315 vero
3733 5262 3795 5335 ad

2210 5326 2493 5404 justitiam.
2529 5326 2737 5404 Exaudi
2759 5348 2875 5397 nos,
2922 5326 3072 5404 quasi
3099 5326 3285 5390 dicat:
3318 5326 3385 5390 Εἰ
3403 5344 3490 5390 εει
3517 5333 3795 5390 conversio

2215 5398 2281 5479 ad
2312 5400 2606 5479 Christum:
2637 5398 2701 5455 Et
2720 5412 2779 5457 ut
2799 5398 3122 5479 repleamur,
3146 5406 3377 5479 ideotu,
3406 5404 3569 5467 Deus,
3602 5404 3793 5479 salute-

2214 5476 2287 5528 ris
2317 5468 2608 5552 noster,_'id
2638 5481 2752 5539 est,
2803 5468 2893 5552 qui
2932 5468 3159 5552 teipsuin
3186 5468 3383 5532 dedisti
3411 5486 3479 5552 ιιιΔ
3498 5488 3598 5533 nos
3612 5475 3802 5552 salva-

2216 5561 2325 5612 res,
2360 5543 2555 5617 exaudi
2587 5555 2708 5611 nos,
2736 5543 2978 5617 tu,vdico,
3002 5543 3093 5617 qui
3115 5564 3173 5603 es
3199 5564 3313 5617 spes
3340 5549 3572 5603 omnium
3597 5545 3799 5617 ﬁnium,

2214 5619 2268 5673 id
2301 5628 2411 5682 est,
2465 5615 2521 5669 in
2550 5625 2657 5682 quo
2686 5632 2781 5685 per
2810 5614 2972 5673 ﬁdem
3017 5614 3239 5686 sperant
3284 5621 3438 5688 positi
3470 5620 3522 5673 in
3553 5614 3801 5688 omnibus

2219 5688 2421 5764 finibus
2448 5696 2653 5764 terrm,
2688 5697 2741 5764 ει
2775 5691 2819 5742 si
2846 5704 2953 5764 iion
2985 5691 3180 5764 ubique
3210 5687 3429 5755 omnes,
3480 5702 3527 5744 et
3564 5687 3723 5764 positi
3753 5687 3804 5737 in

2218 5761 2375 5828 mari,
2409 5759 2460 5814 id
2486 5768 2588 5825 est,
2621 5759 2673 5810 iii
2719 5760 2909 5814 insulis
2939 5759 3107 5816 maris
3126 5759 3599 5831 quantumcunque
3636 5761 3803 5829 longe.

2219 5831 2319 5894 Vel
2345 5832 2501 5888 aliter
2530 5849 2543 5887 :
2574 5834 2647 5890 Es
2692 5848 2808 5904 spes
2852 5833 3077 5889 omnium
3131 5834 3314 5905 ﬁnium
3366 5844 3549 5903 teme,
3584 5832 3636 5890 id
3683 5840 3800 5903 est,
