3984 6362
257 310 363 371 817

975 308 1039 365 ΙΝ
1078 310 1503 369 PSALMORUM
1543 312 1800 371 LIBRUM
1838 314 2188 400 EXECESIS.
2229 347 2298 360 —
2339 318 2585 375 PSALM.
2627 318 2809 378 LXIV.

3381 326 3488 385 818

247 423 490 508 omnium
517 422 729 508 illorum
751 421 1004 508 maxime,
1026 424 1115 506 qui
1139 438 1199 479 se
1221 424 1460 508 fecerunt
1481 424 1615 507 lines
1640 433 1819 508 terrai,
1851 429 1899 489 Α
1927 440 2137 508 terram,
2178 432 2240 508 id
2256 444 2359 508 est,
2389 433 2613 502 gentiles
2642 442 2798 508 terrae
2826 436 3167 508 inhaerentes;
3197 450 3249 496 et
3271 441 3490 501 inebria-

246 505 303 552 et
333 496 494 551 etiam
522 492 731 549 illorum
762 493 851 566 qui
876 497 1078 566 suntin
1105 497 1270 561 mari,
1300 495 1351 549 id
1377 504 1492 562 est,
1531 496 1616 566 qui
1646 492 1821 551 adhuc

247 567 460 621 hierent
488 566 715 635 mundo,
765 565 853 635 qui
900 565 1243 634 designantur
1282 581 1376 634 per
1402 565 1572 633 mare,
1621 576 1676 621 et
1702 567 1825 621 ideo

246 646 382 693 sunt
409 636 577 706 longe.
610 634 819 690 Nullum
860 636 1003 706 enim
1051 644 1155 689 tam
1202 649 1511 705 perversum
1542 650 1707 706 genus
1742 642 1825 692 est

242 705 537 769 malorum,
582 706 651 762 de
677 720 782 776 quo
824 705 984 775 aliqui
1033 720 1137 761 non
1181 705 1575 771 convertantur,
1605 714 1660 762 et
1705 721 1825 763 creo

244 779 443 833 dentes
473 786 711 845 sperent.

318 847 634 917 Prieparans
662 855 872 918 montes.
906 846 1067 912 Quasi
1096 846 1236 902 dicat
1267 864 1279 901 :
1312 847 1413 903 Per
1440 847 1583 918 quod
1611 861 1669 903 es
1699 862 1823 917 spes

240 916 488 975 omnium
518 917 764 973 illorum?
812 916 914 988 Per
946 919 1077 982 hoc,
1126 918 1356 983 scilicet,
1392 916 1515 988 quia
1550 916 1821 987 prteparas

241 999 480 1053 montes,
530 990 581 1043 id
612 997 714 1055 est,
763 987 887 1057 quia
914 1002 1071 1056 paras
1098 988 1355 1056 quosdam
1382 987 1609 1050 montes,
1658 1002 1822 1057 quos-

240 1061 373 1114 dam
426 1074 531 1126 prm
563 1060 682 1113 aliis
714 1058 1000 1112 montibus.
1052 1058 1256 1113 Montes
1306 1067 1431 1113 sunt
1475 1059 1732 1114 sublimes
1764 1061 1820 1115 in

240 1131 498 1195 terrenis,
530 1144 664 1199 quos
693 1129 947 1183 Dominus
979 1136 1127 1197 parat
1154 1129 1359 1183 duabus
1381 1129 1448 1183 de
1472 1130 1666 1194 causis,
1720 1131 1824 1184 sci-

241 1202 412 1265 licet,
464 1210 521 1254 ut
566 1215 661 1267 per
686 1215 810 1265 eos,
855 1199 939 1253 vel
974 1199 1095 1253 boni
1139 1208 1517 1263 exerceantur,
1550 1200 1633 1254 vel
1663 1207 1723 1253 ut
1751 1199 1820 1255 ab

238 1274 325 1326 eis
373 1281 756 1327 sustententur.
814 1267 931 1323 Prae
962 1269 1043 1323 his
1088 1269 1359 1324 montibus
1410 1274 1614 1337 paravit
1655 1273 1817 1325 etiam

237 1345 506 1409 quosdam
534 1340 802 1410 digniores
827 1347 1058 1405 montes,
1115 1340 1265 1406 illos,
1295 1339 1518 1405 scilicet,
1572 1355 1704 1409 quos
1734 1340 1817 1395 sol

236 1415 427 1468 oriens
476 1413 623 1479 prius
647 1411 967 1479 illustravit,
1013 1420 1068 1465 et
1096 1424 1190 1478 per
1216 1424 1308 1463 eos
1338 1410 1387 1463 in
1427 1410 1697 1465 convalles
1728 1425 1815 1466 re-

235 1482 381 1537 luxit
404 1524 420 1547 ,
475 1482 524 1536 id
554 1491 675 1549 est,
706 1481 992 1547 apostolos,
1024 1495 1117 1548 per
1143 1482 1242 1534 hoc
1267 1479 1462 1534 factum
1493 1490 1594 1545 est,
1624 1490 1678 1533 ut
1702 1494 1817 1535 om-

235 1569 344 1609 nes
375 1556 506 1608 lines
537 1562 690 1607 terra:
718 1551 770 1606 in
796 1566 860 1604 eo
905 1560 1203 1618 sperarent.
1261 1552 1324 1605 Et
1362 1552 1483 1605 inde
1509 1552 1635 1605 dicit
1680 1566 1818 1617 pra:-

236 1636 435 1693 pa‘rans
473 1634 661 1676 montes
692 1623 746 1675 in
770 1622 952 1675 virtute
991 1630 1107 1693 tua,
1141 1636 1243 1675 non
1273 1622 1325 1693 in
1356 1620 1809 1693 suainlirmitate.

240 1691 324 1749 Ex
360 1707 407 1748 te
428 1696 570 1749 enim
598 1693 778 1757 fortes,
812 1707 877 1747 ex
906 1706 964 1746 se
988 1691 1208 1757 debiles,
1242 1691 1309 1745 ad
1339 1692 1478 1760 quod
1511 1692 1811 1746 faciendum

238 1774 437 1835 potens
465 1763 635 1835 luisti,
666 1765 783 1832 quia
813 1764 1067 1835 accinctus
1093 1776 1150 1816 es
1170 1764 1418 1835 potentia.
1446 1763 1595 1835 Alius
1622 1771 1701 1815 est
1722 1764 1812 1830 qui

234 1832 493 1904 cingitur,
526 1834 661 1887 alius
697 1848 728 1887 a
755 1848 860 1902 quo
889 1834 1137 1901 cingitur.
1165 1903 1170 1904 γ
1199 1832 1274 1904 ita
1303 1841 1358 1888 et
1407 1832 1504 1904 hic
1524 1834 1682 1886 homo
1713 1847 1807 1886 ac-

233 1902 493 1974 cingitur,
524 1913 578 1959 et
603 1920 633 1958 a
663 1906 897 1971 putentia
923 1904 1119 1974 divina,
1162 1903 1214 1956 id
1261 1912 1363 1966 est,
1389 1918 1439 1974 7a
1466 1902 1664 1974 Verbo!
1685 1918 1807 1970 per-

237 1972 504 2031 sonaliter
527 1975 626 2029 sibi
668 1975 852 2041 juncto
874 1973 1207 2043 accingitur;
1242 1981 1317 2037 tu,
1371 1973 1530 2039 dico,
1579 1972 1667 2041 qui
1717 1988 1811 2037 per

235 2046 344 2101 hos
368 2056 575 2101 montes
603 2044 872 2099 conturbas
896 2042 1207 2112 profundum
1238 2044 1394 2098 maris
1415 2084 1433 2113 ,
1460 2044 1511 2098 id
1539 2055 1641 2106 est,
1672 2042 1810 2100 adeo

234 2116 497 2187 graviter,
531 2114 675 2184 quod
707 2118 866 2169 etiam
890 2116 957 2169 ab
998 2118 1113 2183 ipso
1144 2114 1304 2168 fundo
1335 2128 1672 2187 commoveas
1696 2129 1809 2187 ma-

234 2185 323 2242 re.
402 2187 547 2242 Mare
606 2194 761 2240 vocat
820 2198 1059 2240 terrenos
1108 2193 1161 2239 et
1212 2187 1499 2240 Saeculares
1566 2185 1812 2240 homines

236 2272 461 2313 amaros
510 2258 790 2320 vanitate,
861 2255 1199 2310 turbulentos
1261 2256 1551 2324 procellis,
1635 2257 1813 2323 pravis

232 2336 296 2383 et
340 2330 603 2398 perversis
639 2326 1015 2398 cupiditatibus
1055 2340 1115 2379 se
1144 2326 1379 2381 invicem
1406 2337 1463 2380 ut
1502 2326 1675 2394 pisces
1714 2326 1811 2398 de-

233 2396 532 2462 vorantes;
588 2396 903 2466 profundum
949 2410 1077 2450 vero
1100 2405 1180 2451 est
1225 2412 1317 2451 cor
1343 2412 1551 2463 eorum,
1582 2406 1633 2449 et
1660 2396 1812 2463 quid-

234 2471 373 2538 quid
421 2470 487 2524 ab
534 2468 721 2524 intimo
758 2468 1134 2531 conturbatur,
1176 2470 1404 2538 gravius
1442 2470 1812 2538 conturbatur.

233 2536 333 2597 Sic
364 2550 417 2595 et
445 2542 698 2594 Dominus
725 2539 1152 2607 prmeonantibus
1181 2536 1814 2605 apostolis'conturbavit

234 2621 486 2665 terrenos
516 2611 585 2666 de
611 2612 880 2679 gentibus,
914 2612 1047 2662 adeo
1076 2616 1132 2661 ut
1152 2622 1245 2662 cor
1272 2623 1457 2663 eorum
1492 2623 1522 2663 a
1552 2622 1658 2677 quo
1689 2623 1813 2677 pro-

230 2683 407 2737 cessit
431 2684 603 2735 omnis
652 2683 947 2747 persecutio
976 2680 1063 2732 illa
1084 2719 1099 2743 ,
1139 2692 1297 2748 quam
1325 2679 1505 2749 lingua
1535 2680 1618 2733 vel
1650 2693 1811 2733 manu

231 2762 597 2807 exercuerunt
620 2753 670 2805 in
704 2760 939 2815 sanctos,
970 2752 1041 2803 ita
1066 2748 1813 2817 concuteret,exinaniretur,

231 2838 350 2893 quo
382 2824 595 2891 plenum
627 2830 778 2888 erat,
829 2821 880 2875 id
907 2830 1008 2884 est,
1062 2819 1377 2893 iniquitate,
1426 2829 1479 2893 et
1504 2819 1817 2893 impleretur

275 2908 349 2947 uo
376 2890 599 2947 vacuum
628 2902 763 2959 erat,
805 2893 852 2944 id
885 2902 967 2946 est
989 2930 1005 2955 ,
1038 2891 1306 2959 aequitate.
1344 2892 1409 2945 Et
1437 2892 1538 2945 ltoc
1564 2899 1646 2945 est
1674 2890 1815 2958 quod

275 2908 349 2947 uo
376 2908 599 2947 vacuum
628 2908 763 2959 erat,
805 2908 852 2944 tu
885 2908 967 2946 εει
989 2930 1005 2955 ,
1038 2908 1306 2959 aequitate.
1344 2908 1409 2945 bl.
1437 2908 1538 2945 uoc
1564 2908 1646 2945 εει
1674 2908 1815 2958 quou

228 2908 371 3018 dicit
398 2980 413 3019 :
442 2964 542 3029 Qui
564 2964 835 3017 conturbas
866 2960 1180 3031 profundum
1211 2962 1386 3027 maris,
1411 2970 1464 3017 et
1494 2960 1817 3031 conturbari:

232 3034 308 3089 do
343 3034 469 3089 illud
496 3075 513 3101 ,
561 3033 928 3088 conturbando
957 3030 1119 3086 etiam
1160 3032 1384 3086 sonitum
1429 3035 1710 3102 ﬂuctuum,
1765 3030 1816 3086 id

231 3115 345 3170 est,
379 3114 630 3159 sonantes
658 3104 848 3157 lluctus
886 3106 997 3172 eius
1029 3102 1191 3157 maris
1217 3143 1233 3167 ,
1294 3102 1395 3157 hoc
1423 3101 1505 3157 est
1532 3101 1665 3157 facts
1699 3114 1817 3156 ees-

231 3152 599 3230 sii‘e'v'alidas'
672 3184 723 3229 et
784 3152 1047 3228 mindntes
1088 3152 1273 3228 eorum
1339 3152 1890 3228 contradictiones.c

233 3247 521 3311 Quomodo
553 3250 653 3300 hoc
698 3243 873 3298 facis?
927 3259 1021 3313 per
1052 3244 1156 3298 hoc
1201 3243 1449 3309 scilicet,
1496 3244 1616 3313 quia
1647 3252 1819 3313 gentes

240 3315 987 3387 praeconantibusgapostolis
1016 3313 1356 3387 turbabuntur
1387 3315 1535 3384 prius
1568 3328 1818 3387 perpac-

233 3383 484 3442 éatorum
531 3385 911 3441 conscientiam
935 3424 953 3452 ,
986 3393 1041 3440 et
1067 3385 1263 3440 deinde
1294 3387 1537 3439 timebunt
1557 3424 1573 3451 ,
1623 3383 1675 3437 id
1699 3393 1781 3439 est
1800 3424 1817 3451 ,

234 3460 401 3513 valde
428 3459 812 3526 obstupescent
855 3459 1016 3511 etiam
1047 3455 1127 3510 illi
1165 3458 1251 3525 qui
1298 3455 1529 3509 habitant
1558 3455 1817 3526 terminos,

232 3529 291 3583 id
318 3540 426 3591 eat,
476 3523 610 3583 lines
642 3537 820 3591 terrai,
854 3527 937 3580 vel
969 3528 1059 3597 qui
1101 3523 1447 3581 inliabitando
1474 3541 1533 3580 se
1564 3523 1711 3597 ipsos
1741 3524 1820 3579 fa-

236 3601 393 3654 ciunt
420 3602 554 3654 lines
584 3610 741 3653 terrae
771 3614 803 3649 a
832 3596 995 3667 signis
1014 3637 1029 3662 ,
1063 3598 1113 3651 id
1141 3607 1263 3662 est,
1324 3608 1537 3664 propter
1562 3596 1816 3667 miracula

235 3672 379 3725 visa.
428 3671 605 3739 Signis
645 3670 765 3723 dico
803 3666 936 3732 tuis,
989 3668 1039 3721 id
1068 3676 1186 3735 est,
1237 3680 1269 3720 a
1314 3676 1365 3721 te
1396 3668 1587 3732 lactis,
1620 3679 1724 3720 non
1751 3666 1818 3721 ab

234 3740 383 3795 aliis.
432 3741 587 3795 Juxta
614 3740 741 3793 illttd
775 3756 788 3791 :
822 3740 1040 3793 Domino
1082 3745 1401 3809 cooperante,
1448 3746 1498 3790 et
1539 3752 1819 3809 sermonem

234 3812 576 3878 conﬁrmanle
606 3809 921 3879 sequentibus
949 3810 1128 3880 signis.
1176 3806 1245 3880 Et
1278 3809 1378 3861 hoc
1408 3811 1567 3861 modo
1596 3806 1818 3880 delecta-

238 3884 384 3947 bilis,
427 3884 479 3936 id
510 3891 614 3945 est,
647 3878 1012 3945 delectabiles,
1042 3895 1146 3933 non
1179 3878 1497 3944 laboriosos,
1546 3879 1708 3932 l‘acies
1739 3878 1818 3933 eis

234 3954 408 4006 exitus
435 3953 707 4013 matutini;
738 3959 791 4004 et
819 3952 995 4004 exitus
1021 3950 1236 4016 vesperi,
1267 3950 1318 4002 id
1347 3957 1446 4015 est,
1478 3956 1817 4011 contemptus

236 4025 528 4076 mundana:
578 4023 949 4090 prostteritatis
995 4030 1049 4073 et
1090 4020 1444 4073 adversitatis.
1502 4019 1569 4072 Ut
1609 4019 1654 4071 si
1683 4018 1818 4075 forte

236 4094 439 4161 aliquis
488 4104 677 4160 potens
707 4091 891 4144 volens
934 4100 985 4145 te
1011 4092 1074 4143 ad
1101 4090 1416 4157 injustitiam
1457 4090 1687 4158 aliquam
1712 4090 1815 4161 im,-

237 4160 446 4232 pellere
470 4202 484 4227 ,
517 4162 728 4230 aliquod
764 4172 1036 4215 terrenum
1072 4161 1277 4232 lucrum
1320 4174 1567 4232 maguum
1589 4161 1704 4232 tibi
1737 4160 1817 4214 of-

236 4229 383 4298 i’ert,
440 4234 533 4286 sed
566 4229 620 4285 tu
650 4240 895 4285 econtra
945 4231 1160 4284 attende
1213 4230 1494 4285 Dominunt
1552 4229 1813 4285 dicentem

240 4306 371 4359 libi:
398 4304 565 4369 Quam
581 4302 1025 4355 commutationem
1046 4302 1185 4354 dabit
1202 4302 1351 4354 homo
1373 4316 1467 4370 pro
1488 4303 1657 4353 anima
1680 4304 1816 4357 sua?

236 4385 333 4428 aut
374 4378 494 4443 quid
521 4376 725 4444 prodest
770 4372 965 4424 homini
1011 4373 1055 4425 si
1085 4381 1244 4444 totum
1290 4373 1539 4444 mundum
1570 4377 1812 4444 lucretur,

238 4442 434 4498 anima:
487 4442 602 4496 vero
649 4444 1006 4496 detrimentum
1055 4443 1323 4512 patiatur?
1362 4442 1426 4495 Et
1480 4442 1604 4512 item
1658 4442 1815 4511 :Ego

1924 502 1989 583 sti
2041 519 2194 568 eam,
2226 504 2279 583 i_d
2321 513 2431 583 _est_,
2478 507 2782 583 compluisti
2831 502 3170 583 eam_verbo
3210 513 3491 583 doctrina,

1922 571 2060 647 adeo
2115 573 2279 647 quod
2319 571 2618 647 inebriasti'
2653 591 2770 632 eam
2827 574 3084 647 praclaro
3145 583 3316 638 calice
3371 571 3490 643 tuo:

1924 639 2169 723 Ebrietas
2195 642 2321 723 feligt
2348 684 2363 708 ,
2410 645 2632 700 satietas
2675 639 2927 723 salutaris
2952 690 2976 723 ,_
3018 666 3138 720 quae
3164 661 3362 723 quanto
3383 639 3501 710 cii;

1923 714 2124 790 piosius
2170 715 2399 790 sumitur
2425 724 2659 790 ,_tanto_
2688 719 2855 790 magis
2900 714 3242 777 sobrietatem
3292 725 3488 781 mentis

1922 780 2126 862 donare
2155 780 2432 862 dignatur.
2455 785 2523 862 Et
2552 780 2903 862 multiplicati
2931 792 3240 862 locupletare
3258 810 3395 861 eam,
3434 780 3491 850 id

1922 861 2041 918 est,
2090 855 2536 930 multipliciterin
2581 856 2943 925 spiritualibus
2977 855 3133 917 do'nis
3156 855 3489 930 locupletasti

1920 937 2072 1001 eam_,
2132 926 2254 1001 quia
2311 925 2399 979 alii
2446 926 2702 1001 datahest
2760 931 2975 1001 scientia
3018 925 3353 1001 linguarum,
3398 933 3491 990 alii

1919 993 2089 1066 gra_ti_a
2121 993 2427 1063 sanitatum,
2450 998 2536 1050 alii
2566 996 2815 1053 discretio
2834 993 3133 1066 spirituum,
3165 1011 3270 1057 etc.

1991 1061 2210 1138 Flumen
2244 1061 2618 1138 Deiirepletum
2657 1077 2732 1122 est
2760 1061 2927 1137 aquis.
2968 1061 3131 1138 Quasi
3169 1072 3351 1128 dicat:
3386 1073 3492 1130 Per

1920 1134 2064 1210 quod
2094 1134 2366 1210 inebriasti
2392 1134 2554 1210 ,per
2595 1138 2736 1207 quod
2777 1134 2896 1193 eam
2948 1134 3328 1210 locupletasti?
3381 1143 3488 1199 Per
3538 1202 3541 1205 _

1918 1201 2114 1282 flumen
2155 1201 2401 1282 scilicet,
2448 1201 2499 1260 id
2526 1201 2649 1271 est',
2706 1224 2799 1282 per
2840 1201 3087 1282 priorem.
3126 1214 3376 1282 populum
3419 1215 3490 1271 de

1918 1272 2117 1344 ludatis
2165 1276 2459 1340 credulum,
2505 1292 2531 1327 a
2564 1291 2670 1344 quo
2702 1272 2855 1334 velut'
2887 1296 2917 1335 a
2948 1272 3163 1336 flumine
3198 1272 3301 1338 rivi
3354 1285 3489 1339 doc-

1919 1343 2073 1399 trinaa
2125 1346 2179 1423 in
2202 1346 2357 1423 _al_ios
2389 1343 2773 1423 pertinuerunt.
2812 1350 2975 1423 Quod
3014 1354 3201 1423 ﬂumen
3239 1353 3491 1423 repletum

1917 1424 1990 1491 _es_t
2016 1418 2162 1485 aquis
2191 1415 2287 1491 Dei
2313 1459 2344 1491 ,_
2371 1434 2475 1491 non
2499 1415 2945 1491 demergentibus,
2972 1415 3065 1475 sed
3096 1415 3486 1491 relicientibus,

1919 1484 1969 1553 id
2010 1495 2127 1549 est,
2179 1486 2435 1541 doctrinis
2484 1484 2847 1553 Spiritualibus
2889 1507 2919 1544 a
2959 1492 3069 1547 Deo
3118 1493 3274 1549 Patre
3322 1484 3488 1548 datis;

1917 1552 2024 1609 Sed
2068 1556 2199 1629 licet
2250 1573 2343 1625 per
2390 1552 2587 1612 ﬂumen
2643 1559 2812 1613 dicam
2874 1564 2976 1616 hoc
3019 1562 3257 1629 factum,
3311 1574 3490 1620 tamen

1916 1639 2025 1696 non
2059 1626 2277 1690 ﬂumen,
2312 1629 2403 1683 sed
2432 1636 2483 1681 tu
2513 1630 2707 1695 parasti
2733 1631 2922 1696 cibum,
2955 1634 3003 1685 id
3026 1643 3128 1694 est,
3159 1626 3489 1690 relicieutem

1924 1695 2224 1772 doctrinam
2252 1698 2495 1772 illorum,
2517 1700 2602 1765 qui
2636 1714 2729 1767 per
2758 1695 2952 1756 terram
2984 1702 3343 1772 designantur.
3368 1704 3447 1758 Tu
3469 1745 3489 1771 ,

1843 1786 1892 1846 Β
1918 1764 2061 1852 dico,
2094 1768 2313 1852 parasti,
2340 1764 2581 1852 quoniam
2613 1764 2919 1852 prceparatio
2945 1774 3055 1852 ejus
3085 1764 3157 1827 e'st
3178 1775 3272 1842 ita,
3301 1775 3352 1829 id
3380 1764 3489 1839 est,

1918 1851 2011 1903 per
2042 1847 2091 1890 te
2132 1840 2303 1913 solum
2337 1840 2427 1903 lit,
2492 1838 2614 1907 quia
2642 1840 2699 1913 lit
2730 1857 2818 1908 per
2849 1838 3072 1911 gratiam
3114 1838 3272 1913 quam
3320 1838 3483 1899 nemo

1913 1915 2093 1978 potest
2121 1906 2268 1973 dare,
2305 1906 2578 1978 praeter'te
2604 1906 2796 1964 solum.

1920 2000 1947 2052 ξ
1988 1977 2142 2052 Ripos
2173 1980 2286 2052 ejus
2309 1977 2541 2033 incbria.
2584 1980 2743 2052 Quasi
2772 1980 2915 2037 dicat
2954 1998 2967 2035 :
3004 1983 3160 2037 Bonis
3189 1982 3490 2052 principiis,

1914 2047 2161 2119 Domine,
2196 2047 2383 2103 bonos
2410 2053 2584 2104 exitus
2609 2050 2807 2119 junge,
2863 2053 3103 2119 scilicet,
3134 2047 3326 2107 inebria
3355 2047 3490 2108 rivos

1913 2118 2026 2185 ejus
2059 2127 2235 2173 teme.
2285 2119 2402 2192 Ri‘vi
2429 2121 2643 2189 proprie
2670 2118 2802 2176 sulci
2846 2133 2969 2176 sunt
2998 2121 3050 2176 in
3084 2118 3222 2177 terra
3245 2163 3261 2189 ,
3296 2123 3490 2192 quibus

1915 2202 2052 2264 aqua
2082 2196 2308 2264 manat._'
2342 2189 2668 2264 llic_autem_
2690 2207 2782 2258 per
2812 2193 2954 2264 rivos
2999 2189 3490 2264 intelligens—paces

1914 2258 2103 2329 valida:
2133 2259 2409 2314 doctrinze.
2444 2262 2509 2313 Et
2534 2270 2616 2315 est
2639 2261 2817 2316 dicere
2849 2277 2864 2317 :
2893 2258 3203 2328 Scindatur',
3234 2258 3482 2329 Domine,

1916 2327 2114 2382 duritia
2148 2330 2323 2384 cordis
2363 2345 2546 2384 eorum
2578 2347 2797 2387 vomere
2828 2332 2973 2387 verbi
3016 2336 3090 2386 tui
3118 2372 3133 2398 ,
3192 2327 3249 2387 ut
3280 2333 3405 2389 liant
3434 2327 3489 2388 in

1915 2398 1993 2470 eis
2018 2400 2153 2464 rivi,
2203 2416 2296 2469 per
2324 2416 2456 2467 quos
2477 2416 2626 2470 aqua:
2654 2403 2791 2455 viva:
2838 2402 2901 2456 ad
2933 2404 3065 2457 alios
3104 2403 3376 2470 defluant;
3430 2411 3487 2459 et

1916 2469 2017 2523 hoc
2048 2472 2206 2524 modo
2232 2469 2537 2538 multiplica
2556 2473 2843 2542 genimina,
2892 2472 2941 2527 id
2974 2482 3088 2539 est,
3114 2469 3485 2542 generatidnes

1918 2542 2036 2612 ejus
2059 2550 2246 2607 terrae,
2287 2542 2490 2596 scilicet
2517 2583 2531 2605 ,
2588 2553 2641 2595 ut
2674 2558 2764 2609 per
2797 2545 3055 2612 quasdam
3084 2546 3364 2599 credentes
3391 2543 3486 2598 alii

1916 2611 2197 2665 credentes
2229 2615 2373 2678 liant,
2406 2620 2461 2666 et
2488 2627 2580 2680 per
2606 2614 2722 2667 illos
2747 2611 2858 2679 alii,
2895 2625 2949 2667 ut
2976 2616 3051 2668 sic
3074 2630 3325 2669 numerus
3352 2614 3481 2668 lide-

1917 2681 2044 2754 lium
2074 2691 2361 2754 augeatur;
2393 2691 2448 2738 et
2475 2698 2599 2738 vere
2630 2685 2699 2736 ita
2732 2682 2910 2748 facias,
2938 2685 3163 2751 scilicet,
3199 2686 3341 2739 rivos
3369 2683 3489 2754 ejus

1917 2751 2246 2825 inebriabis,
2298 2755 2623 2825 quiaetiam
2655 2755 2964 2824 germinans,
3012 2757 3061 2809 id
3105 2764 3207 2821 est,
3245 2751 3488 2825 quisquis

1917 2823 2141 2877 credere
2172 2839 2310 2877 nunc
2341 2823 2598 2892 incipiens
2624 2823 2666 2889 ,’
2700 2825 2953 2878 (celabitur
2982 2826 3036 2878 in
3066 2825 3339 2880 stillicidiis
3376 2823 3487 2892 eius

1918 2892 2174 2964 fluminis,
2205 2895 2426 2959 scilicet,
2472 2895 2620 2948 rivos
2646 2894 2761 2963 ejus
2792 2896 3126 2960 iuebriantis;
3161 2910 3253 2964 per
3283 2895 3492 2950 stillici-

1918 2962 2002 3016 dia
2035 2972 2214 3018 autem
2249 2965 2474 3019 lacteam
2497 2962 2796 3018 doctrinam
2819 3005 2834 3031 ,
2865 2976 3066 3032 aptam,
3097 2962 3336 3031 scilicet,
3370 2980 3493 3034 pra-

1918 3033 1999 3086 vis
2026 3038 2229 3107 accipe,
2276 3035 2343 3107 de
2372 3049 2474 3107 qua
2502 3037 2791 3102 Apostolus
2826 3053 2838 3088 :
2875 3035 2994 3089 Non
3020 3038 3161 3107 potui
3200 3035 3336 3089 vobis
3366 3033 3488 3107 tan:

1920 3118 2073 3171 quam
2100 3105 2500 3176 spiritualibus,
2529 3107 2619 3158 sed
2639 3115 2882 3176 tanquam
2910 3105 3236 3170 carnalibus,
3276 3116 3323 3159 et
3345 3105 3492 3174 quasi

1924 3176 2235 3247 paruulisin
2261 3174 2462 3230 Christo
2485 3175 2564 3247 lac
2590 3174 2930 3247 vobis'potum
2954 3178 3071 3230 dedi
3094 3219 3110 3245 ,
3166 3192 3267 3247 non
3296 3191 3488 3247 escam.

1921 3244 2069 3300 Sicut
2095 3246 2236 3300 enim
2264 3247 2455 3315 aliquis
2489 3244 2869 3314 plantaria'sua
2916 3244 3131 3314 rigans,
3166 3246 3485 3314 quibusdam

1919 3316 2149 3381 scilicet,
2182 3331 2299 3385 qua:
2319 3315 2427 3384 jam
2455 3317 2661 3371 radices
2682 3315 2900 3370 fuerunt
2926 3316 3073 3372 rivos
3102 3316 3339 3384 inducit,
3366 3316 3490 3372 aliis

1921 3393 2123 3440 tantum
2146 3387 2395 3440 stillando
2424 3385 2697 3442 humorem
2726 3386 2993 3454 infundit,
3036 3388 3116 3442 sic
3145 3387 3287 3442 Deus
3314 3385 3493 3442 mino-

1922 3471 2011 3510 res
2039 3458 2322 3511 credentes
2350 3458 2485 3512 Iacte
2513 3458 2700 3522 nutrit,
2734 3458 2970 3526 majores
3000 3472 3132 3512 vero
3169 3457 3323 3525 quasi
3353 3470 3494 3525 pano

1918 3527 2005 3581 vel
2030 3526 2203 3581 valida
2230 3527 2474 3582 doctrina
2502 3530 2687 3595 pascit.
2739 3528 2922 3597 Potest
2951 3530 3111 3583 etiam
3156 3528 3228 3582 ita
3260 3528 3361 3597 legi
3387 3528 3491 3581 iste

1918 3610 2107 3651 versus
2131 3636 2146 3662 ,
2198 3606 2257 3651 ut
2284 3597 2399 3667 ejus
2439 3612 2650 3663 semper
2678 3598 2744 3652 ad
2773 3595 2970 3653 ﬂumen
3001 3598 3264 3654 referatur
3286 3595 3404 3665 ,‘et
3432 3606 3494 3652 ut

1920 3679 2098 3749 partes
2125 3668 2241 3749 ejus
2268 3667 2500 3751 ﬂuminis
2527 3668 2624 3722 rivi
2653 3677 2707 3724 et
2726 3670 3035 3751 germinans
3059 3667 3415 3749 accipiantur,
3436 3678 3496 3723 et

1921 3753 2016 3806 per
2046 3739 2189 3793 rivos
2214 3738 2598 3808 intelligantur,
2653 3750 2710 3793 ut
2736 3738 2788 3793 in
2814 3740 2913 3794 alia
2942 3741 3205 3794 sententia
3237 3741 3489 3808 capacio-

1919 3823 2028 3875 res;
2072 3824 2167 3878 per
2195 3811 2583 3880 germinantem
2618 3825 2745 3864 vero
2769 3811 2941 3864 minus
2962 3825 3186 3880 capaces
3211 3852 3226 3877 ,
3263 3811 3314 3864 in
3353 3822 3491 3879 quos

1918 3880 2159 3934 doctrina
2192 3881 2361 3934 adlmc
2384 3880 2450 3933 ab
2475 3879 2590 3934 aliis
2617 3882 2920 3935 instillatur.

1992 3950 2267 4004 Benedices
2292 3967 2490 4005 curante
2520 3953 2642 4003 anni
2681 3952 3003 4019 benignitatis
3033 3960 3154 4006 tua.
3186 3950 3326 4004 Istud
3360 3964 3491 4018 quo-

1920 4024 2295 4089 modocunque
2327 4023 2453 4076 illud
2477 4022 2707 4075 varietur
2732 4064 2747 4087 ,
2780 4021 2966 4074 eodem
2996 4023 3155 4074 modo
3186 4020 3447 4074 benedices
3468 4062 3487 4090 ,

1920 4094 1970 4147 id
2020 4101 2134 4158 est,
2186 4103 2526 4158 augmentum
2574 4092 2723 4144 dabis
2752 4105 2987 4152 coronae,
3046 4091 3094 4143 id
3143 4101 3264 4153 est,
3304 4091 3489 4159 gloria:

1919 4165 2041 4216 anni
2070 4163 2392 4231 benignitatis
2419 4205 2432 4227 ,
2467 4162 2515 4214 id
2546 4169 2656 4226 est,
2710 4160 2994 4213 fertilitatis
3022 4169 3140 4213 tute.
3193 4161 3323 4215 Cum
3356 4160 3490 4214 dicit

1919 4248 2198 4297 coronam,
2236 4233 2468 4299 intellige
2500 4232 2731 4284 victoria:
2779 4231 3022 4299 gloriam.
3071 4232 3481 4285 coronabantur

1919 4305 2059 4358 enim
2088 4304 2317 4356 victores
2338 4302 2402 4355 ad
2424 4302 2666 4371 gloriam,
2696 4307 2750 4354 et
2781 4300 2897 4354 ideo
2921 4316 3118 4355 corona
3149 4302 3360 4369 ponitur
3393 4316 3487 4367 pro

1917 4376 2081 4443 gloria
2106 4389 2121 4438 ;
2147 4373 2403 4441 benignus
2428 4388 2551 4424 vero
2574 4382 2656 4425 est
2676 4386 2864 4443 annus,
2895 4371 3080 4426 fertilis
3108 4388 3298 4426 anuus.
3321 4372 3484 4426 Incas-

1922 4442 1995 4512 pit
2015 4452 2191 4497 autem
2220 4444 2318 4498 iste
2341 4443 2527 4497 fertilis
2550 4456 2722 4495 annus
2741 4442 2807 4495 de
2837 4457 2941 4512 quo
2971 4453 3142 4511 agitur
3164 4442 3216 4497 in
3249 4443 3484 4497 secunda

241 4517 448 4570 bonum
475 4524 660 4580 tuum,
710 4527 810 4580 ego
839 4503 1209 4577 divitiaa'tuze,
1261 4527 1364 4564 non
1394 4511 1663 4577 mundus;
1713 4503 1813 4581 ego
1845 4503 1892 4562 Ι)
1921 4503 2294 4568 seminatione.
2354 4512 2481 4567 Dum
2520 4514 2662 4566 enim
2713 4503 2869 4566 facta;
2911 4503 3035 4566 διιιῆ
3082 4514 3485 4567 seminationes.

239 4586 501 4655 promitto
549 4593 780 4655 (eterna,
835 4586 1069 4655 mundus
1098 4581 1460 4655 transitoria._
1487 4581 1811 4655 Etgattende

238 4650 362 4710 inec
391 4663 448 4711 et
472 4653 660 4708 similia
686 4693 703 4719 ,
754 4650 860 4707 non
886 4654 988 4708 erit
1017 4652 1109 4706 tibi
1135 4666 1295 4720 grave
1320 4692 1335 4718 ,
1369 4650 1465 4706 sed
1493 4652 1813 4710 delectabile

238 4728 452 4781 lucrum
500 4725 627 4779 illud
666 4731 1046 4789 contemnere;
1098 4724 1143 4776 si
1172 4736 1300 4776 vero
1344 4721 1434 4776 ille
1462 4720 1644 4777 videns
1688 4739 1815 4792 pro-

236 4798 410 4852 missa
437 4794 567 4850 nihil
588 4794 785 4857 valere,
820 4797 977 4849 minis
1000 4804 1054 4849 et
1083 4793 1253 4861 prauis
1278 4792 1542 4860 aliquibus
1565 4803 1735 4848 tentet
1762 4804 1814 4850 te

237 4869 499 4933 vincere,
546 4865 765 4920 attende
794 4865 894 4919 hoc
925 4867 978 4919 in
1007 4865 1168 4918 corde
1210 4871 1299 4917 tuo
1331 4880 1344 4916 :
1381 4863 1635 4917 Dominus
1662 4880 1815 4921 meus

240 4940 491 5008 praecipit
517 4937 643 4990 milii
679 4954 691 4990 :
723 4934 897 4989 Nolite
924 4936 1099 4988 timere
1126 4949 1209 5008 eos
1229 4933 1317 5008 qui
1343 4948 1535 5008 corpus
1553 4940 1811 5003 acetdunt,

242 5004 479 5063 animam
520 5018 687 5061 autem
717 5022 818 5060 non
852 5014 1066 5074 possunt
1094 5006 1345 5060 occidere.
1375 5007 1440 5059 Et
1467 5004 1625 5059 etiam
1656 5021 1815 5061 secu-

240 5080 460 5133 ritatem
489 5078 556 5134 de
583 5091 810 5147 corpore
840 5077 1101 5145 promittit
1129 5075 1256 5129 mihi
1288 5074 1471 5131 dicens
1503 5093 1516 5128 :
1552 5075 1620 5129 Et
1649 5079 1817 5145 capil-

242 5150 423 5221 lusde
449 5151 612 5221 capite
642 5146 810 5221 nostro
831 5163 934 5200 non
962 5146 1381 5221 peribit.__Quare
1406 5147 1545 5221 ltunc
1568 5161 1677 5201 non
1710 5150 1817 5221 [οι-τ

241 5220 483 5275 midabo.
510 5216 667 5286 'Quid
717 5218 857 5274 etum
888 5218 1084 5287 poterit
1114 5216 1245 5271 mihi
1290 5217 1465 5271 facere
1495 5218 1619 5283 iste,
1670 5219 1815 5288 quod

243 5290 510 5345 Dominus
538 5305 688 5345 meus
717 5290 863 5359 prior
894 5304 999 5342 non
1032 5301 1218 5357 passus
1247 5288 1353 5341 sit?
1401 5288 1630 5359 Attende
1653 5295 1816 5344 etiam

242 5362 418 5415 multa
447 5361 664 5425 similia,
688 5358 741 5414 et
768 5363 845 5413 sic
875 5358 1200 5413 delectabilis
1226 5359 1331 5411 erit
1357 5359 1450 5411 tibi
1473 5358 1772 5413 adversitas
1797 5400 1816 5428 ,

244 5446 414 5499 quam
440 5434 524 5486 ille
549 5434 781 5485 minatur
794 5441 1159 5484 contemnere.
1186 5428 1700 5499 Designaturautem
1723 5445 1817 5498 per

244 5497 575 5556 matutinum
602 5502 928 5572 prosperitas
949 5538 966 5565 ,
1007 5509 1223 5568 propter
1255 5497 1387 5551 lucis
1418 5497 1653 5572 laetitiam
1676 5539 1691 5564 ,
1725 5497 1817 5567 per

246 5586 538 5641 vesperum
573 5570 696 5627 vero
727 5574 1045 5635 adversitas,
1090 5580 1302 5641 propter
1322 5570 1493 5641 noctis
1516 5571 1815 5623 tristitiam.

325 5639 558 5697 Visitasti
587 5655 771 5697 terram
802 5656 845 5697 et
870 5642 1145 5695 inebriasti.
1190 5640 1320 5704 Hoc,
1355 5639 1589 5707 inquam,
1623 5641 1780 5695 modo
1800 5681 1814 5705 ,

239 5712 620 5772 delectabilem
668 5716 827 5768 facies
857 5730 935 5768 eis
987 5714 1245 5764 matutino
1294 5720 1656 5777 eontemptum
1686 5751 1701 5776 ,
1762 5721 1820 5766 et

242 5792 490 5859 vesperi,
535 5789 654 5858 quia
688 5788 897 5839 visitasti
944 5786 1053 5854 jam
1082 5782 1432 5852 dispositione
1463 5796 1559 5851 per
1590 5782 1813 5853 gratiam

1919 4583 2153 4638 Primum
2177 4584 2571 4638 seminaverunt
2593 4583 2930 4649 prophetaein
2949 4584 3081 4637 solis
3104 4582 3323 4648 .ludaais,
3350 4583 3491 4652 quod

1916 4655 2141 4723 apostoli
2158 4663 2508 4720 messuerunt,
2530 4654 2651 4721 quia
2680 4669 2772 4721 per
2795 4654 3088 4723 doctrinam
3110 4654 3486 4721 prophetarum

1917 4722 2085 4781 sancti
2128 4726 2352 4793 apostoli
2392 4726 2630 4779 instructi
2654 4736 2792 4776 sunt.
2820 4722 2971 4778 Unde
3004 4723 3203 4777 dictum
3234 4733 3317 4777 est
3349 4722 3496 4776 :Alii

1917 4792 2290 4857 laboraverunt,
2314 4796 2405 4848 alii
2426 4804 2753 4849 messuerunt.
2778 4793 2977 4847 Deinde
3002 4803 3178 4848 autem
3201 4793 3329 4848 illud
3353 4792 3492 4846 idem

1918 4882 2098 4922 semen
2131 4865 2461 4935 purificatum
2490 4865 2721 4919 secundo
2752 4866 3073 4935 seminatum
3106 4875 3191 4917 est
3218 4866 3268 4917 in
3300 4877 3488 4935 omnes

1918 4951 2102 5008 gentes
2130 4933 2196 4989 ab
2218 4936 2494 5004 apostolis,
2520 4950 2681 5004 super
2708 4934 2846 5002 quod
2881 4934 3129 5008 inimicus
3153 4935 3313 5008 homo
3344 4933 3488 5008 ziza-

1920 5004 2006 5061 nia
2035 5008 2335 5071 seminavit,
2368 5008 2492 5075 quia
2534 5010 2733 5075 multas
2758 5006 3041 5058 bmreticas
3066 5004 3345 5075 doctrinas
3374 5004 3490 5075 dia-

1920 5079 2075 5133 bolus
2102 5074 2491 5145 superindu’xit.
2528 5078 2592 5130 Et
2627 5076 2690 5128 'in
2728 5074 2825 5128 hac
2877 5074 3108 5129 secunda
3135 5074 3494 5129 seminatione

1920 5149 2081 5217 accpit
2110 5162 2281 5202 annus
2308 5147 2599 5202 fertilitatis
2649 5147 2789 5198 illius
2822 5187 2858 5217 ,ί
2887 5147 2954 5199 de
2994 5159 3096 5214 qtta
3126 5145 3327 5217 dictum
3357 5151 3443 5200 est
3472 5160 3491 5199 :

1922 5215 2139 5283 Ltelare,
2170 5220 2354 5273 sterilis
2388 5262 2404 5287 ,
2454 5232 2568 5287 quae
2614 5232 2714 5269 non
2745 5216 2906 5287 paris,
2934 5224 2988 5287 et
3011 5224 3203 5271 cmtera
3234 5232 3249 5281 ;
3278 5215 3502 5287 duratur

1920 5304 2086 5358 usque
2115 5292 2165 5343 iu
2199 5291 2355 5343 linem
2382 5285 2587 5342 Smculi.
2616 5286 2928 5358 Benedices,
2955 5286 3193 5358 inquam,
3217 5295 3287 5352 et,
3318 5295 3368 5358 te
3400 5285 3497 5341 be-

1918 5356 2221 5425 nedicente,
2251 5361 2418 5426 campi
2464 5361 2560 5419 tui,
2600 5358 2649 5410 id
2682 5366 2807 5424 est,
2843 5356 3070 5411 humiles
3125 5360 3235 5425 tui,
3285 5356 3337 5412 id
3388 5364 3492 5423 est,

1920 5431 2217 5493 credentes,
2242 5431 2571 5497 replebuntur
2598 5428 2781 5490 verba,
2808 5426 2858 5497 id
2888 5437 2970 5480 est
3000 5467 3016 5492 ,
3055 5429 3198 5482 onmi
3233 5429 3491 5483 virtutum

1921 5503 2276 5570 plenitudine.
2302 5496 2375 5552 Et
2405 5500 2505 5551 hoc
2537 5498 2751 5566 respicit
2785 5496 2857 5570 ad
2902 5498 3129 5570 humiles
3168 5500 3234 5553 de
3274 5498 3499 5553 .lndzeis.

1922 5567 2264 5643 Pinguescent
2292 5571 2527 5643 speciosa
2552 5571 2756 5633 deserti,
2782 5567 2834 5621 id
2856 5578 2961 5633 est,
2990 5569 3151 5643 corda
3179 5570 3496 5643 gentilitatis

1922 5640 2068 5712 prius
2097 5641 2338 5710 squalida
2372 5640 2609 5692 sentibus
2632 5649 2994 5712 peccatorum,
3032 5640 3191 5693 modo
3214 5640 3349 5693 facta
3375 5653 3497 5706 spe-

1921 5710 2064 5767 ciosa
2088 5720 2403 5766 ornamento
2429 5720 2699 5770 Vll‘lllllltll,
2728 5710 3074 5778 pinguescent
3101 5712 3151 5762 in
3184 5712 3337 5764 bonis
3360 5725 3493 5777 cpe-

1925 5783 2177 5851 ribus;et
2207 5782 2325 5837 ideo
2346 5779 2530 5848 colles,
2574 5781 2623 5834 id
2650 5790 2773 5848 est,
2826 5782 3028 5849 praelati
3086 5795 3270 5836 eorum
3318 5782 3489 5834 acciu-

3531 970 3550 996 μ

3523 1023 3534 1055 l
