3984 6362
538 338 642 390 8ὲῦ
997 338 1198 394 ΒΕΜΞ
1243 336 1693 395 VENERABILIS
1732 337 1882 396 OPP.
1917 335 2093 393 PARS
2134 336 2197 392 ll.
2240 336 2435 394 SECT.
2480 336 2636 392 ll.—-
2663 337 2870 396 DUBIA
2911 337 2997 393 ET
3038 332 3306 395 SPURIA.
3699 332 3811 397 824

540 460 692 514 micis
722 473 825 512 non
856 456 1139 520 dissiliunt,
1166 458 1215 510 id
1246 466 1329 511 est
1350 457 1400 511 in
1423 456 1679 511 eharitate
1701 469 1806 511 non
1831 455 2103 522 deficiunt,
2137 456 2187 516 Α
2213 454 2373 508 etiam
2397 454 2497 509 hoc
2516 464 2683 511 totum
2696 455 2763 511 de
2788 456 3036 525 prmsenti
3053 456 3177 525 legi,
3194 463 3253 511 ut
3272 454 3347 511 sie
3362 452 3569 511 dicatur
3588 474 3602 508 :
3621 455 3811 512 Intro-

543 531 635 585 sed
677 529 906 583 Charitas
935 543 1115 582 eorum
1147 530 1198 582 in
1231 529 1392 581 latum
1421 528 1757 591 extenditur;
1789 527 1913 597 quin
1940 528 2101 582 etiam
2211 525 2597 580 ibotandemin
2627 529 2831 580 domum
2853 537 2985 581 tuam
3007 527 3533 594 superccelestem.et
3558 528 3808 584 utiuti-o-

542 616 711 668 usque
760 599 997 652 inimicos
1024 598 1322 667 porrigitur,
1349 599 1400 652 in
1432 598 1644 669 longum
1667 598 1827 653 etiam
1862 613 1955 668 per
1978 613 2103 667 per-

537 671 884 727 severantiam
913 670 1143 724 ducitur.

606 741 867 795 Iitduxisti
920 757 1011 795 nos
1041 742 1090 793 in
1126 740 1385 812 laqueum,
1420 740 1634 811 posuisti
1664 740 2018 796 tribulationes
2048 742 2105 798 in

533 815 686 869 dorso
715 820 911 865 ncstre.
942 812 1186 867 Ostendit
1212 828 1305 882 per
1329 822 1508 882 partes
1529 812 1917 881 probationem.
1939 813 2101 880 Quasi

536 885 675 937 dicat
719 902 731 935 :
786 882 921 936 Vere
968 884 1269 937 examinasti
1313 900 1424 949 nos,
1466 886 1588 951 quia
1616 883 1789 937 hocet
1820 883 1920 939 hoc
1945 884 2104 939 modo

530 954 797 1019 induxisti,
832 954 1065 1022 inquam,
1098 971 1188 1008 nos
1215 956 1267 1009 in
1297 956 1551 1023 laqueum,
1589 953 1637 1007 id
1662 964 1761 1019 est,
1798 956 1851 1008 in
1882 964 2102 1009 catenas

528 1036 583 1078 et
631 1027 680 1077 in
723 1039 991 1078 carcerem
1038 1034 1091 1079 et
1132 1026 1184 1078 in
1222 1026 1435 1088 similia,
1486 1024 1681 1093 quibus
1728 1040 1855 1079 caro
1882 1025 2101 1094 quidem

529 1097 844 1157 vinceretur,
875 1096 1050 1149 anima
1080 1112 1209 1151 vero
1248 1098 1657 1159 absorberetur;
1688 1104 1743 1148 et
1775 1096 1966 1165 quibus
1995 1111 2102 1153 non

529 1167 879 1230 irretiremur,
936 1167 1029 1220 sed
1076 1168 1467 1233 expedirentur,
1497 1176 1548 1221 et
1569 1166 1783 1235 posuisti
1812 1167 2102 1222 tribulatio-

529 1255 614 1291 nes
641 1239 689 1289 in
717 1238 867 1290 dorso
885 1250 1082 1303 nostro,
1101 1238 1152 1291 id
1168 1247 1267 1301 est,
1292 1236 1464 1292 fecisti
1482 1251 1577 1289 nos
1596 1238 1837 1292 inetidem
1861 1237 2098 1295 omnium

528 1309 955 1361 tribulationum.
1003 1308 1135 1361 Male
1182 1309 1324 1362 enim
1352 1308 1515 1363 erecti
1543 1323 1780 1372 eramus,
1804 1309 1897 1362 sed
1923 1318 1974 1361 tu
2001 1325 2097 1365 nos

526 1379 837 1443 incurvasti,
889 1389 943 1433 ut
989 1380 1250 1432 incurvati
1278 1380 1413 1433 bene
1440 1380 1795 1447 erigeremur.
1832 1379 2098 1437 Praeterea

523 1449 805 1516 imposuisti
834 1449 1061 1502 homines
1084 1466 1234 1518 super
1265 1451 1435 1515 capita
1454 1458 1645 1515 nostra,
1683 1450 1733 1501 id
1760 1458 1862 1512 est,
1896 1458 2098 1506 tantam

526 1528 847 1590 potestatem
894 1519 1197 1575 hominibus
1227 1520 1424 1587 pravis,
1448 1520 1496 1573 id
1525 1527 1629 1584 est,
1676 1521 1913 1590 tyrannis
1939 1535 2099 1590 super

530 1606 628 1644 nos
656 1589 871 1650 dedisti,
901 1603 961 1643 ut
988 1592 1147 1644 etiam
1182 1592 1464 1658 capitalem
1494 1590 1561 1645 de
1586 1589 1738 1645 nobis
1769 1589 2099 1648 darentsen-

527 1662 765 1714 tentiam.
792 1660 1160 1715 Toleravimus
1182 1662 1321 1715 enim
1345 1662 1669 1727 superiores,
1696 1677 1830 1729 quos
1851 1662 2098 1720 novimus

527 1733 683 1785 nobis
737 1730 965 1801 pejores.
1028 1733 1092 1785 Et
1139 1732 1239 1785 hoc
1268 1734 1426 1786 modo
1463 1733 1785 1785 transivimus
1811 1749 1899 1801 per
1928 1734 2097 1803 ignem

525 1803 864 1878 adversitatis
907 1803 1331 1878 ettribulationis
1352 1803 1666 1870 illwsi,quia
1692 1818 1795 1878 non
1816 1804 1970 1878 {regit
2000 1820 2098 1862 nos
2132 1818 2175 1878 Β

520 1872 899 1943 adversitas,et
930 1875 1005 1928 sic
1034 1875 1193 1927 etiam
1220 1889 1311 1939 per
1338 1890 1523 1941 aquam
1555 1873 1899 1927 transivimus
1917 1875 2094 1943 illaesi,

523 1942 575 1995 id
607 1952 687 1996 est
712 1958 803 2011 per
837 1946 1265 2013 prosperitatem,
1298 1946 1419 2013 quia
1454 1959 1560 1997 non
1590 1959 1688 1998 nos
1719 1945 1911 1999 extulit
1941 1942 2096 2014 pros;

521 2015 737 2085 peritas,
789 2030 890 2067 nou
941 2025 1021 2068 est
1068 2016 1208 2068 enim
1258 2025 1426 2068 tutum
1480 2030 1572 2082 per
1619 2030 1810 2083 aquam
1844 2019 2092 2085 transire,

525 2084 648 2149 quia
694 2084 843 2139 facile
890 2086 1111 2139 solvitur
1142 2086 1516 2153 prosperitate,
1564 2084 2095 2150 uisipciusindurue4

521 2154 847 2227 ritintegre
897 2156 948 2209 in
996 2156 1351 2210 tribulationis
1401 2155 1638 2227 fornace.
1671 2157 1829 2211 Testa
1864 2172 2095 2227 namque

524 2224 624 2277 nisi
678 2227 824 2291 prius
873 2226 1251 2290 consolidetur,
1282 2242 1387 2293 pra:
1416 2226 1593 2281 calore
1625 2226 1676 2279 in
1710 2241 1898 2292 aquam
1932 2224 2094 2286 missa

524 2294 732 2368 difﬂuit.
758 2296 1145 2363 Transivimus,
1173 2296 1407 2365 inquam,
1426 2313 1520 2366 per
1544 2297 1717 2365 ignem
1737 2309 1790 2352 et
1814 2310 2094 2368 aquam,et

526 2374 578 2417 tu
601 2367 830 2421 etluxisti
858 2368 924 2420 ab
953 2368 1071 2437 igne
1098 2379 1151 2421 et
1177 2383 1309 2436 aqua
1342 2368 1535 2421 illaesos
1562 2384 1574 2419 :
1608 2378 1651 2421 et
1676 2367 1897 2423 eduxlsti
1927 2387 2016 2423 nos
2038 2372 2092 2425 in

515 2437 860 2509 refrigerium,
909 2438 961 2491 id
1003 2447 1086 2493 est
1135 2449 1191 2491 ut
1236 2440 1599 2509 refrigeratam
1642 2440 1931 2495 habeamus
1960 2456 2096 2496 con-

516 2508 816 2562 scientiam.
849 2510 1029 2563 Gloria
1056 2510 1199 2564 enim
1232 2520 1414 2563 nostra
1448 2508 1562 2562 haec
1591 2519 1694 2575 est,
1726 2510 2091 2569 testimonium

517 2581 857 2634 conscientiae
907 2589 1135 2641 nostra};
1181 2588 1234 2633 et
1268 2580 1335 2632 ab
1364 2580 1462 2633 huc
1488 2579 1767 2649 refrigerio
1799 2582 1962 2636 duces
1992 2597 2091 2640 nos

516 2649 569 2702 in
601 2650 1048 2705 ferventissimqu
1080 2652 1273 2720 ignem,
1298 2651 1420 2720 quia
1443 2656 1539 2718 ego
1571 2650 1787 2705 introibo
1814 2653 1865 2705 iu
1884 2655 2091 2708 domum

516 2727 656 2772 tuam
701 2721 1137 2792 supercmlestem
1184 2736 1278 2775 ens
1333 2721 1385 2774 in
1428 2722 1761 2787 holocaustis,
1802 2723 1923 2792 quia
1948 2733 2089 2781 totus

518 2791 779 2845 acccndar
809 2792 929 2861 igne
960 2792 1380 2861 flagrantissima:
1422 2792 1717 2856 cbaritatis,
1762 2791 1830 2846 ut
1848 2794 1946 2847 sim
1979 2794 2087 2850 Deo

524 2860 908 2931 holocaustum.
943 2860 1318 2916 Hol’ocaustum
1346 2862 1483 2915 enim
1512 2864 1892 2931 interpretatur
1917 2874 2086 2920 totmn

518 2928 817 3000 incensum,
868 2941 921 2986 et
966 2932 1186 2987 deberet
1236 2933 1414 2987 dicere
1458 2951 1467 2984 :
1521 2928 1752 2987 Introibo
1798 2936 1849 2987 in
1879 2936 2089 2991 domum

519 3010 658 3054 tuam
684 3003 737 3056 in
766 3003 1079 3075 holocausta.
1116 3002 1371 3075 Sediquia
1399 3003 1497 3075 istc
1527 3020 1661 3059 unus
1687 3006 1773 3073 qui
1800 3006 1883 3059 hic
1915 3006 2086 3075 loqui-

521 3080 631 3146 tur,
661 3082 741 3127 est
767 3073 819 3129 in
848 3074 1047 3141 multis,
1074 3075 1191 3146 ideo
1217 3074 1345 3127 dicit
1377 3091 1387 3125 :
1417 3073 1648 3128 lutroibo
1670 3077 1722 3129 in
1752 3073 2082 3146 holocaustis,

556 3144 637 3198 uia
667 3146 894 3215 quisque
922 3146 1022 3199 erit
1053 3145 1120 3199 ibi
1164 3145 1550 3210 holocaustum,
1578 3154 1631 3201 et
1660 3145 1729 3200 ibi
1757 3148 1970 3202 reddam
1995 3144 2085 3204 tibi

563 3229 627 3288 eo
669 3229 796 3288 vota
829 3233 965 3283 mea,
1008 3216 1059 3270 id
1099 3225 1201 3288 est,
1223 3231 1362 3288 qua:
1391 3231 1600 3288 aequum
1633 3225 1689 3271 ut
1713 3218 1810 3288 _tibi
1837 3219 2080 3288 reddam,

512 3285 736 3358 scilicet,
787 3287 1041 3358 hymnum
1094 3286 1281 3351 laudis,
1317 3286 1467 3354 juxta
1498 3287 1626 3341 illud
1656 3306 1667 3340 :
1698 3286 1920 3358 Cumque
1949 3285 2086 3347 omni

513 3357 696 3410 militia
740 3357 948 3412 (celestis
984 3359 1231 3411 exercitus
1260 3359 1501 3426 hymnum
1532 3357 2085 3429 glorltetutecanimus

511 3429 629 3502 μί,
657 3429 710 3481 d.
762 3429 916 3502 Vota,
943 3429 1040 3502 ξφ,
1078 3444 1201 3502 qua:
1247 3429 1383 3481 labia
1420 3446 1534 3482 mea
1583 3430 1857 3495 interiora,
1903 3432 1953 3486 id
1979 3443 2082 3502 est,

512 3495 652 3569 labia
678 3499 875 3565 cordis,
899 3501 1021 3567 quia
1052 3500 1144 3553 tibi
1172 3501 1379 3569 loquor,
1406 3501 1750 3555 distinxerunt
1768 3503 1834 3557 ab
1852 3495 2087 3559 exterio;

513 3566 663 3623 ribus
710 3571 872 3635 votis,
916 3569 1010 3624 tibi
1054 3584 1175 3624 esse
1223 3566 1519 3628 oll‘erenda.
1577 3570 1644 3623 Et
1688 3588 1804 3639 (tute
1836 3573 1996 3628 etiam
2030 3591 2086 3628 os

519 3654 689 3713 meum
728 3640 971 3713 exterius
1012 3641 1244 3713 loculum,
1276 3650 1351 3695 est
1380 3644 1429 3694 in
1456 3643 1805 3707 tribulatione,
1832 3646 1952 3713 quia
1988 3660 2087 3701 nec

512 3708 782 3763 tribulatio
828 3710 1001 3780 potuit
1056 3709 1185 3781 mihi
1234 3712 1319 3766 hic
1360 3722 1479 3765 vota
1510 3714 1619 3779 illa,
1655 3714 1705 3767 id
1737 3708 2083 3781 est,'|audem

514 3785 658 3833 tuam
707 3790 1044 3855 extorquere.
1095 3780 1193 3855 Ille
1234 3781 1401 3855 Deum
1432 3784 1612 3855 laudat
1640 3785 1692 3837 in
1719 3780 2082 3855 tribulatione,

513 3865 670 3922 quem
720 3865 827 3922 non
877 3851 1406 3922 lrangitrlribulatio,
1450 3854 1543 3906 sed
1578 3869 1790 3922 semper
1811 3851 2086 3913 dicitcuni

513 3919 672 3976 beato
710 3920 812 3975 Job
841 3921 1137 3976 citharoedo
1167 3923 1406 3991 Optimo:
1444 3919 1872 3991 Dominus-dedit,
1909 3927 2085 3982 Domi-

511 4007 608 4045 nus
662 3992 884 4046 abstulit.
929 3991 1010 4046 Sit
1064 3990 1245 4046 nomen
1302 3990 1511 4047 Domini
1570 3994 1906 4049 bencdictunt.
1962 3996 2086 4053 Ideo

508 4074 686 4134 autem
730 4063 856 4117 dicit
890 4082 902 4116 :
931 4061 997 4117 In
1026 4064 1351 4117 tribulatione
1379 4080 1513 4132 mea,
1539 4065 1660 4134 quia
1692 4065 1957 4120 tribulatio
1979 4070 2086 4123 uti-

509 4133 573 4189 lis
603 4144 683 4188 est
713 4145 765 4189 et
787 4134 1111 4198 necessaria,
1133 4135 1253 4202 quia
1281 4135 1407 4189 facit
1436 4133 1705 4189 hominem
1729 4135 2081 4195 devotiorem.

584 4204 904 4259 Holocausta
922 4206 1202 4259 medullula
1230 4205 1444 4273 offeram
1469 4208 1559 4259 tibi
1585 4222 1699 4259 cum
1719 4208 1922 4263 incenso
1952 4211 2087 4264 arie-

508 4282 632 4338 tum,
662 4275 876 4341 o/feram
908 4277 994 4328 tibi
1024 4276 1169 4329 boves
1205 4293 1318 4329 cum
1348 4275 1525 4331 hircis.
1580 4276 1816 4332 Reddam
1849 4280 1967 4343 tibi,
1998 4281 2083 4335 in-

507 4359 692 4412 quam,
729 4354 867 4412 vola,
899 4356 953 4399 et
981 4361 1100 4415 qua:
1142 4348 1311 4400 vota?
1344 4345 1585 4415 Scilicet,
1634 4348 1850 4410 o/I'eram
1879 4350 1967 4403 tibi
1990 4350 2085 4406 ho-

507 4416 737 4489 locausla
779 4417 1055 4469 medullata
1075 4457 1089 4480 ,
1119 4416 1169 4469 id
1199 4425 1306 4489 est,
1338 4419 1620 4485 placentia.
1672 4418 1893 4489 Pinguia
1938 4424 2083 4478 enim

511 4485 819 4555 holocausta
865 4495 1018 4540 erant
1067 4488 1509 4555 acceptabiliora,
1568 4485 1797 4555 scilicet,
1847 4491 2075 4547 oll'eram

506 4554 601 4632 tibi
642 4556 853 4632 laudem
899 4554 1267 4632 integram,ct
1296 4559 1611 4632 charitatem
1644 4554 1906 4632 intimam,
1956 4578 2076 4632 quae

504 4618 715 4703 placent
748 4627 861 4681 tibi.
897 4630 963 4681 Et
983 4618 1084 4683 hbe
1113 4618 1225 4680 cum
1252 4631 1455 4703 incenso
1489 4630 1723 4703 arietum,
1760 4618 1944 4703 idest,
1974 4618 2074 4703 per

506 4698 799 4769 orationem
842 4709 1078 4752 sanctam
1120 4713 1217 4767 pro
1260 4714 1346 4754 me
1378 4701 1443 4754 ab
1484 4701 1761 4767 arietibus,
1819 4702 1877 4757 id
1906 4698 2008 4769 est,
2041 4719 2074 4758 a

504 4768 704 4824 sanctis
733 4770 998 4843 patribus,
1028 4770 1117 4839 qui
1151 4784 1246 4823 nos
1270 4771 1330 4843 iu
1373 4770 1477 4843 fide
1505 4782 1833 4841 genuerunt,
1879 4782 1934 4827 et
1980 4768 2075 4843 per

507 4852 681 4894 meam
744 4840 1041 4894 orationem
1091 4854 1197 4894 non
1250 4840 1653 4896 dissentientem
1704 4858 1733 4896 a
1784 4840 2073 4902 traditione

503 4908 741 4982 ipsorum
779 4920 1093 4982 sanctorum
1135 4919 1341 4979 patrum
1370 4929 1385 4979 ;
1428 4926 1543 4982 qua:
1576 4912 1683 4967 Deo
1713 4913 1785 4966 ita
1820 4924 1901 4969 est
1927 4917 2071 4972 dele-

500 4981 732 5047 Clabilis,
748 4980 882 5035 sicut
897 4981 1076 5035 suavis
1098 4991 1179 5035 est
1199 4982 1357 5035 alicui
1380 4980 1516 5037 odor
1532 4982 1755 5037 incensi.
1778 4983 1911 5039 Vere
1928 4987 2071 5042 enim

502 5052 609 5106 Deo
640 5064 721 5106 est
745 5059 975 5121 gratum,
1021 5053 1165 5121 quod
1202 5054 1419 5121 quidem
1452 5054 1709 5121 probatur
1737 5053 1802 5108 ab
1833 5058 2071 5111 auctori-

504 5132 612 5177 tate
640 5132 946 5177 sanctorum
981 5122 1194 5176 Patrum
1222 5138 1329 5176 non
1355 5138 1471 5177 esse
1493 5122 1789 5193 dissonum.
1814 5125 2066 5193 Otleram,

502 5193 739 5261 inquam,
776 5193 1113 5264 holocausta,
1142 5202 1197 5246 et
1227 5194 1439 5259 οπερ-ατη
1496 5192 1585 5244 tibi
1623 5193 1797 5264 boves,
1852 5195 1903 5249 id
1952 5209 2067 5264 est,

502 5264 784 5335 magistros
814 5262 1306 5335 meostriturantes
1353 5278 1461 5335 me.
1517 5263 1583 5315 Et
1622 5262 1822 5329 hircos,
1873 5265 1925 5320 id
1954 5262 2066 5335 est,

500 5333 553 5404 in
585 5334 817 5404 peccatis
860 5332 1048 5389 fetidos
1079 5334 1302 5387 olleram
1335 5334 1452 5399 tibi,
1500 5348 1609 5386 non
1654 5341 1859 5389 tantum
1891 5352 1984 5404 per
2010 5332 2070 5395 se

501 5400 697 5466 hircos,
725 5403 819 5457 sed
846 5405 914 5457 ita
946 5404 1188 5458 utboves
1217 5404 1319 5457 sint
1347 5420 1461 5457 cum
1494 5404 1669 5468 hircis,
1702 5404 1751 5459 id
1778 5400 1969 5470 est,'ut
1991 5409 2068 5464 illi

499 5474 590 5540 qui
624 5476 769 5540 prius
795 5482 949 5528 erant
979 5475 1110 5527 hirci
1144 5488 1170 5526 a
1198 5474 1369 5529 bobus
1398 5476 1504 5529 sint
1535 5474 1789 5541 triturati,
1822 5485 1875 5529 et
1908 5478 1956 5529 in
1990 5481 2069 5536 eis

498 5541 843 5615 incorporati,
871 5544 997 5613 quia
1028 5544 1131 5598 hoc
1173 5548 1334 5598 etiam
1382 5545 1475 5599 tibi
1506 5546 1680 5613 placet
1719 5546 2063 5615 sacrificium,

496 5612 541 5665 si
575 5612 901 5690 peccatores
926 5614 1010 5670 hic
1053 5625 1452 5690 convertantur,
1486 5612 1540 5669 et
1568 5616 1723 5690 bonis
1768 5612 2064 5690 concorpo;

498 5691 704 5738 rentur.
734 5682 842 5737 Nec
883 5692 936 5739 te
971 5685 1150 5740 turbet
1176 5688 1316 5753 quod
1346 5682 1475 5740 dicit
1502 5702 1514 5739 :
1541 5686 1771 5741 Ull'eram
1813 5682 1984 5743 boves
2015 5700 2067 5747 et

494 5754 695 5820 hircos,
741 5756 865 5827 quia
907 5755 959 5808 in
999 5754 1090 5809 illo
1135 5756 1297 5824 priori
1340 5756 1536 5825 populo
1572 5758 1662 5825 qui
1692 5760 1777 5813 hic
1806 5760 2065 5827 loquitur,

492 5827 646 5897 quasi
672 5840 809 5881 unus
832 5824 1041 5881 fuerunt
1068 5838 1121 5883 et
1147 5827 1315 5883 boves
1335 5838 1386 5883 ct
1411 5824 1543 5886 hirci
1571 5824 1843 5887 conversi.
1878 5824 2066 5889 Potest

2111 3183 2160 3249 ο

2210 612 2349 658 eam,
2376 598 2587 651 reddam
2616 600 2701 651 tibi
2728 613 2869 653 nunc
2892 599 3107 653 interim
3135 610 3250 652 vota
3272 615 3399 662 mea,
3423 597 3528 661 illa,
3560 599 3805 668 scilicet,

2206 683 2320 734 qua:
2347 668 2482 721 labia
2522 685 2633 721 mea
2662 669 2919 723 interiora
2953 670 3313 734 distinxerunt,
3348 668 3398 723 id
3436 678 3539 733 est,
3576 669 3799 725 discre-

2209 746 2421 802 verunt,
2464 740 2689 804 scilicet,
2724 747 2783 792 ut
2810 754 2896 793 me
2928 755 3194 806 accusem,
3230 750 3283 795 te
3312 739 3540 794 laudem.
3578 739 3665 796 Te
3688 740 3799 796 Do-

2208 808 2411 863 minum
2453 809 2598 875 dico,
2640 824 2723 866 uie
2752 824 3007 875 servum;
3056 820 3107 865 te
3156 825 3243 867 me
3272 826 3377 865 non
3406 810 3682 879 indigere,
3713 825 3801 869 me

2208 880 2325 934 sine
2353 889 2405 951 te
2432 895 2551 935 esse
2580 896 2686 934 non
2717 895 2897 951 posse,
2926 890 2979 935 et
3003 881 3214 936 similia.
3259 880 3325 935 Et
3363 895 3477 950 quae
3516 899 3580 937 os
3628 900 3799 938 meum

2204 950 2439 1006 exterius
2500 950 2730 1006 maxime
2778 952 3005 1004 locutum
3058 962 3131 1005 est
3180 954 3235 1006 in
3284 952 3659 1021 tribulatione,
3710 953 3800 1013 uti

2206 1029 2424 1092 oportet
2452 1036 2539 1077 me
2570 1020 2903 1077 devotiorem
2930 1037 3070 1078 esse.
3102 1022 3465 1078 Tribulatione
3490 1024 3636 1077 dicit
3664 1041 3796 1092 mea,

2206 1089 2257 1143 id
2304 1100 2409 1157 est,
2456 1092 2587 1146 mihi
2632 1092 2748 1147 utili
2814 1102 2870 1147 et
2916 1093 3245 1149 necessaria.
3296 1093 3626 1150 llolocausta
3678 1089 3797 1151 mea

2204 1161 2561 1226 distinxerunt,
2610 1164 2849 1232 inquam,
2878 1164 3013 1217 labia
3042 1180 3178 1231 utea,
3208 1172 3333 1219 vota
3362 1163 3451 1218 tibi
3478 1166 3793 1231 reddenda,

2203 1239 2257 1285 et
2287 1232 2403 1288 haec
2428 1234 2805 1303 distinguendo
2840 1234 3051 1302 o/feram
3092 1237 3180 1288 tibi
3220 1236 3517 1289 holocausta
3561 1250 3717 1301 mea,
3746 1237 3795 1291 id

2204 1312 2308 1367 est,
2335 1304 2520 1359 intima
2550 1307 2811 1360 charitate
2841 1305 2984 1360 intus
3014 1304 3235 1370 referta,
3268 1314 3323 1359 ut
3352 1321 3457 1360 non
3488 1316 3547 1361 te
3581 1317 3791 1361 tantum

2202 1386 2375 1428 amem
2403 1374 2456 1430 in
2483 1374 2789 1444 superficie,
2817 1378 2912 1431 sed
2940 1378 2991 1431 in
3018 1376 3204 1430 intimo
3234 1391 3437 1441 amore,
3458 1387 3511 1431 et
3545 1378 3793 1432 exterius

2186 1448 2442 1511 saginata
2493 1446 2616 1510 lide,
2669 1456 2721 1501 et
2769 1462 2885 1515 spe,
2940 1457 2992 1501 et
3041 1446 3181 1501 bona
3229 1452 3566 1515 operatione.
3629 1448 3794 1503 Pecus

2200 1517 2341 1567 enim
2388 1516 2730 1588 medullatttm
2771 1527 2825 1571 et
2859 1517 3083 1571 interius
3126 1517 3372 1588 medullis
3406 1529 3486 1573 est
3534 1518 3781 1588 plenum,

2200 1593 2253 1637 et
2280 1586 2515 1641 exterius
2543 1586 2867 1654 saginatum.
2901 1588 2965 1641 Et
2986 1599 3066 1643 est
3089 1588 3241 1656 quasi
3268 1587 3445 1643 dicat:
3475 1586 3600 1643 Non
3633 1593 3791 1645 debet

2200 1669 2325 1728 esse,
2351 1671 2577 1711 vacuum
2604 1666 2657 1710 et
2678 1658 2905 1723 aridum,
2940 1658 3082 1728 quod
3114 1667 3215 1712 tua:
3245 1660 3506 1727 majestati
3543 1671 3634 1714 est
3662 1661 3791 1714 offe-

2202 1727 2450 1781 rendum.
2498 1728 2733 1782 Vacuum
2761 1727 2977 1796 quidem
3005 1745 3035 1783 a
3066 1729 3361 1793 charitale,
3411 1730 3633 1784 aridum
3668 1746 3789 1788 vero

2202 1809 2233 1848 a
2266 1796 2389 1864 tide,
2422 1798 2563 1853 vela
2595 1813 2707 1867 spe.
2768 1799 2830 1852 Et
2873 1800 2973 1854 hoc
3020 1799 3245 1865 faciam,
3294 1800 3377 1853 vel
3419 1817 3536 1854 cum
3584 1803 3788 1856 incenso

2200 1867 2440 1938 arietum,
2475 1879 2534 1923 ut
2559 1868 2910 1937 praediximus
2937 1888 2950 1935 ;
2982 1870 3064 1923 vel
3098 1870 3221 1938 quia
3253 1870 3464 1938 quidam
3510 1872 3646 1927 libri
3692 1874 3787 1926 ha-

2204 1936 2330 1993 bent
2372 1956 2488 1994 cum
2534 1936 2767 2007 incensa,
2818 1942 2961 2008 quod
3010 1936 3281 2008 significat
3317 1942 3656 1998 incendium.
3712 1942 3784 2000 lla

2198 2022 2480 2076 possumus
2524 2010 2702 2065 dicere
2730 2028 2743 2063 :
2774 2010 3002 2080 Olferam
3035 2012 3124 2064 tibi
3154 2011 3451 2066 holocausta
3499 2028 3632 2068 mea
3676 2030 3785 2069 cum

2197 2081 2408 2134 incensa
2438 2082 2680 2145 arietum,
2712 2082 2761 2135 id
2785 2094 2888 2148 est,
2923 2084 3261 2137 incendendo
3290 2098 3341 2137 et
3364 2084 3702 2139 destruendo
3727 2085 3781 2143 in

2199 2165 2285 2205 me
2311 2152 2605 2219 lasciviam,
2647 2168 2767 2222 quae
2806 2168 2900 2220 per
2929 2156 3149 2207 arietem
3176 2153 3518 2223 designatur;
3554 2166 3617 2210 et
3646 2154 3771 2222 ole-

2196 2237 2306 2291 ram
2346 2222 2435 2276 tibi
2464 2225 2608 2277 boves
2636 2240 2750 2277 cum
2792 2225 2969 2289 hircis,
3003 2224 3054 2278 id
3095 2236 3199 2291 est,
3244 2222 3313 2280 et,
3328 2226 3487 2280 boves
3514 2236 3579 2281 et
3609 2228 3779 2285 hircos

2198 2290 2326 2365 item
2369 2308 2489 2349 cum
2524 2298 2762 2360 incenso,
2796 2295 2848 2349 id
2878 2304 2980 2365 est,
3014 2290 3295 2350 incendam
3326 2297 3379 2350 in
3420 2311 3507 2352 me
3538 2300 3778 2354 cervico-

2194 2362 2411 2438 sitatem
2442 2375 2494 2419 et
2523 2366 2847 2438 superbiam,
2880 2362 3002 2435 quae
3046 2366 3376 2438 perAbovem
3423 2367 3773 2438 designatur;

2194 2442 2248 2486 et
2275 2435 2552 2508 incendam
2581 2436 2634 2490 in
2668 2452 2752 2492 me
2782 2435 3119 2505 peccatorum
3151 2436 3396 2502 fetorem,
3426 2440 3515 2507 qui
3546 2435 3650 2508 per
3674 2435 3776 2496 biré

2193 2517 2320 2582 cum
2354 2506 2682 2582 designatur.
2738 2508 2805 2582 Et
2830 2509 2965 2582 llaec
3000 2509 3219 2582 incensa
3247 2510 3339 2563 tibi
3368 2506 3621 2579 onerati],
3661 2514 3773 2582 quia

2195 2572 2297 2628 hoc
2321 2578 2426 2630 erit
2456 2572 2549 2632 tibi
2577 2578 2895 2633 delectabile
2920 2580 3268 2634 sacrificium.

2275 2644 2469 2715 Venite,
2517 2656 2562 2703 et
2603 2651 2798 2721 audite,
2847 2659 2891 2703 et
2940 2652 3181 2717 narrabo,
3236 2666 3407 2705 omnes
3452 2652 3543 2721 qui
3597 2654 3770 2709 timetis

2198 2716 2383 2793 Deum,
2413 2730 2615 2793 quanta
2661 2720 2781 2787 fecit
2821 2721 3004 2793 animle
3045 2737 3189 2776 mete.
3235 2721 3351 2793 Alia
3378 2716 3503 2777 item
3532 2725 3767 2793 gentium

2194 2788 2481 2864 invocatio,
2515 2805 2613 2864 nec
2633 2792 2923 2864 superfluit
2969 2793 3125 2847 toties
3169 2792 3368 2856 vocari,
3400 2788 3766 2864 cum'quidam

2190 2859 2363 2931 adhuc
2386 2861 2491 2915 siut
2514 2862 2666 2931 pigri,
2700 2859 2970 2917 multoties
3003 2872 3180 2919 tamen
3206 2864 3397 2919 vocati.
3416 2859 3763 2931 Quasi'dicat:

2206 2928 2386 2983 Venite
2405 2970 2422 2997 ,
2456 2928 2699 3009 nationes
2729 2934 3051 3009 longinquae,
3072 2935 3389 3009 ‘bened‘icite
3417 2928 3612 3009 Deum,
3644 2953 3762 3009 geu-

2194 3010 2300 3076 tes;
2335 3017 2430 3055 vos
2456 3004 2639 3076 etiam,
2664 3020 2834 3076 omnes
2858 3005 3091 3075 (gentes)
3112 3007 3199 3076 qui
3228 3006 3411 3059 timetis
3436 3005 3603 3060 Deum
3627 3004 3763 3063 casto

2195 3071 2411 3136 timore,
2446 3074 2622 3128 venite
2656 3071 2905 3141 passibus
2934 3071 3082 3141 fidei,
3121 3071 3301 3131 audite
3334 3092 3465 3132 aure
3494 3079 3762 3143 audiendi,

2191 3151 2238 3217 et
2290 3145 2509 3217 narrabo
2556 3144 2727 3217 vobis.
2776 3145 2893 3201 Non
2934 3156 3017 3217 est
3061 3161 3318 3214 narrare,
3369 3148 3473 3202 nisi
3521 3151 3666 3217 prius
3701 3151 3764 3204 sit

2192 3213 2399 3287 timere.
2444 3214 2581 3281 Quid
2629 3218 2903 3287 narrabo?
2956 3214 3171 3273 Scilicet
3221 3213 3413 3287 quanta
3463 3213 3607 3275 bona
3655 3222 3762 3287 {erit

2193 3282 2332 3360 _Deus
2380 3288 2574 3360 animle
2611 3303 2765 3341 mete:
2800 3286 2909 3341 Hoc
2956 3290 3158 3360 priores
3204 3282 3273 3344 de
3313 3289 3539 3355 Judaais,
3576 3282 3665 3360 qui
3712 3294 3759 3347 in

2190 3353 2292 3407 hoc
2314 3356 2529 3432 psalmo
2562 3353 3030 3432 loquuntur,_non
3073 3359 3373 3432 invidentes
3402 3353 3759 3432 evangelicae:

2189 3425 2416 3501 gratiam
2448 3437 2501 3481 et
2531 3429 3067 3501 concorporationem
3108 3431 3379 3501 gentibus,
3413 3425 3644 3488 ideo‘eis
3672 3448 3756 3486 aa-

2192 3498 2463 3563 nuntiant,
2497 3508 2552 3552 ut
2579 3500 2834 3555 attentius
2864 3499 2929 3553 ad
2961 3498 3131 3555 lidem'
3154 3502 3394 3569 veniant,
3439 3512 3496 3557 et
3524 3503 3759 3559 eamdem

2188 3580 2348 3639 quam
2378 3579 2431 3622 et
2457 3569 2558 3637 ipsi
2584 3570 2813 3639 gratiam
2841 3570 3125 3639 accipiant.
3394 3574 3399 3579 ’

2260 3636 2340 3688 Ad
2368 3636 2532 3719 ipsum
2558 3636 2650 3719 ore
2678 3656 2789 3719 meo
2818 3636 3052 3708 clamavi,
3098 3651 3145 3696 et
3188 3640 3545 3719 exaltavi_sub
3589 3646 3759 3719 lingua

2189 3723 2318 3761 mea.
2376 3709 2672 3784 Nucrabo,
2707 3713 2952 3784 inquam,
3008 3721 3199 3781 quanta
3245 3715 3363 3784 fecit
3410 3716 3555 3771 Deus
3581 3709 3757 3773 annue

2190 3793 2333 3858 mete,
2358 3782 2478 3859 quia
2509 3782 2622 3859 huic
2644 3782 2749 3859 duo
2772 3782 2898 3837 mihi
2928 3784 3161 3839 maxime
3190 3782 3337 3859 fecit,
3364 3787 3599 3854 scilicet,
3622 3790 3757 3859 quod

2188 3849 2278 3918 qui
2310 3856 2452 3924 prius
2481 3852 2775 3907 clamabam
2807 3868 2901 3909 ore
2933 3869 3041 3909 non
3088 3869 3229 3921 meo,
3268 3853 3383 3924 jam
3429 3849 3655 3914 clamavi
3679 3876 3757 3914 ore

2192 3935 2321 3997 meo:
2375 3921 2440 3975 Et
2471 3925 2557 3991 qui
2594 3925 2737 3992 prius
2752 3924 3062 3997 _clamabam
3091 3926 3160 3980 ad
3182 3921 3393 3991 Jovem,
3435 3930 3661 3997 scilicet,
3706 3940 3756 3985 et

2189 3992 2251 4067 ad
2285 3990 2607 4061 Saturnum,
2630 3994 2770 4067 etiad
2801 4004 2995 4050 caetera
3024 3997 3310 4065 dzemonia,
3347 3990 3459 4067 jam
3488 3990 3667 4055 clamo
3694 4003 3756 4055 ad

2188 4060 2362 4129 ipsum
2393 4079 2600 4130 verum,
2634 4066 2859 4131 scilicet,
2899 4066 3086 4121 Deum.
3138 4068 3231 4123 llle
3275 4060 3379 4123 non
3429 4071 3629 4127 clamat
3664 4086 3754 4127 suo

2186 4146 2305 4211 ore,
2325 4136 2420 4209 qui
2444 4138 2569 4213 et-si
2594 4146 2795 4213 atterite
2822 4138 2951 4191 satis
2972 4149 3115 4207 agat,
3146 4155 3249 4193 non
3275 4150 3455 4195 tamen
3486 4143 3591 4197 hoc
3620 4155 3744 4213 agit,

2188 4202 2271 4269 pia
2322 4203 2639 4262 intentione.
2691 4206 2904 4263 Clamat
2935 4202 3063 4263 vero
3092 4202 3187 4265 ore
3216 4225 3315 4265 suo
3344 4213 3493 4265 cordi
3524 4202 3754 4268 consitae

2188 4273 2405 4342 aliquis,
2466 4279 2678 4344 quando
2730 4281 2882 4350 quod
2918 4281 3155 4335 exterius
3203 4281 3331 4350 agit,
3387 4283 3471 4336 vel
3525 4284 3751 4350 loquitur

2187 4353 2411 4418 attente,
2444 4362 2509 4401 ex
2541 4349 2623 4417 pia
2672 4348 2912 4418 procedit
2958 4348 3275 4405 intentione.
3304 4352 3388 4406 ‘Et
3415 4362 3499 4406 est
3529 4348 3753 4410 breviter

2186 4413 2404 4491 dicere:
2434 4413 2555 4473 llzec
2584 4413 2689 4474 duo
2739 4421 3002 4490 prmeipua
3029 4423 3166 4477 bona
3199 4420 3327 4477 fecit
3352 4423 3483 4477 mihi
3515 4424 3675 4491 Deus,
3700 4435 3753 4481 ut

2186 4494 2241 4562 et
2263 4486 2329 4539 ad
2361 4489 2531 4562 ipsum
2561 4486 2807 4557 clamem,
2852 4486 3042 4562 etiore
3090 4507 3212 4548 meo
3254 4494 3505 4559 clamem,
3554 4496 3606 4549 id
3654 4486 3752 4562 est,

2104 4547 2156 4607 Ι)
2187 4547 2544 4634 intentissime
2584 4547 2846 4634 clamem.
2902 4561 2968 4615 Et
3012 4563 3133 4618 ideo
3161 4547 3242 4617 ad
3284 4566 3452 4634 ipsum
3493 4547 3749 4633 etimit;

2178 4629 2302 4695 quia
2326 4644 2446 4684 eum
2475 4632 2717 4698 exaltavi,
2749 4631 2800 4686 id
2826 4641 2931 4696 est,
2961 4637 3206 4689 omnibus
3234 4629 3502 4703 praeposui
3536 4637 3627 4691 sub
3649 4629 3750 4691 lin;

2176 4714 2277 4778 gua
2304 4716 2436 4766 mea,
2470 4704 2525 4778 id
2558 4714 2664 4778 est,
2706 4704 2963 4778 in_c0rde
2989 4719 3127 4778 meo.
3161 4705 3257 4761 Vel
3285 4707 3409 4776 quia
3440 4708 3493 4761 in
3527 4722 3594 4763 eo
3622 4724 3751 4778 prt-

2176 4770 2331 4846 cipue
2360 4773 2619 4846 exaltagi,
2644 4775 2787 4843 quod
2812 4785 3033 4844 propter
3057 4776 3222 4831 libros
3249 4770 3508 4845 quosdam
3531 4770 3745 4846 dicitur,

2174 4843 2277 4920 qui
2300 4843 2499 4898 habent
2529 4842 2829 4920 ExsultaviC
2853 4842 2957 4899 (ΖοΓ
2985 4862 3114 4920 vero
3145 4842 3392 4920 ideo-sub
3420 4848 3604 4920 lingua
3630 4842 3747 4906 esse

2175 4912 2406 4993 dicitur,
2470 4914 2591 4993 quia
2654 4918 2805 4993 quasi
2869 4912 3748 4993 quoddamsubjectum'linguz

2173 4992 2277 5059 est.
2308 4980 2472 5059 Prior_
2488 4980 2632 5059 enim
2674 4980 2964 5057 cogitatio,
3021 4988 3212 5044 deinde
3269 4980 3446 5059 lingua
3471 5030 3487 5055 ,
3543 4990 3598 5045 id
3636 4980 3749 5059 ξεί,

2176 5052 2393 5107 locutio.
2429 5054 2524 5110 Vel
2570 5056 2690 5111 ideo
2734 5052 2893 5131 etiam
2932 5059 3131 5131 dicitur
3179 5060 3305 5127 sub,
3346 5052 3489 5130 ἠυἰὰ
3545 5078 3640 5131 per
3687 5052 3746 5119 se

2175 5137 2280 5205 non
2315 5134 2490 5191 potest
2517 5135 2701 5195 patere
2725 5127 3000 5199 cogitatio,
3051 5131 3145 5187 sed
3193 5146 3287 5201 per
3332 5127 3575 5205 linguam
3625 5149 3747 5205 ape-

2175 5204 2329 5249 l‘lllll‘.

2244 5262 2577 5346 iniquitatem
2694 5270 2839 5346 Vere
2866 5286 2988 5346 eum
3018 5273 3267 5346 exsultavi
3291 5274 3381 5329 sub
3411 5275 3594 5346 lingua
3618 5294 3747 5343 mea,

2173 5338 2294 5405 quia
2337 5352 2441 5392 non
2490 5339 2587 5392 luit
2623 5342 2900 5415 iniquitas
2934 5344 2988 5398 in
3027 5345 3191 5399 corde
3239 5360 3381 5415 meo,
3425 5338 3571 5413 talis,
3600 5338 3741 5415 dico,

2172 5422 2329 5487 quam
2376 5422 2472 5487 ego
2522 5411 2839 5487 aspicerem,
2889 5414 2938 5487 id
2986 5426 3089 5480 est,
3142 5430 3273 5483 quas
3314 5411 3443 5471 mihi
3490 5411 3744 5487 placeret.

2171 5476 2285 5558 Non
2318 5476 2460 5559 enim
2495 5476 2704 5559 penitus
2750 5476 3086 5559 ittiquitatem
3134 5476 3398 5559 denegare
3431 5476 3743 5559 possumus,

2172 5548 2295 5628 quia
2318 5551 2362 5603 si
2389 5551 2665 5628 dixerimus
2709 5548 3149 5628 quod-peccatum
3189 5548 3300 5610 τιοῆ
3337 5548 3607 5628 habemus,
3649 5548 3743 5619 nos

2174 5619 2332 5705 ipsos“
2357 5623 2665 5705 seducimus.
2720 5619 2957 5705 Necille
2985 5628 3039 5681 in
3067 5625 3217 5705 cujus
3246 5629 3408 5705 corde
3435 5642 3529 5705 es_t_
3550 5619 3743 5705 iniqui-

2175 5693 2462 5775 tas,iDe‘um
2488 5694 2708 5775 exaltat,
2736 5696 2817 5751 vel
2846 5696 2896 5751 in
2921 5697 3034 5753 Deo
3054 5693 3305 5775 essultat,
3330 5701 3411 5775 vel
3442 5701 3533 5757 ubi
3563 5693 3743 5775 proxi-

2173 5773 2292 5836 mus
2354 5763 2715 5836 deprimitur,
2769 5783 3035 5835 nunquam
3092 5769 3232 5823 Deus
3278 5763 3580 5829 exaltatur.’
3635 5775 3743 5830 Nec

2173 5832 2381 5889 duobus
2428 5834 2659 5894 dominis
2699 5832 2991 5911 possumus
3030 5841 3256 5907 servire,
3303 5853 3357 5897 et
3403 5842 3524 5900 ideo
3570 5846 3738 5904 dicit:
