3984 6362
191 337 310 399 825

934 341 1002 399 ΙΝ
1041 341 1467 401 PSALMORUM
1506 338 1766 397 LIBRUM
1804 338 2163 397 EXEGESIS.
2207 368 2275 383 —
2316 335 2566 399 PSALM.
2609 338 2793 401 LXVI.

3350 340 3463 401 8‘26

194 458 227 513 1
238 460 540 529 niquitatem
562 473 663 513 non
682 457 923 526 aspexiin
946 459 1095 513 corde
1116 475 1248 513 meo.
1273 457 1402 514 Nam
1426 458 1594 528 (quasi
1619 455 1787 527 dicat)
1817 457 1871 516 Λ
1896 454 2126 529 ὺριιῐςᾼει
2154 456 2329 529 malis,
2371 464 2425 512 et
2466 458 2703 513 aufertur
2742 458 2895 514 bonis
2925 465 2981 515 et
3008 458 3181 518 malls.
3226 461 3281 519 Si
3308 465 3455 522 enim

190 532 245 600 si
270 532 473 600 aspexi,
505 546 609 585 non
627 529 793 584 Deum
818 531 1067 592 exaltavi.
1091 540 1144 585 et
1165 530 1283 584 ideo
1308 547 1407 583 non
1430 530 1669 585 exaudiet
1695 545 1780 585 me

194 599 512 672 Dominus:
548 600 669 669 quia
716 611 891 655 autem
923 616 1028 655 non
1060 604 1265 669 aspexi,
1312 611 1579 672 propterea
1624 618 1783 655 erait-

195 674 332 726 diin't
375 688 460 727 me
492 671 746 727 Dominus
792 672 857 726 ad
910 672 1081 741 ipsum
1130 671 1472 728 clamantem.
1544 673 1608 727 Et
1657 686 1785 727 vere

194 745 499 806 exaudivit,
532 746 655 811 quia
694 743 909 796 attendit
960 744 1067 797 voci
1117 745 1491 812 deprecationis
1535 760 1682 810 mete,
1731 744 1783 797 id

191 826 307 884 est,
357 817 567 870 intense
606 814 972 882 deprecationi
1023 830 1155 869 mea:
1203 830 1298 884 pro
1344 818 1575 884 peccatis
1607 815 1780 869 facite.

192 882 363 941 Unde
407 886 699 939 benedictus
742 887 812 939 sit
852 886 1133 953 Dominus,
1162 882 1217 941 et
1244 882 1439 955 repetit
1469 890 1633 952 unde,
1661 887 1785 952 quia

193 973 308 1010 non
338 959 523 1011 amovit
546 956 829 1010 orationem
856 972 1022 1011 meam
1048 972 1144 1026 pro
1167 959 1565 1026 perseverantia
1591 958 1782 1011 factam

194 1042 229 1079 a
263 1043 351 1093 se,
384 1039 436 1083 et
466 1027 872 1081 misericordiam
918 1044 1062 1082 suam
1108 1028 1252 1082 circa
1283 1035 1588 1097 utrumque,
1639 1028 1787 1081 scili-

1887 526 2016 586 solis
2055 527 2209 581 bonis
2239 528 2514 595 darentur,
2548 540 2861 597 putarentur
2888 532 3011 586 mali
3042 532 3208 589 Deum
3249 542 3459 591 tantum

1885 612 2006 656 esse
2034 598 2314 653 colendum
2346 608 2567 668 propter
2592 600 2678 655 illa
2712 600 2868 656 bona.
2903 601 2958 657 Si
2986 604 3129 659 enim
3175 606 3307 660 solis
3348 621 3466 663 rna-

1888 673 1952 727 lis
1981 669 2258 733 darentur,
2300 669 2605 725 dubitarent
2648 672 2842 727 infirmi
2891 674 3136 740 credere,
3190 686 3243 730 et
3283 677 3463 733 adhuc

1888 742 2326 816 minuscapaces
2358 743 2506 816 regni
2539 742 2653 816 Dei,
2687 744 2808 816 quia
2828 744 3086 816 timerent
3118 748 3231 801 haec
3257 758 3462 816 tempo-

1889 812 2018 869 ralia
2045 811 2148 883 sibi
2185 811 2392 883 deesse.
2440 814 2564 867 Item
2592 814 2633 866 si
2669 811 2797 867 s0lis
2826 814 2977 869 bonis
3005 811 3380 883 auferrentur,
3406 819 3458 874 id

1890 893 1992 947 est,
2020 882 2178 936 timor
2205 882 2258 936 in
2290 884 2516 937 inlirmis
2547 893 2728 949 esset;
2768 885 2813 940 si
2843 900 2972 940 vero
3012 889 3141 943 solis
3182 889 3335 943 malis
3358 882 3463 943 au-

1893 956 2180 1027 ferrentur,
2230 962 2545 1027 putarentur
2592 968 2652 1010 ea
2702 970 2827 1027 vera
2875 971 2994 1012 esse
3036 963 3189 1022 bona,
3237 974 3461 1027 quomm

1892 1025 2155 1080 ablatione
2199 1024 2559 1092 plecterentur
2612 1025 2780 1091 mali;
2834 1037 2888 1081 et
2940 1030 3057 1081 ideo
3105 1024 3462 1085 communiter

194 1108 312 1163 cet,
334 1100 474 1154 circa
501 1098 953 1167 deprecationem.
974 1109 1028 1154 et
1046 1097 1185 1154 circa
1208 1098 1506 1154 orationem
1529 1114 1631 1152 non
1651 1112 1791 1151 amo.

195 1170 279 1224 vit
294 1188 330 1224 a
352 1187 449 1236 me,
467 1170 588 1241 quia
610 1178 665 1226 et
681 1180 899 1240 peccata
921 1170 1145 1234 remisit,
1170 1180 1224 1224 et
1244 1172 1600 1224 constantiam
1621 1168 1786 1225 dedit.

673 1265 738 1321 IN
777 1264 1098 1322 PSALMUM
1141 1261 1321 1319 LXVI.

345 1361 402 1417 In
438 1361 615 1427 linem,
644 1359 696 1415 in
727 1359 941 1431 hymnis
970 1360 1207 1429 psalmus
1236 1358 1429 1415 cantici
1464 1358 1654 1415 David.

811 1468 1191 1510 ARGUIENTUM.

274 1543 399 1601 Hoc
439 1560 648 1616 quoque
690 1546 928 1601 carmine
972 1545 1174 1617 reditus
1216 1545 1394 1613 populi
1426 1560 1491 1601 ex
1521 1545 1793 1617 Babylone

200 1618 541 1685 prmdiritnr,
574 1619 627 1672 in
663 1634 766 1685 quo
803 1618 993 1672 iisdem
1027 1616 1206 1671 verbis
1241 1631 1579 1671 reversornm
1608 1618 1795 1672 alacri-

200 1700 287 1741 tas
324 1689 614 1753 indicatur,
644 1689 838 1756 quibus
862 1697 919 1742 ut
946 1687 1253 1742 sacerdotes
1284 1689 1477 1757 populo
1508 1688 1793 1744 benedice-

200 1767 355 1823 rent,
384 1760 499 1829 lege
528 1762 783 1828 scriptum
810 1768 911 1814 est.

849 1867 1198 1909 EXPLANATIO.

285 1945 527 2016 Hymnus
556 1958 601 2001 et
628 1946 877 2001 canticum
919 1946 1267 2000 laudationem
1311 1946 1627 2015 signiﬁcant,
1679 1960 1795 2009 qua:

200 2026 266 2070 ut
296 2017 517 2070 Domino
548 2026 745 2071 tantum
768 2017 969 2073 Christo
1003 2018 1127 2069 data
1162 2024 1485 2078 monstretur,
1528 2018 1797 2087 praemitti-

200 2098 297 2141 tur
326 2089 381 2142 in
424 2089 604 2143 linem.
656 2087 780 2143 Post
820 2091 1075 2142 canticum
1122 2089 1503 2141 resurrectionis
1547 2089 1797 2158 propheta

199 2163 519 2229 deprecatur
547 2169 600 2212 ut
629 2160 877 2213 benedicti
904 2161 970 2212 ad
1002 2160 1228 2211 divinam
1260 2161 1593 2227 cognitionem
1635 2160 1799 2211 dedu-

199 2246 415 2294 camur,
446 2229 513 2283 nd
542 2247 693 2299 quant
720 2241 892 2283 nostra
928 2246 1031 2283 non
1057 2238 1269 2300 possunt
1301 2231 1479 2282 merita
1512 2230 1795 2296 pervenire.

210 2300 402 2354 Prima
443 2316 561 2371 ergo
605 2312 773 2367 parte,
824 2301 1062 2369 ﬁdelibus
1092 2303 1323 2371 loquens,
1353 2304 1607 2370 supplicat
1636 2308 1688 2353 ut
1717 2301 1800 2354 be-

1899 1098 2038 1170 Dcus
2069 1095 2156 1147 dat
2186 1106 2238 1149 et
2267 1096 2439 1170 aufert
2468 1110 2548 1170 ea
2593 1096 2745 1170 bonis
2773 1107 2826 1152 et
2849 1099 3023 1152 malis.
3058 1100 3219 1156 Bonis
3245 1101 3459 1170 quidem

1893 1168 2007 1232 dat,
2035 1174 2092 1218 ut
2120 1167 2429 1221 consoletur
2467 1167 2612 1233 ipsos
2642 1169 2977 1233 itinerantes,
3012 1172 3164 1226 malis
3194 1167 3319 1226 vero
3347 1173 3458 1237 dat.

1897 1248 1953 1292 ut
1998 1252 2093 1312 per
2128 1251 2224 1291 eos
2251 1237 2733 1312 bonos‘admoneat
2760 1239 2863 1312 alia
2893 1241 3031 1295 bona
3057 1257 3178 1298 esse
3204 1244 3283 1297 eis
3315 1259 3461 1312 qure—

1894 1308 2082 1371 renda,
2114 1323 2231 1376 quas
2262 1323 2364 1361 non
2398 1307 2505 1360 sint
2527 1324 2646 1361 cum
2680 1310 2831 1363 malis
2853 1314 3177 1367 communia.
3210 1307 3344 1368 Cum
3370 1314 3463 1368 dat

1896 1395 1958 1435 ea
1987 1380 2160 1443 bonis,
2210 1394 2314 1432 non
2364 1379 2487 1449 inde
2514 1380 2872 1449 extollantur;
2903 1392 2955 1435 et
2983 1398 3100 1437 cum
3130 1384 3320 1449 aufert,
3355 1399 3461 1438 non

1898 1452 2228 1518 frangantur.
2262 1450 2391 1504 Cum
2424 1448 2535 1513 dat,
2570 1448 2796 1504 habeant
2824 1467 2906 1519 ea,
2939 1468 3043 1506 non
3074 1454 3138 1508 ad
3167 1448 3466 1509 damnatio-

1898 1536 2039 1584 nem,
2081 1520 2172 1573 sed
2202 1520 2265 1573 ad
2289 1522 2739 1594 consolationem.
2781 1523 2884 1579 Iste
2928 1533 3104 1579 autem
3144 1527 3231 1594 qui
3276 1525 3358 1579 hic
3389 1526 3467 1579 lo-

1898 1594 2099 1661 quitur,
2145 1606 2243 1659 qua
2288 1591 2659 1645 benedictione
2704 1594 2768 1647 ab
2796 1610 2859 1648 eo
2887 1607 3038 1661 rogat
3080 1611 3138 1651 se
3161 1591 3467 1651 benedici?

1900 1660 2013 1737 Non
2040 1660 2242 1737 Διιιίψιεξ
2290 1662 2588 1729 temporali,
2616 1677 2772 1730 quam
2803 1680 2906 1737 non
2938 1660 3035 1734 pro
3062 1681 3255 1737 magno
3284 1667 3466 1727 habet.

1900 1735 1994 1789 sed
2040 1733 2129 1786 illa
2168 1733 2268 1785 alia
2297 1748 2454 1802 quam
2486 1740 2665 1787 servat
2704 1735 2910 1795 amicis.
2941 1733 2997 1790 et
3024 1733 3180 1802 quam
3212 1738 3303 1792 dat
3332 1738 3464 1793 solis

1827 1815 1874 1874 B
1897 1805 2076 1880 jiistis.
2110 1802 2338 1880 scilicet,
2370 1813 2424 1855 ut
2455 1804 2783 1880 illuminetur
2812 1807 2985 1880 vultus
3015 1808 3131 1880 ejus
3160 1822 3462 1876 supernos,

1898 1877 2019 1943 quia
2046 1875 2189 1927 hunc
2216 1875 2384 1928 solem
2422 1876 2779 1930 communiter
2811 1875 3073 1933 illuminat
3102 1875 3264 1945 super
3296 1880 3465 1934 bonos

1899 1958 1952 2000 et
1983 1948 2186 2009 malos;
2230 1954 2283 1997 et
2327 1946 2463 1999 hanc
2510 1945 2680 1999 lucem
2720 1951 3073 2004 communiter
3098 1949 3281 2004 vident
3307 1952 3467 2004 etiam

1902 2032 2093 2085 pecora
2143 2030 2265 2085 cum,
2304 2015 2457 2070 bonis
2499 2025 2554 2071 et
2598 2016 2771 2072 malis.
2818 2017 2923 2073 Sed
2959 2019 3059 2076 hoc
3088 2021 3231 2075 aliud
3260 2021 3464 2085 lumen,

1901 2084 2041 2160 quod
2089 2088 2219 2140 solis
2252 2084 2418 2160 justis
2454 2088 2636 2160 datgr,
2688 2089 2895 2144 scilicet
2922 2092 3040 2160 quia
3085 2093 3219 2146 beati
3268 2084 3469 2145 mundo

1901 2159 2085 2223 corde,
2127 2158 2511 2230 quoniamipsi
2548 2157 2714 2230 Deum
2744 2157 3013 2215 videbunt.
3067 2162 3167 2217 Pro
3198 2164 3296 2217 hoc
3321 2170 3469 2230 rogat

1902 2230 2002 2283 iste
2031 2232 2116 2298 qui
2150 2231 2232 2281 hic
2264 2229 2515 2295 loquitur,
2548 2229 2767 2294 scilicet,
2802 2242 2857 2283 ut
2889 2233 3083 2286 vultum
3105 2250 3254 2287 suunt
3283 2229 3473 2286 illumi-

1902 2309 1986 2353 net
2014 2315 2167 2366 super
2190 2316 2299 2363 nos,
2329 2300 2379 2351 id
2409 2307 2509 2365 est,
2550 2300 2795 2355 ostendat
2836 2303 2985 2356 nobis
3030 2306 3234 2358 vultum
3286 2317 3463 2368 suum,

204 2372 386 2425 ttedici
428 2388 543 2424 cum
586 2374 710 2439 ipsis
740 2383 995 2423 mereatur
1038 2388 1071 2424 it
1100 2370 1336 2429 Domino,
1384 2382 1630 2436 quatenus
1675 2372 1801 2424 illu-

203 2444 398 2494 niinati
448 2442 599 2495 corde
624 2445 677 2495 iit
704 2443 897 2497 cunctis
936 2441 1166 2511 gentibus
1216 2440 1477 2495 Christum
1525 2441 1801 2495 Dominum

206 2512 604 2583 praedicandum
653 2530 763 2567 esse
810 2522 1137 2583 cognoscant.
1193 2512 1409 2583 Deinde
1440 2528 1705 2566 conversos
1734 2514 1800 2567 ad

209 2582 499 2637 Dominum
545 2585 825 2654 prap/ietiie
871 2582 1110 2650 spiritum
1155 2582 1502 2654 conﬁtendum
1548 2582 1644 2654 illi
1676 2583 1802 2639 dicit

208 2671 247 2706 α
298 2653 552 2721 populis,
580 2656 702 2721 quia
749 2664 919 2722 gentes
954 2657 1156 2724 judicat
1211 2653 1265 2707 in
1314 2655 1573 2723 aquitate.
1632 2653 1802 2710 Tertio

210 2727 462 2778 eumdem
506 2740 703 2779 versum
731 2728 931 2793 repetit,
964 2741 1114 2796 quem
1139 2726 1369 2790 superius
1415 2726 1567 2791 dixit,
1611 2725 1703 2778 hoc
1750 2728 1804 2781 in

213 2802 525 2868 mysterium
561 2797 832 2866 adjiciens,
870 2799 991 2866 quia
1042 2801 1261 2868 fructum
1305 2812 1455 2850 suum
1511 2809 1647 2852 terra
1690 2798 1802 2867 jam

214 2867 459 2939 protulit,
491 2876 538 2921 et
563 2868 678 2922 ideo
721 2867 1047 2938 frequentata
1069 2868 1216 2921 verba
1247 2871 1470 2939 postulat
1500 2884 1594 2923 nos
1623 2868 1804 2923 debere

215 2937 473 2992 benedici.

808 3025 1232 3066 COIIENTARIUS.

294 3077 442 3133 Deus
461 3088 758 3135 misereatur
780 3084 964 3145 nostri,
989 3093 1035 3136 et
1062 3084 1325 3137 benedicat
1345 3084 1511 3137 nobis.
1540 3082 1606 3137 In
1628 3083 1800 3152 ﬁnem,

214 3153 274 3205 in
306 3154 512 3219 hymnis
538 3153 764 3219 psalmus
789 3155 976 3207 cantici
1001 3152 1189 3208 Dauid.
1213 3154 1419 3210 Oratio.
1447 3154 1606 3208 David
1632 3156 1800 3211 sancti

218 3223 328 3295 viri
360 3222 725 3295 deprimitivo
755 3225 948 3293 populo
987 3224 1322 3294 patriarchae,
1356 3226 1471 3280 sive
1500 3225 1796 3295 prophetat.

216 3294 340 3349 sive
377 3294 539 3365 etiam
566 3296 734 3349 sancti
764 3296 1010 3363 apostoli,
1052 3295 1393 3364 providentes
1424 3311 1517 3363 per
1543 3296 1800 3365 Spiritum

216 3372 471 3418 sanctum
511 3364 740 3419 futuram
770 3380 890 3419 esse
918 3368 1448 3436 concorporationem
1492 3366 1797 3421 Judaaornm

216 3444 277 3490 et
319 3436 582 3503 gentium,
612 3444 668 3491 et
697 3437 942 3505 utrisque
987 3436 1483 3491 communicandam
1528 3438 1797 3505 evangeli-

216 3520 343 3577 cam
383 3508 627 3574 gratiam,
679 3515 734 3562 et
780 3508 1191 3564 resurrectionis
1241 3508 1493 3577 gloriam,
1544 3516 1700 3561 orant
1746 3508 1799 3562 in

219 3575 327 3629 hoc
360 3577 583 3644 psalmo,
619 3586 677 3630 ut
698 3592 794 3645 per
826 3586 993 3632 totum
1024 3580 1207 3633 orbem
1239 3575 1342 3633 illa:
1372 3578 1488 3631 alite
1518 3592 1644 3632 oves
1674 3578 1798 3632 illu-

216 3647 497 3701 minentur
519 3648 665 3702 vultu
695 3648 790 3704 Dei
818 3662 977 3716 super
1000 3663 1117 3714 eas,
1141 3649 1227 3718 qui
1257 3648 1309 3702 in
1338 3647 1416 3704 eis
1438 3658 1655 3718 propter
1684 3649 1798 3703 ido-

220 3718 491 3789 Iplatriam
524 3719 755 3773 maxime
782 3720 1107 3789 robscuratus
1143 3720 1333 3784 fuerat,
1367 3720 1419 3774 in
1451 3735 1611 3772 unum
1639 3720 1795 3789 quid-

216 3786 349 3840 dani'
374 3797 746 3857 aggregentur,
780 3788 837 3844 et
865 3790 993 3844 Iiaiit
1020 3805 1182 3843 unum
1212 3791 1379 3857 ovile,
1408 3790 1529 3859 quia
1557 3799 1639 3844 est
1656 3786 1799 3847 unus

216 3868 427 3930 pastor.
464 3859 527 3913 Et
559 3860 799 3915 hortatur
843 3874 939 3913 nos
987 3875 1093 3914 non
1138 3860 1205 3914 de
1250 3861 1331 3914 liis
1375 3861 1462 3930 qui
1493 3872 1642 3915 extra
1674 3870 1801 3916 sunt

219 3929 602 3998 desiieremus,
654 3931 747 3985 sed
798 3944 1010 3999 semper
1054 3946 1149 4000 pro
1178 3931 1307 3999 ipsis
1338 3929 1713 3995 utintroeant,
1746 3942 1800 3987 et

222 4000 505 4054 nobiscum
553 4004 697 4055 intus
732 4000 839 4055 sint
885 4016 1121 4067 oremus,
1164 4010 1219 4056 et
1253 4011 1307 4055 ut
1336 4016 1391 4055 se
1419 4004 1506 4070 qui
1539 4004 1617 4056 sic
1644 4012 1799 4058 orant

218 4071 495 4125 imitemur
524 4088 540 4126 :
575 4070 715 4126 Deus
733 4074 1034 4125 misereatur
1062 4074 1243 4137 nostri,
1268 4081 1312 4127 et
1345 4073 1606 4127 benedicat
1628 4074 1795 4132 nobis.

217 4138 484 4213 Dominus
511 4152 563 4197 et
594 4142 753 4197 Pater
776 4152 954 4197 noster
984 4157 1111 4198 vere
1141 4144 1372 4213 agricola
1402 4145 1611 4207 dicitur,
1647 4145 1795 4212 juxta

213 4211 361 4286 quod
379 4212 665 4286 Apostolus
694 4222 915 4286 testatur
941 4213 1157 4286 dicens:
1179 4211 1282 4268 ‘Dei
1312 4216 1628 4286 agricultura
1650 4211 1794 4279 estis,

212 4279 320 4334 Dei
369 4279 645 4353 ttdiﬁcatio
691 4285 828 4338 estis.
880 4284 995 4353 Ipse
1025 4285 1152 4339 colit
1177 4300 1295 4351 nos,
1331 4279 1387 4339 iit
1413 4286 1796 4341 iiiliabitet'nos

213 4360 471 4419 tanquam
500 4355 783 4409 mdilicium
811 4370 987 4419 suum,
1036 4365 1092 4410 et
1131 4357 1207 4409 sic
1242 4357 1563 4411 misereatur
1604 4358 1794 4411 nostri.

211 4420 363 4495 colit
410 4425 567 4479 etiam
619 4440 720 4480 nos
765 4433 1013 4494 tanquam
1070 4440 1252 4495 agrum
1303 4442 1493 4492 suum,
1547 4436 1794 4495 tanquam

209 4494 430 4548 vineam
462 4510 637 4561 suam,
670 4505 727 4550 ut
754 4498 981 4551 multum
1013 4496 1239 4551 fructum
1270 4497 1575 4561 alferamus,
1621 4494 1673 4551 et
1718 4500 1793 4552 sic

213 4562 489 4635 benedicit
535 4567 708 4623 nobis.
759 4565 1049 4621 Cantemus
1099 4582 1225 4635 ergo
1275 4570 1387 4622 IIIBC
1439 4570 1487 4622 ei
1542 4578 1794 4635 tanquam

210 4633 473 4706 agricolae
521 4638 847 4706 compluenti
893 4652 1013 4704 nos,
1062 4633 1303 4692 dicentes
1350 4653 1447 4692 nos
1490 4654 1596 4692 non
1628 4633 1795 4691 sterili

208 4704 527 4772 devotione,
571 4704 674 4761 non
722 4709 865 4761 inani
900 4722 1050 4774 voce,
1093 4708 1188 4761 sed
1217 4710 1392 4763 veraci
1424 4709 1586 4763 corde
1615 4727 1629 4763 :
1660 4709 1797 4761 Deus

207 4775 521 4830 misereatur
541 4778 721 4843 nostri,
755 4778 1098 4833 inhabitando
1124 4793 1242 4843 nos,
1270 4786 1317 4831 et
1344 4780 1603 4833 benedicat
1627 4780 1791 4844 nobis.

208 4855 272 4899 ut
305 4848 530 4902 multum
571 4848 802 4903 fructum
833 4849 1137 4903 alferamus.
1168 4848 1300 4904 Cum
1337 4850 1476 4905 Deus
1507 4865 1605 4904 nos
1634 4850 1794 4904 bene-

208 4915 349 4970 dicit
372 4918 457 4972 vel
488 4933 588 4974 nos
619 4918 979 4974 benedicimus
1025 4919 1213 4985 Deum,
1258 4935 1353 4974 nos
1393 4933 1629 4988 egemus,
1681 4920 1795 4989 ipse

210 5000 349 5042 vero
379 5003 479 5059 nec
506 4990 877 5045 benedictione
917 4998 1098 5045 nostra
1140 5004 1380 5059 augetur,
1426 5006 1525 5046 nec
1570 4992 1795 5046 maledi-

204 5061 395 5130 ctione
415 5058 693 5116 minuitur.
728 5061 833 5115 Sed
870 5063 958 5130 qui
990 5062 1037 5115 ei
1068 5058 1360 5127 maledicit,
1394 5062 1484 5116 ille
1515 5063 1789 5129 minuitur,

204 5129 292 5203 sic
322 5132 489 5203 etqni
533 5133 584 5203 ei
631 5129 920 5195 benedicit,
973 5144 1216 5203 augetur.
1264 5134 1325 5186 Et
1371 5143 1453 5187 est
1500 5134 1645 5203 prior
1677 5135 1792 5203 ejus

206 5197 515 5255 benedictio
540 5201 592 5257 in
620 5203 796 5265 nobis,
825 5197 1161 5270 consequens
1190 5218 1319 5258 vero
1348 5212 1428 5258 est
1456 5197 1515 5258 ui
1542 5220 1638 5259 nos
1667 5197 1789 5260 eum

207 5271 613 5329 benedicamus.
662 5274 792 5342 Ejus
838 5274 1138 5329 benedictio
1176 5284 1257 5328 est
1287 5275 1436 5343 quasi
1470 5276 1664 5343 pluvia,
1695 5292 1793 5329 no-

204 5349 328 5393 stra
360 5355 486 5413 vero
516 5354 599 5398 est
634 5345 783 5413 quasi
822 5344 1037 5399 ﬂuctus.
1080 5344 1254 5399 Multis
1283 5353 1461 5400 autem
1498 5346 1670 5399 modis
1700 5363 1791 5401 ro-

202 5418 342 5486 gant
368 5409 612 5486 homines
652 5409 720 5468 ab
760 5430 826 5469 eo
869 5430 927 5469 se
978 5416 1240 5482 benedici,
1291 5416 1343 5469 id
1390 5427 1490 5481 est,
1541 5417 1790 5486 multipli-

200 5482 357 5555 cari.
396 5484 497 5540 Alii
542 5486 683 5540 enim
735 5486 789 5541 in
834 5487 1092 5554 pecunia,
1144 5488 1232 5541 alii
1284 5488 1335 5541 in
1392 5488 1642 5555 potentia,
1696 5482 1787 5544 alii

200 5553 502 5627 ingloria,
550 5557 638 5611 alii
698 5557 750 5612 in
803 5553 1027 5623 liberis,
1071 5558 1158 5611 alii
1204 5560 1253 5611 in
1306 5553 1485 5627 agris,
1534 5558 1622 5612 alii
1671 5561 1785 5624 sic,

198 5625 298 5677 alii
353 5628 451 5682 sic.
522 5628 591 5687 Et
646 5628 759 5681 hmo
806 5628 1105 5682 benedictio
1165 5625 1545 5684 datur—etiam
1606 5630 1786 5684 inimi-

203 5694 315 5769 _c_is.
375 5697 471 5752 Est
518 5713 647 5761 vero
674 5700 778 5753 alia
829 5698 1131 5753 benedictio
1178 5714 1297 5769 qua:
1344 5710 1651 5754 reservatur
1698 5715 1787 5755 so-

202 5765 275 5820 lis
322 5769 533 5824 amicis.
586 5769 678 5824 llla
730 5779 905 5824 autem
952 5765 1254 5824 benedictio
1304 5771 1612 5838 temporalis
1639 5786 1787 5826 com-

198 5838 445 5895 moditas
482 5850 565 5898 est
601 5846 903 5897 communis
932 5840 1085 5897 bonis
1110 5852 1163 5898 et
1192 5841 1364 5910 malis,
1397 5842 1524 5912 quia
1553 5844 1710 5899 datur
1732 5853 1786 5901 et

1825 4534 1875 4593 D

1904 2372 1955 2424 id
1985 2380 2088 2434 est,
2121 2370 2451 2423 voluntatem
2481 2384 2654 2436 suam,
2688 2372 2812 2436 quid
2845 2388 2940 2426 nos
2978 2373 3151 2429 facere
3189 2373 3333 2440 velit,
3366 2374 3469 2427 sci-

1903 2441 2027 2497 licet
2057 2449 2112 2494 ut
2150 2441 2290 2509 quod
2322 2441 2518 2495 latebat
2556 2441 2708 2495 nobis
2738 2444 3028 2511 aperiatur,
3063 2445 3112 2499 id
3140 2454 3241 2510 est,
3274 2444 3470 2498 veritas

1903 2522 2293 2583 prmceptorum
2338 2514 2491 2579 ejus;
2541 2522 2595 2566 et
2635 2516 2774 2582 quod
2808 2525 2941 2579 erat,
2974 2517 3067 2570 sed
3093 2515 3463 2571 absconditum

1907 2582 2059 2637 nobis
2086 2594 2221 2644 erat,
2245 2582 2575 2637 illuminetnr
2600 2599 2780 2653 super,
2803 2584 2853 2639 id
2876 2595 2978 2649 est,
3001 2588 3267 2642 reveletur
3287 2587 3468 2653 nobis,

1905 2669 2001 2727 per
2030 2653 2353 2727 quodidein
2399 2654 2537 2724 quod
2592 2660 2738 2723 prius
2783 2660 3089 2727 expressius
3117 2658 3328 2713 dicitur.
3370 2656 3467 2711 Vel

1906 2721 2107 2798 aliter»:
2143 2721 2639 2798 Illuminet'vultum
2687 2721 3037 2798 suum'super
3076 2745 3188 2795 nos,
3244 2728 3297 2781 id
3353 2734 3465 2798 est,

1905 2796 2152 2851 ostendat
2197 2795 2348 2850 nobis
2397 2796 2677 2864 imaginem
2721 2812 2894 2852 suam.
2943 2795 3105 2865 Quasi
3154 2799 3334 2853 dicat:
3364 2797 3469 2851 Im-

1907 2866 2143 2935 pressisti
2176 2866 2329 2919 nobis
2356 2908 2370 2931 ,
2415 2866 2658 2932 Domine,
2705 2869 2908 2922 vultum
2953 2878 3126 2935 tuum,
3173 2868 3341 2925 fecisti
3374 2881 3469 2923 nos

1906 2939 1971 2991 ad
2002 2939 2285 3002 imaginem
2327 2946 2491 3003 tuam,
2536 2938 2703 2993 fecisti
2731 2954 2827 2993 nos
2855 2956 3129 2995 nummum
3160 2947 3326 2995 tuum.
3361 2938 3468 2993 Sed

1910 3023 2013 3062 non
2049 3008 2207 3062 debet
2243 3008 2415 3076 imago
2444 3016 2530 3061 tua
2572 3010 2620 3062 in
2668 3011 2903 3066 tenebris
2935 3026 3234 3078 remanere,
3266 3020 3319 3065 et
3348 3010 3470 3064 ideo

1911 3081 2061 3133 mitte
2103 3078 2281 3133 radios
2336 3080 2612 3151 sapientia:
2664 3090 2786 3146 tute,
2839 3090 2896 3136 ut
2945 3082 3174 3151 depellat
3223 3082 3469 3138 tenebras

1912 3160 2139 3214 nostras,
2188 3160 2237 3205 et
2279 3150 2455 3203 vultus
2502 3160 2621 3204 tuus
2648 3152 2701 3204 in
2732 3152 2886 3206 nobis
2909 3150 3138 3220 eluceat,
3172 3152 3221 3207 id
3253 3162 3352 3219 est,
3384 3167 3470 3207 re-

1905 3235 2289 3289 cognoscamus
2311 3222 2363 3293 in
2387 3223 2538 3275 nobis
2569 3222 2852 3293 imaginem
2883 3231 3053 3289 tuam,
3071 3223 3218 3292 juxta
3248 3223 3390 3293 quod
3413 3223 3465 3279 in

1904 3293 2135 3365 Canticis
2164 3292 2555 3365 canticorum:
2600 3292 2667 3365 Si
2706 3296 2998 3365 cognoveris
3042 3292 3387 3365 temetipsum,
3437 3311 3468 3349 ο

1902 3363 2115 3430 pulchra
2157 3363 2287 3415 inter
2326 3363 2583 3428 mulieres,
2620 3362 2669 3416 id
2697 3362 2798 3430 est,
2832 3364 2875 3418 si
2903 3364 3135 3420 attendis
3166 3362 3217 3420 te
3238 3365 3303 3419 ad
3336 3364 3472 3420 ima-

1900 3433 2075 3503 ginem
2107 3433 2199 3486 Dei
2229 3432 2440 3505 factam.
2483 3434 2642 3500 Quasi
2686 3434 2878 3505 dicat:
2909 3436 2953 3489 0
2994 3436 3235 3505 pulchra,
3281 3434 3334 3489 id
3361 3442 3468 3505 est,

1899 3518 1933 3576 o
1992 3504 2229 3571 pretiosa
2276 3503 2455 3576 anima
2511 3504 2768 3576 sanguine
2820 3507 2955 3576 Agni
2995 3503 3327 3562 'immaculatl
3377 3503 3466 3563 re;

1905 3575 2389 3648 dempta,att_ende
2427 3576 2611 3644 quanti
2638 3575 2837 3638 valeas,
2875 3575 3060 3646 cogita
3106 3576 3232 3648 quid
3267 3591 3371 3648 pro
3415 3586 3472 3635 to

1898 3645 2078 3699 datum
2116 3646 2205 3701 sit.
2240 3646 2491 3699 Dicamus
2540 3660 2671 3713 ergo
2719 3656 2774 3702 et
2820 3645 3066 3717 optemus
3118 3645 3175 3702 iit
3214 3645 3465 3703 illuminet

1897 3718 2093 3769 vultum
2113 3732 2261 3770 suum
2284 3733 2435 3788 super
2458 3733 2571 3772 nos.
2598 3717 2734 3773 Vere
2755 3720 2935 3773 vultus
2959 3719 3075 3784 Dei,
3102 3734 3261 3789 quem
3290 3729 3471 3788 gesta-

1901 3802 2225 3859 mus,sacra
2251 3798 2335 3843 est
2363 3789 2415 3859 in
2446 3789 2674 3859 imagine
2713 3804 2831 3843 sua.
2876 3790 3049 3858 Iniqui
3082 3800 3255 3844 autem
3280 3791 3471 3845 nolunt

1900 3857 2183 3931 imaginem
2234 3859 2323 3913 Dei
2366 3858 2421 3913 in
2455 3874 2513 3914 se
2534 3857 2845 3931 attendere,
2876 3871 2933 3915 ut
2960 3857 3139 3931 vultus
3164 3861 3280 3931 ejus
3309 3876 3470 3926 super

1899 3943 1991 3983 eos
2034 3930 2381 3995 illuminetur,
2428 3930 2655 3997 scilicet,
2698 3942 2755 3985 ut
2788 3932 3003 3986 dicant:
3034 3930 3307 3994 Illuinina,
3357 3931 3466 3985 Do-

1898 4000 2055 4064 mine,
2085 4002 2313 4054 tenebras
2344 4017 2502 4055 meas.
2547 4004 2623 4055 Ae
2666 4001 2708 4055 si
2748 4002 2964 4056 dlcant:
2999 4003 3051 4056 In
3086 4003 3316 4056 tenebris
3343 4016 3467 4069 pec-

1899 4082 2139 4124 catorum
2185 4087 2327 4137 sum,
2365 4072 2514 4126 radio
2544 4073 2818 4140 sapientia:
2860 4080 2963 4125 tua:
2999 4070 3349 4126 discutiantur
3390 4081 3470 4127 te-

1898 4143 2077 4195 nebrat
2110 4158 2261 4205 mem,
2292 4150 2349 4195 ut
2385 4152 2636 4210 appareat
2662 4145 2837 4211 vultus
2864 4150 2985 4196 tuus
3013 4159 3027 4207 ;
3057 4152 3112 4196 et
3132 4143 3176 4195 si
3205 4140 3344 4196 forte
3367 4156 3464 4211 per

1899 4227 1983 4265 me
2032 4224 2311 4281 appareat,
2368 4204 2622 4265 deformis
2658 4204 2889 4281 iell‘ectus
2936 4204 3258 4267 reformetur
3309 4227 3340 4267 a
3368 4204 3464 4278 'te,

1896 4284 2040 4348 quod
2078 4280 2363 4337 I'Ormatum
2388 4290 2612 4354 estate.
2639 4280 2925 4338 Cantemus
2951 4298 3080 4354 ergo
3104 4284 3329 4338 Domino
3357 4282 3468 4338 Deo

1898 4363 2103 4417 nostro,
2145 4364 2391 4420 tanquam
2423 4353 2702 4422 agricolie,
2755 4363 2811 4407 ut
2845 4353 3164 4409 misereatur
3200 4356 3369 4410 nostri
3413 4365 3468 4410 et

1898 4423 2180 4479 benedicat
2210 4424 2388 4496 nobis,
2411 4433 2466 4477 et
2486 4423 2737 4496 illuminet
2759 4425 2962 4495 cultum
2978 4442 3145 4492 suum,
3172 4440 3277 4481 non
3302 4442 3469 4496 quan-

1903 4501 2010 4547 tum
2042 4496 2106 4548 ad
2134 4510 2211 4561 se,
2243 4494 2331 4562 qui
2360 4508 2627 4561 nunquam
2670 4493 2769 4549 fuit
2811 4497 2926 4551 sine
2957 4493 3186 4563 lumine,
3219 4493 3463 4565 sed'quia

1901 4566 2073 4618 vultus
2101 4566 2218 4633 ejus
2248 4565 2561 4636 obscuratus
2609 4566 2815 4620 nebulis
2866 4578 3200 4636 peccatorum
3246 4577 3463 4621 nostrov

1899 4650 2038 4701 rum,
2071 4636 2219 4704 quasi
2253 4633 2388 4688 infra
2435 4650 2535 4690 nos
2578 4646 2726 4703 erat;
2760 4633 2883 4692 ideo
2912 4638 3173 4692 illuminet
3199 4636 3375 4706 ipsum
3409 4638 3461 4691 in

1898 4706 2067 4771 nobis,
2102 4708 2173 4760 ita
2212 4714 2268 4760 ut
2312 4707 2383 4759 sit
2421 4720 2581 4774 super
2627 4723 2743 4772 nos,
2795 4708 2849 4761 id
2899 4717 3005 4773 est,
3052 4717 3108 4763 ut
3146 4708 3462 4763 excellentia

1894 4774 2012 4844 ejus
2041 4782 2315 4846 appareat,
2348 4787 2395 4830 et
2431 4780 2507 4832 sic
2553 4779 2849 4832 misereatur
2895 4781 3074 4835 nostri.
3125 4780 3275 4847 Quod
3327 4780 3464 4833 bene

1895 4849 2163 4901 diversum
2207 4858 2287 4901 est
2315 4862 2344 4901 a
2374 4850 2654 4917 superiori.
2704 4849 2758 4904 In
2806 4850 3068 4917 superiori
3114 4850 3257 4904 enim
3310 4849 3464 4903 mise-

1893 4926 2067 4990 reatur
2106 4920 2273 4989 prima
2320 4920 2578 4986 accipitur
2622 4919 2916 4983 miseratio.
2949 4936 3066 4990 quae
3096 4930 3178 4975 est
3204 4921 3255 4974 in
3287 4920 3460 4987 initio,

1895 4990 1946 5041 in
1980 4989 2083 5060 isto
2112 5005 2238 5044 vero
2284 4990 2595 5060 intelligitur
2626 4991 2735 5060 jam
2779 4989 3291 5060 major'miseratio,
3334 4992 3456 5057 quia

1893 5059 2139 5114 subditur
2160 5131 2172 5135 _
2196 5068 2317 5135 post
2381 5059 2809 5135 benedictionem
2831 5059 2876 5135 ,7
2910 5062 2982 5135 idm
3007 5072 3099 5135 εει
3113 5104 3129 5127 ,
3188 5070 3308 5135 post
3349 5063 3462 5135 fru-

1892 5138 2034 5183 ctum
2068 5131 2433 5199 multiplicem.
2467 5130 2675 5198 Quanto
2707 5133 2872 5201 magis
2898 5130 3039 5185 enim
3076 5131 3214 5186 Deus
3246 5132 3337 5184 dat
3364 5130 3461 5183 ali-

1892 5201 1977 5253 cui
2026 5203 2178 5269 plura
2227 5204 2365 5257 bona
2408 5206 2490 5256 vel
2533 5204 2693 5267 dona,
2748 5211 2897 5256 tanto
2947 5203 3115 5273 magis
3156 5202 3273 5271 ejus
3303 5202 3464 5258 mise-

1892 5279 2054 5325 retur.

1967 5341 2034 5397 Ut
2074 5358 2446 5414 cognoscamus
2461 5344 2515 5395 in
2546 5352 2700 5399 terra.
2732 5342 2813 5398 Ad
2843 5342 2968 5408 lioc,
3014 5344 3250 5414 inquam,
3284 5344 3462 5399 vultus

1892 5422 2015 5468 tuus
2044 5429 2203 5483 super
2249 5428 2346 5467 nos
2396 5413 2743 5480 illuminetur,
2777 5424 2831 5469 et
2862 5415 3165 5471 miserearis
3191 5413 3377 5481 ucstri,
3408 5423 3464 5467 ut

1892 5488 1943 5539 in
1975 5485 2075 5541 hac
2104 5494 2259 5549 terra,
2303 5486 2353 5539 id
2396 5494 2499 5546 est,
2536 5487 2585 5537 in
2632 5486 2731 5539 hac
2778 5486 3028 5551 Idumam,
3072 5495 3212 5542 terra
3241 5488 3380 5541 invia
3407 5494 3461 5541 et

1892 5559 2168 5624 innquosa,
2201 5556 2253 5608 in
2286 5568 2387 5634 qua
2414 5554 2634 5634 difficile
2658 5566 2757 5634 _est
2786 5555 3048 5634 invenire
3068 5558 3241 5634 viam;
3274 5572 3461 5626 cogno-

1889 5644 2090 5681 scnmus
2119 5640 2247 5693 ergo
2272 5628 2407 5677 viam
2430 5634 2591 5690 tuam,
2622 5626 2671 5679 id
2694 5636 2795 5688 est.
2823 5630 2959 5681 viam
2982 5626 3051 5683 ad
3078 5637 3130 5684 te
3157 5630 3461 5693 ducentem,

1890 5700 1901 5751 i
1932 5699 2059 5761 lam,
2090 5698 2319 5761 scilicet,
2350 5694 2508 5769 viam,
2541 5711 2660 5765 qua:
2686 5698 2852 5753 dicit:
2886 5696 2995 5769 Ego
3031 5716 3143 5753 sum
3171 5703 3270 5753 via.
3298 5694 3365 5753 Et
3393 5713 3461 5754 ne

1888 5770 2079 5839 aliquis
2106 5769 2156 5822 in
2189 5770 2285 5839 liac
2323 5767 2404 5819 via
2450 5780 2630 5839 errare
2673 5770 2910 5833 timeret,
2935 5767 3132 5825 addit:
3165 5771 3228 5826 Et
3254 5772 3455 5824 veritas.

1887 5837 2019 5896 Item
2070 5854 2138 5896 ne
2177 5838 2391 5895 timeret
2443 5837 2716 5909 deficere,
2775 5840 2993 5897 subdit:
3030 5842 3095 5898 Et
3141 5843 3276 5915 vita,
3316 5840 3463 5919 scilla
