3984 6362
229 326 345 391 63S

916 327 983 386 IN
1020 325 1441 387 PSALMORUM
1478 329 1737 389 LIBRUM
1776 330 2136 391 EXEGESIS.
2177 362 2246 375 -—
2284 332 2528 392 PSALM.
2579 333 2783 393 LXVII.

3393 347 3494 407 851

222 462 304 507 est
335 452 423 507 lex
454 449 565 519 illa,
596 451 718 526 quia
748 449 989 526 in_firmos
1011 448 1413 526 fecitminando
1436 463 1667 526 prunam,
1696 466 1799 526 non
1831 456 1884 516 Α
1904 451 2052 507 eritis
2088 467 2268 526 pennte
2294 450 2544 526 columbae
2581 454 2943 526 deargentatte.
2989 454 3132 515 Inter
3176 459 3274 518 has
3310 474 3485 519 autem

215 523 465 593 iuvando
492 522 737 594 gratiam.
789 521 868 575 Tu
895 538 1009 594 vero
1037 522 1291 590 ρει-[θεὰςιὶ
1322 538 1434 575 eam
1463 521 1803 594 legem,_quia

219 592 375 663 Quod
408 592 737 661 impossibile
765 602 879 648 erat
900 593 999 663 legi
1031 593 1322 663 secundum
1353 607 1591 655 carnem,
1622 592 1675 647 id
1696 604 1801 659 est,

217 662 375 734 quod
400 681 505 719 non
536 674 744 732 poterat
777 662 980 730 impleri
1003 662 1293 718 secundum
1322 663 1591 718 carnalem
1620 666 1805 719 obser-

219 738 489 799 vantiam,
522 736 689 791 lecisﬁ
721 746 776 789 ut
807 734 962 789 facile
989 734 1299 801 impleretur
1327 736 1616 789 secundum
1644 736 1803 804 Spiri-

217 809 430 863 tualem
457 806 874 877 intelligentiam.
916 804 1008 859 Vel
1034 806 1104 859 ita
1132 805 1393 873 inﬁrmata
1421 817 1493 859 est
1524 806 1804 862 litcreditas

218 885 319 933 tua
371 893 465 947 per
515 875 704 948 legem,
759 875 902 947 quia,
948 877 1198 948 veniente
1256 878 1550 948 mendacio,
1610 880 1801 933 revixit

215 960 534 1018 peccatum,
576 947 633 1003 ct
662 948 785 1015 quia
832 963 927 1017 per
957 947 1126 1016 legem
1174 962 1276 1001 non
1308 947 1403 1001 fuit
1433 950 1511 1001 eis
1542 948 1805 1015 justifies-

215 1021 322 1086 tin,
357 1021 449 1077 sed
482 1020 868 1089 praevaricatio.
902 1019 979 1073 Tu
1006 1034 1122 1072 vero
1151 1020 1407 1087 perfeciin
1427 1036 1538 1072 eam
1571 1020 1804 1075 haeredi-

214 1100 414 1159 tatem,
447 1092 593 1161 quia,
624 1090 927 1146 abundante
953 1100 1188 1157 peccato,
1217 1100 1273 1143 et
1322 1090 1685 1159 multiplicatis
1716 1093 1801 1147 in-

212 1161 564 1217 firmitatibus
618 1176 836 1229 eorum,
894 1162 1362 1230 acceleraVeruut,
1418 1163 1485 1215 ad
1534 1162 1799 1220 medicum

213 1232 623 1302 ingemuerunt,
664 1246 953 1287 oraverunt
983 1243 1059 1299 ut,
1103 1249 1168 1287 eo
1194 1231 1430 1302 juvante,
1466 1232 1797 1303 impleretur,

212 1304 368 1375 quod
397 1304 700 1375 eojnbente
725 1318 832 1375 non
863 1304 1200 1371 implebatur.
1324 1373 1333 1375 Α
1696 1363 1702 1370 .

292 1372 557 1429 Anima—lia
586 1385 691 1429 tua.
724 1372 1023 1441 l’erfecisti,
1054 1379 1293 1445 inquam,
1323 1373 1713 1443 haereditatem,
1747 1389 1802 1435 et

209 1444 275 1501 in
304 1460 367 1501 ea
407 1446 720 1502 haereditate
762 1446 1075 1501 liahitabunt
1103 1444 1373 1512 animalia,
1407 1447 1457 1500 id
1488 1456 1590 1513 est,
1620 1451 1798 1505 mino-

211 1530 312 1573 res
360 1516 566 1583 fideles,
595 1517 685 1587 qui
732 1518 908 1573 adhuc
956 1518 1133 1573 alendi
1173 1525 1315 1571 sunt.
1348 1519 1627 1584 Animalia,
1655 1520 1796 1585 dico,

210 1598 333 1656 tua,
367 1603 474 1644 non
494 1604 611 1654 sua,
637 1588 733 1642 tibi
755 1590 985 1651 subdita.
1015 1590 1262 1660 noursibi,
1291 1590 1450 1644 libera
1472 1593 1538 1642 ad
1565 1602 1615 1645 te
1636 1606 1799 1660 egen-

208 1662 313 1725 tla,
363 1674 467 1716 non
513 1660 580 1715 ad
628 1668 679 1715 te
708 1661 1047 1716 sufficientia.
1100 1659 1163 1713 Et
1195 1660 1312 1715 ideo
1360 1660 1428 1713 ibi
1472 1659 1793 1729 habitabant,

206 1733 345 1799 quia
376 1742 455 1793 tu,
489 1732 645 1795 Deus,
679 1734 896 1798 parasti,
931 1732 982 1786 id
1018 1741 1121 1797 est,
1156 1740 1397 1800 paratum
1451 1731 1618 1785 fecisti
1660 1750 1795 1802 pna-

319 1802 436 1885 i,.id
470 1812 571 1885 est,
604 1803 796 1885 cuique
839 1802 1066 1885 interius
1094 1817 1154 1885 se
1184 1803 1493 1883 pauperanti
1534 1804 1791 1885 ethumi-
1828 1826 1874 1885 Β

234 1872 368 1928 ianti
415 1873 467 1927 in
499 1874 809 1929 haereditate
838 1875 949 1930 illa.
993 1875 1059 1928 Et
1107 1873 1207 1928 hoc
1239 1888 1341 1927 non
1376 1873 1429 1928 in
1458 1874 1664 1931 meritis
1702 1890 1795 1932 eo-

205 1957 359 2011 rum,
384 1946 476 1999 sed
504 1946 557 1999 in
579 1946 871 2013 dulcedine,
905 1945 956 1999 id
988 1954 1089 2009 est,
1120 1945 1353 2000 bonitate
1384 1954 1492 1998 tua.

292 2015 540 2071 Dominus
579 2015 741 2070 dabit.
774 2017 1019 2072 Ostendit
1056 2031 1213 2085 quem
1244 2024 1559 2085 apparatum
1591 2017 1795 2087 fecerit,

204 2094 267 2140 et
292 2088 564 2141 convertit
592 2102 651 2141 se
681 2087 745 2140 ad
780 2103 896 2143 nos.
939 2089 1100 2154 Quasi
1139 2087 1319 2140 dicat:
1373 2086 1509 2142 Vere
1539 2088 1797 2148 Dominus

204 2167 461 2227 paratum
490 2159 613 2212 facit
639 2159 963 2214 animalibus
986 2157 1120 2223 suis,
1148 2158 1268 2225 quia
1306 2159 1502 2213 cibaria
1527 2159 1798 2219 ministrat

200 2228 293 2310 eis
322 2229 424 2309 hoc
467 2230 627 2284 modo
659 2248 674 2285 :
724 2232 845 2310 quia
880 2230 1128 2310 Dominus
1155 2229 1294 2310 dabit
1342 2230 1562 2297 verbum,
1688 2245 1789 2302 est,

201 2298 535 2371 doctrinam,
574 2316 676 2369 qua
706 2298 954 2355 cibentur
992 2301 1245 2355 animalia
1292 2314 1388 2355 sua
1436 2298 1795 2371 evangelisanL

201 2370 374 2445 sibus
402 2372 454 2426 in
490 2374 681 2445 virtute
722 2374 904 2445 multa.
938 2370 1034 2427 Vel
1082 2373 1136 2425 in
1173 2370 1636 2445 fortitudineilla
1689 2392 1793 2445 qua
1824 2392 1827 2393 ν

208 2441 403 2496 eduxit
451 2444 673 2506 vinctos,
728 2444 949 2509 scilicet,
994 2452 1055 2498 ut
1080 2441 1357 2497 ambulent
1397 2442 1560 2498 invia
1595 2441 1794 2513 prmce-

201 2520 447 2580 ptorum.
477 2513 569 2569 Vel
602 2513 653 2568 in
684 2515 845 2568 multa
874 2516 1077 2578 virtute,
1110 2513 1161 2567 id
1191 2524 1291 2584 est,
1326 2513 1377 2568 in
1410 2529 1597 2584 magna
1633 2519 1791 2572 mira-

200 2584 454 2639 culorum
483 2585 836 2651 exhibitione,
859 2585 1013 2657 juxta
1041 2584 1167 2641 illud
1192 2601 1207 2637 :
1238 2583 1462 2639 Domino
1491 2583 1793 2657 cooperante

197 2662 256 2727 et
285 2670 568 2710 sermonem
598 2654 934 2724 con/immitte
954 2656 1278 2727 sequentibus
1304 2658 1485 2725 signis.
1514 2654 1788 2727 Dominus,

197 2721 449 2795 inquam,
480 2727 621 2782 dabit
659 2721 885 2794 uerbum,
918 2730 1004 2795 qui
1021 2721 1135 2791 'est,
1171 2725 1281 2780 fleat
1319 2721 1566 2781 virtutum
1593 2721 1787 2795 dilecti,

200 2794 260 2849 id
286 2794 390 2860 est,
423 2800 513 2867 qui
536 2800 779 2863 virtutes,
810 2799 862 2853 id
889 2794 994 2866 est,
1025 2812 1299 2868 praecones
1326 2799 1444 2853 illos
1467 2797 1671 2866 dilecti,
1697 2794 1788 2869 qui

198 2877 332 2939 sunt
354 2870 463 2937 jam
494 2872 737 2937 virtutes,
769 2871 821 2924 id
851 2880 952 2936 est,
1003 2871 1057 2925 in
1088 2874 1446 2939 preconanilo
1475 2872 1663 2936 fortes,
1704 2889 1787 2927 re-

194 2936 279 3008 git
309 2936 378 2994 ad
407 2940 529 3009 hoc,
562 2952 619 2997 ιιι
643 2936 748 2996 sint
777 2941 928 2997 tales.
960 2942 1023 2995 Et
1049 2936 1232 3009 accipe
1271 2940 1519 2995 dilectum
1552 2942 1697 2997 illum
1722 2944 1789 2999 de

244 3024 313 3083 tio
342 3013 542 3067 dictum
570 3022 653 3069 est
678 3030 693 3068 :
725 3012 831 3067 llic
851 3023 923 3068 est
943 3011 1112 3067 Filius
1133 3027 1275 3066 meus
1305 3012 1537 3067 dilectus.
1577 3013 1785 3083 Dilecti,

240 3081 348 3146 ico,
390 3099 493 3137 non
526 3084 908 3153 cujuscunque,
935 3085 1027 3138 sed
1059 3083 1359 3152 specialiter
1392 3084 1568 3139 dilecti
1600 3094 1651 3139 et
1679 3081 1789 3142 eleé

194 3153 274 3227 gti
300 3154 526 3227 dividere
546 3155 568 3227 (
586 3171 680 3225 pro
705 3155 771 3210 ad
792 3154 1157 3224 dividendum)
1181 3155 1345 3227 spolia
1366 3155 1550 3222 speciei
1578 3156 1783 3214 domus.

192 3220 385 3297 Spolia
426 3220 641 3296 proprie
671 3235 944 3291 vocantur,
992 3242 1112 3297 quae
1139 3220 1404 3297 'abhoste
1433 3228 1786 3296 auferuntur;

192 3296 446 3363 speciosa
496 3313 623 3352 vero
668 3300 861 3353 donius
911 3296 1301 3364 cstEcclesia,
1360 3306 1417 3351 ut
1465 3298 1685 3355 habetur
1735 3302 1789 3353 in

194 3365 492 3438 Itvaitgelio
516 3384 529 3422 :
569 3366 697 3423 Cum
723 3370 873 3438 fortis
900 3380 1131 3423 armatus
1152 3368 1371 3422 custodit
1396 3370 1589 3422 atrium
1616 3387 1787 3435 suum,

192 3436 254 3490 in
284 3436 412 3506 pace
430 3449 548 3494 sunt
572 3436 742 3494 omnia
772 3456 887 3510 qua:
920 3440 1177 3508 possidet;
1204 3440 1247 3493 si
1270 3447 1439 3510 autem
1481 3440 1663 3510 fortior
1698 3442 1789 3495 illo

186 3512 559 3582 superveniens
590 3513 762 3582 vicerit
785 3508 936 3575 cum,
969 3528 1114 3582 arma
1131 3511 1251 3582 ejus
1280 3508 1509 3582 auferet,
1537 3521 1583 3566 et
1624 3513 1789 3582 spolia

190 3579 494 3636 distribuet.
543 3583 691 3638 Sicut
737 3581 934 3638 factum
964 3591 1065 3636 est.
1102 3579 1257 3635 Venit
1298 3581 1525 3636 dilectus
1568 3579 1687 3645 iste,
1733 3584 1785 3639 id

191 3658 305 3715 est,
340 3652 586 3709 Christus
616 3655 669 3708 in
713 3654 931 3708 domum
962 3652 1136 3718 fortis,
1169 3652 1219 3704 id
1250 3663 1351 3718 Cal,
1396 3653 1449 3706 in
1499 3654 1785 3709 humanum

188 3736 389 3795 genus,
424 3728 565 3792 quod
594 3725 991 3781 inhabitabatur
1016 3740 1046 3795 ξι
1073 3722 1195 3795 forti
1237 3722 1452 3777 diabolo
1484 3738 1578 3795 per
1605 3726 1789 3780 lncar-

193 3792 433 3848 nationis
462 3795 795 3864 mysterium,
827 3804 883 3849 et
911 3793 1110 3865 devicit
1141 3794 1337 3865 fortem
1377 3792 1550 3863 ipsum
1570 3794 1677 3865 per
1704 3797 1785 3850 lii-

191 3864 532 3922 carnationis
558 3868 987 3922 Sacrameutum.
1022 3864 1093 3921 Et
1124 3866 1285 3921 homo
1316 3864 1656 3921 humanitatis
1694 3883 1785 3923 ce-

191 3936 275 4004 pit
323 3951 467 4002 eum,
520 3940 639 4008 quia
689 3938 779 3993 ille
808 3938 1035 3993 credens
1076 3951 1199 3993 eum
1239 3934 1511 4008 hominem
1560 3946 1785 4005 tantum,

192 4023 419 4089 sitanum
445 4009 505 4089 _in
533 4007 657 4089 eum
685 4010 850 4089 misit,
874 4010 1083 4089 __in_quo
1114 4007 1317 4089 nullum
1340 4007 1431 4089 jus
1460 4024 1615 4089 suum
1637 4011 1787 4089 inve-

190 4079 297 4146 nit,
327 4089 382 4134 et
406 4081 526 4134 ideo
552 4080 673 4150 jure
702 4079 930 4150 perdidit
960 4080 1101 4149 illos,
1133 4080 1187 4133 in
1210 4092 1346 4147 quos
1369 4079 1457 4148 jus
1490 4081 1694 4136 habuit.
1722 4084 1787 4137 Et

188 4150 334 4205 ﬁlios
381 4149 716 4216 dillidentite,
752 4166 979 4220 quorum
1026 4149 1343 4206 infidelitate
1365 4151 1511 4220 prius
1543 4154 1787 4208 utebatur

188 4222 354 4277 [ortis
385 4223 480 4278 ille
524 4223 591 4276 ad
641 4222 970 4291 implendam
1019 4223 1349 4277 voluntatem
1389 4237 1561 4289 suam,
1608 4232 1662 4279 et
1693 4240 1787 4291 per

191 4308 344 4364 quos
369 4293 685 4364 propinabat
706 4294 825 4347 aliis
852 4293 1100 4362 poculum
1132 4294 1338 4347 mortis.
1370 4293 1526 4358 Vasa,
1555 4296 1782 4361 scilicet,

188 4363 286 4419 illa
320 4363 580 4419 Dominus
621 4365 671 4419 ei
692 4366 928 4427 gabstulit
950 4405 964 4427 ,
997 4376 1051 4418 et
1083 4373 1419 4433 peccatorum
1472 4368 1785 4420 remissione

188 4437 513 4502 inundavit,
566 4446 620 4491 et
677 4436 833 4490 donis
885 4436 1248 4505 spiritualibus
1295 4436 1678 4505 Sattclilittavll;
1732 4449 1783 4491 et

186 4506 395 4563 deinde
420 4507 602 4562 divisit
637 4522 701 4562 ea
737 4507 803 4561 ad
829 4504 1065 4576 speciem
1106 4507 1299 4559 domus
1326 4504 1461 4576 ejus,
1498 4506 1551 4560 id
1580 4517 1682 4574 est,
1715 4509 1781 4563 ad

1910 523 2337 600 constructiones
2384 522 2498 600 haec
2554 522 2736 581 ultima
2778 536 2831 582 et
2862 529 3028 596 prima
3060 531 3306 589 meliores
3336 550 3481 600 sunt,

1910 602 1965 646 et
2007 593 2303 668 secundum
2348 609 2440 650 eas
2470 594 2655 651 beatus
2710 593 3054 668 Augustinus,
3085 612 3138 656 et
3187 605 3276 659 alii
3307 593 3478 662 sancti

1910 664 2245 738 potissimum
2281 665 2419 719 hunc
2450 680 2659 723 versum
2688 664 2979 738 exponunt.
3011 664 3161 738 Quod
3193 688 3371 732 autem
3400 679 3477 731 di-

1907 732 2400 819 tittlnterhntedios
2422 739 2600 802 cleros,
2629 732 2818 819 Graeca
2836 732 3053 819 positio'
3066 755 3164 811 est,
3191 748 3311 819 quia
3338 750 3482 819 quod

1908 805 2129 861 Latinus
2159 807 2287 861 dicit
2325 807 2468 861 Inter
2508 826 2586 864 me
2621 823 2666 864 et
2708 822 2772 874 te,
2809 805 2908 867 hoc
2938 805 3161 870 Graecus,
3183 805 3310 873 dicit
3338 805 3483 876 inter

1907 878 2129 953 medium
2177 894 2346 931 meum
2385 889 2431 932 et
2480 890 2640 935 tuum.
2675 882 2863 937 Dicunt
2901 886 3113 953 quidam
3146 888 3278 943 duos
3308 890 3483 949 cleros

1906 948 2016 1003 duo
2033 964 2165 1024 esse
2201 958 2522 1024 testamenta
2545 993 2560 1016 ,
2597 963 2653 1007 ut
2701 969 2791 1019 per
2823 948 2961 1009 idem
2994 958 3133 1024 quod
3166 961 3395 1015 efficitur
3424 948 3476 1017 id

1905 1020 2046 1089 quod
2074 1018 2272 1073 efficiat
2317 1023 2629 1090 accipiatur.
2665 1018 2764 1079 Per
2794 1018 3171 1082 testamentum
3201 1031 3343 1087 enim
3384 1033 3480 1087 da-

1908 1098 1993 1144 tur
2023 1090 2303 1167 hatreditas
2323 1132 2336 1157 ,
2366 1100 2422 1147 et
2460 1092 2784 1167 cleronomia
2816 1094 3005 1167 Graece
3037 1100 3318 1156 hmreditas
3347 1104 3477 1167 dici-

1907 1168 2014 1226 tur,
2042 1161 2392 1240 Cleronomos
2422 1178 2548 1240 vero
2567 1165 2773 1240 literas.
2801 1164 2983 1222 Clcros
3011 1180 3186 1225 autem
3218 1182 3300 1226 est
3334 1164 3476 1240 sors,

1904 1244 1958 1287 et
2002 1247 2119 1287 sors
2161 1248 2256 1315 pro
2285 1233 2610 1315 hiateditatis
2660 1247 2808 1315 parte
2850 1240 3124 1309 accipitur.
3155 1242 3302 1297 Unde
3343 1233 3482 1315 prte-

1902 1314 2115 1371 ceptum
2145 1313 2227 1380 est
2260 1319 2325 1359 ne
2364 1304 2562 1380 Levitis
2592 1304 2731 1362 inter
2762 1304 3214 1367 fratres'unretur
3257 1304 3397 1380 sors,
3427 1316 3479 1372 id

1901 1386 2005 1447 est,
2042 1390 2163 1444 pars
2209 1375 2555 1447 hmreditatis,
2610 1380 2730 1447 quia
2760 1380 2828 1435 de
2874 1381 3095 1437 decimis
3118 1384 3340 1439 aliorum
3379 1375 3477 1443 ile-

1901 1443 2101 1500 bebant
2133 1448 2447 1524 sustentari.
2489 1443 2953 1524 Coluuibatautem
2984 1453 3068 1524 de,
3090 1469 3191 1524 qua
3221 1456 3302 1511 hic
3345 1457 3479 1513 dici-

1902 1524 2005 1589 tur,
2059 1524 2143 1571 est
2185 1517 2447 1589 Ecclesia,
2495 1518 2565 1575 de
2609 1537 2709 1589 qua
2761 1522 2815 1576 in
2868 1517 3121 1578 Canticis'
3151 1528 3478 1586 canticorum

1902 1584 2127 1670 habetur
2153 1605 2164 1639 :
2195 1585 2311 1643 Una
2340 1590 2601 1670 est__am_ica
2620 1584 3007 1670 mea,_columba
3029 1612 3159 1661 mea,
3183 1608 3237 1651 et
3256 1584 3479 1670 reliqua.

1902 1656 2138 1732 Vocatur
2166 1667 2347 1713 autem
2398 1661 2638 1732 Ecclesia
2683 1656 2932 1719 celuiuba
2967 1656 3183 1732 proriter
3224 1656 3479 1724 innocen-

1903 1728 2048 1810 tiam,
2102 1738 2156 1809 et
2203 1738 2420 1810 propter
2459 1730 2794 1810 frequentem
2840 1728 3115 1810 gemitum,
3162 1748 3216 1795 et
3262 1752 3483 1810 propter

1904 1802 2068 1875 multa
2101 1800 2328 1875 similia.
2354 1803 2427 1875 ~Et
2457 1800 2575 1857 lucc
2600 1800 2865 1871 columba,
2899 1808 2948 1859 id
2980 1818 3081 1871 est,
3102 1800 3379 1875 Ecclesia;
3399 1820 3483 1867 est

1901 1869 2271 1947 deargentata,
2316 1872 2368 1927 id
2418 1882 2522 1938 est,
2575 1875 2749 1947 nitore
2797 1869 2959 1931 divini
3000 1869 3196 1947 eloquii
3247 1869 3473 1937 erudita.

1902 1939 2068 2021 Cujus
2098 1955 2286 2021 perime
2311 1954 2437 2021 sunt
2482 1944 2654 2021 sancti
2702 1939 3257 2016 pnédicatorcsfdicti
3290 1966 3481 2021 pennae

1901 2012 2109 2089 duabus
2138 2014 2206 2089 de
2235 2016 2448 2089 causis,
2479 2012 2716 2089 scilicet;
2735 2021 2856 2086 quia
2894 2028 2949 2073 et
2977 2012 3352 2089 praedicatione
3391 2038 3485 2078 eo-

1899 2095 2031 2159 rum
2051 2084 2218 2153 gloria
2248 2085 2499 2159 Ecclesiae
2527 2084 2867 2159 sublimatur,
2899 2098 2951 2143 et
2975 2084 3099 2159 quia
3124 2093 3221 2156 ipsi
3248 2095 3300 2147 in
3327 2093 3486 2149 altio-

1897 2166 1957 2206 ra
1984 2153 2279 2209 elevantur.
2321 2156 2471 2211 Unde
2497 2172 2635 2211 unus
2663 2174 2728 2212 ex
2754 2158 2833 2214 eis
2862 2153 3032 2215 dicit:
3067 2153 3188 2216 Sine
3208 2173 3371 2218 mente
3392 2182 3481 2221 ex-

1897 2224 2124 2277 cedimus
2170 2226 2301 2303 l)_e_o_,
2325 2236 2380 2281 et
2401 2236 2576 2303 tamen
2598 2232 2896 2303 compagitii
2922 2231 3183 2287 Ecclesiae
3203 2245 3485 2303 quantum-

1900 2309 2115 2364 cunque
2142 2297 2459 2351 sublimetur
2486 2297 2965 2357 cohaerentIUnde
2997 2304 3176 2357 subdit
3200 2297 3363 2360 {Sive
3391 2324 3480 2362 so-

1898 2364 1996 2417 brii
2031 2382 2208 2421 sumus
2227 2369 2384 2422 vobis.
2415 2369 2801 2426 Dormitionem
2824 2387 2950 2427 vero
2969 2372 3108 2429 Solet
3131 2373 3308 2429 divina
3332 2377 3479 2432 Scri-

1896 2446 2051 2503 ptura
2100 2453 2197 2505 pro
2249 2449 2420 2515 morte
2458 2441 2723 2515 accipere,
2750 2452 2829 2515 ιιι
2858 2444 2974 2499 ibi:
3026 2442 3138 2515 Ego
3177 2446 3394 2502 dormivi
3430 2458 3481 2504 et

1896 2516 2132 2578 semnum
2153 2511 2283 2578 cepi,
2310 2511 2526 2565 dormivi
2555 2514 2905 2569 conturbatus.
2938 2515 2994 2569 In
3029 2511 3127 2571 bac
3146 2527 3325 2571 autem
3356 2534 3479 2575 sen-

1896 2579 2061 2656 tentia
2092 2577 2342 2656 dot-mitto
2368 2582 2680 2656 simpliciter
2712 2599 2809 2655 pro
2832 2584 3033 2656 quiete,
3069 2597 3124 2641 ut
3143 2589 3213 2642 sit
3241 2588 3477 2646 dormire

1893 2648 2026 2721 inter
2051 2652 2241 2705 medios
2269 2654 2453 2716 cleros,
2476 2648 2537 2707 id
2566 2662 2670 2721 est,
2708 2648 3217 2714 inter'duoscleros
3241 2663 3478 2716 auctori-

1894 2720 2093 2801 tatibus
2137 2721 2364 2777 duorum
2412 2731 2853 2801 testamentorum
2905 2728 3267 2801 acquiescere,
3309 2742 3362 2786 et
3398 2733 3477 2788 sic

1893 2789 2338 2868 documentorutrt
2382 2810 2568 2868 eorum
2614 2798 2919 2853 concordite
2961 2789 3108 2867 dare,
3155 2789 3381 2868 scilicet,
3416 2810 3478 2859 ut

1891 2864 2341 2941 quando_aliqui_d
2370 2881 2437 2920 ex
2466 2865 2549 2941 his
2590 2870 2854 2941 profertur
2882 2880 2975 2924 aut
2999 2864 3274 2941 probatur,
3302 2864 3479 2932 omnis

1889 2934 2164 3007 contentio
2195 2935 2415 3005 pacifica
2446 2934 2626 3007 quiete
2648 2939 2881 2995 finiatur.
2921 2934 3085 2997 Etsic
3109 2934 3355 2998 videntur
3382 2946 3479 3000 ad-

1891 3005 2101 3082 moueri
2138 3005 2569 3082 evangelizaiites
2612 3009 2808 3067 virtute
2852 3014 3035 3082 multa,
3088 3022 3215 3070 tunc
3257 3015 3336 3070 eis
3361 3014 3477 3072 dari

1889 3075 2111 3155 verbum
2154 3075 2415 3146 veritatis,
2467 3090 2525 3134 ut
2570 3082 2808 3151 perfecte
2844 3075 3049 3152 possint
3085 3086 3473 3155 evangehzare,

1893 3146 1937 3201 si
1969 3146 2199 3203 duorum
2228 3146 2677 3206 testamentorum
2707 3146 2994 3210 aucuiritas
3037 3155 3104 3209 ab
3131 3158 3209 3212 eis
3223 3146 3355 3211 'non
3388 3146 3477 3213 re;

1816 3197 1863 3263 c
2490 3197 2672 3301 pcnntz
2692 3197 3321 3301 cptumbm-dearge‘tttata',

1896 3303 2016 3343 rum
2072 3290 2448 3363 praedicatione
2492 3290 2667 3363 gloria
2720 3294 2975 3352 Ecclesia:
3019 3290 3476 3354 sublimetuifEt

1892 3361 2175 3439 posteriora
2217 3363 2356 3439 dorsi
2394 3361 2524 3439 ejus
2543 3366 2807 3439 columba:
2846 3378 3002 3423 erunt
3030 3369 3082 3423 in
3110 3369 3308 3439 pallore
3334 3374 3475 3438 auri,

1894 3433 2188 3510 posteriora
2219 3432 2381 3489 dorsa
2412 3432 2528 3505 ejus
2560 3436 2894 3510 intratisilive
2928 3432 3121 3507 accipe'
3154 3441 3295 3494 illam
3341 3432 3476 3510 par-3

1894 3510 2000 3556 tem
2032 3502 2200 3581 dorsi,
2232 3520 2335 3574 qua
2365 3502 2516 3581 torius
2546 3508 2808 3581 subigitur
2838 3511 2991 3581 inter
3033 3502 3297 3581 scapulas,
3328 3502 3473 3567 scili-

1891 3582 1999 3654 cet_,_
2030 3586 2085 3628 ut
2111 3574 2332 3631 Graecus
2360 3577 2545 3654 habet,
2579 3574 2942 3654 ubi‘quaidam
2984 3574 3145 3649 aves,
3171 3593 3229 3637 ut
3254 3584 3469 3654 aquilae,

1891 3643 2066 3713 pullos
2115 3660 2245 3724 suos
2292 3649 2463 3703 solent
2511 3643 2749 3724 portare.
2782 3652 2849 3724 Et
2893 3663 2978 3709 est
3020 3668 3082 3708 ea
3115 3643 3261 3724 regio
3302 3643 3473 3721 'retro',

1889 3728 2012 3783 qua:
2055 3724 2139 3771 est
2182 3718 2323 3771 circa
2362 3735 2477 3792 cor,
2516 3718 2611 3776 ubi
2664 3722 2764 3777 alte
2794 3723 2959 3792 liguut
3007 3718 3263 3780 radicem.
3314 3718 3472 3783 Unde

1891 3800 1985 3853 per
2019 3792 2318 3866 posteriora
2350 3790 2504 3866 dorsi
2552 3793 2653 3847 hoc
2683 3790 2857 3848 solum
2909 3804 3143 3862 notatur,
3174 3798 3298 3866 quia
3328 3798 3473 3854 subit

1890 3870 2044 3913 onus.
2080 3858 2146 3913 Et
2177 3874 2271 3927 per
2310 3862 2426 3938 alas
2462 3874 2729 3938 praecepta
2771 3866 2999 3938 geminae
3041 3858 3343 3934 charitatis,
3374 3883 3470 3938 per

1888 3940 2082 4007 aurum
2119 3946 2246 3985 vero
2281 3934 2567 4007 sapientia,
2602 3934 2655 3990 id
2681 3934 2936 4003 est,'boni
2964 3953 3143 3993 mores
3165 3934 3471 4007 significan-

1892 4006 1996 4053 tur.
2048 4002 2177 4079 Quae
2225 4005 2488 4079 sapientia
2535 4002 2603 4061 ad
2652 4008 3047 4079 boc.pertinet,
3098 4020 3153 4062 ut
3200 4002 3469 4077 sapienter

1888 4084 2026 4146 unus
2065 4074 2339 4146 subeatur,
2380 4076 2432 4131 id
2470 4087 2572 4142 est,
2606 4078 2860 4132 subeatur
2904 4074 3040 4132 illud
3068 4074 3278 4133 tantum
3308 4094 3466 4146 onus,

1887 4142 2418 4220 qnod_sub_eundum_
2446 4148 2824 4220 est,‘scilicet,
2867 4150 3048 4218 juguui
3078 4150 3297 4214 Christi,
3328 4142 3469 4220 quod

1890 4227 2000 4287 non
2028 4216 2302 4283 deprimit,
2327 4218 2424 4273 sed
2453 4218 2626 4287 erigit.
2655 4220 2833 4274 Pallor
2856 4216 3034 4275 autem
3065 4222 3182 4277 auri
3216 4216 3359 4277 vitor
3384 4235 3467 4278 est

1888 4284 2027 4363 auri,
2056 4290 2180 4363 quia
2210 4303 2397 4363 aurum
2422 4284 2663 4343 nativum
2692 4290 2851 4345 habet
2886 4292 3160 4363 ruborem,
3193 4305 3245 4348 et
3273 4294 3394 4349 ideo
3421 4295 3464 4349 si

1890 4354 2449 4433 pallor'ei‘accedat,
2501 4376 2563 4413 ex
2618 4363 2811 4417 rubore
2838 4372 2891 4418 et
2937 4354 3467 4433 pa’liore'conlicrtur

1888 4425 2051 4503 viror.
2098 4430 2196 4507 Qui
2232 4432 2373 4507 \tt‘ol‘
2421 4431 2665 4507 designat
2706 4425 3044 4507 cbaritatem,
3094 4452 3215 4506 quae
3258 4452 3472 4507 semper

1887 4497 2061 4577 viret,_
2093 4500 2217 4577 quia
2260 4500 2329 4555 de
2375 4518 2438 4557 ea
2483 4497 2682 4577 dictum
2733 4515 2818 4560 est
2856 4522 2869 4559 :
2928 4497 3165 4562 Charitas
3209 4497 3471 4577 nunquam

188 4590 576 4634 ornamentum
613 4570 891 4642 Ecclesiae,
927 4579 1048 4647 quia
1077 4578 1209 4631 alios
1244 4570 1455 4647 quidem
1487 4578 1625 4630 dedit
1652 4570 1780 4647 apo-
1817 4571 1865 4630 D
1893 4570 2103 4623 excidit.
2153 4570 2255 4626 Per
2304 4588 2463 4642 quam
2503 4575 2817 4647 charitatem
2867 4578 2971 4634 hoc
3015 4579 3267 4647 efficitur,
3317 4570 3373 4633 ut
3416 4589 3467 4637 et

182 4650 376 4715 stolas,
405 4650 535 4703 alios
561 4650 917 4720 evangelistas,
946 4649 1076 4703 alios
1115 4648 1388 4719 prophetas
1406 4686 1423 4714 ,
1454 4650 1585 4703 alios
1610 4648 1785 4704 docto-

182 4736 275 4775 res
296 4729 345 4774 et
368 4728 618 4789 pastores,
648 4719 704 4776 et
733 4719 957 4790 reliqua.

178 4837 233 4860 ,μ
266 4790 333 4847 Si
370 4793 637 4845 dormiatis
675 4794 829 4846 inter.
865 4792 1061 4845 Versus
1091 4791 1191 4845 iste
1236 4790 1620 4860 multipliciter,
1665 4808 1779 4848 ma-

186 4871 364 4920 nente
396 4871 577 4917 tamen
602 4863 791 4918 eodem
825 4862 1119 4929 intellectu,
1146 4864 1493 4916 construitur.
1522 4861 1638 4916 Uno
1667 4864 1784 4932 qui-

183 4935 320 4991 dem
349 4935 510 4989 modo
539 4935 616 4988 sic
642 4952 654 4986 :
709 4934 957 4987 Dominus
997 4934 1133 4987 dabit
1160 4937 1365 4988 verbum
1395 4936 1785 5003 euangelizanti-

180 5007 316 5071 bus;
348 5007 522 5074 vobis,
548 5006 693 5070 dico,
727 5006 815 5075 qui
842 5005 1008 5074 spolia
1038 5015 1190 5060 entes
1217 5004 1517 5059 divrdimini
1549 5021 1641 5072 per
1667 5023 1783 5060 nia.

186 5078 597 5134 siifestationem
630 5078 880 5146 Spiritus,
917 5076 981 5129 ad
1014 5075 1297 5131 utilitatem
1324 5076 1519 5144 speciei
1548 5076 1780 5131 domus:

180 5150 235 5205 si
266 5163 365 5203 vos
387 5149 655 5201 dormiatis
697 5148 826 5201 inter
847 5148 1063 5213 medios,
1086 5160 1239 5201 entes
1265 5147 1511 5201 columba:
1533 5155 1784 5217 dcargen-

182 5228 337 5276 tam.
387 5220 432 5275 υ
462 5234 556 5273 vos
586 5220 756 5289 spolia
786 5218 877 5288 qui
927 5217 1224 5289 dividimini
1274 5234 1367 5288 per
1398 5220 1785 5273 niauilestatio-

182 5306 319 5349 nem
340 5291 571 5359 Spiritus
601 5288 668 5344 ad
701 5290 983 5343 utilitatem
1012 5288 1213 5358 speciei
1241 5289 1455 5353 domus,
1488 5292 1532 5342 si
1555 5292 1783 5344 dormia-

178 5364 260 5420 tis
289 5364 425 5417 inter
450 5363 643 5416 medios
672 5364 864 5428 cleros,
892 5370 1015 5414 tunc
1043 5374 1224 5430 penntz
1254 5362 1503 5414 columba:
1537 5364 1782 5429 deargen-

181 5444 314 5492 tata:
360 5434 732 5489 dealbabuntur
781 5433 836 5485 in
883 5431 1119 5487 Selmon.
1176 5431 1269 5485 Vel
1317 5431 1430 5485 ita:
1465 5434 1507 5487 υ
1544 5447 1635 5486 vos
1690 5433 1781 5501 qui

178 5504 511 5570 dividimini,
547 5516 603 5561 et
631 5513 846 5568 ctetera,
890 5505 933 5556 si
985 5518 1080 5557 vos
1116 5510 1268 5557 entes
1316 5518 1495 5569 penna:
1538 5504 1783 5557 columba:

178 5580 537 5649 deargentattt
568 5575 838 5629 dormiatis
859 5576 991 5627 inter
1014 5573 1210 5627 medios
1232 5576 1414 5649 cteros,
1440 5577 1561 5649 dum
1583 5575 1781 5627 discer-

178 5651 266 5705 nit
310 5646 526 5703 scelestis
572 5664 715 5718 reges
771 5662 928 5715 super
980 5661 1115 5710 eam,
1158 5656 1283 5701 tunc
1319 5646 1689 5701 dealbabuntar
1728 5649 1781 5698 in

176 5721 404 5778 Selmon
437 5721 509 5774 illi
538 5721 628 5789 qui
658 5720 1028 5774 remissionem
1053 5728 1395 5789 peccatorum
1430 5734 1523 5786 per
1552 5718 1779 5786 gratiam

176 5802 533 5862 acceperunt.
556 5788 663 5845 Vel
706 5794 818 5847 ita:
863 5792 907 5843 υ
932 5803 1026 5842 vos
1062 5790 1152 5857 qui
1194 5788 1491 5843 dividimmi
1519 5792 1585 5845 ad
1617 5805 1779 5845 orna-

176 5874 433 5938 mentum
480 5867 692 5934 domus,
754 5864 801 5920 si
855 5862 1121 5918 dormialis
1162 5862 1293 5917 inter
1344 5863 1557 5937 medios.
1591 5864 1773 5934 clerus,

1889 4650 2156 4710 praecepta
2199 4655 2424 4712 gemma:
2472 4645 2749 4703 charitatis
2797 4648 2955 4705 facile
3005 4645 3345 4712 impleantur.
3399 4648 3465 4706 Et

1886 4712 2008 4792 leve
2037 4716 2107 4792 sit
2133 4728 2305 4792 o_nus,_
2320 4716 2462 4792 quod
2490 4718 2735 4774 subditur
2762 4738 2773 4772 :
2807 4720 2930 4788 quia
2956 4712 3099 4792 quod
3139 4720 3359 4776 difficile
3384 4732 3463 4777 est

1890 4785 2120 4862 uolenti,
2156 4785 2259 4839 hoc
2291 4788 2443 4862 facile
2472 4799 2556 4843 est
2587 4785 2900 4846 amantifEt
2923 4785 3201 4862 postquam
3233 4808 3323 4860 per
3344 4791 3461 4862 Spi-

1885 4858 2042 4909 ritum
2070 4869 2327 4931 sanctum,
2353 4860 2442 4927 qui
2477 4862 2629 4915 datus
2652 4872 2723 4916 est
2762 4863 2903 4916 nobis
2924 4858 3153 4916 citarilas
3176 4858 3365 4931 diffusa
3388 4858 3461 4917 ἀι

1886 4933 1938 4981 in
1957 4928 2201 5004 cordibus
2228 4939 2433 5004 nostris,
2462 4932 2691 4988 amando
2718 4932 3012 4989 liberaliter
3039 4928 3289 4999 facimus,
3325 4934 3462 5004 quod

1887 5002 2034 5068 prius
2071 4998 2313 5072 timendo
2346 5004 2616 5058 serviliter
2648 5004 2996 5072 faciebamus,
3028 5014 3083 5060 et
3121 5007 3244 5061 facti
3276 4998 3463 5060 ’su'rnus

1884 5072 2043 5123 amici
2076 5073 2228 5146 recti.
2262 5071 2377 5126 Non
2400 5075 2546 5146 enim
2581 5090 2739 5129 verus
2766 5071 3128 5132 amicusrecti
3166 5086 3272 5144 est,
3302 5077 3390 5146 qui
3419 5076 3464 5131 si

1885 5152 2068 5216 υρεδει
2102 5142 2241 5216 fieri,
2274 5144 2420 5216 quod
2447 5155 2651 5200 rectum
2696 5157 2797 5211 est,
2827 5148 2994 5202 nollet
3036 5147 3235 5216 juberi.
3257 5142 3265 5144 ⁷
3287 5142 3383 5202 Est
3412 5157 3466 5202 et

1883 5212 1985 5266 alia
2016 5213 2299 5279 sententia,
2346 5214 2573 5283 scilicet,
2607 5226 2664 5271 ut
2690 5232 2785 5286 per
2813 5219 2946 5272 duos
2991 5212 3164 5276 clerus
3208 5233 3315 5273 non
3355 5217 3462 5272 duo

1888 5294 2226 5359 testamenta,
2257 5286 2352 5359 sed
2376 5287 2509 5340 duas
2552 5289 2892 5343 bareditatcs
2918 5290 2973 5344 in
3003 5291 3132 5359 ipsis
3169 5290 3462 5359 promissas

1882 5356 2227 5425 accipiamus.
2263 5356 2470 5413 Veteris
2511 5374 2653 5413 enim
2704 5356 3340 5418 testamenti'btereditas
3380 5372 3465 5417 est

1886 5436 2100 5482 terrena
2132 5428 2392 5495 felicitas;
2424 5431 2549 5485 novi
2582 5445 2706 5485 vero
2741 5440 2941 5486 aeterna
2966 5433 3361 5491 immortalitas.
3394 5435 3464 5490 Et

1881 5500 2175 5569 accipietur
2207 5501 2291 5555 hic
2319 5501 2556 5557 dormire
2588 5516 2687 5571 pro
2717 5502 2873 5569 mori,
2906 5512 2962 5557 ut
2984 5505 3230 5573 superius
3256 5506 3457 5561 dictum

1882 5581 1983 5646 est,
2014 5580 2074 5646 ut
2102 5573 2171 5626 sit
2200 5574 2336 5646 inter
2366 5573 2499 5627 duos
2524 5575 2714 5646 rcleros
2743 5574 3290 5646 dormire,'sic-vilani
3320 5578 3459 5633 inter

1883 5640 2015 5697 duas
2060 5643 2397 5699 bwrcditates
2441 5645 2616 5712 linire,
2648 5656 2705 5700 ut
2734 5661 2906 5715 neque
2949 5640 3197 5703 ardenter
3236 5656 3458 5718 appeta-

1882 5729 2003 5786 ιιιιιε
2033 5725 2321 5782 terrenam,
2365 5725 2419 5771 et
2460 5726 2722 5785 patienter
2758 5731 3133 5786 exspectemus
3176 5731 3454 5775 mtertiam.

1881 5784 2015 5869 lVaui
2044 5788 2131 5869 qui
2182 5784 2472 5869 propterea,
2497 5788 2621 5869 _Deo_
2654 5784 2919 5869 serviunt,
2971 5792 3078 5847 imo
3108 5794 3317 5869 servire
3346 5806 3455 5869 tio-

1882 5857 2022 5931 lunt,
2066 5860 2193 5917 dum
2236 5861 2288 5919 in
2318 5862 2416 5917 hac
2461 5862 2566 5919 vita
2598 5857 2911 5922 felicitatem
2952 5875 3213 5939 quaerunt,
3251 5864 3316 5919 ab
3345 5862 3460 5937 istis

3169 6079 3222 6090 -κ
