3984 6362
531 297 641 358 843

1002 288 1207 350 neua;
1250 291 1697 351 VENERABILIS
1738 292 1887 348 ore.
1934 292 2109 353 rans
2148 290 2211 366 tt.
2252 292 2447 351 secr.
2490 290 2555 352 ll.
2594 278 2669 339 -—‘
2704 290 2913 353 DUBIA
2952 291 3039 353 er
3078 292 3348 355 seuera.

3699 298 3811 361 8M

528 415 809 495 Canticum
837 432 849 467 :
880 414 1001 495 quia
1028 419 1151 493 sunt
1180 413 1233 469 in
1264 411 1363 469 hoc
1396 412 1785 495 psalmo‘verba
1821 424 2102 495 e'spressa,
2132 410 2186 471 Α
2211 408 2310 464 tias
2360 410 2654 495 divinitatis
2685 425 2866 495 metu,
2904 410 2999 467 sed
3054 410 3275 495 for-mam
3326 412 3663 495 patrpertatis
3704 414 3803 495 tm.

530 503 652 558 quae
691 486 744 541 in
778 479 1023 554 passione
1061 486 1178 558 eius
1217 479 1650 558 suntucom‘pleta
1674 523 1689 548 ,
1722 490 1801 551 ut,
1838 479 2103 558 Dederunt

526 552 584 616 in
625 552 792 614 escam
839 571 1000 610 meam
1042 555 1132 621 fel,
1160 564 1213 610 et
1244 555 1455 608 similia.
1492 552 1556 608 Et
1594 553 1840 609 dicuntur
1890 569 1982 621 pro
2023 552 2103 607 Itis

527 632 616 701 qui
642 627 1097 701 commutarbuntur.
1122 623 1478 701 Commutatio
1500 625 1601 701 alia
1632 627 1685 701 in
1710 625 1965 701 deterius,
1998 625 2102 701 alia

528 696 584 757 in
634 700 847 760 melius.
876 697 1046 753 Adam
1088 697 1231 755 enim
1276 704 1332 753 et
1378 696 1483 751 Eva
1530 698 1582 751 in
1623 696 1861 753 deterius
1910 698 2101 753 mutati

528 783 655 829 sunt
679 789 691 826 :
723 770 812 836 qui
844 784 968 826 vero
996 783 1065 824 et
1088 768 1257 825 Adam
1284 778 1337 824 et
1370 768 1477 822 Eva
1505 768 1718 823 Christo
1740 767 2099 832 cohaeserunt,

526 844 582 897 in
615 843 804 897 melius
834 841 1021 895 mutati
1068 848 1213 894 sunt.
1246 839 1312 893 Et
1342 841 1813 894 commutationem
1859 838 1912 894 in
1951 839 2101 894 dete-

526 915 638 968 rius
668 913 921 980 iniquitas
948 910 1091 973 fecit,
1122 912 1593 967 commutationem
1624 925 1754 967 vero
1782 910 1835 971 in
1883 909 2093 976 melius,

524 984 725 1039 Christi
767 981 1129 1043 misericordia
1162 983 1430 1052 praestitit.
1464 982 1631 1049 liujus
1668 982 2100 1037 commutationis

524 1056 578 1109 in
608 1056 801 1115 ntelius
842 1068 1002 1111 eausa
1036 1062 1119 1108 est
1148 1062 1204 1109 et
1248 1054 1359 1120 ipsa
1391 1056 1589 1121 passio,
1624 1054 1675 1113 id
1708 1062 1812 1116 cst,
1847 1052 2102 1109 transitus

523 1127 723 1182 Christi
750 1144 764 1181 :
796 1124 918 1192 quia
952 1125 1051 1192 nisi
1102 1123 1196 1179 ille
1247 1124 1525 1183 transisset
1566 1127 1659 1192 qui
1709 1122 2007 1188 descendit,
2044 1131 2102 1183 ut

523 1212 627 1253 nos
665 1190 918 1255 liberaret
958 1190 1042 1250 v'el
1090 1194 1421 1261 sublevaret,
1472 1190 1617 1253 nullo
1666 1196 1824 1249 modo
1867 1209 1963 1253 nos
2008 1195 2100 1264 qni

523 1264 918 1330 decideratnus,
946 1266 1174 1325 transire
1199 1280 1497 1333 possemus.
1530 1265 1612 1320 Fit
1640 1276 1816 1323 autem
1848 1264 2099 1319 transitus

522 1338 627 1395 iste
656 1341 723 1393 de
761 1338 963 1397 mundo
993 1339 1057 1391 ad
1085 1336 1303 1403 (telum,
1337 1337 1405 1391 de
1447 1346 1658 1393 terrena
1695 1338 1798 1391 vita
1842 1337 1905 1389 ad
1933 1337 2097 1391 coele-

521 1419 687 1471 stem.
714 1412 783 1467 de
811 1408 1023 1469 mortali
1054 1409 1118 1463 ad
1153 1408 1534 1473 immortalem,
1565 1407 1631 1461 de
1658 1407 1991 1476 corruptibili
2030 1406 2097 1464 ad

519 1481 1018 1551 Incorruptibilem,
1058 1480 1129 1534 de
1173 1480 1353 1551 labore
1402 1478 1468 1533 ad
1517 1490 1773 1551 aeternam
1831 1476 2092 1549 requiem.

520 1550 759 1608 Causam
784 1566 912 1619 ergo
954 1550 1386 1609 commutationis
1418 1561 1642 1615 nostrae,
1677 1550 1729 1605 id
1777 1558 1880 1613 est,
1928 1551 2098 1617 ipsam

520 1621 723 1679 Christi
773 1623 1111 1692 passionem,
1164 1629 1512 1689 nostramque
1558 1621 1612 1675 in
1664 1620 2097 1681 tribulationibus

519 1710 707 1751 vocem
738 1696 791 1750 in
824 1694 924 1749 hoc
952 1693 1143 1762 psalmi
1170 1703 1425 1749 contextu
1473 1694 1771 1758 audiamus,
1803 1705 2093 1761 cognosca-

522 1780 661 1831 mus,
695 1766 1147 1837 ingemiscamus:
1178 1772 1233 1821 et
1262 1763 1549 1827 audiendo,
1590 1763 1981 1837 cognoscendo,
2014 1762 2095 1837 iu-

523 1832 873 1907 gemiscendo
905 1844 1318 1897 ommutemur,
1352 1835 1894 1907 et‘cornmutaticum
1923 1832 2098 1901 capite

519 1903 707 1964 nostro
737 1907 997 1971 dicamus,
1031 1906 1247 1963 Salvum
1277 1920 1355 1959 me
1396 1904 1478 1973 [ac
1525 1903 1682 1959 Deus.
1728 1904 1980 1959 llortatur
2006 1919 2100 1959 au-

520 1986 626 2033 tem
661 1994 761 2035 nos
809 1985 969 2047 caput
1007 1976 1063 2031 in
1108 1976 1209 2037 hoc
1243 1975 1468 2042 psalmo,
1512 1984 1567 2028 ut
1607 1990 1702 2043 per
1744 1975 1861 2044 ejus
1893 1978 2099 2046 passio-

519 2065 648 2107 nem
668 2061 723 2106 et
751 2048 1055 2105 mercedem
1086 2048 1427 2109 attendamus
1468 2058 1703 2103 nostram
1736 2061 1946 2114 quoque
1980 2062 2099 2114 pas-

521 2122 732 2177 sionem
758 2130 813 2176 et
844 2118 1175 2185 mercedem,
1200 2126 1255 2177 et
1284 2120 1361 2171 sic
1386 2118 1793 2185 compatiamur,
1820 2128 1877 2172 ut
1902 2128 1955 2171 et
1984 2118 2100 2183 glo-

517 2192 815 2248 rilieemur.
856 2190 917 2244 Si
963 2191 1105 2245 enim
1153 2189 1527 2256 compatimur,
1569 2195 1624 2243 et
1668 2187 2097 2259 congloriiicabi-

514 2278 656 2317 mur.
689 2263 754 2316 Et
781 2270 900 2319 erat
928 2262 1007 2317 sic
1048 2276 1145 2328 pro
1174 2274 1233 2319 se
1276 2255 1329 2321 et
1360 2274 1454 2329 pro
1486 2260 1744 2315 membris
1771 2255 1921 2315 suis:
1957 2255 2101 2315 Deus

514 2332 675 2390 Pater
699 2335 897 2389 salvum
927 2348 1005 2386 me
1039 2336 1142 2403 fac,
1187 2332 1523 2403 restituendo
1554 2345 1640 2403 me
1685 2330 2094 2403 immortalitati.

522 2403 714 2466 Salvos
752 2404 836 2461 iac
872 2413 927 2461 et
957 2401 1129 2470 mens,
1177 2419 1317 2461 nunc
1360 2402 1573 2463 interim
1622 2401 1863 2459 interiori
1906 2416 2099 2456 resur-

517 2480 777 2543 rectione,
805 2488 1082 2546 quousque
1108 2476 1273 2533 etiam
1297 2474 1572 2546 exteriori.
1598 2473 1657 2531 Et
1681 2487 1902 2533 necesse
1930 2484 2010 2527 est
2041 2482 2098 2546 ut

520 2544 1024 2613 salutandi—iacias,
1047 2546 1299 2616 quoniam
1329 2560 1477 2611 aqum
1502 2544 1818 2616 intraverunt
1849 2560 2003 2616 usque
2028 2545 2097 2597 ad

514 2619 743 2675 auinam
770 2634 954 2674 metu.
986 2614 1151 2682 Aqua:
1180 2617 1426 2673 dicuntur
1457 2616 1541 2675 hic
1573 2616 1739 2670 turba:
1768 2614 1971 2669 Iudaici
2002 2630 2098 2684 po-

514 2689 652 2758 puli,
695 2699 954 2757 qttantum
997 2690 1061 2743 ad
1109 2689 1281 2756 ipsum
1327 2695 1527 2754 caput;
1561 2695 1820 2757 quantum
1860 2700 1988 2742 vero
2029 2685 2096 2741 ad

517 2760 781 2826 membra,
810 2760 1060 2815 dicuntur
1088 2774 1241 2826 annm
1288 2759 1453 2814 etiam
1498 2759 1799 2827 quicunque
1846 2772 2096 2825 persecu-

515 2837 663 2886 tores
692 2831 963 2885 Eeetesite.
993 2830 1146 2897 Quod
1171 2837 1349 2885 autem
1379 2830 1524 2894 dicit,
1562 2827 1889 2898 Intraverunt
1920 2844 2093 2898 aquaz,

516 2900 584 2954 ad
623 2900 1030 2957 similitudinem
1072 2902 1274 2957 dictum
1300 2910 1400 2955 est.
1433 2900 1585 2955 Sicut
1615 2901 1758 2961 enim
1788 2914 1927 2969 aqua
1973 2916 2095 2965 pau-

510 2969 665 3027 latim
711 2973 904 3037 intrat,
936 2972 1107 3027 donec
1138 2972 1320 3028 navim
1362 2972 1673 3039 submergat
1704 2981 1759 3035 et
1810 2971 2087 3026 involvat:

514 3042 594 3097 sic
636 3042 739 3110 ipsi
766 3041 936 3099 Judaei
969 3043 1223 3111 paulatim
1252 3042 1582 3099 involventes
1624 3056 1683 3097 se
1726 3041 1912 3101 latenti
1943 3041 2089 3105 odio,

452 3166 459 3171 .
514 3112 713 3171 deinde
759 3113 1043 3171 consilium
1092 3113 1325 3173 ineundo
1368 3128 1490 3169 cum
1541 3112 1825 3182 discipulo,
1874 3114 2093 3166 tandem

513 3158 2093 3256 ξῐιέἱιῖ“ωᾶιῖἰὶὲἒῐὲἰῖρρὖὶἷιξῖιᾶοξἓῖὶιιᾶἔἒιςίῆὶὲἶηῦὂ
2115 3158 2169 3227 c

513 3252 767 3327 Cruciﬁge
790 3274 924 3325 una,
949 3252 1290 3321 intraverunt,
1319 3256 1371 3311 id
1394 3265 1498 3319 est,
1522 3256 1910 3325 praevaluerunt
1938 3272 2097 3326 usque

519 3329 587 3398 ad
634 3330 859 3383 animam
904 3342 1008 3383 non
1059 3329 1391 3391 ituitandam.
1432 3328 1527 3383 sed
1576 3327 1993 3398 demergean
2042 3336 2097 3383 et

515 3397 898 3469 destruendam
929 3415 1115 3455 eorum
1150 3401 1543 3469 reputationcm
1570 3415 1583 3451 :
1615 3399 1692 3453 sic
1729 3397 1784 3454 et
1821 3399 1887 3452 de
1925 3413 2094 3454 mem-

512 3468 624 3526 bris
654 3487 752 3526 suo
781 3472 940 3527 modo
966 3473 1133 3524 dices.

615 3540 821 3610 Imus
868 3559 978 3599 sum
1026 3542 1080 3597 in
1135 3541 1282 3605 limo.
1328 3542 1451 3597 Ideo
1502 3555 1651 3611 aqua:
1701 3541 2094 3611 prmvaiuerunt

520 3612 690 3680 mihi,
732 3612 854 3682 quia
883 3628 981 3681 ego
1012 3629 1124 3665 sirm
1153 3612 1342 3682 infixus
1368 3614 1421 3666 in
1456 3610 1717 3683 profundo
1750 3612 1891 3665 limo.
1924 3610 2094 3667 Homo

516 3683 688 3737 factus
719 3698 747 3736 a
780 3683 888 3738 Deo
924 3686 991 3736 de
1022 3684 1168 3747 limo,
1200 3700 1293 3752 per
1325 3683 1814 3750 prtevaricationem
1843 3698 1968 3738 vero
2019 3683 2095 3736 la-

516 3762 636 3808 etus
660 3763 743 3808 est
773 3753 1068 3821 profundus
1095 3754 1273 3809 limus.
1304 3755 1609 3810 Profundos
1631 3755 1847 3822 quidem
1876 3762 2094 3822 propter

515 3823 839 3895 multiplices
888 3838 1075 3894 ptenas
1127 3827 1347 3893 peccati.
1401 3827 1455 3881 In
1504 3828 1605 3882 hoc
1653 3827 1781 3881 limo
1827 3825 2097 3895 profundo

514 3894 715 3950 inﬁxus
744 3896 860 3965 ipse
904 3896 1018 3961 iuit,
1050 3896 1171 3964 quia
1206 3896 1499 3951 humanam
1538 3904 1784 3953 naturam
1831 3894 2091 3963 suscepit.

512 3966 582 4020 Et
612 3966 733 4021 ideo
759 3966 889 4021 dicit
915 3984 929 4020 :
960 3966 1166 4037 Inﬁmus
1192 3983 1303 4020 sum
1332 3967 1385 4020 in
1414 3969 1535 4021 limo
1572 3966 1855 4037 profunde.
1879 3967 1944 4023 Et
1975 3969 2096 4023 ideo

515 4052 624 4093 non
659 4048 742 4094 est
779 4038 909 4093 mihi
942 4039 1263 4104 substantia,
1291 4039 1342 4101 id
1372 4048 1481 4107 est,
1508 4038 1856 4093 subsistentia
1889 4039 2089 4107 aliqua,

511 4120 572 4190 ut
596 4123 692 4190 per
720 4125 804 4164 me
840 4110 1036 4190 possim
1068 4110 1344 4165 demersus
1372 4111 1437 4165 ab
1470 4109 1621 4178 aquis
1645 4110 1747 4164 illis
1774 4109 2090 4176 subsistere,

512 4181 614 4233 nisi
641 4190 700 4234 tu
736 4181 1025 4237 resuscites
1054 4194 1159 4235 me.

593 4248 720 4304 Veni
744 4252 796 4304 in
826 4250 1149 4305 altitudinem
1181 4252 1355 4306 maris.
1381 4252 1583 4321 Inﬁxus
1610 4267 1746 4320 sum,
1777 4250 2009 4321 inquam,
2040 4252 2095 4307 in

516 4322 779 4391 profundo
801 4322 943 4388 limo,
968 4332 1020 4376 et
1051 4323 1151 4376 hoc
1180 4337 1283 4394 non
1316 4339 1382 4378 ex
1405 4327 1575 4394 aliqua
1607 4324 1944 4385 necessitate,
1970 4325 2094 4392 quia

513 4406 613 4460 ego
641 4394 754 4446 veni
798 4408 862 4449 ex
895 4395 1106 4464 prepria
1133 4393 1423 4462 voluntate,
1467 4412 1570 4450 non
1602 4410 1671 4450 ex
1712 4395 2008 4459 coactione,
2042 4396 2096 4448 in

513 4463 837 4518 altitudinem
888 4463 1075 4531 maris,
1129 4465 1181 4519 id
1228 4473 1340 4533 est,
1393 4467 1655 4536 assumpsi
1708 4467 2093 4521 humanitatem

2127 1790 2183 1861 Β

2212 495 2407 553 mante.
2444 482 2749 536 Substantia
2783 483 2923 536 enim
2958 497 3056 553 pro
3102 482 3300 536 divitiis
3333 482 3458 553 poni
3504 484 3668 537 solet.
3721 485 3801 541 Di-

2208 551 2352 606 vitite
2383 555 2527 607 enim
2558 562 2681 607 sunt
2711 554 2761 608 in
2810 554 2929 624 hoc,
2957 551 3081 624 quia
3111 570 3215 608 non
3252 551 3490 621 rapinam
3514 555 3805 614 arbitratur

2206 632 2281 677 est
2306 639 2360 677 se
2389 641 2494 679 esse
2523 626 2769 690 (aqualem
2796 623 2926 690 Deo,
2952 623 3033 678 eui
3068 640 3193 681 vere
3228 625 3466 693 :eqnalis,
3495 638 3801 686 coaeternus

2209 702 2262 747 et
2291 696 2766 771 consubstantialis
2790 696 3083 771 secundum
3116 696 3350 771 \{erbum
3370 708 3476 771 est.
3511 696 3802 771 Paupertas

2204 779 2332 820 vero
2360 769 2478 837 ejus
2515 770 2566 822 in
2601 767 2702 820 hoc
2743 766 2855 831 fuit,
2885 766 3010 836 quia
3042 784 3094 821 sc
3134 768 3301 837 ipsum
3338 766 3657 831 exinanivit,
3701 772 3802 836 [er-

2204 851 2341 890 mam
2366 838 2494 893 serui
2521 838 2799 905 accipiens,
2826 838 3006 893 habitu
3030 839 3261 893 inventus
3288 848 3367 893 est
3400 848 3456 892 ut
3485 839 3666 893 homo.
3692 840 3799 908 Qua

2207 918 2520 982 paupertate
2545 908 2846 982 divesufuit,
2878 913 2999 979 quia
3034 924 3132 963 nos
3174 910 3355 965 multis
3386 910 3592 964 divitiis
3627 914 3792 982 reple.

2203 978 2301 1033 vit.
2329 980 2461 1034 Cum
2504 980 2645 1035 enim
2677 980 2826 1035 dives
2854 989 3016 1047 esset,
3053 996 3148 1048 pro
3190 982 3343 1037 nobis
3378 996 3586 1051 pauper
3633 978 3797 1040 {actus

2202 1058 2305 1116 cst,
2339 1061 2394 1105 ut
2439 1066 2534 1104 nos
2567 1061 2876 1121 paupertate
2916 1068 3009 1105 sua
3043 1053 3254 1108 ditaret.
3294 1052 3385 1107 Vel
3419 1054 3625 1107 aliter:
3661 1052 3790 1109 Stib-

2201 1122 2397 1177 stantia
2431 1122 2630 1177 dicitur
2656 1122 2913 1193 quidquid
2942 1139 2971 1177 a
3004 1122 3113 1178 Deo
3142 1132 3381 1177 creatum
3413 1133 3517 1189 est,
3549 1132 3605 1177 et
3642 1125 3795 1183 homo

2202 1202 2419 1247 creatus
2448 1208 2476 1247 a
2510 1194 2619 1248 Deo
2663 1202 2720 1247 ut
2763 1195 3081 1257 substantia,
3119 1194 3171 1249 id
3204 1203 3307 1263 est,
3335 1204 3395 1249 ut
3425 1209 3492 1248 eo
3526 1194 3692 1262 digna
3723 1212 3799 1252 es-

2203 1272 2305 1319 set.
2343 1264 2476 1321 Etsi
2522 1280 2586 1320 ea
2635 1265 2929 1320 substantia
2962 1267 3283 1332 mansisset,
3330 1280 3490 1334 quam
3526 1265 3671 1321 Deus
3712 1284 3796 1334 ge-

2204 1334 2583 1414 nuit,.intixus
2618 1350 2723 1389 non
2756 1336 3067 1414 essetaSed
3118 1336 3280 1393 homo
3333 1337 3518 1408 lapsus
3570 1349 3657 1392 est
3708 1355 3794 1414 per

2203 1408 2564 1473 iniquitatem,
2611 1422 2728 1474 quae
2782 1408 3033 1476 iniquitas
3080 1424 3183 1463 non
3236 1416 3320 1463 est
3367 1418 3648 1474 creatura,
3680 1413 3793 1479 quia

2202 1490 2307 1529 non
2353 1486 2437 1533 est
2488 1487 2698 1550 natura,
2732 1494 2889 1548 quam
2930 1480 3068 1535 Deus
3118 1479 3344 1550 ereavit,
3372 1482 3468 1536 sed
3521 1482 3793 1550 corruptio

2203 1555 2426 1610 naturae,
2455 1564 2618 1618 quam
2650 1549 2763 1618 ipse
2793 1551 2952 1605 homo
2985 1552 3035 1604 in
3070 1564 3130 1606 se
3164 1549 3307 1605 fecit.
3336 1552 3418 1603 Ab
3444 1550 3665 1604 Adamn
3697 1549 3795 1606 ini-

2200 1619 2377 1691 quitas
2404 1620 2569 1691 venit,
2600 1628 2657 1675 et
2688 1636 2790 1675 non
2823 1633 2903 1691 est
2936 1622 3257 1681 substantia.
3290 1622 3414 1691 quia
3439 1638 3551 1675 non
3587 1632 3673 1676 est
3701 1624 3793 1679 ini-

2201 1690 2377 1762 quitas
2419 1705 2447 1744 τι
2483 1690 2590 1762 Deo
2621 1692 2778 1746 facta.
2813 1686 2941 1747 Nam
2976 1708 3082 1747 non
3127 1702 3207 1746 est
3252 1686 3411 1757 facta,
3443 1693 3575 1762 quia
3619 1696 3790 1747 omnia

2203 1772 2302 1828 per
2333 1760 2506 1825 ipsum
2538 1759 2673 1816 facta
2698 1772 2841 1827 sunt,
2872 1775 2924 1817 et
2955 1763 3133 1817 omnis
3164 1775 3403 1818 creatura
3434 1759 3607 1817 abeo
3639 1766 3785 1820 facta.

2204 1830 2416 1885 Laudat
2444 1847 2567 1887 eum
2602 1848 2708 1888 non
2741 1834 2883 1901 quod
2914 1849 3130 1889 sensum
3166 1834 3357 1888 habeat
3388 1834 3670 1900 laudandi,
3705 1837 3790 1891 sed

2202 1906 2325 1969 quia
2378 1906 2655 1957 materiam
2704 1907 2904 1973 praebet
2935 1905 3202 1958 laudandi.
3238 1903 3451 1958 Nullum
3500 1915 3687 1959 autem
3724 1911 3791 1959 vi.

2202 1975 2335 2027 tium
2384 1975 2610 2029 materia
2661 1983 2742 2029 est
2792 1975 3041 2034 laudandi
3091 1976 3278 2045 Deum,
3310 1990 3478 2043 quare
3543 1976 3791 2045 iniquitas

2207 2058 2312 2097 non
2358 2054 2441 2098 est
2470 2054 2745 2113 creatura,
2774 2055 2827 2099 et
2862 2047 2980 2102 ideo
3009 2046 3155 2109 dicit,
3184 2044 3390 2113 Inﬁxae
3420 2062 3537 2099 sum
3577 2044 3651 2100 in
3678 2048 3792 2101 limo

2201 2114 2483 2182 profundi;
2528 2118 2712 2171 ethoc
2761 2113 2901 2183 ideo,
2934 2120 3053 2186 quia
3102 2132 3207 2172 non
3247 2127 3330 2172 est
3367 2117 3697 2181 substantia,
3744 2120 3789 2173 id

2201 2196 2302 2258 est,
2336 2191 2459 2256 quia
2492 2202 2594 2258 non
2641 2188 2817 2244 inveni
2864 2191 2917 2245 in
2965 2189 3182 2244 homine
3227 2189 3583 2243 substantiam
3634 2205 3785 2258 quam

2198 2255 2455 2315 feceram.
2499 2257 2622 2312 Veni
2651 2260 2703 2312 in
2729 2260 3053 2317 altitudinem
3096 2260 3271 2316 maris.
3310 2258 3513 2314 lniixus
3542 2255 3686 2327 sum,
3720 2262 3789 2315 in-

2199 2343 2395 2397 quam,
2443 2330 2537 2384 sed
2592 2345 2695 2383 non
2750 2346 2815 2387 ex
2868 2333 3041 2401 aliqua
3102 2332 3455 2395 necessitate,
3507 2334 3633 2400 quia
3690 2346 3783 2401 ego

2200 2406 2394 2466 Sponte
2426 2404 2538 2453 ueni
2566 2402 2619 2454 in
2664 2402 2987 2457 altitudinem
3022 2406 3203 2469 morie,
3236 2402 3286 2458 id
3317 2411 3420 2467 est,
3456 2402 3506 2456 in
3540 2402 3679 2457 hanc
3709 2406 3782 2460 vi-

2204 2477 2310 2545 tam
2358 2473 2739 2545 amaricanlem
2767 2488 2975 2545 pinnas
3021 2475 3245 2541 peccati,
3294 2475 3366 2528 ita
3408 2483 3587 2529 tamen
3634 2484 3697 2530 ut
3740 2475 3786 2530 in

2198 2541 2307 2595 alto
2336 2543 2467 2597 mari
2497 2558 2695 2607 essem,
2729 2541 2912 2610 idest,
2944 2544 2995 2601 in
3027 2559 3095 2598 eo
3139 2545 3260 2601 loco
3289 2545 3379 2615 qui
3420 2544 3601 2599 minus
3636 2558 3778 2601 com-

2198 2624 2530 2680 moveretur,
2561 2615 2765 2670 scilicet
2794 2625 2850 2673 ιιι
2878 2624 2933 2672 ει
2971 2617 3014 2669 si
3047 2630 3419 2671 commoverer
3454 2617 3628 2685 pinnis
3663 2632 3779 2684 pec-

2201 2685 2329 2759 cati,
2364 2698 2469 2739 non
2504 2694 2680 2741 tamen
2723 2700 2891 2755 usque
2931 2690 3032 2741 huc
3062 2689 3267 2759 sumpsi
3299 2700 3605 2756 peccatum.
3635 2688 3779 2745 lare

2197 2756 2341 2833 enim
2370 2765 2425 2809 et
2454 2759 2628 2815 omnis
2659 2758 3029 2833 etiamuaqua,
3062 2759 3115 2833 in
3140 2756 3245 2833 qua
3270 2770 3441 2833 parte
3484 2764 3643 2813 altior
3673 2771 3771 2833 est,

2198 2829 2374 2899 minus
2411 2838 2802 2887 commovetur.
2836 2829 2932 2885 Vel
2982 2830 3095 2883 veni
3130 2831 3185 2884 in
3226 2830 3556 2883 attitedinem
3603 2832 3777 2899 maris,

2197 2896 2405 2972 id__est,
2449 2899 2593 2972 inter
2625 2899 2769 2972 illos,
2798 2902 2889 2972 qui
2940 2903 3173 2957 maxime
3202 2902 3561 2957 amaricantes
3606 2896 3778 2970 erant,

2195 2966 2401 3024 scilicet
2446 2970 2582 3025 inter
2630 2966 2865 3025 Jttdteos.
2920 2972 2983 3027 Et
3038 2972 3156 3030 ideo
3211 2981 3508 3039 tempestas,
3555 2972 3610 3029 id
3654 2966 3770 3038 est,

2196 3039 2547 3113 contradictio
2610 3048 2666 3096 et
2739 3040 2888 3101 furor
2954 3043 3097 3098 illius
3173 3045 3349 3113 pepuli
3394 3059 3533 3113 non
3600 3045 3769 3099 sohnn

2197 3110 2384 3169 mersit
2428 3126 2541 3177 me,
2577 3126 2713 3185 cum
2763 3128 2925 3183 super
2980 3131 3064 3167 me
3117 3110 3186 3169 ut'
3225 3112 3607 3185 cruciﬁgerer,
3654 3116 3771 3170 cla-

2202 3190 2412 3303 exirent
2445 3200 2461 3239 :
2500 3182 2594 3240 sed
2641 3185 2801 3245 etiam
2836 3182 3088 3240 demersit
3130 3201 3210 3240 me
3253 3182 3439 3252 adeo;
3459 3194 3518 3241 ut
3567 3200 3653 3242 me
3699 3201 3781 3244 se.

2203 3267 2267 3303 De
2292 3264 2455 3303 ll‘elll.

2203 3264 2455 3322 petirent.

2269 3324 2523 3380 Laboravi
2552 3326 2802 3393 clamans,
2825 3342 3015 3383 raucae.
3040 3327 3145 3399 Ipsi
3172 3328 3387 3400 quidem
3412 3327 3783 3387 demerserunt

2198 3410 2306 3471 me,
2335 3411 2433 3471 ego
2464 3413 2592 3471 vero
2640 3401 2824 3457 monui
2871 3415 2963 3456 eos
2993 3400 3060 3456 de
3104 3402 3347 3471 ipsorum
3381 3401 3575 3468 salute,
3610 3410 3667 3456 et
3709 3402 3779 3455 sic

2199 3467 2425 3541 laboraui
2454 3467 2686 3527 clamans
2721 3472 2789 3526 ad
2838 3486 2955 3537 eos,
2986 3467 3255 3541 quomodo
3284 3472 3536 3527 clamavit
3584 3472 3674 3527 ille
3714 3471 3775 3527 de

2197 3553 2304 3614 quo
2334 3538 2535 3614 dictum
2577 3542 2845 3614 estquod
2890 3538 3305 3614 non'respondit
3334 3544 3411 3599 eis
3442 3542 3684 3600 verbum.
3721 3544 3780 3597 Et

2200 3608 2266 3665 de
2294 3625 2400 3678 quo
2427 3611 2612 3678 Isaias,
2643 3608 2792 3669 Sicut
2827 3613 2945 3669 ovis
2993 3614 3061 3669 ad
3090 3608 3417 3673 occisionem
3447 3615 3643 3670 ductus
3682 3622 3779 3677 est,

2198 3690 2251 3758 et
2279 3682 2405 3758 dum
2450 3682 2522 3738 ita
2567 3693 2906 3758 tractaretur,
2950 3702 3057 3741 non
3099 3687 3310 3758 aperuit
3339 3700 3400 3740 os
3451 3699 3633 3758 suum.
3678 3684 3781 3741 Sed

2200 3751 2323 3827 licet
2365 3755 2417 3827 in
2450 3754 2698 3827 passione
2727 3751 3151 3827 nouelamaret,
3175 3761 3329 3827 prius
3353 3765 3537 3811 tamen
3560 3818 3561 3821 η
3584 3756 3779 3811 ciama-

2198 3823 2527 3896 vit_multum
2559 3826 2783 3883 dicens:
2819 3825 2911 3881 Va:
2941 3829 3157 3896 mundo,
3176 3823 3235 3884 et
3258 3846 3270 3882 :
3293 3826 3382 3882 Va:
3406 3829 3565 3883 vobis
3594 3830 3779 3883 scriba

2196 3902 2249 3967 et
2280 3894 2554 3967 Pharisaei,
2597 3899 2685 3967 qui
2717 3898 2922 3954 habetis
2971 3894 3151 3955 claves
3196 3898 3496 3967 sapientite,
3546 3913 3649 3953 nec
3685 3914 3776 3953 vos

2196 3965 2431 4039 i_ntra_tis,
2463 3982 2561 4024 nec
2582 3965 2716 4025 alios
2744 3970 2945 4024 intrare
2976 3965 3304 4039 permittitis,
3336 3978 3393 4025 et
3432 3970 3603 4025 multa
3637 3969 3777 4024 talia.

2196 4035 2265 4110 Et
2298 4036 2593 4110 ideohdicit
2621 4056 2637 4095 :
2677 4039 2931 4095 Laboravi
2972 4035 3218 4095 clamans.
3249 4035 3356 4097 Sed
3402 4051 3585 4097 tamen
3609 4039 3779 4110 (quasi

2199 4108 2358 4178 dicat)
2395 4108 2529 4163 nihil
2564 4112 2760 4177 profeci
2789 4130 2800 4165 :
2834 4113 2955 4181 quia
2986 4112 3163 4180 fauces
3203 4127 3351 4178 mete,
3383 4112 3435 4165 id
3482 4123 3591 4178 est,
3620 4108 3781 4167 voces

2196 4193 2330 4252 mea:
2372 4196 2541 4235 rauca:
2581 4182 2732 4249 factae
2771 4193 2913 4247 sunt,
2949 4192 3203 4252 quantum
3235 4184 3303 4238 ad
3332 4182 3589 4239 effectum
3618 4201 3629 4235 :
3665 4184 3779 4248 quia

2197 4250 2337 4305 sicut
2363 4265 2465 4305 vox
2498 4252 2721 4319 alicujus
2749 4253 2897 4310 rauci
2926 4250 3148 4308 confusa
3171 4263 3277 4319 est,
3306 4262 3360 4310 et
3391 4268 3497 4309 non
3531 4254 3776 4308 auditur:

2197 4322 2269 4394 ita
2314 4322 2477 4377 verba
2507 4337 2627 4379 mea
2657 4326 2724 4380 ab
2753 4326 2831 4381 eis
2865 4340 2970 4379 non
2999 4325 3433 4394 intelligebantur
3461 4340 3563 4380 nec
3597 4325 3782 4379 audit.»

2198 4390 2412 4447 bantur.
2445 4394 2505 4447 Et
2552 4395 2802 4452 nimirtnn
2842 4395 2887 4451 si
2917 4390 3243 4451 adversariis
3272 4394 3453 4451 fauces
3492 4411 3629 4451 meae
3659 4410 3776 4449 ran-

2198 4472 2444 4537 cuerunt,
2471 4464 2591 4537 quia
2624 4466 2760 4520 oculi
2790 4470 2907 4533 mei,
2944 4466 2993 4521 id
3024 4477 3124 4533 cst,
3172 4466 3249 4521 illi
3294 4469 3382 4537 qui
3419 4466 3551 4523 mihi
3598 4466 3779 4521 adhae-

510 4536 617 4607 alte
646 4544 862 4606 prepter
892 4530 1075 4606 poenas
1106 4537 1306 4607 peccati
1328 4530 1737 4592 'amaricantem.
1770 4539 1911 4592 idem
1946 4538 2089 4591 enim
2125 4530 2176 4591 Β
2200 4535 2406 4600 rebant,
2437 4530 2505 4589 et'
2532 4536 2584 4588 in
2632 4551 2858 4605 corpore
2890 4530 3009 4592 ineo
3037 4530 3179 4595 oculi
3212 4530 3389 4604 erant,
3427 4538 3479 4591 id
3511 4548 3617 4600 est,
3652 4552 3782 4607 apo-

509 4603 564 4661 in
597 4603 695 4661 hac
726 4603 809 4662 est
837 4603 992 4661 limus
1041 4603 1352 4677 profundus,
1388 4618 1442 4663 et
1472 4608 1633 4663 maris
1671 4609 1917 4663 altitudo.
1954 4610 2088 4663 Pos-

510 4686 637 4733 sunt
671 4686 727 4734 et
755 4679 994 4749 aliter_hi
1024 4684 1127 4732 duo
1157 4692 1346 4731 versus
1395 4695 1499 4732 non
1532 4680 1822 4749 incongrue
1866 4681 2084 4748 exponi.

512 4749 676 4817 Quasi
705 4750 881 4823 dicat:
915 4747 1116 4823 Inﬁxae
1156 4765 1268 4801 sum
1311 4752 1365 4803 in
1404 4751 1524 4803 limo
1555 4747 1832 4823 profundi,
1879 4747 2084 4817 idest,

512 4828 657 4876 terra
704 4821 894 4876 tradita
944 4830 1025 4875 est
1073 4821 1124 4873 in
1177 4836 1365 4875 manus
1414 4821 1773 4888 peccatorum.
1821 4823 1993 4877 Homo
2032 4831 2088 4875 ut

510 4892 857 4969 praediximus
903 4892 1071 4947 factus
1112 4898 1195 4946 est
1332 4892 1480 4969 limo,
1512 4895 1605 4947 sed
1638 4910 1731 4969 per
1749 4892 2084 4969 prtevarica—

513 4961 715 5018 tionem
763 4961 1069 5035 factuscst
1120 4961 1412 5031 profundus
1448 4961 1911 5035 limusCQuisquis
1958 4978 2087 5018 vero

511 5046 710 5101 praeter
751 5034 1026 5103 originalia
1064 5044 1275 5101 peccata
1325 5036 1589 5104 immergit
1634 5050 1693 5090 se
1735 5037 1786 5089 in
1834 5035 2083 5101 actualia,

512 5116 711 5174 quanto
755 5106 903 5175 plura
948 5105 1260 5170 committit,
1301 5113 1446 5160 tanto
1496 5106 1895 5171 profundiorem
1946 5107 2088 5161 hunc

510 5175 697 5231 linmm
724 5177 915 5231 reddit.
944 5178 1092 5232 llunc
1121 5178 1303 5229 lituum
1340 5176 1737 5243 protrahentem
1760 5181 1825 5230 ad
1856 5177 2089 5245 aliquam

511 5245 865 5315 iniquitatem,
898 5249 940 5300 si
972 5264 1088 5314 quis
1129 5249 1440 5311 centemnit,
1476 5248 1659 5301 limum
1702 5263 1853 5300 suum
1897 5263 2086 5301 aurum

520 5318 676 5383 facit,
706 5321 826 5387 quia
878 5320 1088 5372 tandem
1136 5318 1189 5371 in
1238 5323 1509 5373 caelestem
1563 5318 1799 5371 habitum
1852 5328 2086 5372 mutatos

515 5390 735 5460 aequalis
780 5389 838 5442 iit
885 5391 1088 5460 angelis
1134 5387 1248 5443 Dei.
1284 5390 1337 5442 In
1390 5392 1492 5443 hoc
1542 5388 1669 5443 limo
1716 5390 1979 5457 profundo
2013 5390 2087 5444 in-

513 5458 657 5514 ﬁxus
684 5469 763 5515 est
791 5458 1057 5524 Christus,
1083 5460 1202 5530 quia
1235 5464 1510 5530 corruptio
1544 5471 1747 5514 naturae
1779 5476 1883 5514 non
1912 5462 2085 5514 solum

514 5545 611 5599 per
658 5532 954 5599 originalis,
1004 5532 1095 5585 sed
1151 5531 1310 5585 etiam
1362 5548 1458 5599 per
1513 5532 1737 5585 actualia
1784 5531 1880 5584 fuit
1927 5548 2086 5585 causa

512 5616 680 5671 quare
708 5602 901 5655 inlixus
933 5603 1045 5655 fuit.
1078 5602 1143 5655 Et
1172 5603 1292 5657 ideo
1319 5603 1452 5657 dieit
1478 5621 1487 5654 :
1516 5602 1717 5671 Infixae
1744 5604 1934 5656 suntin
1963 5602 2085 5656 limo

512 5671 782 5743 profundi,
816 5671 866 5725 id
899 5683 1000 5736 est,
1038 5672 1167 5727 Ιηεεί
1197 5674 1290 5736 ibi,
1321 5674 1447 5743 quia
1478 5685 1664 5740 captus
1715 5688 1854 5739 sum,
1889 5688 2079 5742 caasus,

511 5744 840 5813 ﬂagellatur),
886 5743 1195 5799 cruciﬁxus.
1244 5745 1309 5799 Et
1360 5746 1463 5800 hoc
1509 5746 1647 5809 ideo,
1678 5747 1799 5814 quia
1847 5761 1952 5801 non
2003 5756 2082 5801 est

512 5814 810 5874 substantia
838 5815 895 5872 in
926 5831 1030 5882 me,
1064 5817 1116 5871 id
1143 5827 1245 5883 est,
1280 5817 1401 5886 quia
1452 5832 1557 5872 non
1593 5817 1799 5874 attendi
1843 5817 1921 5875 eis
1951 5816 2056 5872 divi

2192 4607 2313 4661 stoli
2344 4607 2655 4679 defecerunt.
2691 4610 2757 4663 Ut
2796 4608 2870 4662 illi
2899 4609 3007 4663 duo
3033 4609 3123 4679 qui
3152 4608 3279 4665 dum
3305 4608 3445 4664 oculi
3473 4622 3671 4663 eorum
3704 4618 3782 4679 te-

2192 4686 2449 4733 nerentur
2481 4679 2532 4731 in
2560 4678 2669 4749 via,
2690 4693 2758 4733 ne
2785 4694 2906 4734 eum
2938 4678 3312 4749 agnOscerent,
3338 4678 3596 4749 dixerunt
3627 4699 3638 4734 :
3668 4678 3780 4733 Nos

2190 4748 2520 4821 sperabamus
2536 4748 2671 4821 quod
2693 4751 2800 4821 ipse
2822 4748 3176 4821 redempturus
3204 4758 3314 4806 erat
3342 4748 3535 4805 Israel.
3561 4750 3632 4805 Et
3663 4752 3783 4806 ideo

2191 4820 2517 4892 deiecerunt,
2551 4820 2675 4892 dum
2716 4820 2868 4886 spero
2900 4820 3035 4884 in,te
3064 4822 3247 4888 Deum,
3282 4822 3332 4875 id
3374 4834 3481 4889 est,
3508 4828 3636 4892 quia
3667 4823 3783 4876 nul-

2192 4889 2303 4945 lum
2351 4891 2663 4945 miraculum
2716 4892 2837 4954 feci,
2873 4892 3072 4946 nullam
3127 4893 3420 4961 potentiam
3464 4889 3648 4946 meatu
3691 4908 3781 4946 os-

2194 4962 2332 5016 tendi
2361 4978 2374 5013 :
2406 4963 2500 5016 sed
2538 4970 2752 5033 tantum
2784 4978 2936 5033 spem
2977 4978 3151 5018 meam
3181 4964 3237 5018 in
3268 4974 3321 5019 te
3363 4964 3474 5017 Deo
3506 4964 3633 5030 ﬂxi,
3676 4978 3785 5018 non

2191 5033 2259 5089 dc
2308 5048 2469 5086 cruce
2518 5032 2916 5103 descendendo,
2946 5035 3041 5089 sed
3086 5046 3136 5088 te
3185 5046 3650 5089 remuneratorth
3684 5050 3783 5089 ex—

2190 5103 2501 5170 spcctando.
2522 5103 2720 5175 l’mest
2748 5107 2904 5159 etiam
2940 5105 3243 5175 Defecerunt
3277 5107 3414 5161 oculi
3445 5108 3544 5161 mei
3572 5106 3788 5171 simpli.

2191 5176 2324 5245 citet
2355 5188 2473 5227 esse
2500 5174 2790 5245 descriptio
2821 5174 3031 5231 mortis.
3057 5177 3217 5242 Quasi
3245 5176 3390 5230 dicat
3417 5194 3427 5228 :
3456 5177 3572 5230 Non
3603 5182 3784 5229 solum

2192 5243 2373 5301 fauces
2407 5243 2750 5312 raucuerunt,
2784 5246 2878 5301 sed
2909 5247 3068 5302 etiam
3097 5247 3230 5299 oculi
3254 5248 3350 5299 mei
3370 5248 3691 5316 defecerunt,
3731 5246 3783 5300 id

2192 5327 2295 5381 est,
2334 5318 2387 5370 in
2430 5324 2655 5370 mortem
2686 5318 2841 5371 datus
2870 5333 3009 5373 sum.
3044 5317 3100 5371 In
3132 5327 3303 5372 morte
3332 5319 3472 5373 enim
3508 5321 3653 5373 oculi
3690 5320 3789 5371 de-

2191 5388 2393 5442 ﬁciunt.
2431 5388 2493 5441 Et
2521 5387 2641 5443 ideo
2671 5388 3005 5458 deiecerunt,
3034 5388 3157 5442 dum
3199 5404 3348 5458 spero
3392 5390 3446 5441 in
3492 5388 3603 5441 Deo
3643 5404 3783 5454 meo,

2191 5468 2247 5513 ut
2281 5473 2443 5525 prius.
3180 5501 3189 5508 .

2264 5529 2598 5600 Muttiplicati
2648 5540 2788 5585 sunt.
2837 5530 2974 5598 Quia
3021 5532 3196 5601 fauces
3244 5545 3370 5585 mea:
3414 5544 3586 5583 rauca:
3625 5532 3793 5597 facta

2192 5611 2327 5666 sunt,
2359 5602 2478 5655 ideo
2503 5603 2587 5674 illi
2617 5604 2702 5671 qui
2723 5605 2941 5657 oderunt
2967 5618 3043 5659 me
3068 5604 3247 5674 gratis,
3278 5602 3331 5656 id
3357 5612 3459 5674 est,
3484 5602 3600 5674 sine
3630 5604 3789 5655 omni

2192 5687 2377 5738 causa,
2407 5672 2735 5739 multiplicati
2779 5683 2897 5729 sunt
2944 5685 2998 5729 et
3028 5672 3083 5729 in
3122 5687 3235 5728 snts
3273 5682 3326 5728 et
3355 5673 3409 5727 in
3443 5672 3580 5729 meis
3608 5714 3620 5723 .
3652 5674 3793 5740 quia

2194 5758 2333 5799 unus
2361 5744 2519 5799 etiam
2558 5744 2634 5813 de
2678 5744 2959 5801 duodecim
3000 5747 3227 5800 accessit
3254 5743 3331 5799 eis
3368 5760 3524 5813 super
3557 5744 3795 5811 capillos

2190 5815 2372 5885 capitis
2404 5816 2523 5881 mei,
2555 5809 2607 5870 id
2638 5826 2738 5884 est,
2765 5816 2958 5874 intin'rtt
3004 5816 3130 5875 facti
3159 5825 3305 5877 sunt.
3354 5809 3589 5873 Finitum
3622 5809 3793 5872 enim
