3984 6362
137 388 251 443 8-53

864 386 932 444 IN
972 384 1391 447 PSALMORUM
1432 384 1633 443 LIBRO
1672 386 2029 444 EXEGESIS.
2073 414 2141 426 -—
2181 384 2425 444 PSALM.
2470 386 2695 443 LXVIII.

3315 392 3417 448 846

134 503 405 575 accipitur
448 514 545 572 pro
574 498 803 555 inﬁnito.
854 500 950 557 Vel
978 504 1099 570 quia
1139 502 1314 573 capilli
1344 504 1500 572 capiti
1529 502 1713 557 adhaz-
1746 507 1798 570 Α
1840 510 2021 575 autem
2094 500 2339 558 conlusio
2406 504 2621 573 proprie
2665 501 2983 560 remordens
3035 506 3418 570 conscientiam

137 588 288 641 rent,
318 585 373 630 et
404 575 577 643 ipsum
600 582 846 645 ornatum
881 588 1163 641 possumus
1193 589 1287 643 per
1315 575 1536 645 capillos
1569 576 1713 629 acci-

139 664 297 716 pere,
349 645 551 699 amicos
594 643 643 698 ei
696 645 783 713 qui
827 653 988 716 caput
1019 654 1099 700 est
1146 643 1515 716 adhaerentes;
1554 657 1611 699 ut
1650 646 1719 700 sit

136 715 559 789 mquipollenter
588 716 769 789 dicere
799 732 810 767 :
849 715 1376 789 Plureslongerl‘acti
1406 726 1528 772 sunt
1557 718 1719 771 resis-

139 785 321 843 tentes
352 787 502 850 mihi,
547 802 702 855 quam
738 785 993 841 faventes.
1030 785 1179 843 Unde
1222 787 1419 841 inimici
1464 789 1562 841 mei
1591 803 1715 841 con-

136 860 327 931 [ortati
355 867 493 922 sunt,
528 857 578 912 id
606 865 707 922 est,
739 860 1153 931 praevaluerunt,
1189 867 1242 911 et
1270 858 1719 931 audaciamrcono

141 927 226 986 ira
252 947 339 987 me
368 936 692 999 acceperunt
734 947 745 981 :
789 927 988 1000 inimici
1019 929 1163 994 dico,
1195 929 1282 998 qui
1328 930 1575 1000 persecuti
1606 937 1723 983 sunt

138 1019 223 1057 me
276 1004 485 1075 injuste.
531 1000 604 1075 ‘Et
657 1015 783 1055 vere
813 999 1250 1075 _i_njuste,Aquia_
1295 999 1421 1054 nihil
1456 1001 1723 1075 iniustius

138 1070 480 1143 quam'velle
529 1072 681 1143 illum
714 1070 976 1143 occidere,
1010 1072 1097 1139 qui
1134 1072 1283 1143 venit
1309 1086 1367 1143 se
1392 1072 1617 1126 salvare.
1661 1072 1725 1125 Et

142 1139 271 1199 tunc
299 1144 505 1199 scilicet
534 1139 845 1196 conlortatis
874 1142 1105 1196 inimicis
1143 1140 1460 1210 cxsolrebam
1485 1157 1599 1210 quae
1623 1158 1725 1196 non

140 1217 322 1287 rapui,
355 1216 409 1271 id
432 1223 534 1278 est,
575 1228 673 1282 pro
700 1222 917 1287 peccato
949 1228 1133 1287 plenas
1162 1213 1375 1287 pertuli,
1410 1215 1501 1287 qui
1532 1228 1723 1287 pecca-

141 1284 261 1343 tuin
310 1302 415 1342 non
463 1286 728 1349 commisi,
775 1284 915 1351 quod
946 1296 1031 1337 εει
1058 1285 1257 1337 dictum
1305 1285 1371 1338 ad
1422 1284 1726 1338 similitudi-

140 1375 296 1426 nem,
348 1357 549 1412 scilicet
589 1355 741 1423 quasi
782 1354 974 1421 aliquis
1021 1354 1217 1423 aliquid
1266 1354 1457 1423 rapiat,
1488 1364 1563 1426 et_
1591 1355 1727 1409 alius

144 1432 234 1499 qui
281 1424 413 1484 Vsine
467 1427 633 1499 culpa
670 1434 811 1481 esset
862 1426 1219 1499 illudsolvat.
1260 1426 1427 1499 Adatn
1468 1424 1623 1499 enim
1674 1432 1730 1499 et

142 1496 260 1557 Eva
311 1496 725 1555 inobedientiatn
767 1497 1054 1559 commisit,
1099 1510 1193 1565 pro
1223 1511 1326 1567 qua
1357 1496 1598 1552 Christus
1638 1496 1727 1567 qui

142 1580 427 1643 peceatum
459 1583 563 1643 non
594 1568 738 1643 fecit,
768 1582 951 1643 pinnas
984 1568 1099 1643 luit.

218 1642 362 1697 Deus
388 1652 443 1695 tu
472 1642 590 1694 scis.
623 1639 781 1706 Quasi
807 1641 947 1693 dicat
971 1655 983 1690 :
1020 1638 1460 1707 Exsolviquidem
1481 1653 1600 1708 quae
1624 1652 1727 1693 nou

143 1716 326 1785 rapui,
360 1724 416 1767 tu
441 1721 619 1785 autem
664 1709 889 1785 Domine
920 1710 1057 1763 nosti
1100 1724 1268 1785 quare
1307 1711 1421 1785 haec
1448 1709 1724 1785 iecerint:

140 1780 271 1852 quia
302 1793 357 1837 tu
381 1783 480 1838 scis
517 1781 870 1851 insipientiam
908 1796 1092 1835 meam.
1124 1782 1403 1847 Quomodo
1430 1780 1558 1835 dicit
1600 1780 1730 1835 insi-

1824 573 2002 628 culna.‘

1900 589 2186 723 Ἐέιναιιειιε
2208 649 2373 716 [actus
2394 662 2529 723 sum:
2559 644 2616 700 In
2632 648 3116 723 tantumconiusio
3137 659 3421 723 cooperuit

1826 730 1933 797 me,
1962 716 2105 786 quod
2153 718 2321 797 factus
2349 733 2463 772 sum
2493 718 2750 797 fratribus
2763 720 2912 785 meis,
2937 720 2999 797 _i_d
3045 730 3150 797 est,
3174 716 3418 796 co'gnatis

1825 789 1962 842 meis
1990 789 2285 843 secundum
2310 804 2524 845 carnem
2556 789 2623 845 de
2653 791 2843 846 eadem
2884 791 3023 847 tribu
3054 794 3198 849 velut
3242 789 3423 854 Extra-

1826 874 1950 911 neus
1992 866 2039 912 et
2081 859 2202 926 ﬁliis
2234 862 2411 914 matris
2455 877 2599 926 meae,
2634 862 2684 915 id
2731 870 2836 928 est,
2874 864 3034 918 etiam
3062 867 3315 925 omnibus
3346 875 3419 929 de

1827 943 2143 1011 quacunque
2169 930 2308 1011 tribu
2332 932 2709 1011 nutritislacte
2730 933 2917 1011 matris
2939 949 3073 990 mea:
3095 935 3414 1011 Synagoga',

1829 1001 1880 1053 id
1909 1011 2011 1063 est,
2042 1002 2093 1054 in
2137 1001 2336 1056 eisdem
2386 1003 2647 1071 legalibus
2690 1005 2947 1059 institutis
2988 1021 3108 1061 sum
3136 1001 3341 1067 ’πιεῖυέ
3363 1001 3420 1069 ui

1827 1072 2151 1151 peregrinus,
2183 1073 2304 1141 quia
2336 1081 2391 1128 et
2420 1072 2494 1139 hi,
2537 1074 2717 1151 et_alii
2758 1076 3127 1151 alienaverunt
3177 1095 3263 1137 me
3303 1101 3331 1138 a
3358 1102 3418 1142 se

1828 1146 1968 1222 sicut
1997 1152 2309 1222 extraneum
2336 1154 2389 1198 et
2413 1146 2774 1222 peregrinum.
2802 1146 3095 1222 Possumus
3122 1164 3341 1222 quoque
3372 1160 3416 1212 si

1828 1212 2075 1292 volumus
2104 1230 2199 1293 per
2222 1212 2423 1293 fratres
2455 1218 2506 1293 in
2548 1212 2656 1272 iide
2685 1226 2962 1293 cognatos,
2994 1219 3049 1293 id
3090 1212 3174 1277 est
3205 1212 3413 1293 ﬁdeles,

1830 1285 1981 1351 prius
2009 1285 2275 1362 accipere.
2324 1286 2525 1342 Deinde
2573 1301 2667 1362 per
2694 1285 2833 1343 filios
2868 1285 3053 1362 matris
3088 1285 3419 1362 generaliter

1832 1366 2024 1436 omnes
2058 1355 2122 1436 ad
2158 1356 2495 1436 Synagogam
2523 1355 2853 1436 pertinentes
2886 1355 3210 1436 intelligere.

1855 1494 1867 1505 .
1903 1424 2327 1509 Quoniamjeltts
2351 1424 2553 1509 domus.
2586 1428 2640 1483 Id
2663 1437 2762 1509 est,
2790 1432 3041 1509 quoniam
3063 1424 3146 1509 pia
3164 1437 3415 1509 indigna-

1831 1498 1925 1559 tio,
1956 1510 2115 1579 quam
2166 1499 2326 1579 habui
2373 1498 2442 1553 de
2496 1499 2659 1554 domo
2703 1498 3097 1579 tua,:_oratiorii
3145 1498 3412 1579 dedicata,

1829 1581 1987 1647 quam
2023 1566 2264 1648 ιἐιίεηιηι
2293 1569 2514 1648 domum
2537 1566 2865 1648 negotiandi,
2899 1582 2951 1648 et
2980 1576 3289 1648 speluncam
3328 1566 3412 1637 la:

1834 1638 2130 1717 trucidandi
2182 1640 2396 1717 comedit
2427 1656 2527 1707 me,
2576 1642 2627 1696 id
2673 1652 2773 1717 est,
2807 1638 3045 1717 incitavit
3072 1662 3178 1714 me,
3211 1659 3268 1704 ut
3308 1654 3414 1709 tale

1833 1708 1958 1782 quid
1991 1708 2247 1782 facerem,
2288 1710 2340 1765 in
2392 1726 2497 1779 quo
2544 1714 2776 1769 maxime
2806 1729 2900 1769 eos
2926 1708 3311 1782 ollendi,'sicut
3357 1708 3412 1779 in

1833 1778 2123 1861 Evangelia
2168 1778 2509 1861 legitur._Vel
2538 1784 2695 1861 aliter
2728 1802 2742 1837 :
2789 1785 2945 1861 Zelus
2983 1778 3167 1845 domus
3197 1804 3318 1861 tua,
3358 1778 3414 1850 id

142 1856 407 1943 nequam
446 1867 569 1935 95.53
594 1852 897 1943 auena-ille,
949 1852 1149 1943 i‘nnqllo
1179 1866 1301 1933 vera
1333 1863 1415 1934 est
1441 1852 1722 1920 sapientia.
1758 1881 1804 1943 Β
1832 1859 1933 1914 εει,
1959 1852 2252 1943 indignatio
2283 1852 2350 1906 de
2376 1853 2498 1919 hoc,
2528 1852 2671 1923 quod
2701 1868 2823 1936 cum
2851 1856 3108 1913 deberent
3128 1876 3187 1916 se
3216 1852 3419 1934 ιιι-τερπι-

140 1922 393 1982 Christus
420 1925 561 1982 euim
593 1922 688 1978 Dei
730 1923 896 1976 virtus
924 1930 977 1977 et
1008 1923 1099 1977 Dei
1141 1924 1424 1992 sapientia,
1463 1933 1515 1979 et
1547 1932 1722 1977 tamen

139 1998 277 2053 nihil
310 1998 478 2068 magis
499 1996 674 2051 simile
701 1993 1041 2068 insipientia,
1067 1996 1315 2063 quoniam
1345 1994 1485 2068 quod
1519 1993 1610 2047 ille
1632 1994 1723 2061 qui

140 2084 256 2125 uno
300 2064 465 2124 verbo
513 2080 699 2122 omnes
753 2064 993 2118 inimicos
1038 2080 1163 2120 suos
1204 2075 1383 2134 posset
1420 2066 1718 2132 desuuere,

141 2154 336 2209 passus
361 2149 446 2193 est
472 2152 532 2193 se
559 2138 675 2205 capi
699 2136 766 2190 ab
786 2138 883 2201 cis,
910 2136 1159 2209 ﬂagellari
1185 2146 1237 2191 et
1264 2137 1454 2209 occidi.
1473 2137 1586 2209 Sed
1603 2138 1723 2209 tunc

138 2207 447 2278 insipientia
479 2224 684 2264 summa
714 2216 827 2262 erat
867 2207 1143 2275 sapientia.
1187 2208 1304 2277 quia
1344 2208 1479 2278 quod
1506 2207 1723 2278 stultum

139 2293 218 2337 est
248 2277 365 2348 Dei,
392 2280 673 2349 sapientius
698 2287 769 2332 est
792 2278 1098 2332 hominibus.
1127 2280 1206 2333 Ad
1234 2285 1332 2332 hoc
1356 2277 1501 2333 enim
1524 2277 1722 2347 permi-

141 2359 217 2408 sit
248 2364 307 2407 ut
335 2356 425 2407 ille
454 2366 642 2405 manus
666 2351 717 2403 in
747 2364 869 2405 eum
902 2350 1160 2416 mitteret,
1188 2350 1277 2417 qui
1312 2349 1441 2402 nihil
1475 2364 1629 2402 suum
1668 2349 1721 2403 in

140 2440 210 2480 eo
241 2424 467 2488 invenit,
494 2434 551 2476 ut
582 2422 832 2490 perderet
858 2422 975 2475 illos
1005 2422 1058 2473 in
1088 2422 1281 2489 quibus
1308 2435 1489 2475 verum
1514 2420 1602 2489 jus
1627 2421 1721 2473 ha-

140 2497 280 2551 buit.
319 2494 385 2549 Et
416 2497 534 2549 ideo
579 2489 728 2560 dicit,
778 2489 1135 2557 Insipientiam
1182 2507 1344 2545 meam
1384 2506 1485 2545 non
1520 2505 1721 2553 veram,

136 2569 237 2622 sed
279 2582 439 2636 quam
482 2564 725 2618 homines
746 2572 994 2631 reputant
1041 2562 1402 2636 insipientiam
1436 2580 1447 2615 :
1475 2564 1635 2636 illam
1668 2572 1723 2615 tu

139 2639 274 2705 scis,
299 2632 354 2691 id
384 2646 487 2700 est,
512 2636 798 2705 approbas,
823 2648 851 2687 a
878 2648 981 2702 quo
1012 2638 1187 2688 omnis
1218 2632 1519 2705 insipientia
1547 2632 1720 2696 abest,

141 2724 251 2763 non
298 2704 673 2776 cognitionem,
720 2706 813 2760 sed
864 2705 1250 2776 dignationem,
1298 2704 1421 2771 quia
1449 2705 1569 2776 scis
1609 2719 1721 2776 non

140 2794 265 2836 esse
292 2774 650 2847 insipientiam
671 2817 687 2843 ,
720 2776 814 2831 sed
846 2774 1025 2830 veram
1062 2776 1400 2842 sapientiam.
1439 2774 1506 2828 Et
1532 2774 1720 2828 delicta

144 2867 259 2905 mea
284 2865 393 2905 non
416 2864 564 2915 vere,
597 2851 691 2903 sed
735 2847 1069 2915 reputatione
1086 2847 1326 2917 illorum,
1357 2848 1561 2917 scilicet
1593 2861 1721 2914 quo-

141 2936 261 2976 rum
312 2934 414 2990 ego
463 2936 568 2974 non
615 2921 956 2985 commissor,
1004 2915 1097 2973 sed
1144 2928 1423 2986 susceptor
1464 2932 1619 2980 sum,
1652 2918 1723 2971 ita

144 3002 328 3049 tamen
350 3000 407 3047 ut
454 2993 509 3047 in
536 3005 619 3046 me
647 2991 841 3043 delicta
890 3004 998 3043 non
1049 2990 1359 3057 suscipiam,
1405 2991 1501 3044 sed
1543 3002 1725 3057 poenas

143 3080 242 3133 pro
274 3064 405 3133 ipsis
435 3064 598 3126 luam,
628 3062 735 3123 illa,
761 3061 995 3133 inquam,
1028 3059 1345 3133 delictanon
1366 3072 1487 3113 sunt
1513 3063 1724 3133 abscon-

143 3132 255 3190 dita
278 3132 312 3187 ἀ
340 3145 406 3199 te,
438 3149 467 3188 a
493 3148 599 3204 quo
619 3146 779 3187 omne
807 3132 1058 3204 delictum
1078 3142 1161 3185 est
1196 3132 1513 3186 absconsum
1537 3132 1725 3201 digna-

146 3210 317 3262 tione.
343 3206 407 3260 Et
438 3203 558 3260 ideo
583 3220 685 3258 non
711 3203 1009 3258 erubescant
1050 3204 1101 3255 in
1140 3217 1220 3256 me
1249 3218 1357 3257 non
1384 3205 1720 3269 resuscitato,

140 3249 223 3334 illi
249 3249 340 3347 (ἶαὶ
361 3286 657 3347 exspectant
674 3285 719 3328 te
743 3274 1171 3347 resuscitatoreni
1202 3287 1296 3342 per
1325 3289 1409 3327 me
1435 3249 1721 3347 resuscita:
1753 3249 1799 3313 ο

145 3344 284 3414 tum,
310 3364 345 3403 ο
367 3344 589 3401 Domine
629 3344 845 3399 Domine
872 3345 1015 3409 dico,
1045 3346 1132 3413 qui
1161 3360 1267 3398 non
1307 3354 1512 3399 tantum
1543 3344 1725 3399 Domi-

148 3435 248 3475 nus
276 3435 335 3475 es
363 3420 660 3484 hominum,
686 3417 781 3472 sed
805 3420 963 3471 etiam
987 3420 1223 3470 virtutum
1247 3420 1722 3485 supercoelestium.

149 3494 215 3548 Et
238 3494 308 3546 ita
336 3490 455 3544 dico
493 3505 599 3545 non
632 3490 971 3552 erubescant,
1011 3499 1069 3543 ut
1109 3502 1209 3540 non
1239 3490 1643 3557 confundantur,
1672 3487 1725 3541 id

144 3572 251 3628 est,
284 3572 343 3617 ut
385 3561 733 3617 contusibiles
780 3573 838 3614 se
882 3574 986 3613 non
1036 3560 1349 3627 intelligant,
1392 3560 1725 3613 attendentes

145 3651 300 3707 super
333 3649 431 3698 me,
460 3635 754 3699 hominem,
780 3630 1343 3707 id_est,intelligentcs
1371 3632 1422 3684 in
1456 3645 1541 3707 me
1568 3644 1726 3707 super

147 3699 460 3777 egetiumet
488 3718 794 3774 pauperem.
827 3701 992 3777 Velsi
1021 3714 1182 3770 supra
1204 3704 1606 3777 memorativum
1642 3699 1725 3777 vel

146 3771 328 3833 facere
354 3771 534 3841 dices,
566 3771 666 3829 non
712 3773 1098 3841 confundantur
1128 3788 1278 3842 super
1309 3788 1409 3837 me,
1450 3773 1503 3828 id
1528 3781 1629 3835 est,
1660 3771 1727 3825 de

148 3865 237 3905 me
264 3862 375 3903 non
408 3848 722 3903 resnscitato
747 3846 822 3898 illi
845 3846 933 3913 qui
956 3852 1185 3912 qumrurtt
1209 3853 1257 3897 te
1280 3860 1374 3913 per
1401 3859 1507 3909 me,
1532 3858 1565 3898 ο
1590 3844 1727 3897 Deus

146 3920 340 3976 Israel.
389 3922 509 3975 l'lus
552 3930 633 3972 est
678 3917 927 3971 confundi
971 3929 1128 3983 quam
1174 3920 1514 3977 erubescere.
1546 3926 1727 3970 tamen

145 3998 273 4064 quia
299 3993 388 4062 qui
416 3988 780 4064 confunditur,
818 3986 959 4064 illius
992 3987 1315 4040 censcientia
1364 3989 1722 4041 remordetur.

147 4059 240 4121 Sic
282 4059 336 4117 et
385 4064 604 4117 istorum
635 4061 728 4129 qui
768 4059 1146 4111 intellexerunt
1190 4072 1350 4126 super
1401 4072 1628 4127 egenum
1675 4067 1728 4111 et

148 4149 447 4205 pauperem
482 4130 1240 4205 censueritisremordcntur,
1272 4130 1591 4205 sicinistas
1619 4144 1724 4182 non

148 4201 499 4263 suscitaretur
522 4204 590 4257 de
618 4204 717 4257 hoc
747 4202 867 4269 quia
890 4202 1025 4253 dixit
1050 4202 1125 4254 eis
1159 4218 1170 4252 :
1198 4201 1423 4255 Creditis
1452 4201 1504 4254 in
1538 4202 1725 4264 Deum,

146 4289 201 4334 et
250 4281 301 4333 in
354 4293 442 4331 me
480 4275 701 4337 credite,
746 4284 800 4326 et
837 4272 1195 4326 crediderunt.
1242 4274 1429 4327 Posset
1468 4276 1610 4327 enim
1650 4274 1727 4327 eis

147 4352 255 4407 dici
283 4369 295 4403 :
335 4350 433 4405 Ubi
464 4356 544 4402 est
570 4348 657 4399 ille
680 4345 730 4397 in
760 4358 917 4413 quem
946 4344 1281 4399 credebatis?
1304 4344 1402 4400 Ubi
1434 4354 1519 4399 est
1546 4345 1631 4400 ille
1660 4344 1727 4399 de

148 4438 256 4493 quo
287 4416 724 4492 prmsumebatis?
751 4426 802 4469 et
830 4415 1044 4493 similia.

227 4485 482 4558 Quoniam
526 4498 734 4559 propter
773 4496 836 4539 te.
882 4487 1003 4539 Ideo
1034 4485 1152 4540 dico
1196 4498 1266 4541 ne
1293 4487 1567 4556 permittas
1606 4499 1728 4540 eru-

150 4565 377 4621 bescere
409 4563 491 4617 vel
527 4558 788 4614 confundi
837 4565 1209 4621 exspectantes
1248 4568 1301 4612 et
1344 4566 1642 4626 qumrentes
1675 4567 1726 4612 te

152 4651 253 4705 per
284 4650 371 4689 me
401 4652 414 4687 :
444 4633 680 4705 quoniam
703 4644 803 4699 ego
846 4629 1074 4705 sustinui
1102 4629 1434 4699 approbrium
1477 4644 1727 4705 nonpro-

154 4700 278 4778 pter
300 4724 407 4769 me,
425 4700 529 4778 sed
560 4712 855 4778 propterte.
878 4702 1238 4778 Upprolirum
1264 4713 1343 4778 est
1370 4700 1511 4778 quod
1543 4701 1733 4778 obiici-

154 4770 245 4833 ξω
268 4779 339 4831 ab
364 4770 597 4832 inimico.
632 4770 700 4827 Ut
725 4771 937 4826 Christo
964 4772 1230 4838 oltjectum
1261 4771 1377 4839 fuit,
1408 4770 1731 4823 Dtemonium

150 4850 335 4913 habes,
364 4858 419 4902 et
458 4846 672 4900 similia.
714 4844 778 4897 Et
818 4845 992 4895 omnis
1033 4843 1118 4910 qui
1163 4853 1407 4912 peccator
1435 4852 1513 4896 est
1540 4844 1733 4910 patitur

152 4920 499 4991 cpprobrium
530 4923 754 4991 _pr0pter
780 4928 856 4978 se,
881 4914 1001 4983 quia
1031 4928 1243 4991 causam
1275 4915 1541 4991 opprobrii
1576 4916 1733 4967 habet

151 4986 334 5056 in'se,
383 5005 480 5046 nec
529 4988 628 5042 hoc
674 4999 919 5054 magnum
953 4991 1055 5038 est.
1104 4986 1157 5039 Si
1205 4987 1322 5055 quis
1356 4999 1482 5037 vero
1514 4994 1732 5055 propter

154 5065 331 5119 Deum
381 5063 581 5131 patitur
609 5058 1256 5131 opprobriumLmagnum
1286 5056 1580 5131 quidl'acit,
1607 5057 1731 5131 quia

150 5144 362 5189 certum
384 5128 497 5188 'hoc
527 5139 608 5186 est
631 5129 928 5200 praemium.
956 5128 1023 5181 Et
1050 5129 1292 5182 Christus
1332 5128 1604 5200 patienter_
1617 5128 1733 5181 tulit

150 5203 504 5276 opprobrium
535 5198 644 5276 non
672 5198 885 5276 propter
906 5214 981 5261 se,
1010 5200 1129 5276 quia
1161 5212 1432 5267 peccatum
1456 5213 1559 5252 non
1583 5198 1726 5267 fecit,

150 5271 252 5339 sed
290 5286 504 5345 propter
530 5275 716 5339 Deum,
740 5271 947 5345 scilicet
972 5272 1089 5340 quia
1118 5276 1231 5345 eius
1258 5281 1519 5345 praecepta
1551 5285 1731 5345 serva-

152 5351 255 5415 vit,
286 5342 355 5401 ad
398 5350 497 5402 hoc
523 5358 577 5398 ut
604 5344 747 5414 quod
784 5346 896 5409 ipsc
938 5343 988 5395 in
1034 5358 1135 5409 quo
1160 5343 1291 5395 ttihtl
1325 5342 1439 5415 fuit,
1474 5343 1733 5415 patienter

152 5412 351 5489 passus
379 5427 479 5489 est,
521 5412 632 5489 nos
658 5421 710 5469 in
752 5415 943 5489 quibus
976 5415 1139 5489 multa
1169 5422 1297 5489 sunt
1338 5413 1444 5489 pati
1491 5412 1727 5467 doceret.

158 5484 225 5545 Et
251 5493 373 5544 ideo
402 5484 825 5553 dicit,Sustintti,
848 5486 1084 5546 Domine,
1118 5484 1445 5557 approbrium
1478 5498 1579 5535 non
1607 5498 1731 5557 pro—

152 5574 278 5633 pter
306 5575 413 5627 me,
448 5560 537 5613 sed
570 5570 772 5629 propter
801 5567 865 5633 te,
895 5556 1391 5633 et_etiatnnconjnsio
1419 5557 1613 5633 operuit
1643 5556 1732 5622 fa—

153 5626 286 5688 ciem
322 5647 508 5695 nteant,
535 5626 585 5685 id
615 5626 727 5697 εει,
762 5627 1001 5700 plenaria
1030 5626 1270 5700 confusio
1308 5627 1403 5677 fuit
1444 5626 1594 5700 mihi,
1629 5641 1731 5680 non

152 5706 458 5761 secundum
519 5702 595 5756 rei
659 5697 974 5761 veritatem,
1029 5697 1123 5751 sed
1171 5700 1459 5751 secundum
1523 5697 1732 5750 illorum

153 5779 492 5847 opinionem.
540 5774 872 5847 Taliaieuitu
926 5776 1176 5847 dixerunt
1224 5773 1313 5847 ei”,
1360 5767 1499 5847 unde
1546 5769 1733 5847 merito

154 5839 579 5912 cotilundentur,
610 5846 654 5899 si
698 5846 747 5898 in
797 5861 858 5897 eo
890 5849 1049 5895 esset.
1099 5839 1185 5905 Ut,
1222 5841 1360 5894 Alios
1401 5840 1515 5907 fecit
1545 5841 1731 5906 salvos,

155 5937 211 5976 se
242 5921 415 5988 ipsum
455 5919 649 5972 salvum
697 5920 861 5985 facere
902 5928 1000 5967 non
1046 5921 1227 5981 potest,
1279 5922 1329 5969 ct
1378 5912 1589 5966 similia.
1642 5912 1733 5966 Est

1832 1935 1951 1995 rare
1982 1922 2077 1975 tibi
2107 1922 2324 1976 domum
2350 1922 2617 1995 ornatam,
2665 1926 2840 1992 potius
2890 1922 3227 1995 paraverunt
3268 1922 3414 1993 in-se

1826 1990 2046 2047 domum
2077 1994 2478 2063 negotiationis,
2512 1996 2563 2049 id
2605 1990 2707 2059 est,
2738 1990 2977 2052 avariiia:
3003 2007 3056 2053 et
3080 2001 3298 2061 domum
3331 1990 3411 2061 la;

1827 2071 2081 2147 troitum,’
2111 2066 2160 2118 id
2189 2076 2271 2118 est
2302 2066 2611 2147 insidiarum
2643 2077 2697 2120 et
2742 2069 3004 2147 fraudum.
3056 2072 3147 2127 Illa
3196 2074 3412 2147 inquam

1826 2135 2119 2206 indignatio
2161 2136 2399 2200 comedit,
2432 2136 2484 2189 id
2511 2146 2613 2202 est,
2642 2139 2937 2193 concitavit
2966 2157 3065 2206 me,
3102 2152 3159 2198 ut
3203 2135 3297 2202 eos
3328 2164 3415 2204 re-

1826 2204 2161 2287 darguerem,
2198 2206 2663 2287 .etniniquitatein
2696 2224 2880 2287 eorum
2930 2226 3034 2266 non
3055 2204 3321 2287 celerem,
3367 2231 3416 2273 et

1827 2277 1946 2328 ideo
1969 2277 2243 2355 opprobria
2266 2278 2623 2355 illorumolim
2652 2281 2704 2333 in
2728 2281 2955 2355 deserto.
2965 2297 3063 2355 per
3083 2297 3259 2355 patres
3284 2277 3412 2348 suos

1822 2348 2264 2427 efoprobrantium,
2314 2349 2823 2427 (ιιιειιᾱοιιιίῐεικιι-ιιι⁵
2854 2369 2895 2427 :_
2927 2348 3183 2425 Nunquid
3223 2365 3410 2427 poterit

1826 2415 1961 2470 Deus
1985 2435 2167 2487 parare
2190 2415 2423 2473 mensam
2445 2421 2497 2472 in
2520 2422 2755 2476 deserto?
2789 2424 2852 2478 Et
2882 2424 3009 2478 item
3034 2415 3159 2483 ante
3186 2415 3405 2488 vitulum

1825 2491 2146 2543 conllatilem
2170 2508 2182 2543 ε
2208 2490 2308 2544 lsti
2327 2501 2448 2544 sunt
2485 2492 2560 2545 dii
2589 2494 2684 2560 tui,
2716 2492 2905 2561 Israel,
2933 2505 3037 2550 etc.
3071 2496 3162 2553 Vel
3195 2512 3409 2559 utrum-

1825 2574 1929 2628 que
1959 2561 2119 2616 etiam
2151 2563 2217 2639 de
2243 2562 2514 2639 praesenti
2526 2574 2703 2639 potest
2729 2565 2834 2619 dici
2864 2567 2943 2620 sic
2972 2582 2986 2621 :
3019 2567 3309 2639 Opprobrla
3339 2576 3409 2631 ls-

1826 2639 2001 2714 torum
2029 2634 2450 2714 exprobrantium
2479 2634 2567 2714 tibi
2598 2648 2693 2703 per
2718 2650 2822 2703 me,
2849 2638 2971 2714 quia
3000 2634 3110 2709 qui
3136 2656 3222 2699 me
3252 2656 3407 2714 sper-

1825 2704 1923 2769 nit,
1972 2711 2023 2757 te
2071 2705 2298 2783 spernit.
2344 2704 2458 2783 Illa,
2505 2706 2755 2783 inquam,
2774 2704 3064 2778 opprobria
3120 2704 3415 2771 ceciderunt

1824 2788 2102 2852 superruo,
2129 2774 2182 2828 id
2212 2786 2314 2842 est,
2361 2776 2610 2852 allectum
2655 2774 2919 2852 dederunt
2946 2792 3107 2848 super
3145 2799 3252 2852 me,
3285 2789 3412 2852 quia

1827 2858 1913 2922 me
1938 2844 2275 2927 videruuttet
2299 2848 2746 2927 ιῐιε.ιηνιιιιιειπιιιιιιτ
2772 2849 2865 2904 Vel
2895 2844 3058 2927 etiam
3082 2844 3256 2927 βοιεεὶ
3280 2844 3409 2927 dici,

1825 2917 1948 2994 quia
1972 2917 2258 2994 Opprobria
2287 2917 2493 2994 scilicet
2519 2920 2606 2986 qui
2635 2918 2754 2988 (sic)
2786 2934 2912 2975 eum
2955 2917 3325 2994 blasphemum
3355 2917 3411 2986 εἰ

1825 2987 2212 3069 daemoniacum
2255 2997 2309 3069 et
2334 2990 2525 3067 similia
2557 2987 2900 3069 vocaverunt,
2926 2987 3201 3069 venientia
3244 3014 3411 3069 super

1824 3069 1946 3137 eum
1966 3061 2299 3137 ceciderunt,
2313 3064 2433 3137 quia
2456 3070 2854 3137 eo_resurgente
2869 3056 3404 3137 falsaiapparuerdnt.
3436 3056 3439 3067 ’

1896 3128 1964 3182 Et
1994 3132 2235 3202 operuiin
2253 3128 2478 3202 jejunio.
2508 3130 2681 3197 Zelus,
2701 3128 2950 3202 inquam,
2983 3128 3166 3192 donius
3195 3146 3297 3195 ture
3320 3157 3409 3197 eo-

1830 3202 1986 3255 medit
2016 3218 2112 3256 me.
2155 3201 2222 3254 Et
2253 3201 2303 3255 in
2319 3203 2523 3274 jejunio
2555 3206 2666 3268 illo,
2697 3201 2817 3257 cum
2850 3206 3052 3259 nullum
3080 3211 3286 3267 scilicet
3316 3214 3402 3267 in-

1830 3274 2090 3336 venirem,
2126 3287 2230 3349 quo
2261 3273 2665 3349 merelicerem,
2690 3277 2873 3349 operui
2897 3278 3121 3349 animum
3150 3295 3331 3349 meam,
3357 3285 3411 3339 id

1829 3355 1933 3408 εει,
1962 3346 2170 3398 ostendi
2203 3358 2291 3397 me
2316 3345 2394 3397 eis
2437 3359 2529 3410 per
2557 3344 2796 3412 aliquam
2824 3346 3116 3403 vindictam
3157 3344 3411 3409 manifes-

1829 3416 2080 3487 tam.Vel
2122 3417 2175 3467 in
2192 3416 2403 3487 jejunio
2426 3416 2518 3467 illo
2557 3418 2740 3481 operui
2761 3418 2985 3471 animam
3016 3426 3199 3486 meam,
3232 3434 3412 3481 tamen

1827 3484 1927 3538 fuit
1966 3484 2227 3553 jejunium
2276 3484 2427 3549 illud,
2469 3487 2611 3554 quod
2667 3489 2819 3556 quasi
2870 3490 3085 3557 pallium
3117 3484 3312 3551 velavit
3358 3506 3414 3553 et

1828 3562 2023 3637 pressit
2053 3560 2285 3625 undique
2313 3570 2545 3637 animam
2577 3570 2770 3637 meam.
2796 3559 2860 3637 Et
2891 3563 2991 3637 hoc
3017 3563 3242 3637 scilicet,
3268 3568 3413 3637 quod

1830 3628 2021 3703 talibus
2052 3642 2155 3681 non
2182 3631 2452 3703 consensi,
2483 3636 2535 3681 et
2566 3642 2596 3681 a
2621 3631 2812 3703 talibus
2836 3632 3094 3700 jejunavi,
3122 3628 3316 3703 factum
3342 3648 3415 3694 est

1827 3698 1952 3773 mihi
2008 3700 2361 3773 opprobrium.
2387 3699 2510 3752 Ideo
2540 3698 2845 3773 enimimall
2864 3698 3151 3773 opprobria
3175 3707 3414 3766 inierunt

1828 3770 2002 3837 bonis,
2034 3773 2153 3839 quia
2188 3770 2311 3824 boni
2337 3784 2439 3825 non
2465 3772 2806 3827 consentiunt
2831 3770 2928 3829 eis.

1900 3841 1966 3893 Et
1998 3844 2145 3909 posui
2168 3845 2517 3916 vestimentum
2541 3859 2726 3899 meum.
2764 3845 2974 3915 Operiti,
3015 3846 3251 3916 inquam,
3283 3868 3415 3906 ant-

1828 3928 2178 3992 mentum-eam,
2204 3924 2257 3967 et
2287 3915 2503 3992 insuper
2526 3917 2877 3992 vestimentum
2906 3930 3096 3992 meum,
3117 3920 3223 3989 quo
3251 3926 3420 3979 vesti-

1831 3994 1916 4039 tur
1945 3984 2195 4038 divinttas
2225 3999 2363 4050 mea,
2388 3987 2598 4039 scilicet
2630 3987 2879 4051 cilicium,
2912 3988 2963 4041 id
2988 4001 3093 4053 est,
3124 3984 3410 4048 humanam

1829 4071 2048 4111 carnem
2098 4059 2245 4122 posui
2275 4058 2397 4126 (pro
2438 4059 2685 4125 opposui)
2736 4060 2815 4112 eis
2847 4059 2897 4111 in
2929 4074 3088 4126 quam
3135 4065 3407 4118 saevirent.

1830 4127 2072 4182 Ciliciam
2098 4129 2263 4182 vestis
2294 4128 2499 4196 hispida
2527 4137 2628 4189 est,
2655 4140 2772 4194 qua:
2798 4142 2861 4181 ex
2896 4130 3013 4196 pilis
3040 4140 3321 4196 caprarum
3355 4146 3410 4189 et

1832 4201 2107 4253 haedorum
2133 4200 2209 4264 lit,
2232 4208 2295 4273 et
2322 4195 2587 4273 signiﬁcat
2616 4198 2701 4251 hic
2731 4195 2946 4273 carnem
2977 4195 3193 4273 ChriSti.
3221 4205 3285 4258 Et
3317 4219 3411 4273 per

1832 4284 2017 4340 poenas
2043 4271 2247 4344 peccati
2269 4270 2682 4344 compungebat,
2718 4279 2772 4323 et
2796 4272 2947 4339 quasi
2970 4272 3040 4327 de
3072 4274 3191 4342 pilis
3222 4270 3410 4344 capra-

1830 4356 1949 4415 rum
1970 4353 2084 4394 erat
2116 4359 2128 4415 ς
2161 4341 2283 4410 quia
2308 4341 2359 4393 in
2383 4340 2785 4415 similitudinem
2808 4340 3218 4415 earnisipe‘ccati
3245 4340 3410 4415 venit,

1827 4421 1886 4468 es
1908 4412 1953 4467 si
1987 4426 2091 4465 non
2116 4412 2167 4467 in
2194 4425 2356 4466 carne
2388 4414 2609 4477 peccati.
2646 4410 2739 4466 Vel
2771 4422 2944 4480 potest
2965 4410 3278 4484 simpliciter
3305 4410 3412 4475 dici

1830 4486 1947 4539 sic:
1982 4484 2237 4552 Proposui
2270 4484 2345 4536 eis
2361 4484 2757 4547 vestimentum,
2784 4485 2834 4537 id
2862 4495 2962 4551 est,
2990 4500 3204 4541 carnem
3238 4504 3411 4543 meam

1833 4565 1890 4609 ut
1916 4556 2170 4619 cilicium,
2200 4554 2251 4628 id
2277 4562 2377 4620 est,
2406 4562 2655 4628 tanquam
2680 4556 2915 4628 aliquem
2944 4557 3102 4628 vilem
3140 4566 3193 4611 et
3222 4561 3415 4628 despe-

1758 4606 1806 4669 Β
1832 4606 2183 4695 stultitiast.
2202 4606 2542 4694 dissiparem
2572 4606 2932 4680 tisanana
2956 4606 3414 4697 agitantia}.

1836 4701 1939 4753 illis
1983 4699 2035 4751 in
2065 4698 2383 4767 parabolam,
2419 4698 2471 4752 id
2518 4707 2621 4761 est,
2664 4700 2715 4753 itt
2764 4697 3192 4761 similitudinem,
3226 4702 3279 4754 id
3310 4712 3413 4769 est,

1833 4782 1888 4824 ut
1917 4772 2001 4825 cui
2033 4770 2414 4824 tualedicereut
2454 4779 2506 4822 et
2558 4770 2801 4825 dicerent
2834 4785 2847 4822 :
2888 4770 2977 4824 Sic
3010 4772 3103 4823 tibi
3137 4770 3245 4836 liat,
3272 4775 3413 4828 sicut

1834 4843 1907 4896 illi
1932 4844 2125 4896 factum
2150 4851 2253 4895 est.
2285 4842 2375 4895 Vel
2404 4841 2560 4895 aliter
2586 4858 2597 4892 :
2633 4840 2793 4894 Posui
2819 4843 3042 4894 cilicium
3064 4844 3416 4897 vestimentum

1834 4930 2022 4979 meum,
2072 4919 2119 4967 id
2170 4922 2273 4978 est,
2323 4912 2583 4983 quosdam
2615 4913 2681 4967 de
2711 4914 2813 4967 illis
2857 4914 2943 4981 qui
2977 4913 3121 4980 prius
3151 4925 3303 4968 erant
3360 4917 3416 4971 in

1834 4988 2067 5056 peccatis
2102 4987 2316 5052 Ιιὶειιίιιι,
2344 4984 2482 5039 sicut
2522 4983 2755 5038 cilicium
2790 4985 2917 5037 mihi
2965 4987 3324 5053 incorporavi,
3358 4995 3416 5043 et

1834 5060 1911 5112 sic
1933 5057 2305 5111 vestimentum
2347 5072 2525 5112 meum
2566 5070 2660 5111 eos
2710 5057 2829 5109 ieci.
2880 5056 3041 5110 Juxta
3074 5057 3239 5110 illud:
3284 5056 3411 5112 Vivo

1832 5145 1945 5197 ego,
1979 5130 2098 5182 dicit
2134 5128 2404 5191 Dominus,
2452 5136 2497 5181 et
2525 5127 2600 5179 Ius
2650 5127 2881 5181 omnibus
2932 5127 3067 5181 velut
3120 5130 3414 5184 vestimento

1833 5202 2077 5265 vestieris,
2125 5210 2177 5255 et
2214 5200 2334 5253 ideo
2372 5200 2531 5253 etiam
2573 5199 2737 5268 factus
2777 5215 2890 5251 sunt
2942 5199 3046 5252 illis
3096 5200 3147 5252 in
3193 5201 3412 5255 curabo-

1834 5272 1955 5335 lant,
2008 5282 2068 5325 ut
2099 5273 2236 5327 idem
2270 5273 2338 5325 sit
2387 5270 2659 5339 parabola,
2704 5271 2846 5340 quod
2895 5271 3260 5339 Opprobrium.
3300 5272 3409 5327 Hoc

1834 5347 1977 5397 enim
2019 5344 2163 5413 quod
2216 5342 2349 5397 tales
2395 5340 2495 5395 sibi
2532 5352 2851 5411 assumeret,
2910 5344 3411 5411 ἱιιιριοιιεηινειυιιι

1835 5414 1885 5469 ei
1928 5414 2185 5478 dieentes,
2244 5413 2365 5482 quia
2415 5426 2535 5466 cum
2586 5413 2881 5482 publicanis
2931 5423 2985 5468 et
3041 5418 3412 5483 peccatoribus

1835 5487 2197 5541 manducaret.

1908 5560 2188 5612 Adversum
2214 5572 2311 5628 me.
2342 5552 2535 5607 Factus
2562 5573 2675 5609 sum
2702 5557 2825 5623 illis,
2862 5560 3099 5627 inquam,
3123 5559 3173 5611 in
3195 5558 3413 5628 paraba-

1837 5632 1962 5697 lam,
2008 5641 2063 5684 et
2096 5632 2195 5684 hoc
2227 5626 2400 5681 taliter
2430 5637 2482 5679 ut
2513 5629 2801 5697 majoribus
2832 5638 2885 5683 et
2911 5626 3229 5685 minoribus.
3282 5632 3412 5684 Nam

1835 5704 1919 5772 qui
1951 5702 2187 5755 sedebant
2236 5700 2287 5772 in
2327 5707 2497 5767 porta,
2544 5697 2597 5752 id
2642 5709 2741 5759 est.
2777 5700 3008 5771 majores
3038 5703 3126 5771 qui
3159 5702 3209 5756 in
3237 5711 3407 5771 porta,

1837 5770 1887 5827 id
1935 5786 2056 5841 est,
2101 5776 2150 5826 itt
2206 5770 2413 5843 publico
2448 5784 2608 5843 more
2654 5770 2871 5841 antiquo
2916 5770 3264 5843 judiCabant,
3324 5775 3414 5842 qui

1837 5846 2068 5899 maxime
2094 5840 2605 5910 deberentjudicare
2631 5860 2723 5913 pro
2753 5840 2855 5909 me,
2891 5840 3121 5900 maxime
3145 5840 3419 5913 loqueban-

1841 5928 1921 5970 tur
1947 5918 2214 5971 adversum
2264 5929 2359 5983 me,
2392 5924 2442 5968 et
2474 5930 2564 5986 per
2602 5922 2832 5986 majores
2874 5920 3032 5973 etiam
3084 5912 3319 5986 intelligo
3350 5912 3423 5972 de
