3984 6362
160 276 291 337 849

910 274 974 332 ΙΝ
1014 272 1436 333 PSALMORUM
1476 270 1733 330 LIBRUM
1773 269 2139 330 EXEGESIS.
2163 274 2499 334 —PSALM.
2548 278 2776 335 LXVIII.

3356 285 3462 342 850

170 392 685 468 commendaverat.
719 392 888 468 Shuper
909 391 1057 468 hanc
1084 389 1502 468 dulcem-escam
1537 387 1778 468 unitatis,
1812 389 1861 447 A
1888 395 2002 453 est,
2032 388 2204 468 gravis
2234 389 2463 447 vindicta
2494 401 2579 468 tua
2609 434 2624 460 ,
2654 393 3043 468 comprehendat
3072 412 3156 452 eos
3177 410 3462 468 quantum-

174 467 410 523 scilicet
458 464 697 531 corporis
726 460 922 517 Christi
972 471 1025 515 ct
1072 461 1348 515 charitatis
1374 459 1593 531 Christi,
1624 473 1782 527 quam

173 539 361 595 etiam
409 530 749 591 commendat
796 532 1085 599 Apostolus
1113 532 1298 586 dicens
1346 548 1362 586 :
1416 530 1562 585 Unus
1615 531 1783 597 panis,

178 625 360 663 unum
384 624 569 672 corpus
597 622 690 661 nos
718 620 890 659 omnes
930 604 983 656 in
1014 603 1214 657 Christo
1242 619 1437 657 suntus.
1490 602 1787 665 lniecerunt

180 679 374 735 Judmi
399 680 621 733 fellitum
651 687 855 745 potum,
887 674 939 729 id
965 684 1067 741 est,
1098 676 1461 745 seipsosquos
1490 672 1785 745 abguuitate

182 752 445 819 corporis
495 750 613 818 ejus
654 743 1083 819 discerpserunt.
1145 746 1209 800 Et
1260 744 1432 800 adhuc
1484 743 1786 819 quicunque

185 815 469 889 dissipant
515 815 771 875 unitatem
821 826 873 873 et
922 818 1263 882 charitatem,
1309 826 1363 870 et
1418 815 1787 889 contradicunt

190 884 544 955 Evatigelicm
574 891 823 953 veritati,
848 888 931 943 vel
977 890 1069 957 qui
1098 890 1240 943 male
1272 886 1498 941 vivendo
1521 884 1784 939 scandali-

190 975 326 1020 zant
362 962 678 1026 Ecclesiam,
726 975 889 1028 super
927 959 1071 1014 illam
1120 974 1297 1014 escam
1344 958 1567 1012 fellitum
1604 966 1784 1022 potum

192 1037 511 1103 prapinant.
542 1033 649 1089 Sed
680 1033 805 1102 qui‘d
826 1032 887 1103 lit
916 1032 1031 1085 eis?
1058 1031 1197 1086 idem
1229 1030 1433 1084 scilicet
1456 1028 1786 1103 quodutuuc

192 1098 464 1161 Dominus
488 1103 634 1169 t'ecit,
666 1098 878 1173 quando
904 1117 1023 1157 cum
1064 1110 1355 1171 gustasset,
1379 1101 1549 1155 noluit
1578 1098 1779 1173 bibere.

190 1175 258 1232 In
290 1193 398 1246 quo
428 1170 836 1231 Sacrameittum
883 1174 983 1246 hoc
1015 1170 1330 1246 designavit,
1350 1174 1500 1246 quia
1526 1170 1657 1246 tales
1685 1185 1784 1239 gu-

194 1241 378 1302 standi
406 1247 619 1316 quidem
652 1256 797 1309 sunt,
832 1254 885 1300 et
934 1244 1274 1316 lerendi_non
1312 1242 1562 1306 bibendo,
1595 1241 1646 1294 id
1678 1250 1778 1316 est,

195 1334 308 1373 non
342 1312 464 1373 sunt
510 1318 661 1373 nobis
710 1316 1104 1384 incorporandi.
1134 1314 1416 1379 Dederunt,
1450 1315 1684 1382 inquam,
1734 1312 1789 1365 in

196 1407 374 1445 escam
397 1406 563 1443 meant
589 1390 678 1460 fel,
712 1400 757 1443 et
804 1389 855 1442 in
884 1387 970 1442 siti
997 1404 1107 1442 mea
1138 1395 1434 1460 potarernnt
1485 1402 1563 1460 me
1596 1394 1739 1460 aceto
1766 1399 1785 1437 :

197 1462 325 1530 quia
351 1476 469 1515 cum
501 1455 599 1531 ego
628 1461 828 1515 sitirem
856 1474 1049 1515 eorum
1075 1458 1385 1531 novitatem,
1414 1458 1510 1524 ipsi
1540 1455 1787 1525 propina-

201 1529 403 1587 v‘erunt
444 1529 574 1587 milii
625 1532 871 1586 acerbam
922 1538 1262 1585 vetustatem.
1318 1529 1384 1582 Et
1431 1530 1544 1581 ltzec
1590 1542 1784 1591 mensa,

202 1603 258 1658 id
280 1613 383 1667 est,
433 1604 551 1656 talis
576 1603 896 1672 praeparatio
924 1617 1125 1657 mensa:
1152 1617 1327 1655 eorum
1368 1600 1455 1666 ﬁat
1501 1599 1576 1672 eis
1606 1598 1659 1650 in
1703 1596 1787 1649 la-

200 1691 408 1739 qtmtm,
458 1673 511 1728 id
557 1670 659 1739 est,
696 1670 1172 1744 impedimentum,
1218 1688 1322 1726 non
1356 1670 1787 1744 expedimentum

1886 474 2095 585 Eugqpe
2119 460 2407 530 dispersos,
2441 463 2666 545 scilicet,
2698 460 2978 535 ut'ubique
3004 460 3327 541 contemptui
3356 473 3460 531 ha-

1923 545 1952 585 e
1990 547 2020 584 n
2051 547 2129 585 ur.

1923 539 2129 585 cantur.
2584 540 2591 545 ’

1958 600 2079 655 Fiat
2106 602 2373 658 habitatio.
2420 605 2581 672 Quasi
2625 608 2767 661 dirat
2799 626 2813 665 :
2846 608 2921 663 Ita
2961 608 3081 667 dico
3130 622 3188 668 ut
3224 614 3465 674 ellundas

1886 672 2018 756 iram
2051 682 2194 756 tuam
2225 684 2385 744 Super
2414 693 2546 756 eos_,
2581 678 2909 756 ut_ltabitatio
2937 696 3134 751 eorum,
3166 685 3220 740 id
3244 697 3347 756 est,
3378 672 3466 744 ei;

1885 745 2032 826 vitas.
2073 745 2197 813 illa,
2248 762 2404 829 quam
2454 749 2599 829 prius
2648 745 3131 829 i_uhahitaverunt,'
3164 766 3217 829 et
3268 745 3467 829 in'qua

1887 819 2124 893 maxime
2153 819 2439 893 s_:evi_erunt
2463 860 2480 887 ,
2512 822 2603 893 ﬁat
2633 822 2831 876 deserta
2861 819 3115 892 quantum
3147 828 3212 882 ad
3244 843 3335 883 eos
3361 819 3396 893 ς’
3416 839 3465 884 et

1887 903 1988 940 non
2011 888 2076 968 sit
2102 889 2189 955 qui
2214 890 2500 968 inhabitet,
2533 892 2585 968 id_
2623 902 2705 968 est
2728 935 2741 956 ,
2774 888 3201 963 qui—perseveret
3226 900 3279 953 in
3301 888 3475 955 taber‘

1886 958 2086 1037 surculis
2117 975 2293 1037 eorum
2319 1002 2334 1027 ,
2379 962 2429 1016 id
2462 971 2543 1016 est
2574 958 2829 1037 institutis
2851 958 2915 1019 ad
2949 976 3156 1037 tempus
3186 971 3263 1025 eis
3303 971 3463 1027 datis.

1888 1029 2040 1095 Quod
2062 1031 2130 1083 ita
2162 1030 2353 1085 factum
2385 1040 2484 1097 est,
2510 1034 2629 1101 quia
2652 1037 2907 1092 etcivitas
2926 1029 3110 1094 eorum
3134 1040 3201 1095 ab
3233 1044 3310 1097 eis
3337 1057 3467 1097 eva-

1889 1109 2040 1177 cuata
2066 1110 2165 1177 est,
2196 1117 2294 1156 nec
2315 1114 2395 1157 est
2415 1104 2553 1158 inter
2572 1120 2665 1160 eos
2682 1108 2769 1175 qui
2792 1108 3027 1164 instituta
3054 1112 3239 1177 legalia
3263 1124 3462 1172 servet.

1892 1242 1904 1255 .
1964 1171 2217 1255 Quoniam
2258 1191 2402 1242 quem
2451 1186 2504 1228 tu
2533 1171 2841 1255 percussisti.
2872 1180 3032 1255 Quasi
3072 1171 3252 1237 dicat:
3280 1171 3469 1240 Merito

1890 1248 2199 1320 iramtuam
2249 1260 2413 1313 super
2442 1261 2534 1320 eos
2580 1248 2859 1315 elluudes,
2904 1253 3023 1320 quia
3069 1257 3320 1320 persecuti
3346 1266 3467 1312 sunt

1891 1314 2255 1395 tribulatione,
2282 1317 2457 1395 quoad
2482 1327 2786 1395 potuerunt,
2813 1314 2959 1395 illum
2988 1314 3135 1395 quem
3168 1336 3221 1378 tu
3263 1344 3471 1393 percus-

1888 1386 2035 1449 sisti,
2065 1386 2116 1440 id
2140 1396 2241 1452 est,
2276 1404 2381 1443 me.
2409 1388 2675 1445 Percussit
2708 1391 2962 1446 Dominus
2990 1394 3043 1447 in
3072 1396 3239 1449 Adam
3263 1386 3324 1452 ἐι
3358 1399 3462 1454 Eva

1891 1472 2051 1534 omne
2083 1458 2588 1534 liumanumgentts
2627 1463 2967 1534 mortalitatis
3005 1474 3058 1519 et
3096 1468 3468 1534 passibilitatis

1889 1529 2106 1609 vulnere
2137 1570 2170 1609 ,_
2204 1545 2325 1609 cum
2373 1531 2567 1609 dixit:
2616 1532 2683 1586 In
2730 1550 3031 1609 quacunque
3091 1529 3171 1591 die
3214 1539 3276 1591 de
3324 1540 3467 1609 ligno

1890 1601 2111 1673 scientia:
2154 1602 2270 1656 boni
2309 1611 2355 1655 et
2397 1603 2519 1655 mali
2556 1605 2877 1673 gustaveritis
2901 1647 2915 1671 ,
2946 1601 3119 1662 'morte
3157 1601 3467 1667 moriemini.

1894 1670 1971 1745 De
1999 1674 2099 1745 hoc
2128 1688 2383 1741 percusso
2405 1670 2648 1728 Christus
2667 1690 2881 1730 carnem
2911 1680 3135 1745 accepit,
3162 1691 3213 1733 et
3241 1681 3359 1735 ideo
3387 1681 3470 1735 dio

202 1761 378 1822 εοτςιηι
403 1747 546 1822 ipsis,
581 1746 632 1800 id
652 1740 935 1822 _est,:ipsis
974 1740 1274 1799 sitientibus
1301 1757 1456 1822 eam,
1483 1750 1535 1822 et
1566 1754 1668 1822 non
1700 1740 1782 1821 in-
1815 1760 1864 1822 Β
1894 1743 1966 1796 cit
2000 1762 2010 1796 :
2039 1740 2300 1822 Persecuti
2336 1754 2453 1797 sunt
2479 1762 2624 1809 quem
2650 1756 2703 1801 tu
2734 1740 3298 1822 percnssistiiet'super
3322 1753 3471 1806 dolo-

202 1810 589 1886 telligentihns.
643 1810 793 1883 Quod
827 1810 967 1870 enim
1000 1831 1181 1869 coram
1224 1823 1329 1879 est,
1369 1813 1581 1867 videtur
1611 1820 1673 1886 _e_t
1706 1810 1785 1865 in-

200 1882 475 1953 telligitur.
501 1887 647 1942 Multi
668 1882 897 1942 noscunt
931 1888 1187 1943 malitiam
1212 1900 1360 1939 suam
1388 1894 1442 1939 et
1466 1882 1780 1950 nequitiam,

200 1958 302 2013 sed
337 1968 511 2013 tamen
544 1960 890 2029 pertinaciter
915 1960 967 2013 in
994 1974 1057 2015 ea
1081 1956 1545 2029 perseveranttEt
1577 1953 1630 2006 hi
1659 1968 1782 2029 per-

204 2030 413 2084 niciose
441 2031 489 2083 in
534 2025 742 2098 seipsos
780 2040 960 2099 agunt,
995 2025 1115 2099 quia
1140 2030 1247 2081 vivi
1291 2028 1344 2099 iu
1384 2026 1648 2099 infernum
1672 2025 1785 2099 _de-

200 2103 483 2155 scendunt.
518 2094 675 2157 Tales
696 2104 779 2157 isti
802 2094 955 2156 erant
975 2094 1043 2156 de
1062 2100 1253 2169 quibus
1290 2098 1374 2151 hic
1394 2096 1627 2169 dicitur:
1662 2094 1785 2148 Fiat

202 2187 383 2226 eorum
410 2189 586 2227 mensa
614 2174 666 2227 in
701 2175 931 2241 laqueum
960 2168 1091 2239 ipsis
1115 2186 1208 2225 ens
1231 2184 1409 2241 coram
1433 2209 1447 2231 ,
1473 2179 1523 2221 et
1550 2168 1651 2241 hoc
1676 2181 1781 2221 non

201 2241 424 2311 injuSte,
467 2243 562 2299 sed
607 2245 661 2298 in
704 2238 1101 2310 retributionem,
1132 2242 1184 2296 id
1220 2251 1322 2303 est,
1359 2239 1519 2307 juste,
1554 2238 1780 2311 scilicet,

200 2308 923 2389 quiaﬂpromerueruntaEt
974 2308 1167 2389 liatr_in
1210 2312 1535 2389 scandalum,
1587 2308 1640 2361 id
1678 2317 1779 2389 est,

204 2386 260 2440 in
290 2382 656 2454 olIensionem,
701 2388 782 2441 vel
826 2387 954 2457 ipsis
1000 2385 1199 2441 eisdem
1228 2382 1340 2453 qui,
1368 2392 1579 2457 quanto
1612 2382 1780 2457 magis

204 2457 437 2511 scientes
476 2458 527 2512 in
558 2450 714 2527 ltitalo
738 2450 1098 2525 perseverant,
1126 2450 1269 2511 tanto
1302 2450 1469 2527 magis
1500 2450 1756 2527 oll'ettdun

206 2535 309 2583 tur.
348 2527 441 2582 Vel
488 2520 714 2597 posteris
738 2520 868 2597 suis,
910 2520 1101 2597 quibus
1133 2529 1233 2581 hoc
1260 2520 1544 2597 petierunt,
1592 2520 1783 2577 dicen-

205 2606 288 2673 tes
316 2614 334 2652 :
363 2596 591 2673 Sanguis
620 2604 730 2667 eius
769 2617 921 2672 super
974 2617 1089 2673 nos
1110 2609 1183 2673 et_
1203 2613 1354 2673 super
1381 2596 1530 2663 ﬁlios’
1556 2603 1779 2673 nostros:

204 2669 322 2723 Non
363 2664 539 2726 tamen
580 2664 720 2741 quod
762 2664 991 2727 obiuerit
1043 2670 1121 2725 eis
1173 2664 1282 2722 haec
1311 2664 1663 2741 imprecatio,
1690 2664 1784 2721 sed

206 2741 448 2797 imitatio.
482 2742 575 2798 Vel
598 2738 762 2798 aliter
796 2762 807 2796 :
841 2744 1021 2797 Mensa
1050 2756 1245 2805 eorum,
1278 2738 1330 2793 id
1353 2748 1455 2803 est,
1498 2746 1785 2806 utrumque

206 2822 609 2884 testamentum,
635 2814 777 2884 quod
803 2814 1163 2883 principaliter
1192 2810 1290 2884 fuit
1317 2810 1393 2884 eis
1428 2810 1783 2884 propositum,

205 2892 261 2937 ut
290 2883 361 2936 ibi
392 2888 538 2940 velut
564 2887 615 2938 in
644 2880 823 2939 mensa
838 2880 1203 2947 reﬁcerentur,
1224 2882 1314 2946 ﬁat
1341 2881 1411 2933 eis
1440 2883 1492 2934 in
1522 2880 1780 2949 laqueum,

204 2955 459 3024 quoniam
502 2957 809 3012 irretientur
841 2972 1021 3011 coram
1056 2956 1203 3026 ipsis,
1232 2951 1479 3026 subaudit
1508 2951 1785 3026 proposita

207 3020 481 3151 gentibus,
523 3029 751 3094 scilicet,
778 3020 1106 3081 adducantur
1135 3026 1188 3079 in
1235 3024 1649 3088 aemulationem,
1700 3020 1784 3076 vi-

246 3106 397 3151 entes
443 3102 667 3151 gratiam
715 3100 814 3151 sibi
850 3098 993 3151 prius
1025 3097 1257 3151 oblatam
1296 3109 1635 3149 communem
1662 3108 1784 3151 gen-

246 3106 397 3152 entes
443 3102 667 3167 gratiam
715 3100 814 3152 sibi
850 3098 993 3165 prius
1025 3097 1635 3167 ublatam_communcm
1662 3108 1786 3167 gen-

207 3170 349 3224 tibus
401 3164 616 3225 l'actam.
667 3171 817 3236 Quod
860 3172 918 3223 lit
961 3171 1009 3223 ei
1057 3168 1125 3222 ad
1165 3164 1555 3228 confusionem,
1585 3174 1640 3219 et
1684 3165 1787 3219 hoc

208 3256 315 3294 non
348 3240 567 3311 injuste,
599 3241 693 3297 sed
716 3242 767 3294 in
796 3241 1195 3303 retributionem,
1224 3238 1395 3311 idest,
1422 3236 1599 3311 juste;
1625 3238 1788 3311 et_tiat

203 3312 366 3367 etiam
401 3306 486 3367 eis
533 3306 585 3366 in
614 3313 937 3374 scandalum,
988 3322 1047 3365 ut
1095 3308 1403 3378 praedictum
1440 3316 1540 3361 est.
1575 3306 1656 3361 Ad
1687 3306 1789 3363 hoc

203 3398 420 3454 quoque
446 3384 777 3438 obscurentur
816 3384 949 3437 oculi
992 3399 1166 3436 eorum
1196 3397 1258 3433 ne
1284 3380 1510 3454 videant,
1538 3388 1645 3433 etc.
1680 3378 1785 3454 Ρο-

208 3448 403 3508 ιὶειέι
452 3456 759 3523 ιιηεεεᾱειιε
806 3469 989 3509 versus
1031 3454 1083 3508 in
1130 3454 1271 3507 bono
1299 3451 1398 3519 legi
1445 3452 1546 3503 hoc
1576 3448 1782 3503 modo:

206 3524 515 3597 Desierunt,
541 3529 773 3597 inquam,
816 3526 937 3579 mihi
968 3526 1037 3595 fel
1076 3526 1128 3577 in
1167 3538 1365 3597 escam,
1413 3532 1459 3574 et
1490 3529 1789 3597 potaverunt

204 3612 284 3649 me
305 3606 466 3650 aceto.
501 3596 569 3651 Et
598 3592 718 3652 talis
746 3612 921 3651 mensa
942 3592 1135 3659 eorum,
1165 3593 1217 3648 id
1246 3602 1348 3658 est,
1380 3602 1562 3661 parata
1593 3592 1660 3645 ab
1686 3592 1783 3659 eis,

208 3666 301 3733 ﬁat
330 3669 382 3720 in
427 3668 661 3736 laqueum
691 3684 861 3721 coram
885 3669 1031 3737 ipsis,
1060 3666 1113 3721 id
1138 3672 1243 3737 est,
1277 3664 1331 3717 in
1370 3669 1664 3737 Conspectu
1696 3677 1789 3737 eo-

211 3752 328 3809 rum
360 3734 764 3809 recognoscant,
808 3734 1039 3804 scilicet,
1084 3735 1224 3807 quod
1274 3749 1457 3809 mensa
1489 3734 1577 3787 illa
1609 3734 1666 3786 tit
1705 3734 1788 3809 eis

204 3806 425 3877 laqueus
454 3804 783 3865 confusionis
806 3827 819 3876 ;
846 3820 891 3863 et
916 3810 1007 3863 σει
1033 3804 1117 3863 eis
1134 3809 1186 3861 in
1210 3806 1615 3877 retributionem,
1642 3804 1787 3877 scili-

205 3889 314 3943 cet,
363 3891 418 3934 ut
450 3896 568 3950 qua:
612 3881 905 3948 patiuntur,
956 3894 1012 3934 se
1039 3886 1253 3949 propter
1284 3877 1427 3931 illam
1454 3876 1560 3946 pati
1592 3876 1788 3950 intelli:

246 3958 373 4017 ant;
408 3945 575 4019 et'ﬁat
603 3945 748 4005 eisin
796 3945 1120 4015 scandalum,
1143 3945 1377 4010 scilicet,
1410 3945 1468 4001 ut
1516 3962 1610 4016 per
1654 3945 1787 4000 illud

290 4036 377 4075 um
401 4023 798 4078 scandalizasse
824 4030 1207 4091 recognoscant
1230 4063 1245 4086 ,
1277 4031 1333 4074 et
1362 4020 1440 4074 sic
1467 4027 1787 4073 convertan-

206 4103 294 4147 tur
321 4103 373 4147 et
415 4094 728 4159 paeniteaut.
761 4095 964 4162 Quibus
996 4108 1122 4149 vero
1164 4108 1267 4145 non
1317 4091 1408 4145 liet
1440 4090 1561 4153 hoc,
1609 4105 1788 4143 eorum

205 4163 345 4219 oculi
367 4168 699 4219 obscurentur
729 4182 791 4219 ne
818 4166 1042 4219 videant.
1068 4164 1227 4231 Quasi
1250 4162 1394 4216 dicat
1424 4180 1437 4213 :
1468 4162 1600 4227 Quia
1629 4162 1787 4215 nimis

205 4238 355 4305 prius
402 4244 730 4306 aperuerunt
757 4237 942 4291 oculos
971 4252 1121 4300 suos,
1153 4243 1210 4288 ut
1256 4233 1494 4289 viderent
1529 4231 1671 4306 quod
1708 4233 1787 4306 v_i-

205 4303 451 4361 dentium
484 4324 587 4361 nou
619 4316 733 4362 erat
762 4348 775 4373 ,
808 4307 1048 4372 scilicet,
1081 4306 1307 4375 qualiter
1337 4306 1514 4359 omnia
1546 4304 1686 4375 dicta
1718 4303 1786 4359 de

203 4377 419 4433 Christo
450 4378 502 4433 in
541 4379 657 4448 lege
694 4388 745 4431 et
775 4379 1048 4447 prophetis
1081 4373 1451 4448 perverterent
1473 4416 1488 4438 ,
1522 4373 1644 4429 ideo
1678 4390 1783 4429 non

201 4452 537 4503 obscurentur
563 4446 694 4503 oculi
713 4446 973 4513 eorunt,ne
998 4448 1196 4501 videant
1218 4446 1357 4515 quod
1370 4457 1454 4500 est
1473 4448 1783 4513 videndum,

202 4520 522 4601 scilicetme
550 4535 738 4601 novatn
770 4503 997 4601 gratiam
1036 4503 1347 4601 intelligant.
1395 4516 1460 4569 Et
1483 4522 1543 4570 ut
1573 4530 1676 4570 non
1702 4503 1783 4601 vi;
1814 4503 1863 4562 Ῐ)

201 4592 387 4655 deant,
420 4592 646 4656 incurva,
675 4587 919 4656 Domine,
949 4606 1143 4660 semper
1173 4590 1383 4641 dorsum
1410 4602 1608 4660 eorum,
1640 4587 1787 4660 scili-

203 4674 315 4729 cet,
344 4678 613 4729 nunquam
648 4662 712 4715 ad
744 4664 1019 4729 superiora
1046 4658 1355 4728 erigantur;
1401 4658 1493 4713 sed
1522 4658 1642 4727 quia
1686 4659 1788 4727 ipsi

204 4749 266 4788 se
314 4736 364 4785 in
416 4745 624 4789 terrena
671 4742 1049 4795 curvaverunt,
1098 4732 1216 4800 quia
1250 4730 1425 4783 locum
1473 4739 1525 4782 et
1572 4738 1787 4797 gentem

203 4815 613 4873 praeposuerunt
637 4806 977 4867 innocentia),
1010 4803 1150 4867 ideo,
1184 4801 1427 4873 Domine,
1456 4815 1666 4867 semper
1694 4816 1786 4857 eos

203 4871 335 4945 plus
374 4886 427 4929 et
471 4878 584 4944 plus
631 4878 866 4930 incurva.
919 4875 1139 4929 lncurva
1191 4871 1402 4940 quidem
1438 4887 1563 4945 _uon
1612 4885 1787 4945 excae-

198 4942 399 5011 cando,
450 4942 549 5000 sed
580 4962 681 5002 non
708 4946 975 5017 juvando:
1002 4959 1132 5017 inon
1166 4942 1648 5017 vulnerando,_sed
1680 4958 1786 5017 non

197 5018 464 5073 Sananda.
502 5013 783 5073 Incurvare
826 5018 966 5071 enirn
1000 5016 1094 5071 Dei
1122 5030 1228 5070 non
1260 5014 1313 5068 in
1344 5014 1481 5069 male
1521 5013 1784 5082 iaciendo,

197 5088 300 5143 sed
332 5090 382 5141 in
414 5104 516 5142 non
541 5089 922 5144 subveniendo.
1434 5146 1439 5149 λ

276 5156 507 5228 ΕῙῙιιηάε
536 5176 688 5231 super
716 5177 799 5214 eos
827 5163 976 5231 iram.
1005 5158 1167 5225 Quasi
1195 5159 1335 5213 dicat
1370 5176 1385 5211 :
1421 5159 1620 5213 Praatcr
1650 5159 1787 5216 hanc

201 5232 479 5284 oecultatn
511 5230 795 5285 vindictam
829 5230 1094 5300 amplitica
1123 5243 1284 5299 super
1309 5244 1401 5283 eos
1444 5231 1574 5283 iram
1619 5239 1782 5297 luant,

200 5301 457 5369 Donnne,
489 5317 583 5371 per
612 5304 931 5357 exteriorem
959 5303 1117 5357 etiam
1152 5301 1467 5356 vindictam.
1498 5301 1634 5367 Quid
1657 5316 1786 5372 ergo

196 5372 408 5443 proluit
436 5373 654 5441 Caiphte
682 5416 696 5439 ,
730 5374 869 5442 quod
900 5374 1030 5427 dixit
1071 5389 1085 5425 :
1120 5372 1179 5426 Si
1218 5373 1517 5425 dimittimus
1546 5387 1661 5424 eum
1689 5376 1781 5439 sic,

192 5444 404 5497 venient
430 5445 650 5499 Romani
679 5487 692 5510 ,
720 5455 765 5498 et
793 5444 969 5498 tollent
1000 5456 1225 5498 nostrum
1256 5445 1444 5507 locum,
1474 5452 1520 5496 et
1546 5446 1787 5513 gentem?

198 5515 359 5569 Nihil
390 5514 590 5583 utique.
623 5516 739 5570 Non
767 5516 910 5571 enim
950 5531 1070 5569 eum
1097 5515 1447 5579 dimiserunt,
1483 5514 1590 5567 imo
1620 5513 1787 5569 inter-

194 5586 491 5652 fecerunt,
531 5598 582 5641 et
627 5598 801 5642 tamen
835 5587 1060 5642 Romani
1099 5594 1399 5651 venerunt,
1430 5592 1486 5639 et
1531 5585 1701 5639 locum
1733 5596 1788 5642 et

192 5666 421 5728 gentem
451 5672 637 5713 eorum
670 5659 1067 5714 destruxerunt.
1110 5660 1172 5711 Et
1197 5658 1317 5712 ideo
1345 5656 1477 5711 dicit
1518 5670 1627 5728 non
1658 5656 1784 5713 odio

196 5725 579 5800 imprecantis,
606 5730 700 5787 sed
731 5731 1061 5800 praescieritia
1086 5728 1451 5799 prophetautis
1486 5746 1497 5779 :
1532 5725 1759 5792 E/funde

198 5771 435 5859 ὖ-οῶὶιιε
792 5771 1231 5869 ’,τε
1258 5771 1405 5869 ξενον
1433 5800 1522 5855 iste
1550 5771 1649 5854 lt't'w
1674 5838 1691 5868 ,
1731 5771 1785 5857 id

1890 1830 1995 1892 rem
2022 1815 2291 1892 uulnerant
2318 1831 2543 1892 meorum
2568 1858 2583 1883 ,
2608 1826 2669 1892 _e_t
2696 1819 3159 1892 super_tristitiam
3182 1815 3341 1892 quam
3369 1838 3471 1892 ego

1891 1885 2047 1939 habui
2098 1886 2165 1939 de
2207 1886 2555 1957 vulneribus,
2607 1887 2657 1941 id
2689 1885 2807 1954 est,
2850 1889 2916 1942 de
2963 1885 3467 1957 peccatis-meorum

1888 1957 2238 2022 addiderunt,
2284 1956 2406 2025 quia
2447 1967 2675 2012 mortem
2707 1959 2837 2013 mihi
2864 1956 3319 2018 acceleraverunt.
3353 1964 3469 2019 Ali-

1891 2038 1971 2082 ter
2014 2045 2039 2104 :_
2072 2027 2241 2095 Super
2286 2028 2514 2104 dolorem
2560 2028 2827 2104 vulnerum
2870 2048 3108 2104 meorum
3166 2050 3468 2104 servorum,

1889 2099 2269 2169 prophetarum
2320 2098 2563 2164 scilicet,
2625 2102 2771 2167 prius
2818 2102 2883 2156 ad
2928 2105 3137 2159 vineam
3183 2098 3470 2160 missorum

1889 2171 2223 2233 addiderunt,
2274 2171 2393 2240 quia
2446 2186 2532 2226 me
2581 2172 2745 2227 tilium
2791 2172 3193 2231 interfecerunt.
3243 2178 3411 2231 Aliter
3453 2194 3466 2230 :

1891 2240 2060 2307 Super
2088 2242 2315 2313 dolorem
2342 2241 2609 2295 vulnerum
2640 2259 2862 2297 meorum
2904 2245 2956 2298 in
2995 2262 3079 2299 me
3110 2248 3227 2313 ipso
3249 2247 3469 2301 addide-

1886 2322 2023 2379 runt,
2056 2312 2139 2365 vel
2181 2313 2541 2380 mendacium,
2570 2329 2676 2382 quo
2702 2312 3149 2371 resurrectionem
3178 2332 3351 2371 meam
3374 2332 3472 2371 ne-

1887 2398 2016 2452 gare
2046 2384 2347 2439 voluerunt.
2389 2383 2476 2438 Vel
2504 2386 2833 2453 addiderunt,
2860 2387 2981 2453 quia
3003 2404 3191 2444 manus
3217 2389 3377 2445 etiam
3406 2387 3464 2445 in

1888 2454 2157 2527 apostolos
2179 2465 2232 2527 et
2262 2455 2314 2508 in
2340 2455 2589 2511 familiam
2618 2473 2791 2512 meam
2819 2460 3139 2527 injecerunt.

1958 2525 2530 2599 Appone‘iniquitatem.
2556 2528 2715 2593 Quasi
2743 2525 2885 2584 dicat
2917 2547 2928 2581 :
2965 2530 3083 2599 Ipse
3106 2540 3161 2586 et
3180 2546 3241 2587 se
3271 2529 3471 2586 malum

1888 2598 2048 2654 modo
2080 2595 2423 2670 addiderunt.
2469 2599 2537 2652 Et
2568 2609 2620 2652 tu
2649 2640 2664 2665 ,
2698 2600 2923 2655 Domine
2945 2642 2960 2666 ,
2987 2595 3210 2670 appone,
3243 2618 3348 2657 non
3370 2617 3470 2657 ex-

1888 2669 2140 2725 caecando
2164 2710 2181 2735 ,
2219 2668 2313 2741 sed
2354 2684 2460 2723 non
2486 2670 2737 2741 juvaudo
2765 2689 2917 2740 super
2947 2668 3264 2741 iniquitatem
3294 2688 3473 2727 eorum

1887 2742 2043 2812 aliam
2091 2740 2432 2809 iniquitatem.
2484 2740 2741 2810 Iniquitas
2797 2740 3043 2812 specialis
3094 2760 3282 2799 eorum
3338 2752 3464 2811 est,

1887 2811 2030 2881 quod
2079 2825 2253 2881 neque
2308 2812 2592 2867 attendunt
2645 2811 2903 2882 justitiam
2956 2815 3233 2877 hominis,
3292 2828 3469 2883 neque

1888 2890 2147 3008 guantum
2177 2890 2450 2951 peccatum
2496 2886 2559 2938 sit
2597 2884 2797 2952 justum
2840 2884 3106 2941 hominem
3137 2884 3468 2939 interﬁcere.

1934 2968 2063 3008 uber
2090 2954 2229 3006 hanc
2256 2952 2586 3008 iniquitatem
2624 2956 2726 3008 alia
2758 2967 3054 3008 apponatur
3079 3000 3093 3008 .
3127 2966 3184 3008 nt
3210 2970 3315 3008 non
3350 2971 3468 3008 mo-

1934 2968 2063 3026 uper
2090 2954 2231 3026 hanc
2256 2952 2586 3021 iniquitatem
2624 2956 2726 3026 alia
2758 2967 3054 3026 apponatur
3079 3000 3093 3020 ,
3127 2966 3184 3009 ut
3210 2970 3315 3010 nou
3350 2971 3469 3009 mo-

1888 3024 1958 3080 do
1985 3024 2187 3094 justum
2219 3024 2489 3079 hominem
2524 3024 2847 3081 interﬁciant
2870 3067 2885 3093 ,
2932 3027 3026 3082 sed
3055 3034 3111 3083 et
3142 3027 3330 3083 Deum.
3366 3026 3466 3081 Vel

1890 3111 2092 3167 appone
2120 3097 2621 3167 iniquitatentsuper
2651 3097 3000 3167 iniquitatem,
3035 3099 3086 3152 id
3118 3109 3240 3165 est,
3272 3098 3474 3167 iniquis

1892 3166 2135 3238 patribus
2181 3167 2395 3236 iniquos
2439 3166 2581 3223 ﬁlios
2608 3166 2931 3237 superatlde.
2966 3169 3056 3222 Vel
3087 3184 3245 3235 super
3276 3168 3476 3238 iniqui-

1892 3246 2056 3294 tatem
2084 3238 2153 3293 de
2182 3248 2357 3293 morte
2386 3254 2503 3291 mea
2532 3254 2740 3308 appone
2767 3240 2921 3293 aliam
2965 3240 3321 3308 iniquitatem,
3363 3238 3474 3292 sci-

1891 3309 2037 3375 licet,
2066 3318 2124 3364 ut
2162 3310 2214 3364 in
2248 3309 2621 3365 incredulitate
2662 3319 3046 3380 perseverent,
3078 3320 3124 3365 et
3155 3311 3232 3364 sic
3262 3310 3476 3380 nonin-

1890 3389 2057 3445 trent,
2097 3381 2149 3435 id
2181 3390 2294 3447 est,
2335 3397 2441 3435 non
2470 3382 2653 3435 vivant
2692 3384 2744 3435 in
2786 3382 2884 3436 hac
2910 3383 3036 3448 vita,
3068 3396 3189 3451 quae
3219 3379 3471 3451 introitus

1888 3460 1972 3507 est
1996 3452 2061 3505 ad
2085 3467 2370 3514 supernam
2393 3468 2408 3517 ;
2435 3454 2488 3505 in
2508 3453 2767 3523 justitiam
2793 3462 2958 3521 tuam,
3001 3454 3052 3509 id
3078 3450 3183 3517 est,
3215 3452 3267 3509 in
3294 3450 3479 3521 operi-

1890 3523 1991 3578 bus
2009 3523 2309 3589 justilicatis
2341 3522 2464 3578 lidei
2491 3522 2613 3577 tuas.

1962 3593 2244 3665 Deleantur
2273 3594 2334 3648 de
2356 3595 2485 3649 libro
2506 3596 2797 3650 viventium.
2830 3596 2970 3664 Non,
2999 3596 3239 3665 inquam,
3267 3596 3472 3651 intrent

1889 3664 1942 3719 in
1969 3664 2193 3735 justitia,
2240 3666 2335 3720 sed
2388 3668 2560 3734 potius
2602 3668 2868 3721 deleantur
2909 3670 2973 3722 de
3007 3664 3137 3722 libro
3169 3664 3471 3723 viventium.

1889 3736 2005 3791 Non
2036 3736 2155 3791 ideo
2182 3735 2309 3790 dicit
2340 3736 2407 3791 de
2448 3738 2583 3792 libro
2606 3778 2623 3804 ,
2656 3747 2711 3793 ut
2734 3739 2843 3794 illic
2870 3740 3065 3807 aliquis
3090 3740 3222 3795 liber
3252 3741 3344 3804 sit,
3376 3737 3477 3795 sed

1889 3808 2217 3880 abrhumaua
2249 3808 2603 3880 similitudine
2633 3820 2866 3865 tractum
2898 3818 3004 3866 est.
3040 3810 3194 3880 Apud
3226 3810 3473 3867 homines

1888 3879 2055 3949 enim,
2085 3880 2205 3947 quia
2240 3879 2410 3935 labilis
2432 3881 2705 3936 memoria:
2732 3892 2891 3948 sunt,
2922 3879 3285 3937 necesSurium
3309 3890 3393 3936 est
3416 3888 3481 3937 ut

1891 3950 2015 4006 libri
2041 3951 2369 4015 habeantur,
2413 3952 2605 4018 quibus
2632 3968 2786 4008 mens
2814 3955 3045 4008 humana
3075 3951 3473 4008 recordationis

1889 4036 1991 4091 ope
2037 4022 2365 4077 sublevetur.
2419 4024 2516 4078 Hic
2548 4038 2671 4077 vero
2698 4024 2881 4078 divina
2930 4037 3083 4077 mens
3112 4023 3245 4078 liber
3276 4022 3475 4090 accipi-

1893 4103 1980 4147 tur
2002 4135 2018 4157 ,
2064 4093 2150 4147 cui
2184 4093 2313 4147 nihil
2352 4095 2679 4162 praeteritum
2721 4094 2938 4158 excidit,
2974 4108 3072 4147 nec
3097 4092 3297 4162 aliquid
3330 4092 3474 4147 lutu-

1890 4179 2007 4218 rum
2040 4178 2235 4217 novum
2278 4166 2335 4217 tit
2358 4204 2373 4229 ,
2411 4164 2508 4218 sed
2538 4165 2713 4217 omnia
2755 4163 3161 4231 praesentialiter
3186 4162 3345 4218 simul
3375 4177 3468 4218 as-

1891 4236 2039 4304 picit.
2068 4238 2131 4288 Et
2152 4244 2232 4289 est
2252 4234 2431 4289 dicere
2452 4252 2463 4286 :
2489 4232 2766 4288 Deleantur
2785 4252 2923 4289 nunc
2944 4236 3006 4289 de
3030 4235 3157 4288 libro
3172 4234 3465 4299 viventium,

1890 4307 1941 4361 id
1965 4314 2064 4372 est,
2100 4305 2437 4359 manifestum
2465 4306 2517 4358 in
2546 4307 2794 4373 praesenti
2818 4322 3003 4361 eorum
3031 4305 3315 4361 iulidelitas
3345 4304 3478 4360 facit

1890 4377 2032 4445 quod
2058 4393 2087 4429 a
2115 4376 2371 4430 memoria
2418 4376 2469 4429 in
2501 4392 2601 4445 qua
2636 4380 2866 4433 maxime
2907 4392 2967 4433 se
3010 4379 3213 4447 positos
3242 4387 3474 4447 putant,

1894 4447 2192 4502 exciderint
2218 4463 2322 4499 non
2344 4448 2651 4516 cognitione
2675 4488 2690 4513 ,
2724 4450 2817 4504 sed
2845 4449 3175 4518 dignatione.
3202 4448 3270 4502 Et
3303 4450 3357 4501 in
3390 4448 3473 4501 fu-

1894 4527 2011 4573 turo
2034 4534 2133 4572 non
2154 4518 2439 4571 scribantur
2462 4535 2573 4571 cum
2596 4520 2777 4586 justis,
2811 4522 2860 4575 id
2885 4530 2985 4587 est,
3021 4536 3127 4576 non
3154 4520 3475 4589 participent

1892 4589 2272 4644 beatitudinem
2313 4604 2431 4643 cum
2469 4589 2645 4658 justis.
2689 4589 2790 4656 Qui
2822 4592 2965 4647 enim
3014 4608 3119 4645 non
3154 4590 3475 4660 participant

1894 4662 1978 4715 hic
2013 4661 2137 4725 lide,
2172 4676 2275 4717 non
2308 4661 2701 4729 participabunt
2726 4663 2834 4716 illic
2860 4663 3207 4718 beatitudine.

1963 4732 2077 4802 Ego
2107 4749 2218 4785 sum
2262 4748 2475 4801 pauper.
2512 4732 2623 4787 Illic
2646 4774 2662 4799 ,
2696 4735 2914 4803 inquam
2939 4773 2955 4799 ,
2998 4750 3103 4788 non
3148 4733 3473 4797 scribentur,

1890 4818 1989 4872 ego
2019 4813 2196 4857 autem
2234 4814 2287 4857 et
2318 4805 2424 4857 mei
2455 4803 2751 4860 scribemur
2771 4846 2787 4871 ,
2833 4805 2958 4876 quia
2987 4821 3082 4875 ego
3118 4804 3168 4857 iu
3207 4818 3293 4876 me
3323 4812 3377 4857 et
3420 4804 3477 4858 in

1893 4876 2027 4930 meis
2053 4892 2166 4929 sum
2202 4892 2432 4944 pauper,
2480 4876 2531 4930 id
2580 4885 2663 4931 est
2690 4918 2703 4941 ,
2738 4874 2868 4930 mihi
2914 4874 3046 4929 nihil
3076 4874 3394 4939 attribuens,
3427 4882 3476 4929 et

1890 4961 2007 5000 sum
2054 4946 2229 5000 dolens
2256 4962 2354 5015 ego
2381 4948 2592 5014 quidem
2625 4962 2723 5016 pro
2754 4948 2907 5001 meis.
2939 4946 3099 5002 Juxta
3129 4945 3269 5013 quod
3303 4945 3469 5001 Isaias

1890 5018 1958 5073 de
1987 5019 2103 5087 ipso
2134 5018 2207 5070 ait
2239 5034 2253 5071 :
2291 5019 2390 5084 Qui
2417 5035 2509 5088 pro
2550 5021 2691 5071 nobis
2718 5018 2898 5072 dolens
2927 5019 3219 5071 vulneratus
3247 5026 3323 5088 est
3354 5031 3476 5082 pro-

1889 5086 2017 5158 pter
2048 5090 2342 5158 iniquitates
2402 5086 2621 5142 nos-tros.
2677 5090 2776 5143 Mei
2830 5100 3008 5144 autem
3059 5095 3184 5142 sunt
3230 5086 3477 5143 dolentes

1890 5174 1990 5228 pro
2011 5163 2226 5214 miseria
2258 5176 2368 5213 sua:
2396 5162 2735 5214 mortalitatis
2758 5170 2809 5215 et
2833 5159 3220 5226 passibilitatis.
3258 5158 3321 5211 Et
3347 5158 3475 5225 quia

1889 5246 2002 5284 sum
2027 5247 2218 5299 pauper
2238 5242 2283 5285 et
2316 5233 2491 5284 dolens
2516 5273 2531 5299 ,
2568 5230 2706 5296 ideo,
2737 5247 2769 5284 ο
2801 5230 2939 5285 Deus
2964 5269 2980 5295 ,
3012 5243 3137 5284 vera
3164 5228 3306 5282 salus
3336 5237 3430 5281 tua
3452 5268 3469 5293 ,

1889 5303 2203 5357 icternitatis
2224 5344 2237 5367 ,
2266 5304 2469 5357 scilicet
2493 5345 2508 5369 ,
2549 5313 2603 5355 et
2626 5302 3067 5372 impassibilitatis
3093 5343 3105 5364 ,
3139 5300 3362 5372 suscepit
3388 5315 3467 5354 me

1889 5383 1941 5428 et
1970 5388 2117 5428 meos
2136 5375 2245 5443 jam
2274 5374 2660 5443 dispositione,
2693 5371 2746 5428 et
2774 5374 3030 5443 suscipiet
3060 5376 3112 5425 in
3138 5381 3209 5425 te.
3244 5371 3310 5425 Et
3341 5380 3472 5427 tunc

1890 5444 2109 5499 laudabo
2140 5455 2195 5499 ει
2232 5444 2283 5498 in
2325 5460 2409 5498 tne
2440 5454 2493 5497 ct
2523 5443 2575 5497 in
2612 5446 2745 5499 meis
2776 5460 2957 5499 nomen
2991 5444 3082 5498 Dei
3109 5459 3223 5496 cum
3246 5444 3475 5509 cantico,

1887 5516 1940 5571 id
1969 5526 2069 5581 est,
2108 5532 2229 5572 cum
2259 5517 2437 5569 laetitia
2462 5514 2579 5569 sine
2610 5516 2819 5570 tristitia
2841 5557 2856 5581 ,
2892 5527 2937 5569 et
2980 5515 3319 5585 magniﬁcabo
3348 5528 3470 5568 eum

1888 5588 1942 5640 in
1970 5588 2123 5641 laude
2148 5630 2162 5651 ,
2197 5586 2248 5640 id
2278 5596 2381 5649 est,
2414 5586 2640 5641 laudabo
2672 5588 2845 5656 ipsum
2884 5587 3049 5641 Deum
3089 5588 3141 5640 in
3181 5585 3466 5656 magnilica

1888 5660 2079 5725 laude,
2114 5660 2162 5713 id
2208 5667 2327 5723 est,
2372 5661 2423 5712 in
2464 5672 2591 5713 vera
2638 5655 2704 5713 et
2733 5657 3057 5714 indelicienti
3100 5658 3276 5711 laude.
3312 5655 3466 5709 Beati

1886 5732 2030 5784 enim
2055 5731 2142 5799 qui
2171 5729 2408 5783 habitant
2440 5729 2495 5783 in
2530 5729 2689 5783 domo
2716 5739 2801 5784 tua
2822 5772 2839 5797 ,
2874 5730 3118 5796 Domine,
3151 5728 3203 5782 in
3234 5727 3467 5799 smcula,

1886 5797 2090 5859 scilicei
2112 5837 2129 5865 ,
2160 5800 2450 5858 laudabunt
2488 5810 2561 5857 te.
2592 5800 2777 5858 Potest
2820 5817 3030 5876 quoque
3058 5802 3109 5857 in
3140 5800 3221 5856 his
3251 5797 3457 5856 duobus
