3984 6362
169 313 289 370 855

929 305 991 364 IN
1029 305 1446 366 PSALMORUM
1488 308 1740 366 LIBRUM
1787 305 2139 370 EXEGESIS.
2173 342 2243 357 —
2277 313 2520 374 PSALM.
2562 316 2721 376 LXX.

3338 326 3445 385 854

167 449 287 490 non
343 429 647 488 accelerare
675 469 688 494 ,
737 423 858 482 ideo
901 425 1032 482 dicit
1075 445 1086 480 :
1133 417 1344 480 Festina
1389 427 1454 481 ad
1503 425 1758 497 adjavan-
1785 421 1839 484 Δ
1865 435 2020 505 natos
2049 437 2190 505 esse,
2232 435 2286 484 et
2322 441 2648 505 cognoscent
2685 446 2744 490 se
2791 445 3010 505 egenos,
3063 443 3117 490 et
3167 437 3434 495 medicum

163 507 306 563 dum
335 520 436 559 me.

249 599 654 669 Confundantsr
679 601 729 669 et
752 601 1093 669 reueresuur.
1120 593 1506 669 Doletsanctus
1527 592 1611 647 vir
1641 595 1758 669 ani:

167 688 327 730 mam
356 663 508 724 suam
537 667 701 736 quieri
732 682 762 720 a
792 666 948 720 malis
969 705 986 729 ,
1023 679 1129 718 non
1169 663 1258 736 sd"
1281 663 1592 736 imitandum
1621 665 1758 736 ,sed

167 745 243 800 ad
279 734 728 813 opprimendum;
758 747 819 813 et
841 737 962 813 ideo
982 745 1098 790 orat
1125 743 1182 788 et
1209 734 1337 789 dicit
1367 752 1381 787 :
1418 734 1757 813 gonfagden-

165 828 264 871 utr
289 806 715 870 struerentur.
759 808 859 864 Ubi
899 822 1033 876 ergo
1067 816 1389 874 praeceptum
1423 807 1551 860 illud
1585 806 1759 860 Evan-

165 887 308 953 gelii
339 884 530 953 :Orate
557 897 652 944 pro
674 879 1082 953 persequentibus
1111 886 1158 930 et
1186 877 1617 953 calumniantibus
1635 879 1761 953 vos?

171 948 240 1013 Et
277 958 409 1012 item
452 972 465 1007 :
496 948 710 1023 Diligite
733 951 968 1023 inimicos
997 959 1211 1023 uestros,
1255 948 1530 1023 benefacite
1566 949 1637 1023 eis
1670 949 1761 1023 qui

168 1031 401 1083 oderunt
444 1024 566 1079 vos?
596 1019 692 1100 Ubi
719 1021 887 1100 etiam
913 1020 1214 1100 exemplum
1244 1021 1316 1087 pii
1351 1019 1593 1100 magistri
1617 1055 1641 1100 ,_
1665 1019 1756 1100 qui

169 1101 369 1154 docuit
398 1111 502 1150 non
535 1094 709 1148 solum
737 1092 986 1147 inimicos
1006 1091 1227 1152 diligere
1248 1129 1266 1153 ,
1297 1089 1394 1145 sed
1423 1099 1477 1143 et
1502 1104 1597 1154 pro
1629 1089 1759 1157 ipsis

172 1184 346 1226 orare
371 1211 387 1234 ,
431 1167 615 1242 dicens
653 1179 753 1242 pro
790 1161 1231 1242 persequentibus
1263 1162 1388 1242 suis
1413 1159 1760 1242 indipsa‘pa‘s-

170 1244 335 1296 sione
375 1232 396 1291 V:
439 1236 624 1301 Pater,
665 1236 868 1304 ignosce
904 1234 1007 1286 illis
1033 1275 1048 1300 ,
1089 1233 1209 1300 quia
1250 1232 1478 1304 nesciunt
1514 1232 1640 1304 quid
1662 1233 1760 1304 ffa-

168 1313 366 1366 ciunt?
405 1311 516 1363 Non
567 1303 748 1376 utique
790 1305 1038 1359 dissentit
1083 1305 1185 1358 iste
1226 1303 1296 1356 ab
1327 1303 1447 1376 illo,
1492 1303 1618 1376 quia
1656 1303 1760 1359 hoc

172 1393 326 1451 erat,
375 1391 433 1434 ut
480 1379 554 1432 illi
602 1374 884 1451 quiprius
921 1383 1138 1451 sanctos
1173 1389 1305 1451 suos
1333 1374 1754 1451 incarccrabant,

173 1445 542 1518 “spoliabant,
576 1445 855 1510 uocabant,
886 1447 1026 1518 unde
1051 1445 1507 1514 gloriﬁcabantur,
1537 1447 1760 1518 confun-

173 1517 376 1577 dantur
403 1564 418 1587 ,
449 1523 501 1574 id
544 1530 659 1584 est,
699 1517 1044 1574 confusibiles
1073 1533 1133 1571 se
1157 1527 1559 1587 recognoscant,
1591 1527 1640 1570 et
1679 1517 1760 1571 sic

172 1585 544 1656 rerereatitur,
580 1591 630 1645 id
660 1599 781 1657 est,
821 1589 1209 1651 extimescant,
1253 1596 1306 1642 et
1346 1585 1620 1657 nobiscum
1667 1601 1760 1654 pe-

173 1677 330 1721 ctora
363 1666 608 1718 tundunt.
648 1656 828 1715 Talem
868 1659 1008 1714 enim
1051 1659 1338 1712 vindictam
1374 1656 1482 1725 jam
1533 1672 1756 1726 accepe-

175 1747 309 1791 runt
336 1736 504 1789 sancti
531 1735 598 1787 ab
622 1733 850 1810 inimicis
883 1732 1016 1810 suis,
1044 1732 1167 1800 quia
1208 1729 1397 1810 Paulus
1430 1727 1634 1810 ille‘qui
1656 1741 1756 1810 ac-

172 1818 399 1876 ceperat
429 1806 628 1858 litteras
660 1820 691 1858 a
732 1802 1073 1880 principibus
1089 1801 1451 1881 sacerdotum,
1481 1807 1540 1852 ut
1569 1801 1751 1881 iretin

178 1869 526 1936 Damascum,
554 1886 605 1929 et
633 1869 981 1942 quoscunque
1027 1870 1168 1926 viros
1198 1870 1516 1942 Christiana:
1542 1869 1755 1938 religio-

175 1953 263 2005 nis
296 1949 586 2012 inveniret,
614 1941 820 1999 vinctos
847 1945 1165 2012 perduceret
1191 1943 1244 1996 in
1268 1941 1588 2008 Jerusalem,
1618 1955 1750 1996 voce

175 2022 362 2076 divina
393 2033 519 2074 vere
546 2018 720 2069 audita
755 2017 808 2070 in
830 2018 935 2081 via,
970 2013 1248 2069 confessus
1280 2019 1363 2066 est
1386 2013 1455 2066 de
1480 2012 1758 2068 conscien-

179 2093 252 2146 tia
285 2107 379 2145 sua
403 2132 420 2159 ,
460 2099 513 2144 et
545 2089 807 2159 reveritus
837 2087 902 2159 de
944 2094 1086 2159 tanta
1130 2082 1488 2159 imtnodestia.
1537 2082 1605 2136 Et
1637 2097 1760 2159 pro-

179 2173 384 2218 stratus
405 2155 487 2216 est
509 2160 577 2214 ab
596 2157 976 2223 obedientium,
997 2155 1088 2224 qui
1103 2156 1246 2225 prius
1267 2155 1757 2208 inllammatusl'ue-

175 2242 263 2289 rat
305 2235 367 2286 ad
412 2229 856 2299 persequendum.
890 2228 1175 2282 Vertantur
1200 2237 1515 2299 retrorsum.
1546 2225 1642 2299 llic
1653 2225 1755 2299 di-

175 2296 682 2370 stinguittetnpora
727 2299 1082 2354 tribulationis
1112 2307 1165 2353 et
1207 2297 1608 2370 persecutionis.
1652 2296 1752 2351 Ec-

178 2367 381 2431 clesiae.
412 2367 568 2426 Prius
592 2371 734 2426 enim
771 2372 869 2425 fuit
892 2370 1122 2437 impetus
1153 2367 1612 2436 persequentium,
1644 2382 1759 2420 mo-

180 2446 252 2501 do
303 2444 564 2500 remansit
613 2442 987 2497 malevolentia
1039 2448 1242 2494 tantum
1291 2438 1661 2506 cogitantium.
1696 2439 1761 2494 Et

182 2531 282 2587 pro
305 2517 421 2570 istis
449 2523 602 2592 rogat
623 2549 639 2577 ,
673 2521 732 2566 ut
756 2515 844 2581 qui
879 2512 1024 2592 prius
1067 2509 1375 2592 praecedere
1403 2509 1673 2592 volebant,
1706 2519 1760 2592 et

181 2582 306 2642 esse
336 2582 595 2652 magistri,
627 2582 1048 2660 aperiantur,_ita
1077 2590 1135 2636 ut
1161 2582 1589 2660 SIIIIIcerfslmt,
1617 2582 1760 2660 _s_i_cut

174 2659 268 2715 ille
299 2657 397 2712 fuit
423 2651 507 2711 cui
534 2663 618 2711 est
644 2657 850 2710 dictum
883 2674 894 2707 :
929 2653 1073 2709 Vade
1093 2663 1247 2719 retro,
1270 2651 1514 2706 Satanas.
1543 2651 1760 2707 Scilicet

178 2745 288 2786 non
323 2728 626 2795 praecedant
651 2737 706 2781 ut
736 2739 923 2795 pravas
945 2725 1060 2779 vias
1080 2739 1207 2795 suas
1237 2723 1464 2778 doceant
1487 2765 1505 2795 ,
1540 2723 1636 2779 sed
1669 2739 1756 2795 re-

174 2809 262 2857 m
290 2794 418 2863 sint,
463 2809 518 2853 ut
541 2799 706 2853 bonas
737 2794 970 2852 discant.
1007 2795 1110 2860 Illi,
1142 2794 1288 2860 dico,
1313 2795 1400 2863 qui
1425 2794 1602 2848 volunt
1627 2794 1759 2849 ntihi

177 2871 341 2934 mola.
383 2871 434 2925 id
479 2880 580 2932 est,
628 2870 716 2937 qui
760 2869 899 2923 male
941 2869 1127 2923 vivunt
1164 2867 1218 2921 in
1245 2873 1426 2922 mente
1455 2879 1572 2933 sua,
1610 2874 1666 2922 et
1704 2867 1757 2921 itt

178 2943 393 2999 luxuria
416 2941 660 2996 nutriunt
684 2940 848 2995 corda
881 2953 999 2994 sua.
1095 2993 1102 3000 ,
1171 2967 1182 2980 ~

249 3035 552 3086 Avertanlur
573 3031 762 3084 statim.
791 3026 928 3096 Quia
967 3029 1168 3101 duplex
1197 3037 1280 3101 est
1309 3030 1619 3101 persecutio
1651 3028 1754 3087 Ec-

177 3104 354 3160 clesiaa
385 3120 397 3154 :
425 3101 528 3157 alia
558 3100 762 3158 scilicet
782 3098 1166 3168 violenta,'alia
1194 3098 1553 3156 fraudulenta.
1582 3101 1750 3157 Frau-

177 3174 398 3229 dulenta
429 3187 555 3228 vero
587 3172 718 3226 duas
743 3180 924 3241 partes
953 3171 1132 3235 habet,
1178 3171 1612 3226 malevolentiam
1647 3173 1749 3229 sci-

177 3244 308 3299 licet
335 3253 391 3299 et
411 3241 794 3308 adulationem,
828 3255 881 3296 et
909 3257 1049 3312 saepe
1075 3243 1196 3310 plus
1226 3249 1384 3297 nocet
1409 3242 1589 3310 lingua
1615 3243 1747 3298 adu-

179 3315 364 3386 latoris
394 3330 551 3386 quam
596 3328 784 3369 manus
811 3314 1167 3386 persecutoris
1199 3332 1210 3366 :
1245 3313 1386 3386 ideo,
1408 3328 1504 3384 pro
1554 3314 1636 3368 his
1669 3313 1749 3368 di-

179 3387 274 3449 cit,
305 3381 605 3440 Aveitantur
627 3381 828 3452 statim,
875 3381 926 3438 id
958 3392 1059 3446 est,
1083 3383 1199 3438 sine
1243 3385 1391 3439 οηιηί
1412 3381 1589 3438 ’ωσι-α
1635 3401 1751 3439 eru-

180 3457 428 3512 bescentes
458 3456 524 3510 de
554 3456 794 3522 nequitia
835 3469 952 3514 sua.
999 3456 1072 3508 illi
1096 3455 1188 3526 qui
1211 3455 1386 3526 dicunt
1409 3455 1552 3526 mitti,
1578 3455 1745 3526 Euge,

180 3543 325 3600 euge,
376 3527 426 3600 id
457 3533 560 3600 est,
590 3526 680 3600 qui
711 3539 796 3600 me
825 3526 1132 3600 laudant__ut
1159 3523 1620 3600 decipiant._Natn
1653 3523 1751 3600 cur

180 3595 267 3653 me
295 3597 551 3652 laudant?
571 3596 748 3666 potius
780 3595 998 3666 laudent
1022 3595 1231 3658 illum,a
1262 3609 1369 3663 quo
1399 3596 1572 3650 habeo
1594 3595 1750 3664 quid-

182 3668 306 3738 quid
339 3669 462 3722 boni
483 3665 676 3721 habeo.
711 3667 848 3738 Dicit
877 3665 1168 3738 Sapientia,
1198 3666 1322 3738 quia
1351 3667 1603 3738 probatio
1631 3667 1750 3722 auri

182 3735 237 3793 et
261 3740 464 3807 argenti
496 3739 632 3806 ignis
664 3754 676 3790 :
705 3735 962 3806 probatio
985 3745 1161 3791 autem
1193 3735 1402 3807 virlest
1431 3749 1494 3791 os
1524 3737 1750 3791 laudan-

183 3811 315 3864 tium
342 3805 488 3863 eum.
527 3805 590 3864 Si
620 3805 761 3862 enim
798 3823 903 3861 non
944 3809 1086 3861 cedit
1114 3805 1530 3873 adulationibus,
1567 3807 1612 3861 si
1642 3821 1750 3864 non

181 3881 472 3949 acquiescit
499 3877 787 3949 blanditiis.
837 3877 1076 3946 perfecte
1106 3885 1360 3932 excoclus
1386 3886 1472 3949 est
1502 3879 1624 3947 igne
1657 3881 1750 3933 tri-

178 3947 490 4006 bulationis.
526 3949 588 4002 Et
613 3948 690 4002 sic
712 3948 884 4003 bonus
911 3950 1015 4001 erit
1038 3955 1093 4002 et
1134 3948 1384 4002 introitus
1404 3947 1520 4016 ejus
1543 3956 1598 4003 et
1623 3950 1751 4004 exi-

182 4029 267 4076 tus
294 4020 430 4090 ejus.
470 4017 632 4074 Justa
651 4017 796 4088 quod
826 4019 1118 4085 Apostolus
1146 4019 1273 4073 dicit
1303 4036 1314 4071 :
1343 4017 1539 4090 Fidelis
1589 4019 1748 4086 Dens,

180 4094 268 4158 qui
310 4105 411 4144 non
452 4093 642 4159 patitur
692 4105 777 4143 vos
817 4089 999 4142 tentari
1049 4106 1206 4156 supra
1252 4090 1306 4142 id
1347 4089 1486 4160 quod
1539 4093 1748 4160 potestis

181 4164 335 4231 (ecce
364 4161 657 4231 introitus),
688 4160 776 4214 sed
821 4159 970 4228 faciet
1001 4175 1116 4214 cum
1138 4159 1419 4231 tentatione
1439 4159 1592 4214 etiam
1623 4178 1750 4230 pro-

188 4230 416 4295 uentum.
447 4240 499 4285 ut
544 4233 748 4299 possitis
777 4231 1021 4284 sustinere
1053 4239 1202 4298 (ecce
1230 4230 1450 4301 exitus).
1498 4232 1751 4289 Introitus

183 4305 327 4357 enim
359 4311 441 4361 est
473 4305 686 4366 tentari,
719 4303 892 4356 exitus
930 4317 1036 4356 non
1065 4303 1256 4356 cedere
1282 4318 1296 4366 ;
1331 4301 1433 4358 hoc
1461 4301 1584 4358 oleo
1609 4304 1752 4358 adu-

181 4373 400 4429 lationis
423 4373 613 4427 volunt
653 4373 888 4427 hmretici
936 4373 1254 4441 impinguari
1284 4383 1445 4441 caput
1486 4388 1666 4438 suum,
1695 4385 1752 4428 ut

184 4443 437 4508 Donatus,
461 4447 550 4510 qui
575 4443 848 4511 discipulis
877 4446 985 4496 suis
1012 4444 1197 4496 attdire
1217 4443 1406 4508 voluit,
1439 4443 1560 4498 Dus:
1583 4446 1711 4498 bone
1732 4488 1746 4510 ,

1871 497 2035 552 fuisse
2064 496 2163 553 sibi
2194 496 2573 558 necessarium.

1937 566 2190 649 Ego_ve£o
2231 586 2422 649 egenus
2454 584 2500 626 et
2539 592 2732 649 pauper
2750 593 2882 631 sum.
2905 575 3060 649 Illud,
3092 576 3331 649 inquam,
3355 579 3439 636 di-

1863 637 2009 720 951m;
2038 637 2103 694 de
2135 637 2381 708 Domino,
2411 643 2511 720 hoc
2537 637 2663 714 vero
2684 647 2825 720 dicat
2851 637 3077 720 quisque
3094 637 3243 706 de'se
3274 637 3424 720 ipso:

1863 706 1979 787 Ego
2010 726 2122 787 sunt
2173 706 2396 787 egenus,
2416 713 2470 768 id
2520 711 2621 784 est,
2681 706 2924 787 indigens
2977 706 3151 774 alieno
3207 706 3433 787 auillio,

1863 777 2168 862 quidem
2195 777 2351 862 ἐιίὲῐη
2383 777 2638 862 legetnju
2669 777 2925 844 membris
2955 790 3086 862 meis
3106 777 3430 862 “Pugna”:

1863 860 1969 928 tem
2002 851 2098 919 legi
2126 853 2319 928 mentis
2351 851 2503 912 mefe.
2551 856 2618 928 Et
2644 872 2767 928 sum
2813 876 3025 928 pauper,
3070 859 3122 916 id
3163 851 3432 927 estfesu-

1864 921 2009 997 rien_s
2031 931 2086 976 et
2114 924 2322 997 sitiens,
2350 933 2403 979 et
2434 927 2560 982 mihi
2591 927 2766 984 adhuc
2812 921 3179 997 insditiciens;
3216 921 3270 987 et
3311 931 3434 990 ideo

1864 999 1916 1071 t_u
1952 991 2107 1058 Deus,
2136 996 2224 1064 qui
2248 991 2392 1071 solus
2423 1007 2594 1064 potes,
2618 1001 2805 1071 adjuva
2853 1018 2948 1070 me,
2983 1012 3036 1055 et
3079 1001 3149 1056 ita
3167 991 3308 1059 Idico
3337 1006 3436 1058 ad-

1853 1063 1984 1134 java
2035 1080 2130 1140 me,
2156 1063 2393 1140 scilicet
2416 1063 2531 1140 esto
2570 1063 2779 1139 adjutor
2826 1063 2997 1138 nicas,
3029 1081 3216 1127 contra
3260 1075 3434 1140 legem

1869 1135 2192 1214 contrariam
2218 1137 2548 1214 in‘membris
2569 1135 3114 1214 meisrepugnantem
3144 1143 3249 1214 legi
3275 1135 3435 1214 nien-

1863 1204 1930 1259 tis
1962 1216 2210 1284 tn_ete,_et
2233 1208 2473 1284 liberator
2499 1226 2637 1265 meus
2689 1213 2762 1284 de
2794 1204 3226 1284 imbui-amentis
3269 1213 3433 1284 hujus

1861 1274 2062 1331 saeculi.
2113 1277 2178 1353 Et
2205 1288 2271 1353 ut
2290 1279 2363 1332 sis
2389 1280 2599 1353 adjutor
2627 1291 2683 1337 et
2715 1274 2987 1351 libera-tor,
3015 1282 3162 1349 ideo,
3190 1274 3429 1353 Domine,

1861 1362 1925 1400 ne
1953 1349 2188 1414 moreris,
2221 1347 2274 1402 id
2303 1360 2404 1424 est,
2437 1347 2519 1406 l'ac
2552 1353 2678 1406 mihi
2721 1368 2826 1408 non
2878 1347 3099 1424 longum
3132 1347 3301 1411 videri
3333 1347 3439 1411 ex;

1861 1430 2103 1494 spectare
2149 1419 2476 1494 promissum
2519 1433 2663 1478 tttum
2706 1419 3004 1494 praemium,
3061 1428 3181 1494 quia
3232 1428 3273 1479 si
3328 1443 3436 1483 non

1863 1487 2103 1565 habuero
2138 1487 2495 1565 tolerantiam,
2529 1509 2621 1548 ero
2647 1487 2837 1549 similis
2868 1495 2970 1548 illis
2993 1487 3090 1565 qui
3133 1497 3185 1551 in
3218 1495 3436 1561 deserto

1861 1557 2190 1628 defecerunt,
2251 1568 2305 1615 et
2351 1563 2626 1619 redierunt
2672 1574 2848 1620 mente
2895 1557 3099 1632 videre,
3155 1582 3273 1690 quae
3318 1557 3432 1640 jam

1861 1634 2139 1684 exiverant
2185 1646 2433 1690 corpore.
2487 1635 2556 1689 Et
2582 1649 2675 1690 ero
2705 1639 2987 1690 immemor
3035 1637 3107 1690 tui
3155 1635 3432 1690 ticentis:

1860 1634 2139 1684 exiverant
2185 1646 2433 1699 corpore.
2487 1635 2556 1689 Et
2582 1649 2675 1690 ero
2705 1639 2987 1691 immemor
3035 1637 3107 1692 tui
3155 1634 3433 1694 dicentis:

1862 1699 2170 1776 diripientote
2217 1705 2391 1756 uxoris
2424 1702 2540 1770 Lot,
2592 1723 2708 1775 qua:
2753 1722 2966 1776 egressa
2991 1708 3057 1761 de
3096 1708 3348 1762 Sodomis
3381 1701 3436 1766 In

1788 1785 1834 1848 Β
1859 1773 1943 1848 via
1973 1772 2163 1848 deiecit
2194 1789 2207 1826 :
2241 1777 2332 1827 sed
2361 1783 2558 1848 mutata
2603 1772 2655 1831 in
2686 1772 2914 1831 statuam
2942 1777 3068 1834 salis
3096 1789 3167 1848 _ut
3195 1789 3246 1848 te
3289 1791 3424 1834 con-

1860 1846 1992 1906 diat,
2036 1841 2240 1897 scilicet
2274 1853 2329 1897 ut
2383 1853 2432 1899 te
2464 1847 2670 1910 doceat,
2700 1863 2767 1902 ne
2796 1856 2850 1902 et
2882 1858 2934 1901 ιιι
2965 1850 3014 1902 in
3058 1843 3145 1903 via
3186 1847 3429 1914 delicias,

1861 1916 1952 1969 sed
1980 1925 2194 1982 semper
2222 1915 2284 1968 ad
2318 1916 2540 1984 patriam
2575 1918 2837 1972 intendas.
2899 1917 2962 1972 Et
2992 1919 3036 1972 si
3067 1919 3433 2043 moramJece-

1861 1988 1928 2039 rit
1950 1995 2188 2043 exspecta
2223 2001 2356 2043 eum.
2382 1988 2502 2043 quia
2530 1989 2731 2042 veniens
2761 1987 2946 2043 veniet.
2979 1995 3027 2041 et
3065 2003 3164 2043 non
3194 1999 3272 2043 tar
3313 1987 3433 2043 abit.

1861 1988 1928 2056 rit
1950 1995 2188 2053 exspecta
2223 2001 2356 2051 eum,
2382 1988 2502 2056 quia
2530 1989 2731 2042 veniens
2761 1987 2946 2054 veniet,
2979 1995 3027 2041 et
3065 2003 3164 2044 non
3194 1987 3436 2046 tardabit.

1868 2053 2034 2109 Nemo
2064 2056 2197 2109 enim
2226 2053 2421 2132 mittens
2465 2073 2672 2132 manum
2701 2061 2769 2113 ad
2797 2068 3052 2128 aratrum,
3086 2065 3132 2114 et
3159 2061 3440 2132 respiciens

1859 2136 2014 2198 retro,
2039 2135 2187 2192 aptus
2230 2129 2320 2180 erit
2350 2141 2503 2198 regno
2537 2129 2651 2183 Dei.

1935 2197 1993 2273 _Si
2024 2207 2199 2273 autem
2239 2197 2472 2266 psalmus
2511 2199 2701 2273 istein
2739 2213 2874 2256 voce
2903 2198 3093 2268 capitis
3125 2209 3180 2258 ut
3217 2202 3434 2273 quidam

1865 2269 2072 2342 uolunt,
2093 2267 2338 2342 legatur,
2379 2281 2503 2342 tunc
2533 2272 2586 2325 hi
2609 2269 2711 2325 duo
2743 2286 2929 2327 versus
2955 2267 3026 2342 ita
3057 2267 3423 2342 cxponéntur.

1861 2337 2024 2405 Quasi
2075 2339 2212 2393 dicat
2247 2357 2258 2392 :
2295 2337 2583 2410 Exsullenl,
2619 2343 2854 2411 inquam,
2887 2351 2935 2396 et
2986 2337 3216 2397 laetentur
3264 2359 3437 2400 omnes

1859 2418 2138 2486 qurerentes
2175 2419 2241 2473 te,
2283 2420 2327 2464 et
2351 2411 2572 2486 dicunt;
2607 2413 2820 2486 semper
2868 2413 3226 2486 magniﬁcetur
3258 2413 3439 2469 Domi-

1860 2495 1974 2534 nus.
2009 2482 2074 2535 Ut
2124 2492 2300 2534 autem
2344 2483 2448 2536 mei
2485 2484 2606 2538 talia
2657 2482 2917 2550 dicereut,
2954 2482 3078 2557 'ego
3100 2487 3267 2557 factus
3320 2503 3434 2542 sum

1862 2564 1990 2624 vere
2010 2566 2226 2624 egenus,
2243 2563 2289 2604 et
2315 2567 2440 2608 vere
2468 2569 2682 2622 pauper,
2712 2557 2775 2609 ιιι
2799 2553 3044 2622 exemplo
3093 2553 3228 2611 meis
3273 2569 3387 2612 sum
3419 2576 3434 2624 ;

1859 2621 2083 2694 etideo,
2135 2637 2164 2675 ο
2194 2621 2349 2688 Deus,
2379 2621 2690 2694 adj’nudme,
2738 2631 2791 2680 et
2819 2627 2890 2680 ita
2936 2621 3127 2694 a’djuva
3178 2637 3280 2694 me,
3322 2621 3440 2684 esto

1859 2691 2065 2764 scilicet
2093 2696 2300 2762 adjutor
2341 2691 2480 2748 meus
2519 2692 2573 2748 lu
2606 2695 2926 2764 perﬁciendo
2954 2691 3341 2764 obedientiam,
3377 2708 3424 2754 et

1859 2763 2102 2817 liberator
2131 2779 2272 2819 meus
2301 2764 2368 2819 ab
2396 2763 2642 2820 inimicis.
2679 2765 2743 2820 Et
2783 2765 2923 2833 ideo,
2961 2765 3196 2832 Domine,
3234 2783 3294 2822 ne
3322 2763 3440 2822 mo-

1857 2835 2009 2897 reris,
2057 2833 2109 2889 id
2158 2845 2256 2902 est,
2293 2845 2359 2890 ne
2395 2834 2627 2892 differas~
2662 2852 2833 2892 meam
2892 2837 3340 2896 resurrectionem
3377 2841 3428 2896 in

1861 2917 2199 2961 communem
2231 2907 2469 2962 omnium
2499 2909 2970 2964 resurrectionem.

2351 3039 2417 3096 IN
2445 3038 2774 3100 PSALMUM
2793 3039 2957 3100 LXX.

1777 3134 1827 3209 Ο
1880 3147 1882 3149 ·
1929 3152 2174 3210 Psalmus
2214 3154 2379 3211 David
2408 3155 2636 3211 ﬁliorum
2666 3157 2906 3216 Jouadab
2926 3167 2981 3215 et
3003 3160 3238 3230 priorum
3262 3163 3433 3232 capti-

1855 3238 2065 3280 VOTUHL

2459 3313 2837 3356 ARGUHIHTUI.

1925 3387 2170 3465 Praediclt
2206 3397 2406 3465 eamne
2440 3397 2554 3465 erat
2584 3393 2807 3461 populus
2834 3393 2885 3448 ltt
2917 3393 3193 3465 Babylone
3235 3407 3419 3464 passu-

1851 3472 1966 3534 rus,
2005 3467 2058 3513 et
2089 3460 2200 3514 haec
2231 3461 2295 3534 ad
2336 3460 2766 3520 emendationem
2795 3460 3046 3534 ventura,
3074 3460 3247 3521 simul
3263 3468 3423 3522 etiam

1853 3529 2081 3585 reditum
2116 3531 2455 3601 promittens.
2497 3534 2684 3602 Aliter,
2710 3550 2812 3592 vos
2853 3529 3053 3593 Christi
3087 3538 3152 3592 ad
3184 3538 3417 3593 Patrem.

2463 3667 2819 3709 ΒκΡιΛυΑτιο.

1921 3738 2178 3810 Jeremias
2220 3741 2480 3810 propheta
2509 3743 2676 3799 refert
2705 3735 2944 3799 Jonadah
2981 3743 3147 3801 fuisse
3192 3747 3284 3801 Dei
3325 3757 3417 3803 sae

1851 3809 2148 3878 cerdotem,
2192 3813 2279 3884 qui
2311 3809 2436 3884 ﬁllls
2464 3816 2574 3868 suis
2607 3819 2920 3884 praeceperit
2962 3832 3068 3872 non
3116 3819 3298 3873 bibere
3331 3821 3416 3874 vi-

1851 3895 2002 3950 num,
2044 3896 2218 3951 neque
2249 3883 2301 3936 in
2329 3883 2619 3958 domibus,
2649 3891 2753 3958 sed
2788 3889 2840 3941 in
2875 3889 3114 3944 tentoriis
3145 3889 3414 3958 habitare,

1850 3965 2052 4026 eosque
2098 3967 2341 4023 magnam
2386 3955 2702 4011 obedie'ntiae
2744 3955 2900 4026 hujus
2941 3959 3078 4025 apud
3127 3955 3413 4016 Dominum

1849 4023 2073 4096 gratiam
2102 4026 2446 4094 comperisse,
2479 4030 2566 4095 qui
2597 4037 2737 4082 nunc
2769 4023 2865 4096 pro
2889 4023 3133 4082 fidelibus
3163 4043 3226 4082 ac
3250 4028 3418 4083 devo-

1855 4094 1922 4149 tis
1952 4105 2234 4163 ponuntur.
2268 4096 2416 4151 Unde
2439 4094 3170 4166 et’Jonadabinterpretatur
3207 4099 3420 4155 Domini

1852 4173 2200 4233 spontaneus,
2251 4167 2342 4233 qui
2380 4167 2558 4221 dicere
2600 4177 2769 4235 potest
2805 4181 2816 4219 :
2853 4167 3164 4222 Voluntarie
3219 4172 3422 4225 sacrill-

1851 4235 1984 4289 cabo
2009 4236 2131 4307 tibi._
2153 4238 2282 4290 Cum
2330 4239 2521 4306 quibus
2549 4249 2604 4292 et
2644 4240 2855 4307 priores
2901 4239 3096 4307 captivi
3141 4239 3299 4295 simul
3347 4243 3422 4294 la-

1853 4319 2068 4380 cryma_s
2109 4305 2360 4369 fundunt,
2391 4307 2442 4361 id
2469 4315 2570 4380 est,
2601 4305 2692 4378 qui
2725 4311 2871 4377 prius
2907 4305 3183 4378 ca’ptivari,
3235 4321 3416 4380 postea

1856 4377 2046 4451 redimi
2088 4385 2422 4451 meruerunt,
2449 4379 2536 4446 qui
2571 4377 2840 4451 peccando
2873 4377 3085 4449 captivi,
3119 4384 3212 4437 sed
3235 4377 3418 4451 'pmnl-

1855 4447 2038 4524 ten_do_
2065 4447 2328 4524 redempti
2377 4449 2557 4524 aiunt,
2588 4450 2654 4504 Et
2688 4451 2756 4506 de
2784 4447 2979 4524 abysso
3025 4463 3180 4508 terra:
3223 4447 3416 4508 iterum

183 4516 292 4568 duo:
322 4505 678 4593 p_rwclore,__et
716 4505 938 4593 'sitnilia.
980 4515 1252 4593 Ille‘ve‘ro
1272 4505 1448 4568 oleum
1479 4515 1594 4593 hoc
1642 4505 1747 4593 non
1775 4505 1831 4577 Β
1855 4516 2113 4572 reduxisti
2140 4505 2268 4574 me.-
2294 4505 2648 4593 Introducitur
2699 4505 2922 4589 persona
2955 4505 3406 4593 igeiiei-ain',”oiii§

183 4586 425 4652 appetiit,
457 4586 548 4656 qui
573 4584 746 4640 dixit:
778 4584 1027 4650 Nunquid
1061 4583 1261 4638 Paulus
1293 4600 1383 4656 pro
1409 4585 1545 4638 vobis
1583 4587 1753 4639 cruci-

182 4657 344 4762 ﬁxus,
373 4655 488 4712 est?
530 4657 630 4710 Aut
682 4657 911 4726 nunquid
958 4656 1010 4709 in
1053 4656 1253 4710 nomine
1309 4655 1464 4710 Pauli
1509 4656 1759 4728 bnplisati

181 4740 330 4782 estis.

257 4817 525 4888 Exsulient
546 4827 592 4872 et
613 4818 864 4873 laetentur.
880 4818 1216 4883 Avertantur,
1235 4817 1470 4888 inquam,
1488 4819 1562 4873 illi
1587 4819 1753 4888 etilli,

185 4898 239 4944 et
255 4888 359 4942 illis
377 4886 613 4961 adversis
633 4888 888 4961 exsultent
903 4892 1160 4961 exterius,
1181 4902 1224 4943 et
1248 4886 1484 4961 laetentur
1504 4886 1751 4961 interius,

186 4961 238 5013 id
280 4969 380 5023 est,
429 4953 720 5028 p'lenariatn
769 4958 1002 5014 lzrtitiam
1053 4959 1304 5024 habeant,
1351 4959 1552 5015 fundati
1596 4963 1648 5015 in
1679 4953 1747 5030 te,

181 5045 288 5102 non
315 5038 694 5098 praesumentes
715 5031 781 5085 de
812 5030 966 5102 se,id
997 5041 1100 5098 est,
1133 5048 1302 5084 omnes
1332 5033 1418 5097 qui
1455 5042 1686 5102 quierunt
1711 5043 1756 5088 te

105 5095 112 5100 ’
182 5095 332 5171 prius
361 5109 692 5172 quaerentem
743 5116 821 5154 se.
864 5100 977 5154 Non
1017 5095 1158 5156 enim
1205 5113 1254 5156 te
1284 5095 1603 5170 quaererent.
1653 5103 1751 5158 nisi

182 5172 353 5239 gratia
405 5181 489 5225 ttta
541 5172 795 5238 praeventi
849 5181 1046 5225 essent.
1100 5172 1190 5225 Vel
1238 5174 1398 5227 etiam
1431 5174 1497 5228 de
1548 5173 1749 5228 eisdem

183 5252 360 5310 potest
404 5240 506 5295 dici
556 5241 672 5295 sic:
706 5243 903 5296 Omnes
944 5242 1020 5296 illi
1057 5244 1229 5296 aversi
1271 5251 1326 5297 et
1368 5245 1751 5300 erubescentes

181 5311 437 5366 exsultent
464 5320 513 5366 et
541 5312 772 5384 (tutentur
814 5314 866 5366 in
903 5322 991 5384 te,
1015 5313 1100 5382 qui
1139 5323 1372 5382 quaerunt
1411 5325 1457 5369 te
1506 5330 1750 5384 quaeram

180 5389 293 5436 tem
324 5397 400 5446 se,
441 5391 495 5437 et
541 5383 669 5452 nihil
698 5384 796 5437 sibi
838 5383 1125 5447 ascribunt,
1168 5385 1260 5437 sed
1308 5385 1482 5436 dicant
1522 5383 1736 5452 semper,

179 5455 544 5522 magni/iretur
588 5451 857 5514 Dominus.
904 5469 1170 5521 nunquam
1210 5468 1415 5508 servus.
1467 5451 1745 5509 Errantem

180 5525 419 5590 vocavit,
438 5524 789 5594 magni/icetur
820 5524 1094 5585 Dominus;
1121 5535 1451 5593 peccatorum
1479 5524 1744 5594 justilica-

178 5595 279 5661 vit,
322 5595 672 5664 magni/iretur
720 5593 994 5651 Dominus.
1052 5595 1399 5649 Justilicatum
1451 5593 1741 5660 cbronavit.

180 5667 544 5736 magniﬁcetttr
572 5664 837 5719 Dominus.
877 5667 1007 5730 I-loc,
1042 5667 1274 5736 inquam,
1309 5666 1489 5720 dicant
1530 5666 1605 5720 illi
1655 5670 1742 5736 qui

182 5739 409 5806 diligunt
439 5735 660 5790 salutare
700 5747 838 5790 tuam
869 5775 887 5801 ,
916 5737 966 5789 id
999 5748 1097 5799 est,
1129 5738 1446 5791 salvatorem
1477 5747 1644 5792 tuum.
1669 5735 1745 5793 Et

183 5810 493 5880 quicunque
515 5822 641 5864 vere
665 5807 1260 5878 diligunt-salvatorem,
1303 5807 1529 5879 diligunt
1558 5823 1616 5864 se
1647 5823 1739 5865 sa-

1871 4597 2210 4654 peccatorum
2244 4590 2546 4654 captivitate
2572 4591 2788 4645 liberata
2817 4590 3009 4650 divinis
3039 4590 3418 4649 mandatis—ad-

1867 4659 2124 4726 hmrebat,
2175 4660 2466 4728 prmdlcaus
2497 4663 2647 4716 nobis
2671 4664 2862 4717 Christi
2914 4665 3115 4719 Domini
3159 4666 3412 4719 eximiam

1862 4729 2198 4795 charitatem,
2229 4743 2350 4802 qum
2376 4732 2538 4802 nullis
2567 4734 2762 4787 meritis
2790 4734 3211 4798 praecedentibus
3249 4737 3415 4802 gratis

1862 4814 2078 4874 setnper
2126 4801 2465 4874 impenditur.
2508 4801 2634 4874 lianc
2663 4805 2714 4856 in
2748 4807 2912 4872 prima
2963 4815 3108 4872 parte
3137 4806 3324 4874 psalmi
3351 4809 3418 4859 ab

1864 4869 2110 4924 humanis
2158 4872 2521 4943 iniquitatibus
2567 4869 2766 4943 jugiter
2795 4890 2853 4930 se
2885 4869 3013 4943 petit
3057 4869 3251 4931 debere
3284 4877 3416 4931 libe‘

1860 4944 2070 5012 rari,ttt
2095 4941 2316 4996 Domino
2358 4941 2788 5012 gratias'rel‘erre
2827 4941 3110 5000 inet-catur.
3168 4947 3416 5002 Secundo

1859 5009 1978 5066 loco
2008 5014 2268 5080 supplicat
2291 5009 2431 5084 ne'in
2459 5024 2732 5070 senecmte
2769 5015 2884 5084 ejus
2931 5017 3206 5072 beneﬁciis
3239 5018 3415 5084 prive-

1857 5090 1962 5155 _tur,
1995 5084 2146 5155 cujus
2174 5084 2372 5137 auxilio
2402 5083 2455 5138 iu
2491 5085 2766 5154 juventute
2802 5083 3034 5155 protecta
3081 5097 3181 5142 est.
3227 5089 3408 5143 Tertio

1857 5151 1974 5207 loco
1999 5153 2137 5209 dona
2165 5154 2279 5223 ejus
2324 5151 2677 5224 enumerans,
2727 5151 2918 5228 iugiter
2962 5173 3020 5214 se
3061 5173 3220 5230 agere
3261 5159 3407 5221 polli-

1852 5232 2019 5278 celur.

2429 5310 2852 5354 COMMENTABHM.

1924 5383 1990 5459 In
2034 5393 2100 5450 le,
2149 5384 2384 5459 Domine,
2424 5391 2639 5459 speravi.
2684 5387 2743 5445 In
2776 5393 3021 5447 omnibus
3051 5393 3244 5450 divinis
3275 5395 3418 5451 Scri-

1850 5457 2018 5536 pturis
2064 5457 2654 5536 C0")ll_lt_3lld:lllll‘__ll0bl3
2687 5463 2915 5536 gratuita
2947 5467 3114 5532 gratia
3147 5465 3263 5536 Dei,
3297 5483 3416 5536 qua:

1847 5528 2010 5610 gratis
2063 5543 2175 5610 nos
2211 5529 2600 5610 iiberat._ll_anc
2633 5528 3327 5610 commendatApostolus,
3363 5547 3417 5610 et
3476 5584 3481 5591 .

1847 5597 1967 5674 ideo
1995 5599 2187 5674 meruit
2211 5597 2408 5654 habere
2436 5600 2675 5655 inimicos
2703 5603 2939 5671 Judieos,
2971 5607 3039 5670 de
3069 5597 3244 5662 littera
3278 5597 3410 5674 legis

1847 5667 1991 5723 etde
2024 5670 2219 5736 iustitia
2247 5684 2338 5723 sua
2373 5681 2776 5737 praesumentes.
2826 5667 2948 5729 Ilico
2979 5667 3143 5730 etiam
3177 5667 3408 5731 tussiunt

1846 5739 2250 5814 Commendalur
2277 5742 2635 5814 nobisinhoc
2665 5745 2889 5809 psalmo,
2917 5745 3038 5801 ideo
3073 5756 3128 5801 ιιι
3159 5756 3264 5801 tota
3289 5761 3411 5814 spes

1847 5819 2026 5865 nostra
2057 5812 2129 5867 sit
2151 5809 2205 5864 in
2237 5810 2373 5881 ipso,
2403 5812 2534 5868 nihil
2555 5816 2694 5882 quod
2727 5815 2792 5871 de
2819 5817 2970 5872 nobis
3003 5818 3154 5886 quasi
3198 5819 3262 5872 de
3291 5809 3412 5888 pro-
