3984 6362
551 253 656 310 855

1020 255 1222 311 BED/E
1263 251 1710 311 VENERABlLlS
1756 252 1906 311 OPP.
1949 250 2123 309 PARS
2156 249 2226 306 ll.
2270 247 2464 308 SECT.
2506 248 2568 307 ll.

2612 278 2613 281 η
2652 279 2681 293 -
2718 248 2925 308 DUBIA
2963 250 3052 308 ET
3087 250 3359 312 SPURIA.
3713 255 3821 318 855

557 373 693 445 priis
716 374 933 445 iviribus
980 384 1398 445 praesumamus,
1438 385 1505 445 ne
1547 378 1789 445 nostrum
1819 369 2079 445 facientes
2105 407 2123 432 ,
2157 368 2205 426 Α
2230 379 2348 445 rum
2396 363 2647 445 Ionadab,
2680 364 3060 445 obedientiam,
3094 364 3275 420 laudat
3320 380 3461 445 eam,
3504 372 3561 423 et
3590 368 3673 426 sic
3714 386 3815 442 per

552 438 694 514 quod
714 444 786 499 'ab
808 446 922 513 ipso
947 438 1045 507 est,
1065 443 1279 514 etquod
1302 442 1601 514 accepimus
1619 438 2123 514 amittamus._Cu_jus

551 510 740 586 psalmi
774 510 954 570 titulus
980 523 1063 569 est
1094 532 1107 568 :
1137 512 1202 567 In
1225 514 1377 581 ﬁnem
1403 512 1642 586 Pan/mus
1665 513 1774 586 ipsi
1788 510 1953 586 David
1983 511 2121 577 ﬁlio-

548 582 663 641 iam
701 586 958 647 Ionadab.
1003 595 1050 637 et
1079 602 1251 638 eorum
1280 586 1367 655 qui
1395 585 1547 654 primi
1589 584 1775 645 captivi
1811 582 1950 636 ducti
1983 589 2122 655 sunt.

550 657 966 714 Commendatnr
997 656 1148 709 nobis
1193 673 1256 710 ex
1293 652 1581 723 prophetia
1625 655 1870 709 Jeremiaa
1903 655 2002 707 iste
2029 652 2123 707 Jo-

553 730 754 793 nadab,
804 728 928 796 quia
973 729 1222 782 sacerdos
1255 726 1346 781 Dei
1392 725 1533 780 fuit:
1583 726 1668 791 qui
1710 725 1958 796 prmccpit
2000 723 2125 778 ﬁliis

557 800 667 853 suis
701 816 767 853 ne
798 795 1041 854 biberent
1073 798 1272 857 vinum.
1305 812 1403 851 nec
1433 797 1484 851 in
1513 796 1759 851 domibus
1798 795 2121 859 residerent,

559 870 654 924 sed
693 869 993 923 habitarent
1025 871 1074 923 in
1107 868 1485 924 tabernaculis.
1516 868 1675 935 Quasi
1701 868 1843 921 dicat
1870 886 1884 921 :
1920 881 2123 933 praece-

560 953 707 1007 ptum
733 940 803 994 illi
827 940 1112 1006 diligenter
1133 956 1283 995 serva
1297 948 1511 1003 verunt,
1536 948 1587 992 et
1619 938 1739 993 ideo
1767 956 1792 990 a
1825 938 1935 992 Deo
1960 937 2124 993 bene-

553 1011 656 1065 dici
686 1023 1031 1066 meruerunt:
1078 1028 1181 1065 non
1213 1012 1355 1081 quod
1402 1010 1651 1065 Dominus
1683 1010 2023 1081 praecepisset
2056 1023 2123 1065 ne

548 1082 733 1136 vinum
765 1082 1027 1147 biberent,
1063 1084 1157 1137 sed
1211 1079 1332 1151 quia
1372 1082 1624 1147 praecepit
1654 1089 1711 1134 ut
1757 1080 1848 1133 lilii
1886 1079 2122 1144 patribus

546 1153 599 1208 in
650 1153 876 1207 Domino
926 1155 1226 1209 ohedirent.
1278 1153 1450 1219 Quare
1504 1152 1577 1205 illi
1636 1160 1902 1219 praecepto
1957 1151 2125 1218 patris

546 1233 798 1291 tanquam
827 1225 869 1278 si
898 1225 1100 1279 domini
1144 1237 1347 1288 essent,
1399 1223 1739 1287 obederunt,
1785 1231 1838 1275 et
1884 1221 2002 1275 ideo
2030 1220 2126 1277 be-

547 1296 721 1349 nedici
775 1307 1098 1351 meruerunt.
1158 1296 1313 1351 Unde
1368 1310 1463 1361 per
1512 1294 1699 1347 borum
1756 1292 2119 1347 obedientiam

548 1366 824 1433 redarguit
856 1368 1115 1437 propheta
1148 1368 1234 1421 ille
1275 1366 1547 1421 lsraelitici
1590 1364 2123 1437 pupuliinobedien-

545 1438 695 1501 tiam,
730 1434 983 1502 tanquam
1011 1455 1040 1492 a
1072 1438 1264 1492 minori
1296 1438 1516 1491 dicens:
1550 1438 1680 1501 Quia
1710 1436 1753 1489 si
1782 1434 1865 1489 isti
1901 1434 2122 1489 obedie-

543 1519 669 1561 runt
698 1520 967 1575 praecepto
1007 1510 1192 1576 patris,
1240 1510 1408 1562 multo
1448 1508 1615 1573 magis
1651 1507 1850 1561 debent
1879 1505 1954 1559 illi
1995 1505 2126 1559 obe-

546 1578 662 1632 dire
694 1582 975 1648 prteceptis
999 1581 1293 1634 Creatoris.
1326 1578 1459 1633 Cum
1484 1579 1624 1633 enim
1658 1577 1907 1646 expediat
1935 1578 2127 1631 animae

543 1648 765 1704 obedire
784 1651 893 1704 Deo
914 1664 1032 1711 suo.
1051 1652 1299 1719 expediat
1320 1650 1429 1703 filio
1447 1649 1665 1704 obedire
1696 1650 1851 1713 patri.
1868 1662 2024 1702 servo
2038 1649 2127 1701 do-

2230 436 2846 507 contrariumvituperat
2890 436 3181 501 primorum
3212 439 3574 507 captivorum,
3617 451 3673 495 et
3702 436 3821 499 6m.

2232 506 2817 578 neminobedientiam.
2869 507 3081 562 Ponunt
3122 523 3251 578 vero
3282 506 3504 578 quidam
3558 521 3818 571 auctores

2231 577 2715 650 simplicitergliunc
2735 578 2960 650 titulum
2985 579 3057 632 ita
3091 596 3102 630 ε
3141 577 3383 634 Paulinus
3416 584 3521 635 iste
3560 592 3648 636 est
3674 584 3816 650 [itio-

2228 664 2349 719 rumﬁ
2388 646 2648 719 Ionadab,
2697 649 2745 701 id
2782 658 2885 719 est,
2926 650 3234 704 attribuitur
3278 652 3529 706 omnibus
3579 646 3717 710 vere
3772 666 3823 712 et

2230 718 2467 786 perfecte
2494 718 2878 775 obedientibus
2900 739 2912 771 :
2938 731 2986 774 et
3011 736 3112 772 non
3136 721 3314 775 solum
3344 734 3425 775 est
3448 725 3692 789 illorum,
3723 728 3819 782 sed

2229 790 2385 866 etiam
2430 791 2659 844 omnium
2703 792 2788 866 qui
2830 792 3214 866 primigcaptivi
3252 792 3393 866 ducti
3437 802 3582 859 sunt,
3621 796 3674 849 id
3714 806 3815 866 est,

2228 861 2466 914 omnium
2520 876 2579 914 se
2608 865 2846 931 captivos
2883 864 2932 916 in
2986 863 3155 917 Adam
3189 865 3611 931 attendentium,
3656 877 3712 920 et
3742 861 3815 924 sic

2230 947 2326 999 per
2367 931 2507 986 filios
2558 931 2802 987 Jooadab
2830 942 2886 990 et
2924 948 3021 1002 per
3066 934 3268 1003 primos
3292 936 3539 1001 captivus
3600 938 3816 995 eosdem

2231 1004 2544 1071 accipimus.
2576 1004 2743 1057 Aliter
2771 1006 2913 1059 enim
2944 1021 3048 1059 non
3084 1013 3264 1072 posset
3294 1008 3541 1074 psalmus
3570 1008 3679 1063 iste
3704 1024 3817 1065 esse

2231 1075 2589 1148 captivorum,
2643 1084 2697 1127 ut
2729 1076 2826 1148 ipsi
2851 1078 2910 1148 in
2943 1091 3008 1129 eo
3033 1087 3275 1147 agerent.
3323 1080 3816 1148 Quomodocunque

2230 1156 2411 1220 autem
2436 1145 2695 1208 varietur,
2727 1146 2867 1220 istud
2904 1145 3087 1220 ratum'
3128 1157 3359 1220 maneat,
3392 1150 3539 1217 quod
3575 1145 3815 1220 quisquis

2232 1215 2316 1269 hic
2347 1216 2609 1289 loquitur,
2654 1218 2881 1285 gratiam
2904 1219 3070 1289 gratis
3110 1234 3207 1273 nos
3252 1215 3811 1288 liberantem'per'tu-

2232 1293 2346 1359 tum
2401 1286 2541 1359 hunc
2597 1290 2859 1359 psalmum
2910 1286 3216 1359 syllabatim
3273 1290 3382 1345 fere
3439 1286 3804 1349 commendat.

2232 1355 2384 1411 Unde
2410 1359 2488 1412 sic
2518 1355 2717 1424 incipit.
2754 1359 2917 1427 Quasi
2945 1355 3120 1415 dicat:
3149 1360 3389 1427 Domine,
3421 1363 3597 1416 Adam
3629 1378 3805 1429 spera-

2233 1429 2312 1481 vit
2334 1429 2384 1481 in
2416 1443 2494 1494 se,
2527 1438 2581 1483 et
2609 1429 2731 1483 ideo
2769 1431 3024 1503 confusus
3052 1441 3134 1486 est
3174 1434 3502 1486 aaternaliter
3538 1451 3552 1485 :
3588 1449 3692 1503 ego
3717 1449 3804 1487 au-

2232 1507 2337 1552 tem
2370 1514 2474 1572 non
2516 1514 2675 1570 spero
2693 1503 2755 1572 in
2786 1517 2903 1566 me,
2930 1502 3027 1557 sed
3070 1512 3124 1556 et
3152 1517 3312 1569 spero
3346 1519 3489 1559 nunc
3518 1514 3577 1557 et
3604 1502 3808 1572 sbmper

2230 1571 2429 1645 speravi
2458 1571 2513 1624 in
2557 1581 2624 1645 te.
2654 1571 2705 1625 id
2750 1581 2867 1645 est,
2890 1574 2940 1627 in
2980 1575 3151 1643 gratia
3184 1582 3273 1628 tua
3310 1577 3476 1645 gratis
3530 1571 3811 1639 liberante,

2232 1642 2455 1713 et_ideo
2500 1642 2603 1696 etsi
2640 1643 2933 1698 confundar
2994 1642 3069 1699 ad
3131 1642 3337 1711 tempus
3387 1660 3452 1701 ex
3502 1649 3808 1713 captivitate

544 1720 712 1802 mino,
742 1723 907 1809 luxlori
933 1710 1134 1809 marito
1159 1738 1173 1776 :
1198 1737 1375 1804 nonne
1399 1710 1770 1809 multomagis
1793 1719 2010 1809 exped‘i‘t
2032 1719 2128 1771 ho-

2240 1710 2390 1809 ᾕρεε,
2422 1711 2473 1766 id
2500 1724 2604 1781 est,
2621 1717 2894 1809 ex’puanis
2919 1717 3145 1809 peccati,
3157 1710 3588 1809 Lion-confundor
3630 1726 3807 1809 μυξη

542 1791 675 1844 mini
704 1792 923 1847 obedire
958 1793 1064 1848 Deo
1094 1794 1322 1847 creatori
1347 1794 1477 1846 suo?
1508 1787 1701 1858 Utique
1726 1790 1806 1845 sic
1834 1796 1936 1843 est.
1960 1787 2136 1855 Quare

546 1863 670 1931 quia
700 1862 772 1916 illi
800 1863 1091 1925 lsraelitici,
1123 1865 1323 1919 scilicet
1343 1880 1445 1917 non
1469 1864 1980 1926 obtemperaverunt
2004 1875 2138 1927 prte-

546 1934 718 1996 ceptis
750 1933 990 1997 Domini,
1017 1936 1135 1990 ideo
1166 1942 1476 1990 meruerunt
1514 1934 1565 1987 in
1610 1931 1956 2002 Babyloniam
2009 1946 2137 2000 cap-

546 2003 723 2068 tivari,
767 2008 905 2073 quod
949 2006 1192 2075 praidixit
1240 2006 1320 2059 eis
1363 2006 1619 2073 propheta
1661 2002 1865 2068 dicens,
1898 2011 1958 2055 ut
2004 2017 2140 2075 pra:-

544 2084 733 2143 pareot
774 2091 833 2130 se
876 2073 1338 2144 ad’captivitatem
1368 2094 1382 2129 :
1414 2076 1534 2140 quia
1586 2089 1692 2128 non
1751 2080 1934 2144 posset
1986 2073 2140 2130 aliter

549 2158 668 2216 esse
716 2146 843 2213 quin
891 2143 1286 2216 captivarentur
1349 2147 1436 2215 qui
1484 2144 1854 2216 inobedientes
1910 2143 2137 2216 Domino

548 2214 661 2270 Deo
690 2233 788 2271 suo
817 2214 1157 2280 exstiterunt,
1191 2226 1245 2273 et
1272 2214 1391 2272 ideo
1419 2217 1611 2271 dicitur
1641 2219 1693 2270 in
1735 2214 1887 2268 titulo
1909 2214 2137 2281 ﬁliorum

543 2286 803 2367 =Ionadab,
832 2300 880 2367 et
908 2306 1082 2367 eorum
1110 2291 1195 2355 qui
1221 2290 1369 2367 primi
1393 2289 1583 2367 captivi
1595 2287 1749 2367 aucti
1776 2294 1927 2367 sunt._
1957 2284 2033 2367 Et.
2045 2301 2138 2352 per

544 2358 766 2414 istorum
809 2360 1164 2416 obedientiam
1206 2356 1413 2426 culpata
1450 2367 1532 2413 est
1575 2359 1784 2411 illorum
1824 2356 2136 2410 inobedien-

545 2429 656 2483 tia:
690 2441 742 2485 et
787 2447 892 2485 non
932 2432 1101 2485 solum
1152 2431 1363 2485 illorum
1410 2428 1797 2493 inobedientia,
1833 2427 1925 2481 sed
1968 2428 2133 2482 etiam

550 2502 729 2555 omnis
782 2501 1154 2579 inobedientia
1185 2502 1684 2579 eti_am_primo‘rum_
1710 2506 1989 2579 parentum
2021 2498 2135 2579 cul-

545 2580 703 2638 patur
730 2588 822 2640 per
873 2573 1061 2627 horum
1104 2568 1492 2628 obedientiam.
1534 2568 1828 2637 Captivitas
1874 2568 2016 2622 enim
2069 2568 2125 2624 in

546 2643 717 2695 Adam
762 2643 898 2697 etin
948 2643 1055 2697 Eva
1094 2643 1390 2713 designata,
1434 2657 1531 2712 per
1557 2642 1783 2713 istorum
1827 2642 2125 2713 primorum

546 2714 909 2779 captivitatem
955 2713 1092 2769 facta
1123 2709 1340 2782 est'per
1390 2709 1847 2775 in'obedientiam;
1899 2709 2129 2782 subiqua

547 2783 856 2855 captivitate
880 2787 1056 2840 adhuc
1095 2795 1362 2849 tenemur,
1406 2784 1526 2855 quia
1557 2793 1613 2838 et
1652 2784 1696 2838 si
1720 2782 1830 2850 jam
1861 2796 1955 2847 spe
1987 2781 2123 2836 libe-

545 2853 647 2906 rati
685 2870 889 2933 sumus,
923 2866 1227 2933 nontamen
1259 2858 1310 2910 in
1338 2871 1397 2933 re
1426 2853 1442 2909 Ξ
1472 2855 1594 2933 quia
1626 2854 1799 2933 adhuc
1838 2865 2124 2933 exspecta-

545 2936 666 3004 tpus
697 2927 1383 3004 redemptionemcorporis
1415 2928 1603 3004 nostri.
1636 2924 1805 3004 liuius
1832 2924 2125 3004 ca‘ptivita:

544 2994 613 3047 tis
644 2994 1202 3066 meminit-Apostolus
1241 2994 1427 3052 dicens
1465 3013 1481 3051 :
1512 2995 1843 3049 Condelector
1887 2994 1989 3063 legi
2024 2994 2122 3048 Dei

541 3069 821 3121 secundum
844 3065 1135 3124 interiorem
1173 3069 1451 3133 hominem,
1478 3068 1625 3122 video
1656 3075 1822 3119 autem
1862 3066 2017 3119 aliam
2043 3065 2121 3119 le-

542 3153 654 3205 gem
674 3140 731 3209 in
758 3142 995 3194 membris
1022 3142 1145 3195 meis
1167 3149 1537 3209 repugnantem
1569 3138 1669 3208 legi
1701 3138 1883 3191 mentis
1906 3152 2049 3199 mete,
2075 3146 2123 3191 et

542 3208 799 3281 captivum
837 3228 916 3265 me
937 3212 1263 3266 deducentem
1300 3208 1354 3265 in
1393 3212 1557 3281 legem
1588 3209 1789 3281 peccati
1827 3219 1875 3261 et
1915 3209 2118 3265 mortis.

543 3277 823 3353 Quomodo
869 3291 1047 3337 autem
1074 3299 1169 3353 per
1198 3283 1322 3352 quid
1352 3281 1417 3335 de
1445 3277 1565 3334 'hac
1591 3277 1909 3353 captivitate
1939 3288 2122 3353 posset

541 3350 735 3422 aliquis
762 3351 1001 3422 liberari,
1054 3350 1581 3421 s'ubsequenteripse
1611 3351 1901 3422 Apostolus
1942 3350 2123 3405 deter-

538 3420 710 3474 minat
759 3422 939 3478 dicens
975 3420 995 3478 εὴ
1024 3420 1251 3496 Infelix;
1270 3424 1460 3496 homoL
1492 3420 1609 3496 quis
1652 3438 1733 3496 me
1781 3421 2015 3496 liberabit
2060 3423 2121 3477 de

539 3505 771 3567 corpore
778 3496 953 3549 mortis
984 3491 1181 3567 hujus?
1210 3492 1392 3549 Gratia
1421 3492 1516 3548 Dei
1540 3510 1631 3561 per
1656 3493 1838 3567 Iesum
1859 3491 2120 3567 Christum

540 3562 684 3636 ante.
737 3565 802 3619 Et
841 3567 961 3635 quia
994 3562 1105 3621 sola
1148 3566 1316 3636 gratia
1350 3575 1527 3634 potest
1570 3563 1778 3636 nostgde
1806 3564 2120 3636 captivitate

541 3632 771 3701 liberare
800 3676 814 3699 ,
856 3632 869 3635 ’
900 3636 1021 3690 ideo
1088 3632 1367 3701 tautopere
1438 3634 1845 3691 commendatur
1895 3635 1950 3689 in
2018 3634 2122 3690 hoc

542 3699 779 3769 Psalmo,
812 3716 867 3759 ut
902 3708 1036 3761 nihil
1066 3708 1132 3762 de
1162 3699 1315 3762 nobis
1362 3721 1770 3775 praesumamus,
1799 3721 1867 3760 ne
1896 3714 1952 3759 et
1978 3706 2119 3775 quod

541 3775 846 3841 accepimus
878 3777 1205 3832 amittamus.
1237 3777 1623 3846 Interpretatur
1650 3787 1829 3831 autem
1852 3777 2115 3842 Ionadab,

540 3853 870 3917 spontaneos
891 3846 1007 3901 Dei.
1036 3849 1127 3903 Ille
1149 3862 1278 3902 vero
1304 3857 1390 3901 est
1420 3858 1747 3913 spontaneus
1765 3847 1882 3911 Dei,
1916 3847 1985 3903 de
2013 3862 2121 3917 quo

544 3913 744 3969 dictum
788 3929 869 3971 est
902 3936 914 3971 :
953 3918 1247 3973 Voluntarie
1270 3919 1573 3985 sacriﬁcabo
1600 3918 1708 3983 tibi,
1738 3926 1794 3971 et
1815 3913 2042 3985 similia,
2070 3919 2121 3974 id

542 3995 631 4060 est
652 3987 917 4042 Christus.
970 3990 1136 4060 Hujus
1169 3989 1262 4043 filii
1294 3998 1419 4043 sunt
1447 3990 1740 4043 imitatores
1764 3987 1910 4060 ejus,
1935 3989 1989 4060 id
2014 3999 2116 4057 est,

545 4058 847 4125 quicunque
870 4074 1000 4128 pura
1029 4058 1083 4115 et
1105 4061 1272 4116 libera
1298 4068 1478 4115 mente
1496 4060 1735 4115 serviunt
1762 4059 1890 4113 Deo.
1918 4058 2119 4125 Quibus

542 4130 801 4195 praecepit
831 4146 897 4185 ne
926 4132 1170 4188 biberent
1213 4132 1418 4196 vinum,
1464 4132 1514 4185 id
1547 4140 1650 4197 est,
1692 4144 1758 4183 ne
1789 4130 2122 4185 inebriaren-

542 4208 629 4250 tur
672 4200 1279 4258 delectationcterrenie
1353 4201 1642 4257 felicitatis.
1700 4200 1853 4256 Unde
1904 4202 2120 4269 quidam

539 4270 781 4343 ostendit
806 4285 865 4326 se
892 4288 1000 4327 non
1048 4274 1365 4329 inebriatum
1396 4272 1581 4328 dicens
1610 4287 1796 4327 eorum
1824 4287 1945 4343 quae
1976 4282 2121 4330 retro

538 4349 666 4413 sunt
697 4340 916 4413 oblitus,
971 4344 1025 4398 in
1058 4359 1118 4399 ea
1148 4360 1269 4413 quae
1298 4352 1423 4398 ante
1459 4351 1582 4399 sunt
1604 4340 1873 4410 extentus,
1905 4356 2121 4413 semper

544 4407 909 4466 intentionem
930 4428 1126 4483 sequor
1155 4407 1221 4470 ad
1252 4415 1481 4484 palmam
1526 4429 1774 4484 Supeer
1797 4407 2117 4479 vocationis,

2149 3108 2197 3171 C

2242 1785 2295 1834 in
2319 1790 2566 1838 teternum
2586 1785 2898 1839 confusione
2926 1797 3109 1855 eunte,
3135 1786 3187 1840 id
3215 1796 3321 1853 est,
3355 1785 3459 1841 non
3517 1787 3812 1843 confundor

2242 1857 2565 1926 aeternaliter
2590 1874 2602 1907 :
2637 1865 2692 1910 et
2720 1865 2777 1909 ut
2805 1858 2856 1910 in
2886 1865 3143 1912 aeternum
3176 1871 3282 1911 non
3307 1857 3644 1923 confundar,
3675 1860 3809 1926 ideo,

2243 1922 2489 1997 Domine,
2519 1928 2680 1981 libera
2706 1944 2785 1981 me
2805 1943 2966 1997 nunc,
2999 1944 3067 1983 ne
3092 1928 3334 1984 deﬁciam
3363 1931 3415 1984 in
3440 1922 3807 1993 tribulatione,

2241 1994 2296 2071 in
2328 2004 2419 2071 tua
2439 2000 2677 2069 justitia,
2732 1999 2782 2052 id
2820 2008 2922 2065 est,
2954 1994 3109 2070 quod
3167 2014 3271 2055 non
3313 2016 3429 2055 sum
3474 2003 3546 2056 de
3588 2001 3700 2054 illis
3728 2003 3808 2071 qui

2238 2064 2496 2132 justitiam
2525 2064 2673 2124 suam
2723 2078 2959 2125 statuere
2984 2064 3201 2137 'volunt,
3244 2080 3298 2126 et
3322 2072 3543 2139 iustitia:
3570 2082 3681 2126 tua:
3713 2064 3808 2128 non

2240 2150 2361 2211 esse
2387 2141 2631 2211 subjecti;
2664 2141 2755 2194 sed
2788 2153 2972 2209 satago
3012 2144 3062 2195 in
3088 2151 3174 2196 tua
3213 2141 3415 2211 justitia
3442 2145 3805 2210 exsequenda.

2241 2218 2296 2261 et
2326 2208 2393 2263 de
2416 2209 2503 2263 illa
2528 2221 2730 2266 tantum
2761 2208 3050 2280 pra-sumo,
3099 2208 3298 2268 non'de
3326 2228 3462 2268 mea.
3497 2212 3566 2266 Et
3593 2208 3804 2269 tandem

2240 2280 2477 2351 perfecte
2519 2284 2677 2348 eripe,
2706 2288 2762 2336 et
2788 2291 2843 2336 ut
2875 2282 3089 2338 tandem
3118 2284 3335 2351 eripias,
3362 2283 3559 2337 inclina
3588 2299 3736 2338 nunc
3757 2295 3807 2339 ut

2238 2350 2378 2403 altus
2418 2352 2484 2426 ad
2528 2353 2807 2415 humilem,
2859 2354 3102 2426 medicus
3139 2350 3213 2409 ad
3237 2364 3580 2426 aegrotantem
3634 2371 3806 2409 autem

2240 2428 2377 2495 tuam
2403 2423 2473 2476 ad
2521 2441 2621 2489 me,
2661 2434 2708 2476 et
2736 2426 2878 2480 salva
2908 2442 3006 2490 me,
3060 2425 3108 2478 id
3151 2434 3254 2495 est,
3293 2423 3527 2495 justifies
3579 2441 3674 2479 me
3726 2441 3807 2492 per

2239 2493 2484 2567 gratiam,
2513 2500 2599 2564 qui
2632 2509 2737 2549 non
2807 2505 3046 2567 poteram
3083 2493 3276 2552 salvari
3304 2493 3413 2567 per
3438 2511 3614 2551 meam
3664 2496 3806 2564 justi-

2240 2565 2386 2636 tiam.
2420 2565 2483 2618 Et
2530 2575 2808 2635 postquam
2856 2566 3229 2636 juStilicaveris
3278 2565 3383 2633 me,
3428 2579 3530 2621 esto
3586 2568 3722 2621 mihi
3757 2569 3803 2623 is

2234 2632 2405 2688 Deum
2458 2632 2814 2704 protectorem,
2850 2632 2899 2691 id
2944 2648 3045 2703 est,
3098 2641 3172 2693 sis
3204 2639 3330 2693 mihi
3361 2639 3494 2693 Deus
3536 2648 3803 2704 protector

2238 2716 2291 2759 et
2318 2706 2559 2780 clypeos,
2592 2723 2658 2762 ne
2703 2704 3017 2776 perveniant
3053 2711 3119 2764 ad
3166 2725 3252 2765 me
3282 2711 3381 2765 tela
3410 2710 3635 2765 inimici.
3676 2710 3802 2764 Etsi

2234 2779 2593 2843 pervenerint,
2628 2790 2685 2833 ut
2709 2795 2814 2835 non
2844 2789 3093 2845 noceant,
3119 2782 3195 2836 sis
3216 2783 3343 2835 mihi
3374 2782 3519 2837 locus
3543 2783 3799 2836 munitus.

2230 2846 2285 2903 Si
2317 2854 2459 2903 enim
2492 2852 2741 2906 excelsus
2780 2854 2929 2907 locus
2968 2852 3020 2906 in
3063 2864 3202 2906 terra
3234 2852 3357 2905 facit
3381 2867 3498 2907 esse
3532 2866 3800 2916 securum,

2231 2930 2289 2973 ut
2317 2920 2410 2975 ille
2439 2935 2662 2977 securus
2688 2922 2804 2986 fuit,
2834 2924 2923 2992 qui
2955 2924 3008 2977 in
3040 2924 3293 2977 altissima
3326 2924 3541 2990 specula
3575 2925 3798 2991 positus,

2231 3006 2408 3061 regem
2457 3004 2869 3061 praetereuntem
2919 3009 3039 3048 cum
3088 3003 3201 3049 toto
3250 2994 3484 3047 exercitu
3529 3008 3626 3048 suo
3680 3008 3802 3048 cou-

2231 3064 2489 3136 tempsit;
2526 3066 2692 3120 multo
2732 3065 2971 3136 magisiu
3006 3066 3115 3121 Deo
3157 3065 3408 3134 positum,
3435 3066 3521 3133 qui
3553 3065 3681 3117 fecit
3704 3079 3803 3120 etze-

2226 3135 2335 3188 lum
2368 3146 2421 3187 et
2453 3144 2669 3203 terram,
2703 3136 2831 3193 facit
2856 3152 2974 3192 esse
3005 3152 3272 3191 securum.
3298 3135 3701 3204 ldeo,iuquam,
3733 3138 3798 3189 sis

2229 3206 2359 3259 mihi
2414 3206 2551 3261 Deus
2581 3217 2873 3275 protector,
2907 3218 2963 3264 et
3013 3208 3163 3264 locus
3215 3207 3471 3272 munitus,
3511 3217 3573 3261 ut
3600 3206 3658 3261 in
3709 3206 3803 3262 fine

2224 3290 2352 3331 vere
2376 3277 2572 3330 salvum
2593 3281 2755 3346 facias
2786 3296 2882 3333 me.

2301 3347 2555 3413 Quoniam
2584 3352 2984 3418 ﬁrmamentum.
3004 3350 3129 3405 Ideo
3141 3351 3263 3408 dico
3277 3360 3335 3406 ut
3350 3358 3405 3406 tu
3422 3350 3489 3405 sis
3510 3350 3651 3406 mihi
3666 3352 3803 3406 locus

2226 3419 2483 3492 munitus,
2518 3424 2764 3489 quoniam
2798 3432 2851 3474 tu
2880 3439 2931 3475 es
2968 3422 3350 3489 ﬁrmamentum
3386 3439 3552 3475 meum
3574 3463 3593 3488 ,
3639 3437 3734 3492 per
3758 3433 3804 3477 te

2224 3489 2368 3562 enim
2392 3499 2446 3544 et
2475 3507 2537 3544 ex
2560 3500 2609 3545 te
2638 3493 2880 3561 estquod
2900 3504 3082 3548 contra
3113 3496 3437 3549 tentationes
3464 3489 3675 3562 aliquas
3693 3508 3800 3547 sum

2225 3558 2414 3615 ﬁrmus
2448 3558 2833 3635 t_eximeve_ro
2860 3579 2977 3617 sum
3021 3565 3288 3633 infirmus,
3316 3576 3366 3619 et
3387 3576 3441 3618 tu
3467 3580 3527 3619 es
3557 3558 3805 3635 refugiunt

2227 3646 2422 3707 meum.
2452 3632 2583 3701 Fugi
2606 3634 2751 3707 enim
2783 3635 2849 3707 ab
2872 3636 3028 3702 irato,
3054 3638 3251 3707 fugiam
3276 3632 3349 3691 ad
3380 3632 3804 3705 placidumIl-‘uo

2225 3701 2376 3777 gieus
2400 3701 2567 3757 factus
2590 3705 2974 3777 suminlirinus
2990 3701 3298 3777 ,refugiens
3318 3701 3412 3763 ero
3434 3711 3800 3763 centirmatus.

2295 3772 2434 3849 Deus
2464 3790 2627 3849 meus,
2649 3776 2787 3845 eripe
2824 3794 2922 3832 me.
2976 3772 3242 3833 Hactenus
3284 3781 3393 3849 egit
3421 3794 3518 3847 pro
3558 3780 3805 3833 intesuuo

2227 3843 2391 3911 bello,
2417 3845 2651 3917 scilicet
2692 3843 2833 3915 quod
2889 3851 3119 3917 patimur
3148 3854 3214 3904 ab
3246 3843 3398 3906 hoste
3422 3843 3713 3915 'interiori,
3756 3849 3803 3903 id

2227 3924 2330 3990 est,
2359 3930 2387 3990 a
2414 3915 2532 3990 lege
2562 3919 2828 3990 contraria
2858 3915 2910 3971 in
2943 3921 3163 3975 nostris.
3198 3922 3262 3975 Et
3292 3922 3413 3990 quia
3441 3924 3598 3975 timet
3631 3938 3695 3975 ne
3722 3921 3802 3974 ille

2225 3986 2449 4057 interior
2492 3987 2663 4041 hostis
2715 3990 3015 4045 concitatus
3048 3994 3116 4045 ab
3142 3986 3418 4047 exteriore
3448 3992 3646 4046 saevior
3698 3993 3801 4057 fiat,

2225 4055 2346 4110 ideo
2375 4058 2535 4111 etiam
2584 4074 2681 4127 pro
2729 4060 2977 4115 exteriori
3029 4072 3147 4117 orat
3198 4064 3383 4118 dicens
3417 4064 3603 4118 :Deus
3651 4055 3802 4129 meus,

2226 4130 2361 4197 eripe
2403 4129 2590 4201 mede
2625 4146 2779 4183 manu
2819 4143 3158 4199 peccatorum,
3207 4134 3260 4188 id
3307 4143 3411 4196 est,
3437 4134 3505 4187 de
3550 4144 3806 4201 potestate

2227 4200 2461 4276 peccati,
2498 4199 2551 4276 id
2595 4213 2676 4276 est
2727 4203 2895 4256 hostis
2940 4206 3242 4276 exterioris,
3305 4206 3510 4260 scilicet
3551 4199 3630 4260 ne
3681 4204 3804 4259 iusi-

2225 4269 2420 4322 diando
2448 4270 2729 4338 iniquitate
2772 4276 3116 4340 persuadeat,
3169 4269 3238 4330 ne
3269 4276 3540 4332 sevieudo
3581 4276 3650 4329 ad
3683 4291 3805 4330 con-

2229 4341 2533 4416 sensionem
2568 4345 2844 4410 perducat.
2894 4345 2961 4399 Et
2989 4347 3183 4416 accipit
3214 4348 3298 4402 hic
3332 4358 3673 4415 peccatorem
3713 4361 3803 4416 pro

2228 4412 2915 4487 quol_ibet__trausgressore
2965 4426 3070 4471 tam
3099 4412 3311 4487 scriptae
3333 4412 3484 4485 legis
3514 4434 3678 4487 quam
3714 4412 3808 4471 ἰιι-

542 4487 596 4533 et
624 4484 881 4559 pmcepit
908 4488 990 4559 eis
1010 4473 1082 4559 ne
1109 4486 1160 4559 in
1192 4473 1437 4541 domibus
1465 4473 1787 4559 residerent,
1830 4486 1883 4538 id
1912 4496 2015 4551 est,
2046 4473 2115 4559 ne
2144 4473 2200 4535 D
2226 4473 2433 4559 turalis.
2482 4483 2631 4538 Unde
2654 4473 2963 4559 subdividit
2991 4490 3138 4543 illum
3161 4473 3342 4544 dicens
3377 4473 3487 4542 :VEt
3528 4473 3685 4559 eripe
3732 4502 3809 4543 me

539 4558 790 4617 putarent
829 4568 889 4610 se
935 4556 1020 4610 hic
1064 4556 1265 4611 habere
1313 4565 1617 4611 manentem
1669 4558 1959 4620 civitatem,
2017 4558 2112 4613 sed

536 4622 771 4696 futuram
802 4640 1014 4695 semper
1044 4628 1395 4695 inquirerent.
1440 4628 1703 4695 Praecepit
1730 4642 1943 4696 quoque
1975 4639 2031 4682 ut
2058 4628 2115 4683 in

541 4692 901 4767 tabernaculis
923 4692 1222 4764 habitent,
1282 4699 1333 4752 id
1381 4708 1483 4762 est,
1538 4707 1600 4753 ut
1626 4692 1931 4767 intelligant
1981 4700 2113 4755 nihil

536 4763 682 4841 aliud
711 4781 831 4841 esse
854 4768 987 4841 hanc
1022 4770 1184 4822 vitam
1212 4769 1327 4823 nisi
1363 4770 1631 4841 militiam,
1674 4779 1728 4841 et
1766 4763 1982 4841 semper
2022 4784 2114 4838 Pa‘

536 4834 640 4908 rati
693 4836 800 4890 sint
856 4838 1113 4893 dimicare
1158 4849 1342 4894 contra
1383 4840 1564 4896 hostes
1611 4834 2112 4908 periculosissimus.

536 4904 773 4981 Quorum
817 4910 1073 4981 saevitiam
1098 4911 1343 4966 meminit
1391 4904 1679 4981 Apostolus
1724 4911 1907 4964 dicens
1943 4927 1952 4959 :
1990 4910 2113 4965 Non

534 4985 609 5029 est
638 4978 781 5030 nobis
805 4979 1095 5033 colluctatio
1126 4983 1371 5036 adversus
1403 4978 1607 5036 cornem
1627 4990 1676 5035 et
1711 4982 2032 5050 sanguinem,
2062 4982 2114 5036 id

537 5056 641 5108 est.
674 5050 929 5103 adversus
959 5051 1192 5107 visibiles
1233 5052 1435 5117 hostes,
1462 5054 1549 5105 sed
1580 5054 1827 5105 adversus
1858 5053 2114 5117 principes

534 5127 579 5169 et
607 5127 897 5187 potestates,
930 5123 1164 5176 adversus
1212 5125 1386 5176 mundi
1416 5133 1629 5176 rectores
1660 5124 1977 5176 tenebrarum
2021 5124 2115 5177 Ita-

532 5204 648 5262 rum
686 5200 862 5243 contra
898 5192 1189 5257 spiritantia
1217 5196 1456 5262 nequitia:
1483 5194 1538 5248 in
1570 5192 1872 5246 cwlestibus.
1909 5194 2115 5249 Titulus

490 5276 493 5277 '
532 5259 612 5312 sic
634 5262 952 5327 exponitur:
982 5264 1105 5317 llaec
1132 5259 1300 5317 verba
1326 5264 1630 5318 referuntur
1681 5263 1731 5317 iu
1765 5264 1923 5318 linem
1968 5276 2108 5318 tem-

534 5343 749 5398 porum,
781 5348 899 5402 quae
929 5343 1053 5386 sunt
1102 5336 1335 5402 psalmus
1359 5336 1648 5388 attributus
1682 5338 1779 5403 ipsi
1814 5336 2000 5399 David,
2031 5335 2114 5391 vel

532 5404 831 5473 propheta),
882 5406 962 5457 vel
1014 5405 1233 5459 cuilibet
1293 5406 1525 5473 perfecte
1571 5418 1623 5459 et
1655 5420 1780 5459 vere
1818 5407 2111 5473 obedienti,

530 5470 621 5547 qui
670 5484 795 5547 sunt
834 5476 1077 5529 Psalmus
1131 5470 1357 5544 ﬁliorum
1392 5476 1664 5547 ‘Jonadab,
1715 5485 1763 5530 et
1811 5492 1983 5530 eorum
2030 5470 2116 5547 qui

531 5542 688 5616 primi
735 5547 916 5611 captivi
957 5547 1096 5599 ducti
1126 5542 1241 5600 sunt
1272 5562 1289 5600 :
1315 5545 1437 5616 quia
1466 5557 1521 5602 et
1547 5549 1888 5602 commendat
1929 5542 2114 5603 eorum

530 5611 891 5687 obedientiam
923 5656 938 5679 ,
993 5628 1047 5671 et
1094 5611 1357 5687 vituperat
1398 5618 1621 5672 istorum
1667 5620 2105 5674 ioobedientiam.

537 5681 643 5739 Per
672 5684 936 5760 h0c_euim
964 5689 1085 5756 quia
1116 5681 1332 5743 sanctus
1357 5691 1434 5742 vir
1455 5693 1541 5758 qui
1578 5692 1663 5745 hic
1692 5691 1939 5760 loquitur,
1972 5705 2111 5745 unus

522 5768 627 5824 per
654 5771 712 5813 se
743 5756 859 5812 sive
907 5774 1041 5815 unus
1083 5762 1135 5817 in
1172 5760 1358 5815 multis
1402 5756 1836 5830 repraesentat—in
1880 5775 1939 5815 se
1981 5761 2117 5816 tilio-

2222 4554 2472 4629 de_ma_nu
2492 4558 2709 4629 agentis
2733 4568 2909 4610 contra
2948 4558 3109 4629 legem
3136 4563 3417 4629 scriptam,
3462 4570 3511 4614 et
3537 4554 3632 4615 det
3654 4575 3807 4614 manu

2222 4624 2511 4701 cujuslibet
2550 4627 2747 4701 iniqui,_
2788 4630 2835 4681 id
2868 4624 3015 4698 .e5tt,'
3043 4632 3159 4686 sine
3213 4624 3409 4700 scripta
3459 4631 3580 4701 lege
3633 4634 3809 4699 iniqua

2222 4697 2450 4773 agentis,
2488 4712 2579 4766 per
2610 4697 2752 4767 quod
2785 4708 3233 4771 transgressorem
3264 4697 3536 4759 naturalis
3558 4703 3701 4773 legis
3726 4697 3808 4757 ac-

2220 4781 2358 4835 clpe.

2292 4837 2550 4901 Quoniam
2589 4851 2642 4892 tu
2677 4856 2730 4895 es
2754 4843 3023 4909 patientia.
3077 4845 3197 4900 Ideo
3235 4845 3355 4899 dico
3394 4854 3451 4901 ut
3498 4854 3554 4900 tu
3600 4859 3689 4898 me
3716 4843 3814 4898 eri-

2219 4908 2358 4987 pias,
2389 4911 2634 4987 quoniam
2663 4921 2736 4987 tu,
2757 4908 2761 4909 ⁷
2781 4912 3020 4987 Domine,
3045 4932 3093 4970 es
3124 4917 3366 4987 patientia
3412 4934 3547 4984 mea,
3575 4918 3629 4970 id
3655 4925 3761 4979 est,
3787 4929 3815 4968 a

2222 4987 2272 5032 te
2312 4981 2413 5032 hoc
2444 4982 2559 5035 solo
2602 4982 2792 5048 habeo,
2838 4986 2987 5063 quod
3020 4981 3202 5056 aliquo
3234 4989 3392 5063 modo
3441 4981 3659 5063 patiens
3700 5001 3814 5040 sum

2219 5060 2403 5127 contra
2439 5060 2773 5127 peccatorem
2805 5060 2887 5109 vel
2916 5057 3179 5125 iniquum.
3232 5060 3297 5113 Et
3328 5059 3452 5114 ideo
3485 5075 3577 5127 per
3600 5057 3666 5113 'te
3697 5072 3815 5112 sum

2220 5121 2449 5197 patiens,
2475 5127 2595 5189 quia
2626 5134 2678 5178 tu
2710 5123 2929 5180 Domine
2954 5121 3152 5197 es'spes
3181 5146 3293 5184 mea
3332 5147 3364 5184 α
3387 5121 3652 5197 iuventute
3680 5146 3815 5192 utea,

2218 5192 2271 5244 id
2298 5200 2398 5269 est,
2432 5208 2497 5246 ex
2539 5210 2643 5263 quo
2688 5197 2971 5251 innovatus
3002 5192 3139 5268 ccepi
3168 5192 3395 5269 sperare
3431 5202 3484 5255 in
3508 5212 3600 5255 te:
3635 5212 3694 5255 et
3736 5215 3819 5253 aro

2221 5265 2375 5340 niasti
2408 5277 2497 5317 me
2525 5276 2713 5340 contra
2744 5268 3035 5337 diabolum,
3068 5265 3124 5325 ut
3153 5265 3215 5326 in
3237 5276 3514 5340 procinctu
3538 5276 3819 5327 exercitus

2227 5332 2298 5386 fui
2329 5346 2568 5411 armatus
2615 5338 2889 5411 lide,spe,
2942 5332 3261 5411 ueterisque
3299 5344 3455 5398 donis
3494 5344 3817 5399 dimicarem

2224 5413 2404 5477 contra
2458 5408 2637 5461 hostes
2685 5410 2991 5477 spinituales
3030 5422 3085 5469 et
3129 5408 3443 5469 invisibiles.
3491 5416 3557 5470 Et
3585 5431 3701 5470 non
3734 5429 3819 5470 so-

2224 5474 2331 5556 lum
2362 5492 2391 5529 a
2416 5474 2781 5556 juventuteies
2810 5496 2959 5549 spes,
2989 5486 3083 5539 sed
3108 5487 3266 5540 etiam
3296 5489 3637 5553 conﬁrmatus
3675 5503 3815 5547 sunt,

2224 5547 2275 5624 id
2305 5555 2389 5600 est
2418 5547 2903 5617 confirmationem,
2935 5566 3132 5624 quanta
3184 5557 3351 5624 putuit
3396 5547 3609 5621 haberi,
3650 5558 3820 5613 habui

2222 5618 2275 5669 in
2306 5628 2355 5698 te
2381 5630 2613 5699 exnutero
2649 5624 2844 5699 matris
2869 5618 3030 5699 ineat,
3065 5618 3259 5699 idest,
3299 5643 3364 5683 ex
3415 5643 3521 5697 quo
3568 5618 3817 5699 primum

2223 5690 2659 5768 coepi_inl'ormari
2706 5694 2759 5747 in
2790 5690 3049 5753 institutis
3093 5690 3369 5767 Ecclesiae,
3414 5690 3469 5753 ot
3498 5690 3712 5768 ex'quo
3742 5700 3815 5755 fu'

2224 5759 2503 5827 egrediens
2531 5764 2593 5818 de
2618 5774 2785 5821 ventre
2815 5770 2991 5823 matris
3018 5785 3176 5840 mete,
3230 5770 3279 5826 id
3311 5759 3413 5840 est,
3448 5787 3510 5827 ex
3538 5759 3652 5841 qu'o
3696 5787 3827 5841 per-
