3984 6362
907 280 1106 339 BEDF
1148 276 1595 337 VENERABILIS
1631 274 1783 332 ονε.
1824 264 2000 328 PARS

2144 264 2334 325 επιστ.
2374 268 2442 328 ll.
2478 298 2547 315 --
2586 267 2788 328 DUBIA
2831 270 2920 328 ΕΤ
2955 270 3225 331 SPURIA.

3592 274 3702 330 κω

445 418 614 462 meum
635 399 957 455 annuntiat“
974 394 1235 468 justitiam
1261 406 1379 468 esse
1400 400 1563 457 tuam,
1589 398 1642 446 et
1671 402 1778 468 non
1802 401 2001 452 meam,
2032 378 2085 440 Α
2106 387 2422 468 generationi
2445 388 2583 441 omni
2604 404 2718 468 quis
2735 398 2949 468 ventura
2969 399 3061 443 est.
3079 388 3216 468 Quia
3241 388 3693 468 mviditAgiﬁ-

446 460 689 549 quoniam
734 460 1218 549 egojnon'cogn‘oui
1264 465 1648 549 litteraturam,
1683 460 2012 549 eft,.ﬂ0!|

448 531 1023 619 prmsumojust‘iiicari
1047 531 1115 617 de
1134 534 1497 619 litteralegis,
1517 531 1765 619 sicutilli
1786 531 2012 619 fragium,

450 602 539 689 qui
569 615 669 672 soli
704 602 893 689 littere
924 609 1054 689 legis
1083 606 1375 689 insistunt,
1401 614 1515 689 ει)
1544 603 1713 674 gratia
1744 602 2011 689 resiliunt,

452 672 558 745 non
587 682 920 741 attendentes
950 678 1139 754 littera:
1178 678 1309 745 legis
1341 672 1569 754 gratiam
1620 690 1745 754 esse
1771 672 1839 754 ad
1866 673 2019 754 vietif

453 775 617 821 mam,
646 764 699 810 et
743 750 1101 807 necessariam
1130 764 1249 821 esse
1298 748 1520 821 gratiam
1571 745 1908 821 adiuvantia,
1961 750 2019 797 ut

454 816 737 897 impleatur
763 831 1083 897 praeceptum
1111 816 1367 897 jubentis,
1392 820 1511 897 quia
1539 816 1585 897 si
1614 832 1710 897 per
1738 826 1788 871 te
1817 830 2020 897 ργαιειιτ

456 887 651 956 mendo
678 897 745 949 de
765 887 972 947 ivirtut'e
1002 901 1087 945 tua
1110 890 1331 955 incipias
1370 900 1425 942 et
1472 888 1722 949 delicias,
1774 887 1877 939 erit
1926 887 2019 940 tibi

454 973 537 1026 lex
562 969 733 1023 littera
758 966 1002 1033 puniens,
1036 977 1142 1015 non
1171 962 1405 1033 salvans.
1437 960 1543 1013 Lex
1574 960 1714 1012 enim
1746 958 1862 1033 sine
1890 970 2018 1033 gra-

456 1043 527 1096 tia
554 1048 638 1095 est
666 1028 837 1093 littera
863 1035 1113 1088 occidens
1136 1075 1150 1097 ,
1195 1041 1251 1086 et
1294 1032 1431 1083 valet
1476 1038 1678 1083 tantum
1704 1029 1769 1082 ad
1799 1028 2023 1082 convin-

454 1112 677 1167 Cendam
710 1107 1040 1175 iniquitatem
1070 1146 1085 1169 ,
1138 1118 1241 1156 non
1273 1102 1336 1154 ad
1364 1100 1591 1175 dandam
1624 1101 1870 1175 salutem.
1900 1098 2023 1175 Non

454 1182 683 1250 cognovi,
717 1170 930 1250 inquam
960 1219 974 1239 ,
1002 1178 1449 1250 litteraturant,_e_t
1477 1174 1594 1225 ideo
1643 1187 1747 1250 non
1798 1170 2021 1250 introibit
2068 1213 2073 1219 .

456 1240 650 1308 amotio
667 1240 770 1304 non
793 1240 845 1301 in
872 1248 1102 1312 potentia
1124 1247 1274 1314 legis,
1298 1244 1391 1298 sed
1417 1244 1469 1296 in
1491 1244 1765 1314 potentiam
1789 1240 2019 1314 Domini,

458 1324 507 1377 id
532 1335 633 1387 εει,
663 1321 934 1376 instituam
976 1312 1380 1370 amodo'vivere
1420 1330 1523 1367 non
1566 1312 1857 1387 secundum
1887 1313 2026 1387 litte-

458 1408 571 1449 ram
621 1383 751 1461 legis
799 1392 1142 1461 impotentem
1200 1387 1532 1461 justilicaie,
1582 1384 1677 1438 sed
1734 1383 2025 1461 secundum

457 1452 923 1534 gratiam‘VDomini
968 1469 1237 1534 potentem
1283 1455 1608 1534 justilicare,
1644 1455 1820 1534 et_sic,
1853 1468 1883 1505 ο
1917 1452 2025 1534 Do-

458 1524 613 1596 inine,
638 1532 949 1585 memorabor
964 1524 1180 1601 justitire
1196 1524 1298 1601 tute
1312 1527 1494 1601 satius,
1511 1524 1563 1601 id
1583 1531 1683 1601 est,
1705 1525 1755 1601 in
1772 1524 2027 1601 memoria

458 1592 672 1668 semper
699 1602 904 1656 habebo
944 1592 1084 1667 quod
1125 1598 1324 1668 justitia
1369 1595 1677 1667 justiﬁeatio
1696 1594 1907 1668 sittua,
1939 1592 2029 1662 qui

465 1691 569 1729 non
583 1665 796 1729 meritis
810 1665 1138 1739 suppl—icium
1153 1665 1459 1739 reddidisti.
1481 1668 1571 1720 sed
1590 1667 1811 1739 gratiam
1831 1665 2025 1739 imper-

2122 467 2207 511 tus
2231 467 2445 512 sanctus
2474 459 2732 524 quosdam
2765 459 3049 515 haereticos
3077 459 3307 524 iuturus,
3335 462 3426 529 qui
3453 461 3697 531 afﬁrma-

2118 537 2256 590 rent,
2279 540 2335 583 et
2360 531 2710 596 sequentibus
2738 531 2851 585 suis
2868 531 3254 593 persuaderent
3270 542 3473 588 statum
3498 533 3692 589 Eccle-

2119 599 2214 654 siae
2235 602 2380 672 brevi
2404 602 2736 656 duraturum.
2768 601 3056 667 Redarguit
3096 603 3217 658 illos
3242 618 3337 670 per
3365 604 3695 672 prophetam

2119 670 2525 743 requipollenter
2551 672 2803 738 dicendo,
2838 673 3129 727 Ecclesium
3149 670 3386 743 quandiu
3416 670 3698 743 generatio

2121 742 2222 817 erit
2254 758 2356 797 non
2378 745 2706 817 defuturam.
2736 743 2803 797 Et
2823 744 2902 799 sic
2924 744 3107 801 lideles
3135 742 3404 814 premunt,
3424 742 3501 803 ne
3522 762 3699 817 quan-

2121 812 2296 879 doque
2319 816 2512 869 talibus
2535 816 2779 869 credant.

2198 884 2488 957 Potentiam
2512 896 2671 957 tuom.
2702 887 2930 952 Exponit
2956 886 3095 957 quod
3126 886 3404 943 brachium
3437 890 3695 952 accipiat.

2122 956 2282 1021 Quasi
2312 956 2450 1010 dicat
2502 975 2512 1008 :
2570 956 2687 1009 Non
2718 958 3035 1025 derelinquas
3080 974 3191 1023 nte,
3236 960 3477 1027 inquam,
3535 961 3700 1015 donec

2123 1029 2415 1081 annuntietn
2439 1028 2700 1081 brachium
2728 1038 2891 1093 luunt,
2923 1029 3147 1091 scilicet,
3180 1030 3355 1084 donec
3377 1033 3699 1087 annuntiem

2123 1098 2399 1170 potentiam
2425 1110 2585 1161 tuam,
2619 1099 2668 1151 id
2697 1108 2812 1159 est,
2851 1102 3076 1169 gratiam
3108 1109 3249 1152 tuam
3278 1099 3565 1156 facientem
3600 1116 3699 1158 nos

2125 1178 2374 1244 potentes
2404 1170 2470 1223 ad
2501 1170 2854 1244 resistendum
2906 1171 3408 1244 tentatiuni‘bus.‘Et
3435 1175 3700 1244 justitiam

2126 1250 2286 1298 tuam,
2317 1240 2367 1293 id
2395 1250 2498 1304 est,
2531 1240 2774 1293 eamdem
2806 1242 3025 1301 gratiam
3058 1256 3155 1295 nos
3176 1240 3587 1309 iustiﬁcaiitem.
3637 1245 3702 1299 Et

2126 1311 2202 1364 sic
2234 1310 2371 1364 idem
2403 1322 2524 1365 sunt
2556 1312 2789 1378 potentia
2834 1321 2889 1365 et
2914 1311 3143 1377 jusritia.
3174 1313 3228 1366 Si
3259 1328 3386 1367 vero
3408 1312 3699 1368 Cassiodoo

2127 1396 2244 1435 rum
2276 1397 2579 1447 sequamur,
2608 1382 2973 1437 diversilicare
2998 1398 3059 1437 ea
3107 1396 3412 1450 possumus,
3458 1386 3691 1451 scilicet,

2127 1462 2185 1505 ut
2216 1455 2507 1519 potentiam
2540 1455 2861 1521 accipiamus
2889 1454 2940 1507 in
2970 1453 3129 1506 modo
3151 1454 3519 1521 justitlcando,
3540 1456 3697 1523 justi-

2132 1523 2257 1576 tiam
2304 1539 2432 1577 vero
2460 1524 2673 1578 tandem
2707 1524 2758 1577 in
2793 1524 3167 1577 discernenda.
3200 1525 3565 1590 Annuntiabo,
3625 1529 3705 1581 in.

2129 1609 2284 1661 quam
2308 1636 2321 1656 ,
2355 1597 2633 1666 potentiam
2660 1604 2799 1647 tuam
2830 1603 2877 1647 et
2898 1596 3153 1664 justitiam
3175 1603 3351 1657 tuam;
3389 1611 3515 1665 ego,
3561 1598 3705 1663 dico,

2136 1666 2355 1719 tendens
2387 1682 2543 1731 usque
2576 1667 2643 1718 ad
2663 1666 2913 1718 altissima
2937 1666 3194 1735 magnalia
3217 1707 3232 1729 ,
3274 1666 3325 1719 id
3350 1676 3435 1720 est
3460 1707 3479 1730 ,
3533 1682 3700 1735 usque

461 1747 592 1812 tisti,
620 1760 674 1797 ut
701 1734 971 1799 solus'tui
1000 1744 1085 1799 sit,
1120 1750 1171 1792 et
1194 1754 1297 1812 non
1323 1737 1484 1812 servi,
1516 1738 1602 1801 qui
1646 1737 1816 1812 legem
1858 1734 2027 1788 dedit.
2060 1742 2108 1802 Β
2134 1735 2186 1788 iit
2230 1739 2637 1812 supercmlestes
2680 1746 2952 1790 creaturas
3002 1734 3330 1812 altissimas.
3369 1734 3703 1812 indignitate

460 1816 522 1871 Si
562 1809 695 1869 enim
721 1856 735 1880 ,
780 1826 835 1867 ut
871 1814 945 1866 ait
984 1811 1304 1878 Apostolus,
1348 1809 1469 1862 data
1508 1817 1633 1860 esset
1663 1809 1881 1880 tesqua:
1913 1821 2033 1874 pos-

461 1898 536 1941 set
572 1878 831 1954 vivificare
854 1922 869 1945 ,
905 1899 1016 1935 vere
1040 1898 1105 1933 ea:
1140 1880 1247 1954 lege
1275 1890 1399 1954 esset
1414 1880 1636 1954 justitta.
1669 1878 1772 1954 _Sed
1800 1879 1900 1931 hoc
1927 1892 2031 1931 non

472 1966 574 2020 est,
601 1948 721 2024 quia
747 1955 993 2008 conclusit
1014 1948 1535 2024 ontttia’subgpeccato
1566 1948 1852 2017 Scriptura.

538 2018 675 2083 Deus
715 2026 930 2079 docuisti
961 2039 1059 2077 me.
1104 2021 1261 2087 Quasi
1292 2022 1469 2075 dicat:
1504 2018 1606 2073 hoc
1634 2030 1690 2072 ut
1738 2031 2029 2072 memorem

456 2096 681 2167 iustitiae
709 2109 811 2151 tua:
851 2095 981 2161 soli,
1014 2093 1229 2145 docuisti
1260 2108 1341 2144 me
1385 2100 1438 2167 tu
1482 2087 1622 2167 Deus
1666 2105 1729 2142 ea:
1764 2090 2032 2158 juventute

460 2159 592 2235 inea,
618 2170 669 2223 id
697 2178 800 2233 est,
831 2182 898 2219 ex
927 2159 1032 2232 quo
1061 2176 1356 2235 conversus
1374 2159 1438 2213 ad
1464 2160 1969 2235 teinnovatus‘s‘um
1998 2175 2026 2213 a

461 2248 534 2303 te,
567 2230 654 2307 qui
682 2230 848 2293 factus
875 2230 992 2291 sum
1018 2250 1047 2307 a
1076 2244 1148 2289 te.
1200 2234 1262 2286 Et.
1313 2232 1579 2307 quomodo
1625 2230 2029 2307 docuisti‘iiloc

460 2300 643 2373 modo,
669 2310 903 2372 scilicet,
955 2305 1074 2373 quia
1125 2318 1226 2369 ego
1254 2302 1535 2356 attendens
1589 2304 1819 2370 priorem
1868 2300 2028 2355 vitam

460 2395 658 2447 meam,
687 2380 842 2434 video
889 2376 1017 2445 quid
1059 2375 1290 2447 debeant
1313 2374 1461 2447 mini,
1484 2373 1701 2447 etquid
1730 2373 2027 2447 acceperim

462 2466 560 2521 pro
597 2442 662 2505 eo
707 2452 847 2519 quod
876 2442 1172 2521 debebatur
1200 2445 1351 2521 mihi.
1401 2442 1699 2521 hebebatur
1726 2443 2029 2521 mihienim

462 2512 651 2593 pinna,
683 2512 740 2577 ei
782 2522 903 2593 data
931 2529 1015 2573 est
1041 2517 1397 2593 miltigratia;
1448 2513 1743 2593 debebatur
1786 2512 2031 2593 nubige-

463 2582 678 2660 iienna',
709 2602 764 2647 et
796 2591 917 2645 data
942 2598 1025 2643 est
1054 2588 1181 2642 tuilti
1202 2582 1331 2656 spes
1356 2596 1569 2640 aeterna!
1599 2582 2027 2660 vitae._Docuisti,

462 2654 702 2737 inquam,
731 2668 1098 2737 exjutrentute,
1125 2654 1355 2737 eiusque
1380 2671 1514 2711 nunc
1539 2654 1698 2737 etiam
1727 2654 1890 2737 doces
1912 2670 2028 2737 .me,

461 2724 585 2803 quia
611 2724 785 2787 adhuc
807 2724 947 2801 regis
974 2746 1081 2803 me,
1103 2731 1193 2803 qui
1225 2724 1389 2803 invia
1422 2726 1648 2796 posuisti
1678 2740 1785 2781 mc.
1820 2725 1886 2777 Et
1911 2724 2032 2780 ideo

461 2800 621 2874 usque
645 2822 779 2858 nunc
805 2800 1088 2868 pronuntio
1115 2800 1371 2874 mirabilia
1401 2808 1486 2874 tua
1505 2842 1519 2866 ,
1550 2807 1605 2853 et
1652 2812 1869 2874 semper
1913 2812 2035 2865 pro-

463 2868 708 2929 nuntiabo
733 2890 794 2928 ea
809 2883 991 2925 sancte
1012 2872 1340 2935 meditando,
1358 2880 1404 2923 et
1428 2870 1562 2923 bene
1580 2868 1853 2934 operando
1874 2883 2032 2933 usque

2133 1818 2386 1875 quantum
2440 1809 2504 1860 ad
2555 1822 2650 1861 nos
2677 1848 2690 1869 ,
2737 1821 2870 1874 quas
2922 1818 3095 1861 tamen
3129 1817 3183 1860 tu
3210 1805 3382 1861 fecisti
3417 1806 3524 1861 hoc
3554 1810 3696 1874 quod

2132 1886 2274 1931 sunt.
2300 1878 2376 1932 De
2405 1878 2483 1931 liis
2507 1877 2839 1948 magualibus
2870 1875 2989 1931 ideo
3016 1878 3253 1943 apponit,
3285 1892 3350 1931 ne
3381 1889 3696 1939 putaremus

2132 1952 2353 2015 gratiam
2384 1948 2449 2001 ad
2471 1950 2618 2003 solos
2639 1949 2881 2001 homines
2911 1949 3202 2015 pertinere,
3226 1962 3346 2002 cum
3373 1949 3543 2003 etiam
3578 1964 3696 2017 per-

2133 2020 2298 2073 tinent
2334 2020 2400 2072 ad
2432 2020 2845 2084 supercmlestes
2871 2020 3117 2085 spiritus,
3150 2019 3271 2088 quia
3301 2026 3357 2073 et
3401 2018 3508 2073 hoc
3559 2020 3699 2088 quod

2131 2100 2275 2156 sunt,
2316 2099 2367 2143 et
2393 2090 2533 2158 quod
2559 2089 2695 2144 bene
2724 2092 2930 2151 vivunt,
2960 2089 3013 2142 id
3045 2102 3146 2151 est,
3181 2089 3323 2158 quod
3374 2089 3429 2143 in
3474 2091 3701 2147 veritate

2132 2161 2441 2229 persistunt,
2466 2169 2546 2213 est
2572 2176 2635 2213 ex
2658 2160 2849 2225 gratia.
2880 2160 3132 2228 Sequitur
3158 2176 3174 2217 :

2202 2229 2362 2298 Deus,
2391 2234 2503 2301 quis
2525 2232 2708 2285 similis
2739 2230 2849 2286 tibi.
2872 2232 3032 2297 Quasi
3063 2231 3207 2285 dicat
3233 2248 3244 2284 :
3267 2230 3709 2300 Quandoquidem

2133 2315 2227 2369 per
2254 2304 2543 2369 potentiam
2576 2313 2717 2355 tuam
2744 2318 2848 2355 non
2890 2302 3062 2356 solum
3105 2312 3339 2367 terrena,
3396 2303 3494 2357 sed
3555 2303 3710 2357 etiam

2131 2374 2530 2443 supercmlestia
2601 2373 2932 2443 persistunt,
2991 2374 3109 2441 quis
3160 2388 3287 2443 ergo
3338 2373 3542 2428 similis
3593 2374 3705 2428 tui?

2132 2442 2315 2497 Nullus
2344 2445 2546 2512 utique.
2581 2442 2720 2497 Malo
2760 2458 2888 2512 ergo
2918 2458 3017 2497 suo
3071 2442 3324 2511 perverse
3373 2446 3571 2499 volunt
3617 2445 3702 2500 tibi

2132 2513 2421 2567 assimilari
2452 2514 2654 2581 primus
2678 2514 2769 2569 ille
2789 2524 3028 2581 apostata
3054 2516 3294 2583 angelus,
3331 2516 3423 2583 qui
3450 2516 3594 2569 bene
3618 2532 3701 2569 nu.

2134 2583 2230 2640 luit
2256 2586 2351 2638 tibi
2378 2585 2663 2639 aSsiniilari
2692 2593 2748 2640 et
2783 2585 2941 2639 homo
2964 2586 3251 2640 secundus.
3281 2586 3545 2653 Quotidie
3576 2587 3707 2641 enim

2136 2653 2277 2709 Deus
2300 2670 2396 2709 nos
2419 2665 2573 2710 vocat
2589 2656 2651 2708 ad
2679 2656 2867 2710 bonam
2887 2656 3284 2711 similitudinem
3312 2673 3468 2711 suam
3494 2657 3709 2711 dicens:

2134 2723 2316 2779 Estote
2355 2728 2721 2787 misericordes.
2747 2728 2875 2780 sicut
2899 2743 2988 2795 ego
3016 2726 3173 2780 Pater
3215 2736 3377 2781 vester
3423 2729 3711 2782 misericors

2133 2811 2267 2851 sum.
2303 2798 2366 2851 Et
2394 2797 2583 2851 invitat
2617 2811 2715 2853 nos
2738 2807 2794 2852 ut
2819 2799 3100 2867 diligamus
3124 2798 3367 2853 inimicos
3400 2809 3647 2861 nostros,
3670 2810 3711 2853 et

2135 2867 2216 2940 eis
2247 2869 2382 2940 bene
2408 2866 2685 2930 faciamus,
2718 2869 2839 2936 quia
2870 2866 2981 2935 ipse
3003 2869 3134 2935 pluit
3158 2886 3309 2940 super
3342 2872 3526 2939 justas
3558 2880 3610 2923 et
3641 2872 3703 2923 is-

462 2947 515 3000 in
540 2958 793 2999 senectam
836 2953 883 2997 et
904 2942 1096 2997 senium
1125 2940 1382 2996 benedico
1418 2938 1697 2993 mirabilia.
1730 2939 1860 3006 Quae
1889 2940 2032 2993 enim
2126 2938 2320 3007 justas.
2346 2939 2449 2993 Sed
2472 2941 2523 2993 in
2552 2941 2833 2994 liocnoluit
2862 2940 2960 2994 sibi
2985 2938 3267 2994 assimilari
3298 2941 3412 2995 ille.
3445 2941 3563 2995 Sed
3595 2941 3698 3009 quia

463 3017 665 3084 majora
698 3014 962 3070 mirabilia
988 3026 1147 3078 quam
1177 3021 1417 3084 mortuos
1440 3010 1746 3084 suscitaret
1783 3010 1841 3065 Si
1889 3009 2030 3084 enim

2137 3009 2276 3065 Deus
2307 3019 2390 3064 est
2416 3010 2610 3065 bonum
2640 3025 2698 3064 se
2722 3012 2834 3079 ipso
2864 3020 3194 3074 contentum,
3226 3020 3281 3065 et
3335 3022 3587 3079 putestas
3630 3026 3711 3078 per

464 3080 663 3171 mortui
689 3102 793 3169 non
822 3099 1087 3171 essemus,
1135 3096 1243 3135 non
1289 3080 1489 3136 diceret
1520 3080 1674 3171 nobis
1720 3080 2027 3171 Appstolus,
2062 3106 2109 3171 ο
2138 3094 2198 3134 se
2231 3080 2337 3171 sub.
2357 3082 2496 3165 nulla
2519 3096 2614 3165 ens
2645 3083 3026 3171 potestates-iu.
3060 3080 3181 3171 hut;
3185 3081 3357 3135 voluit
3384 3083 3711 3171 eijpervcrsc

466 3158 658 3227 Surge,
688 3158 775 3227 qui
801 3156 1015 3219 dormis,
1046 3163 1095 3208 et
1128 3167 1346 3227 exsurge
1366 3168 1397 3206 a
1424 3153 1659 3220 mortuis,
1688 3160 1732 3227 et
1752 3152 2035 3227 illumina-

464 3222 603 3282 Μιιὲ
642 3222 793 3283 Deus.
843 3229 1043 3281 Omnes
1072 3224 1213 3279 enim
1264 3222 1571 3290 peceatores
1600 3232 1654 3277 et
1681 3223 1726 3277 si
1760 3222 1862 3276 vivi
1910 3232 2035 3277 sunt

466 3302 727 3363 exterius,
758 3300 953 3354 mortui
995 3308 1171 3351 tamen
1220 3294 1465 3350 interius.
1509 3293 1573 3348 Et
1599 3308 1791 3364 corpus
1821 3295 2035 3362 quando

466 3372 816 3425 resuscitatur
849 3410 865 3436 ,
926 3367 1129 3422 mundo
1178 3365 1455 3429 redditur;
1510 3365 1686 3419 anima
1736 3380 1865 3420 vero
1931 3367 2033 3421 sibi

468 3443 749 3520 redditum
788 3442 996 3508 Corpus
1046 3452 1263 3520 quoque
1307 3437 1620 3520 suscitatum
1652 3444 1827 3520 potest
1845 3436 2036 3520 vivere

465 3513 584 3566 sine
611 3516 931 3567 suscitatore
954 3508 1079 3576 suo,
1106 3508 1283 3564 anima
1313 3515 1488 3563 autem
1536 3522 1642 3561 non
1684 3515 1881 3577 potest,
1911 3508 2035 3579 quia

465 3597 589 3637 cum
620 3586 726 3637 sint
758 3586 878 3637 duae
905 3584 1059 3646 vitae,
1089 3595 1192 3634 una
1220 3579 1463 3647 corporis
1483 3620 1498 3643 ,
1528 3580 1693 3633 altera
1720 3580 1931 3643 animai,
1964 3580 2035 3634 si-

468 3662 559 3708 cut
584 3669 777 3721 corpus
807 3654 991 3722 nequit
1008 3653 1186 3706 vivere
1213 3652 1330 3705 sine
1357 3651 1546 3722 gratia,
1566 3650 1635 3704 ita
1653 3650 1829 3704 anima
1852 3650 2036 3721 nequit

469 3725 652 3778 vivere
681 3726 799 3779 sine
826 3721 989 3787 gratia
1016 3738 1112 3792 per
1135 3733 1292 3792 quam
1324 3721 1694 3776 resuscitatur.
1726 3721 1927 3778 Etideo
1953 3722 2036 3776 di-

470 3793 543 3848 cit
574 3810 743 3863 usque
779 3808 917 3847 nunc
945 3791 1103 3847 etiam
1131 3791 1293 3863 doces
1323 3806 1409 3863 me
1434 3831 1448 3855 ,
1505 3793 1627 3861 quia
1676 3794 1821 3848 nullo
1875 3794 2036 3848 modo

469 3866 648 3919 anima
662 3861 775 3919 sibi
793 3864 997 3918 reddita
1022 3864 1138 3918 sine
1153 3861 1413 3933 regimine
1434 3865 1618 3933 gratiae
1639 3874 1816 3930 posset
1833 3863 2033 3919 vivere.

472 3934 539 3989 Et
571 3945 743 4001 potest
771 3934 955 3989 referri
985 3934 1127 4004 quod
1158 3932 1245 3988 bic
1274 3933 1469 3986 dicitur
1497 3932 1571 4005 ad
1595 3948 2028 4005 unumquemque

471 4007 787 4073 perfectum,
817 4016 867 4059 et
892 4006 970 4059 sic
992 4020 1084 4073 per
1106 4013 1359 4059 senectam
1402 4012 1449 4058 et
1470 4004 1663 4057 senium
1686 4004 2035 4074 accipiemus,

472 4077 556 4130 vel
590 4077 904 4145 simpliciter
957 4078 1117 4130 tinem
1162 4076 1305 4140 vitae,
1340 4075 1423 4130 vel
1475 4075 1767 4128 secundum
1817 4076 2035 4132 Graecos

473 4160 757 4215 possumus
788 4149 1031 4216 accipere
1050 4161 1145 4215 per
1162 4155 1432 4202 senectam
1464 4161 1669 4199 morum
1694 4147 2033 4215 gravitatem,

472 4230 570 4287 per
599 4220 805 4271 senium
839 4233 965 4273 vero
1012 4219 1273 4285 integram
1325 4217 1726 4287 perfectionem.
1760 4220 1911 4288 Apud
1940 4234 2037 4275 nos

473 4296 760 4355 utrumque
783 4290 882 4342 hoc
910 4304 939 4341 a
970 4304 1097 4342 sene
1127 4288 1326 4341 dictum
1356 4298 1456 4352 est,
1489 4296 1543 4341 et
1568 4302 1661 4353 pro
1676 4289 1865 4343 eodem
1896 4291 2036 4344 acci-

474 4358 647 4427 pitur;
682 4362 819 4426 apud
848 4358 1062 4414 Graecos
1089 4373 1219 4414 vero
1247 4369 1463 4413 senecta
1515 4374 1610 4426 pro
1646 4360 1902 4428 gravitate
1946 4362 2035 4416 illa

476 4444 685 4483 morum
733 4445 851 4499 qua:
899 4442 983 4485 est
1012 4441 1130 4496 post
1159 4430 1365 4485 virilem
1399 4437 1607 4484 aetatem
1636 4433 1895 4498 accipitur
1919 4472 1935 4499 ,
1983 4440 2038 4487 et

2139 3152 2420 3207 assimilari
2456 3154 2659 3220 primus
2690 3153 2779 3206 ille
2802 3155 2889 3221 qui
2922 3152 3055 3206 dixit
3088 3168 3099 3201 :
3134 3152 3335 3207 Ponant
3360 3154 3539 3207 sedem
3563 3168 3712 3206 meant

2138 3224 2205 3276 ad
2231 3224 2567 3292 Aquilonem,
2602 3233 2661 3277 ut
2708 3232 2851 3279 esset
2894 3232 3128 3290 potestas
3156 3234 3345 3278 contra
3398 3233 3714 3293 potestatem

2140 3293 2309 3361 illam,
2343 3310 2447 3348 non
2471 3296 2567 3347 sub
2617 3294 2724 3348 illa.
2781 3296 2845 3347 E-t
2893 3294 3013 3349 ideo
3063 3296 3280 3349 evanuit
3308 3295 3363 3348 in
3390 3295 3714 3363 cogitatione

2138 3378 2231 3419 sua
2260 3409 2276 3433 ,
2305 3376 2357 3421 et
2388 3365 2583 3421 cecidit
2628 3366 2697 3420 de
2726 3366 2847 3421 luce
2886 3366 2938 3418 in
2986 3373 3214 3419 mternas
3255 3367 3528 3419 tenebras.
3584 3364 3716 3418 Huic

2139 3438 2283 3491 malo
2340 3452 2436 3491 suo
2488 3437 2650 3491 miser
2700 3436 2791 3490 ille
2847 3436 3113 3491 secundus
3144 3437 3459 3500 consensit,
3498 3436 3587 3504 qui
3617 3435 3714 3489 sibi

2142 3508 2283 3561 Deus
2314 3523 2457 3572 esse,
2484 3516 2536 3562 et
2564 3508 2630 3561 de
2651 3521 2747 3562 suo
2789 3517 2915 3561 nutu
2966 3507 3197 3572 pendere
3240 3507 3428 3563 voluit.
3477 3506 3711 3561 Recessit

2137 3580 2280 3633 enim
2312 3579 2380 3632 ab
2427 3581 2781 3647 imperatore,
2841 3587 2894 3632 et
2939 3578 3155 3632 divertit
3202 3589 3323 3647 post
3353 3579 3701 3633 desertorem.

2140 3647 2333 3718 Legem
2356 3650 2505 3705 dedit
2531 3652 2843 3717 imperator,
2879 3647 3117 3704 fraudem
3137 3650 3401 3718 suggessit
3438 3649 3703 3705 desertor.

2140 3717 2379 3775 Credidit
2409 3723 2569 3775 miser
2607 3721 2766 3773 homo
2814 3720 2955 3788 quod
2991 3722 3157 3774 suasit
3186 3717 3455 3784 diabolus,
3487 3731 3541 3774 et
3569 3719 3711 3773 inve-

2139 3791 2217 3845 nit
2247 3793 2388 3862 quod
2417 3793 2646 3847 minatus
2678 3802 2757 3845 est
2786 3793 2943 3855 Deus,
2970 3792 3093 3861 quia
3118 3802 3292 3846 morte
3323 3793 3582 3862 multatus
3612 3796 3710 3844 est.

2141 3862 2205 3916 Et
2229 3863 2331 3917 lioc
2359 3872 2441 3917 est
2463 3865 2601 3931 quod
2625 3862 2753 3917 dicit
2784 3878 2795 3913 ε
2834 3864 3066 3929 Quantas
3094 3864 3356 3916 ostendisti
3379 3861 3529 3915 milii.
3566 3862 3715 3929 Quod

2141 3933 2206 3987 ad
2245 3935 2475 3988 litteram
2501 3936 2575 3987 sic
2610 3935 2970 3997 continuatur,
3000 3934 3151 4002 quasi
3177 3934 3384 3988 diceret
3413 3949 3426 3985 :
3455 3933 3714 4000 Quando-

2141 4005 2354 4127 quidem
2388 4006 2562 4058 nullus
2588 4014 2670 4059 est
2701 4004 2795 4057 tibi
2827 4003 3051 4069 similis,
3101 4019 3231 4075 ergo
3286 4003 3427 4059 malo
3481 4018 3605 4057 meo
3662 4004 3714 4057 in

2190 4076 2309 4127 dam
2341 4077 2481 4127 volui
2533 4076 2624 4127 tibi
2674 4090 2926 4127 nerverse
2976 4075 3293 4127 assimilari.
3353 4075 3476 4127 auia
3531 4082 3587 4127 tu
3620 4089 3714 4127 tiro

2190 4076 2309 4129 dam
2341 4077 2481 4131 volui
2533 4076 2624 4131 tibi
2674 4090 2926 4144 perverse
2976 4075 3293 4135 assimilari,
3353 4075 3476 4142 quia
3531 4082 3587 4127 tu
3620 4089 3716 4143 pro

2142 4147 2493 4212 perversitate
2515 4147 2599 4201 illa
2622 4146 2887 4199 ostendisti
2916 4145 3041 4197 mihi
3064 4147 3436 4208 tribulationes,
3465 4153 3523 4199 et
3545 4159 3713 4210 quan—

2142 4224 2225 4269 tas
2251 4218 2458 4282 multas,
2518 4218 2743 4283 scilicet,
2795 4225 2842 4269 et
2896 4217 3079 4270 mulas.
3134 4218 3529 4272 'l‘ribulationes
3559 4224 3715 4269 vocat

2142 4286 2229 4340 bic
2257 4302 2443 4342 omnes
2466 4303 2648 4357 pinnas
2680 4290 2919 4356 peccati,
2972 4303 3137 4357 quare
3184 4289 3429 4357 quadam
3460 4288 3713 4341 videntur

2142 4358 2325 4413 dulces
2350 4374 2453 4412 non
2478 4359 2875 4414 attendentibus
2898 4374 3011 4425 eas,
3038 4368 3095 4412 ut
3114 4362 3401 4414 comedere
3421 4364 3475 4413 et
3507 4358 3712 4422 bibere,

2144 4439 2197 4483 et
2233 4430 2448 4485 similia.
2485 4431 2579 4484 llic
2605 4445 2732 4484 vero
2756 4431 2845 4497 qui
2891 4429 3119 4484 attendit
3145 4445 3257 4493 eas,
3290 4439 3445 4484 vocat
3472 4444 3566 4485 eas
3601 4444 3714 4483 ma-

479 4501 613 4557 talcs
637 4494 826 4570 graves
857 4494 1193 4571 presbyteros
1220 4501 1512 4571 appellant.
1544 4494 1765 4556 Senium
1791 4494 2035 4558 vero'de-
2067 4494 2122 4558 Ι)
2146 4498 2241 4571 las.
2269 4500 2334 4555 Et
2360 4511 2442 4555 est
2471 4502 2653 4555 dicere
2679 4518 2694 4557 :
2723 4494 2856 4568 Quia
2892 4514 3142 4569 perverse
3172 4504 3311 4555 volui
3357 4501 3451 4555 tibi
3499 4500 3714 4571 assimi-

476 4572 732 4639 crepitam
761 4581 969 4626 aetatem
1001 4572 1303 4640 accipiunt,
1350 4581 1404 4627 et
1446 4572 1745 4643 decrepitos
1794 4583 2041 4643 gerontas

482 4642 687 4697 dicunt.
740 4643 797 4698 Si
844 4655 972 4697 vero
1020 4644 1103 4695 hic
1140 4643 1372 4710 loquitur
1402 4642 1521 4695 talis
1553 4658 1686 4696 unus
1708 4682 1723 4708 ,
1756 4642 1842 4712 qni
1871 4646 1940 4699 sit
1986 4646 2039 4700 in

481 4714 687 4777 multis,
718 4715 768 4767 id
792 4722 891 4777 est,
920 4712 1178 4775 Ecclesia,
1208 4724 1331 4767 tunc
1371 4712 1527 4767 aliter
1556 4722 1765 4781 Oportet
1796 4728 1893 4769 nos
1927 4716 2040 4772 lucc

480 4793 719 4846 tempora
750 4785 1109 4853 distinguere,
1152 4783 1389 4849 scilicet,
1450 4792 1509 4836 ut
1561 4799 1655 4854 per
1710 4786 2038 4853 iuventutem

481 4854 736 4909 Ecclesiae
767 4857 1091 4928 accipiamus
1118 4866 1319 4909 tantum
1366 4855 1771 4928 tempusgillud,
1833 4858 1897 4928 in,
1932 4872 2039 4928 quo

480 4929 651 4995 sancti
676 4926 912 4995 ApOstoli
948 4926 1157 4980 fuerunt
1178 4966 1195 4993 ,
1243 4937 1296 4981 et
1326 4925 1691 4993 multipliciter
1720 4927 1931 4994 sanguis
1951 4925 2038 4983 'ad

480 4994 1037 5068 lmtamcn’Ecclesiaa,
1093 4996 1143 5050 id
1176 5007 1292 5063 est,
1350 5006 1657 5050 sanctorum
1720 5008 2034 5068 martyrum,

482 5067 629 5119 fusus
654 5080 754 5121 est.
788 5068 887 5121 Per
914 5068 1121 5121 virilem
1148 5082 1276 5123 vero
1304 5076 1537 5131 aetatem,
1587 5067 1901 5135 praesentem
1932 5082 2038 5124 sta-

482 5146 592 5189 tum
645 5140 1030 5207 intelligamus;
1087 5154 1183 5208 per
1244 5148 1511 5193 senectam
1562 5150 1688 5192 vero
1734 5146 1788 5193 et
1830 5142 2037 5195 senium

482 5215 687 5279 tempus
715 5209 955 5279 ultimum
1004 5219 1125 5262 ante
1178 5209 1335 5265 [luctu
1386 5208 1598 5271 saeculi,
1640 5216 1849 5279 tempus
1896 5210 2041 5265 Anti-

484 5276 696 5353 christi.
756 5278 1126 5343 Pronuntiabo,
1181 5279 1721 5353 ittquam,rntirabilia
1754 5276 1857 5334 'tua
1886 5298 2041 5353 usque

482 5348 535 5419 in
563 5361 809 5401 senectam
840 5360 886 5403 et
911 5352 1127 5413 senium,
1155 5361 1281 5403 etut
1306 5352 1525 5419 possim,
1556 5366 1584 5403 ο
1614 5349 1783 5414 Deus,
1814 5369 1875 5404 ne
1899 5348 2043 5406 dere-

483 5418 684 5485 linquas
704 5436 803 5486 me,
838 5424 995 5475 donec
1037 5418 1330 5475 annuntiem
1356 5436 1452 5490 ego
1497 5421 1731 5477 Ecclesia
1768 5436 1864 5491 per
1907 5438 2042 5490 prm-

484 5499 665 5544 sentes
696 5499 768 5562 Aet
821 5503 1199 5561 persequentes
1222 5507 1430 5547 eorum.
1482 5492 1571 5547 Vel
1625 5507 1723 5562 ego
1776 5493 2040 5559 perlectus

484 5560 793 5615 annuntiem
814 5577 904 5627 per
918 5560 1002 5615 me
1021 5571 1075 5617 et
1101 5578 1191 5632 per
1211 5577 1548 5619 successores
1570 5560 1737 5628 meos,
1771 5563 2037 5617 brachium

486 5639 647 5704 tamin,
683 5632 831 5699 illud,
856 5633 1079 5704 scilicet,
1129 5635 1196 5688 de
1222 5649 1327 5704 quo
1376 5635 1573 5689 dictum
1601 5646 1682 5691 Bal
1714 5653 1724 5688 :
1761 5634 2039 5691 llrac/iium

487 5700 690 5758 Domini
712 5704 793 5758 cui
814 5702 1085 5758 revelatum
1114 5700 1309 5761 esti-id
1343 5715 1446 5776 est,
1491 5707 1677 5762 Filium
1713 5716 1857 5763 tuum
1887 5748 1902 5775 ,
1946 5722 2039 5776 per

486 5787 647 5844 quem
676 5775 903 5848 gratuita
955 5777 1197 5834 liberstio
1227 5779 1397 5852 _nobis
1433 5775 1565 5838 data
1594 5788 1675 5838 est
1695 5820 1711 5849 ,
1739 5775 2040 5837 onnuntiem

2146 4570 2269 4637 lari,
2297 4572 2416 4626 ideo
2439 4572 2674 4628 multasti
2705 4587 2789 4625 me
2814 4571 3017 4640 magnis
3034 4583 3087 4627 et
3109 4572 3329 4627 inﬁnitis
3355 4570 3715 4625 tribulationi-

2143 4642 2262 4708 bus,
2296 4653 2349 4697 et
2373 4652 2550 4697 tamen
2582 4642 3005 4698 irrevocabiliter
3027 4684 3043 4709 ,
3096 4644 3215 4710 quia
3245 4653 3299 4696 tu
3330 4656 3606 4696 conversus
3650 4641 3714 4695 de

2144 4712 2222 4766 ira
2254 4715 2318 4767 ad
2349 4714 2769 4769 misericordiam
2796 4714 3062 4777 vivi/icasti
3088 4730 3168 4767 me
3187 4714 3294 4783 jam
3322 4712 3549 4768 interius
3572 4713 3627 4766 in
3649 4728 3705 4765 re

2141 4792 2195 4837 et
2217 4786 2447 4839 exterius
2473 4785 2632 4839 etiam
2656 4785 2708 4838 in
2730 4798 2843 4853 spe.
2869 4784 2934 4837 Et
2956 4784 3075 4837 ideo
3092 4786 3212 4836 dico
3245 4784 3555 4847 vivificasti,
3584 4784 3709 4845 quia

2140 4855 2387 4908 reduxisti
2416 4856 2598 4909 iterum
2620 4855 2845 4907 animam
2867 4868 3035 4908 meam
3062 4854 3124 4907 de
3144 4854 3339 4924 abyssis
3362 4866 3531 4909 terra.
3556 4854 3712 4921 Quod

2142 4925 2426 4994 dupliciter
2471 4936 2643 4995 potcSt
2670 4924 2795 4979 dici.
2845 4924 3067 4993 Quando
3098 4926 3237 4979 enim
3271 4926 3432 4980 iioino
3457 4926 3526 4979 de
3562 4937 3705 4979 terra

2143 4995 2314 5050 factus
2366 5007 2468 5059 est,
2503 5007 2628 5052 tunc
2659 5005 2798 5050 terra
2852 4999 2903 5050 in
2960 4995 3162 5050 vilitate
3208 5011 3303 5050 sua
3357 4998 3408 5050 in
3459 4996 3713 5063 quiddam

2142 5067 2361 5135 dignum
2390 5067 2580 5121 educta
2602 5077 2713 5132 est;
2768 5080 2887 5121 cum
2924 5080 3070 5137 ivero
3122 5067 3281 5120 homo
3334 5068 3713 5137 praevaricator

2145 5137 2320 5192 factus
2349 5149 2449 5203 e5t,
2481 5146 2604 5191 tunc
2628 5146 2771 5192 terra
2804 5138 2856 5191 in
2887 5136 3140 5191 vilitatem
3172 5153 3321 5192 suam
3366 5138 3579 5191 redacta
3604 5145 3708 5191 εει.

2145 5209 2274 5263 Inde
2304 5224 2423 5262 cum
2452 5217 2816 5263 assumeretur
2847 5222 2876 5261 a
2903 5208 3065 5261 verbo
3095 5208 3186 5261 illo
3207 5208 3346 5276 quod
3372 5209 3425 5261 in
3454 5208 3713 5278 principio

2145 5289 2251 5333 erat
2278 5282 2418 5351 apud
2452 5278 2640 5347 Deum,
2675 5278 2891 5333 reducta
2921 5286 3022 5333 est.
3063 5278 3265 5334 Cecidit
3315 5280 3441 5351 item
3476 5281 3709 5347 quodam

2145 5353 2329 5415 modo,
2357 5366 2478 5405 cum
2508 5365 2633 5404 caro
2654 5361 2921 5417 assumpta
2946 5357 3153 5403 mortua
3183 5360 3299 5415 est;
3330 5350 3554 5404 reducta
3582 5364 3712 5402 vero

2146 5430 2229 5476 est
2276 5422 2460 5476 eadem
2490 5436 2649 5475 carne
2696 5429 3024 5489 resurgente,
3056 5429 3110 5475 ει
3138 5421 3219 5475 sic
3261 5421 3475 5486 iterum,
3526 5420 3576 5473 id
3606 5430 3708 5480 est,

2146 5492 2229 5547 bis
2252 5495 2464 5547 reducta
2489 5503 2592 5547 est.
2624 5491 2682 5546 ιιι
2714 5494 2815 5545 hac
2842 5500 3019 5545 autem
3047 5493 3305 5545 sententia
3340 5505 3434 5559 per
3454 5492 3709 5560 abyssum

2147 5564 2403 5619 vilitatem
2433 5573 2590 5619 terra:
2631 5564 2831 5630 accipe.
2868 5562 2961 5616 Vel
3006 5562 3158 5615 aliter
3191 5579 3204 5614 :
3237 5560 3362 5616 Ideo
3389 5562 3513 5615 dico
3540 5562 3708 5627 ivisiﬁ-

2149 5637 2274 5687 casti
2302 5652 2401 5699 me,
2430 5636 2548 5705 quia
2595 5633 2646 5705 in
2677 5643 2814 5687 terra
2842 5673 2856 5697 ,
2888 5632 2951 5705 id;
2977 5641 3079 5705 est,
3132 5632 3211 5688 bis
3247 5634 3497 5688 reduxisti
3542 5648 3621 5686 me
3646 5633 3709 5685 de

2148 5703 2525 5774 abyssisterrte,
2561 5704 2728 5769 idest,
2748 5706 2813 5758 de
2833 5703 3189 5773 profunditatc
3222 5705 3494 5759 vitiorum.
3525 5705 3707 5759 Primo

2148 5778 2293 5836 enim
2317 5776 2497 5837 eduxit
2515 5789 2635 5851 nos,
2664 5790 2786 5834 cum
2802 5786 2989 5836 natura
3010 5785 3193 5835 nostra
3212 5790 3246 5834 a
3266 5778 3429 5835 verbo
3454 5790 3703 5846 assump-
