3984 6362
259 480 498 538 nosp'er
525 466 986 538 resuscitationem
1013 481 1200 538 suam,
1233 467 1283 521 in
1326 483 1424 536 qua
1478 481 1601 538 spes
1645 483 1824 524 resur-

253 535 430 608 κεκιὰί
473 536 631 608 ηεὺῖε
673 535 791 608 data
816 544 922 608 est.
954 536 1191 592 Reducet
1221 551 1318 594 nos'
1349 535 1530 606 etiam,
1562 541 1679 593 cum
1712 539 1825 594 haec

255 605 391 689 spes
421 607 750 689 implebitur,
854 616 954 674 est,
984 622 1227 689 compos
1255 605 1714 689 resuscilabimur.
1761 611 1827 666 Et

258 676 472 734 sic.erit
501 686 553 732 et
576 685 739 740 tanta,
772 676 822 732 id
854 691 954 741 εει,
985 679 1251 747 geminata
1279 679 1535 736 reductio.

338 747 699 815 Multiplicasti
736 749 1164 818 magniﬁcentiam
1209 759 1368 808 tuam.
1416 751 1717 818 Quomodo,
1737 751 1828 808 ‘in-

258 835 446 890 quam.
475 835 567 874 me
589 819 870 890 vivilicasti
894 821 915 874 ἲ
945 819 1038 885 lta,
1069 820 1290 885 scilicet,
1326 823 1446 888 quia
1474 822 1830 890 multiplicasti

260 887 890 963 inagiii‘firentiamtuam,
944 890 992 963 id
1021 900 1132 963 est,
1169 887 1502 960 magniﬁcam
1536 887 1826 963 potentiam

261 959 432 1026 tuain,
450 962 570 1030 quia
588 977 692 1026 non
724 970 925 1016 tantum
951 959 1324 1028 indulgentiam
1345 959 1575 1030 confers,
1600 965 1691 1020 sed
1710 966 1828 1022 liliis

257 1033 427 1086 etiam
459 1046 593 1099 quos
612 1031 676 1086 ad
701 1030 1062 1086 litereditatem
1094 1046 1268 1101 paras,
1291 1035 1710 1091 misericorditer
1735 1036 1830 1091 ﬁa-

257 1103 400 1172 gella
421 1102 662 1163 adhibes,
693 1113 738 1155 et
769 1104 907 1156 sicut
933 1118 1204 1158 conversus
1234 1104 1301 1159 ab
1330 1104 1405 1160 ira
1431 1106 1497 1160 ad
1524 1108 1827 1162 misericor-

258 1174 407 1227 diam
438 1174 726 1248 consolatus
755 1189 805 1229 es
845 1172 899 1228 in
944 1183 1122 1230 mente
1172 1175 1414 1248 interius,
1466 1179 1829 1235 consolaberis

260 1260 394 1299 vero
417 1254 469 1299 et
498 1247 747 1300 exterius.

338 1314 481 1368 Nam
513 1325 557 1368 et
583 1332 676 1386 ego
703 1315 981 1386 confitebor
1011 1316 1118 1372 tibi.
1149 1315 1270 1370 Ideo
1302 1315 1421 1372 dico
1462 1320 1750 1376 consolatus
1777 1337 1828 1376 es

261 1402 366 1453 me,
401 1387 524 1460 quia
549 1385 652 1460 huc
682 1385 814 1460 mihi
837 1388 1104 1442 contuliin
1124 1388 1261 1460 jam,
1290 1388 1410 1456 quia
1432 1393 1590 1445 etiam
1618 1392 1668 1446 iii
1693 1407 1828 1460 prm-

263 1461 408 1511 senti
444 1458 670 1511 laudabo
704 1468 754 1511 le
805 1458 856 1511 in
898 1460 1115 1526 Spiritus
1164 1459 1541 1527 νὶινίίὶρςιιιοιιε,
1577 1471 1628 1515 ει
1656 1458 1830 1519 carnis

262 1528 698 1583 mortiﬁcatione.
753 1529 904 1602 Quod
958 1528 1262 1602 sicdicit:
1307 1527 1446 1602 Nam
1475 1544 1520 1585 et
1547 1549 1637 1602 ego
1692 1533 1832 1589 sicut

265 1607 430 1665 caput
471 1615 646 1652 meum
697 1601 970 1664 conﬁtebor
997 1601 1105 1664 tibi,
1138 1617 1168 1652 0
1202 1601 1358 1668 Deus,
1390 1601 1438 1656 id
1470 1601 1830 1667 estﬂaudabo

264 1671 689 1742 ueritatemtuam
725 1670 807 1723 vel
839 1671 1218 1742 promissiones
1266 1671 1455 1742 inme
1507 1675 1824 1742 completas.

266 1739 361 1793 Vel
401 1743 657 1794 veritatem
715 1754 852 1822 tuam
918 1741 1269 1822 ccnﬁtebor,"
1403 1752 1533 1822 _est,
1604 1739 1831 1822 laudabo
1860 1760 1908 1822 Β

263 1823 392 1865 vera
428 1823 703 1884 praecepta!
721 1821 804 1866 tua
831 1814 1102 1884 implendo
1133 1828 1191 1865 ea
1216 1813 1331 1884 tibi,
1364 1813 1414 1884 id
1434 1824 1535 1884 est,
1561 1815 1624 1869 ad
1655 1816 1825 1872 hono-

262 1895 379 1954 rem
412 1893 579 1948 tuum,
608 1895 659 1934 et
693 1882 793 1937 hoc
841 1883 894 1936 in
931 1883 1062 1937 vasis
1109 1882 1315 1954 psalmi.
1375 1883 1476 1938 Vas
1507 1882 1734 1954 psalmi,
1768 1898 1827 1945 ut

265 1951 812 2029 beatusAugustinus
848 1955 921 2008 ait
967 1951 1564 2029 ,_cst_iiistrumeiituiti
1614 1951 1820 2029 psalmi,

262 2023 578 2100 psalterium
623 2024 852 2089 scilicet,
885 2023 1024 2100 (ιιιῳὰ
1055 2026 1174 2093 quia
1203 2025 1427 2100 desuper
1457 2023 1628 2090 sonat,
1662 2023 1827 2100 s7gnil

263 2093 395 2164 ticat
419 2093 824 2164 viviﬁcatiuneiu
853 2095 1090 2164 spiritus,
1122 2111 1240 2164 quae
1264 2093 1489 2164 desuper
1517 2106 1620 2154 est.
1655 2093 1827 2160 Et'est

261 2163 486 2244 dicere:
520 2163 811 2244 Conﬁtebor
841 2163 928 2244 tibi
950 2163 1152 2244 inparis
1176 2167 1378 2237 psalmi,
1397 2163 1458 2244 _id
1487 2178 1590 2244 est,
1616 2185 1670 2225 in
1704 2173 1824 2244 spi-

261 2235 544 2308 ritualibus
565 2237 834 2305 operibus,
853 2239 990 2293 sicut
1010 2238 1063 2292 in
1092 2235 1272 2292 sancta
1294 2235 1613 2308 cogitatione
1636 2248 1689 2296 et
1705 2235 1825 2297 ora-

261 2307 434 2362 tione.
483 2306 770 2362 Possumus
824 2308 984 2362 etiam
1038 2308 1328 2363 secundum
1360 2306 1736 2367 Cassiodorum
1770 2316 1822 2370 iu

262 2378 409 2448 vasis
436 2379 622 2448 psalmi
655 2377 993 2434 intransitive
1022 2379 1263 2447 accipere
1282 2417 1299 2448 ,
1345 2389 1400 2435 ut
1426 2382 1496 2435 sit
1525 2383 1663 2440 idem
1693 2399 1756 2438 ac
1780 2386 1826 2442 si

263 2446 771 2524 dicat‘Conﬁtebor
791 2449 880 2524 tibi
902 2449 956 2503 in
979 2446 1410 2524 vasis,’_qu:esint
1451 2467 1574 2508 vasa
1593 2493 1609 2516 ,
1639 2453 1691 2508 id
1717 2464 1822 2524 est,

264 2519 321 2574 in
353 2519 551 2594 talibus
579 2521 818 2594 canticis,
850 2521 901 2574 iii
932 2521 1122 2594 quibus
1150 2522 1219 2574 ita
1243 2528 1298 2575 et
1325 2537 1456 2594 pura
1493 2532 1548 2579 et
1579 2519 1824 2594 incorpoQ

260 2603 355 2660 rea
380 2591 452 2646 sit
482 2591 595 2646 laus
623 2589 742 2655 Dei,
765 2590 901 2646 sicut
931 2589 982 2645 in
1019 2592 1195 2660 aliquo
1217 2589 1340 2646 vase
1365 2592 1506 2648 bono
1538 2607 1712 2652 manet
1733 2589 1825 2652 'iu-

259 2659 438 2736 {usus
469 2661 647 2736 liquor
691 2659 1209 2736 iucorruptus._Qu:e
1236 2671 1428 2736 tamen
1455 2665 1571 2720 laus
1599 2669 1826 2736 pertinet

259 2731 329 2788 ad
357 2732 577 2801 Spiritus
601 2732 1032 2806 vivilicationem.
1058 2731 1152 2806 γει
1175 2734 1337 2788 etiam
1365 2750 1457 2801 per
1481 2731 1612 2791 vasa
1634 2740 1826 2806 psalmi

297 2817 546 2860 assumus
576 2805 816 2872 accipere
837 2803 1137 2872 spirituales
1157 2807 1383 2872 animas,
1409 2808 1464 2861 in
1485 2803 1677 2874 quibus
1711 2810 1826 2864 laus

309 2874 356 2928 ei
385 2888 494 2930 non
523 2875 741 2946 acesgit,
773 2876 864 2930 sed
895 2875 1034 2930 bene
1075 2874 1260 2944 sapida
1287 2888 1368 2932 est
1407 2879 1541 2932 sicut
1573 2877 1742 2946 liquor
1771 2881 1824 2936 in

297 2959 404 2999 ono
446 2959 590 2999 vase.
639 2944 927 3015 Confitebor
975 2947 1086 3010 tibi,
1132 2948 1368 3016 inquam,
1403 2947 1590 3004 oDeus
1618 2944 1669 3003 in
1695 2953 1825 3006 vasis

258 3009 471 3088 psalmi,
500 3023 549 3071 et
573 3009 790 3088 psallam
813 3017 903 3071 tibi
925 3018 979 3071 in
1008 3009 1242 3085 cithara‘,
1283 3009 1487 3088 id'est,
1542 3021 1594 3074 iii
1623 3022 1824 3076 sanctis

257 3087 516 3182 operibus
544 3087 608 3142 ad
632 3088 810 3142 carnis
826 3088 1297 3182 .mortilicatione‘i‘n
1332 3087 1738 3182 pertinentibus,
1769 3103 1823 3148 ut
1851 3115 1899 3182 ο

259 3166 346 3214 εει
371 3173 586 3213 manuni
619 3159 838 3228 pauperi
866 3161 1156 3228 porrigere,
1180 3159 1421 3216 inﬁrmos
1443 3171 1494 3216 et
1523 3159 1822 3218 incarcera-

259 3237 343 3307 t_os
376 3229 606 3307 visitare,
632 3238 693 3307 _e_t
715 3229 930 3307 similia,
953 3231 1179 3307 laudabo
1202 3243 1272 3298 te,
1292 3249 1323 3286 ο
1343 3243 1576 3307 sanctus,
1596 3246 1822 3307 sanctus,

257 3299 405 3366 dico,
423 3297 613 3366 Israel,
632 3299 686 3356 id
703 3310 805 3367 est,
822 3303 911 3370 qui
930 3304 1229 3360 satictiticas
1243 3318 1456 3360 omnem
1470 3297 1638 3360 virum
1656 3297 1827 3361 inteul

256 3371 477 3426 dentem
517 3371 584 3426 ad
625 3374 754 3439 hoc,
800 3383 856 3428 ut
877 3373 1054 3428 videat
1098 3384 1167 3432 te.
1195 3375 1355 3430 Israel
1391 3375 1535 3430 enim
1558 3378 1630 3429 vir
1654 3378 1826 3436 videns

258 3439 836 3512 Deuminterpretatur.
862 3445 930 3500 Et
952 3459 1042 3514 per
1059 3445 1338 3512 citharam,
1359 3461 1475 3514 qua:
1497 3446 1563 3498 ab
1589 3447 1825 3507 inferiori

259 3519 438 3587 sonat,
471 3529 575 3587 non
605 3515 894 3587 incongrue
919 3518 1095 3570 carnis
1125 3517 1463 3572 monitio-alio
1491 3516 1822 3587 designatur.

325 3580 677 3657 Ezrsultabunt
712 3580 847 3657 labia
891 3603 1019 3642 mea.
1052 3587 1229 3653 Nunc,
1261 3589 1499 3656 inquam,
1549 3580 1826 3657 conﬁtebor

258 3651 351 3722 tibi
388 3653 440 3708 in
471 3657 602 3728 vasis
627 3656 856 3728 psalmi,
901 3667 950 3714 et
995 3651 1224 3728 psallam
1259 3660 1312 3712 in
1335 3651 1582 3726 'citltara;
1614 3651 1824 3720 tandem

258 3738 394 3802 vero
417 3726 739 3781 exsultabant
782 3726 1174 3802 integrelubia
1200 3745 1310 3784 mea
1331 3730 1582 3785 interiora
1603 3770 1620 3797 ,
1673 3741 1822 3802 tunc,

259 3794 484 3866 scilicet,
517 3813 634 3852 cum
662 3794 927 3863 cantavcrit
966 3801 1077 3866 tibi,
1127 3800 1177 3856 id
1225 3810 1326 3865 est,
1371 3816 1490 3858 cum
1536 3794 1720 3857 verum
1771 3794 1824 3862 εἰ

261 3863 573 3943 iudeticiens
603 3870 864 3943 canticum
899 3863 1102 3927 solvam
1137 3871 1247 3926 tibi.
1281 3863 1426 3926 Beati
1447 3873 1590 3926 enim
1614 3876 1701 3943 qui
1724 3876 1820 3930 Ita-

261 3935 419 3992 bitant
443 3938 492 3992 in
517 3939 665 3994 domo
687 3949 796 4004 tua,
821 3939 1059 4007 Domino,
1086 3943 1137 3995 in
1180 3945 1364 3998 stecula
1385 3935 1683 3999 sa’culoru'm
1709 3946 1824 4002 lau-

262 4007 452 4088 dubunt
486 4019 554 4088 ις.
604 4011 670 4065 Ει
715 4013 836 4088 quia
866 4015 1116 4088 dicuntur
1140 4015 1302 4088 etiam
1357 4011 1504 4088 labia
1544 4014 1817 4088 interiora,

263 4077 410 4154 i_deo,
438 4079 522 4154 _ad
553 4077 927 4154 exponendum
958 4098 1076 4152 qua:
1106 4084 1242 4139 labia
1269 4086 1562 4154 acceperit,
1594 4088 1773 4143 subdit
1804 4077 1816 4143 Ξ

261 4145 331 4218 Et
356 4149 538 4204 eadem
568 4145 740 4207 animo
767 4169 878 4206 mea
921 4145 1204 4211 exsultabit
1260 4145 1476 4210 tunc-iu
1529 4145 1683 4212 laude
1733 4169 1822 4218 tua

267 4217 415 4292 ideo,
447 4222 568 4285 quia
593 4229 646 4276 tu
676 4238 794 4278 eam
827 4226 1101 4292 redemisti,
1135 4226 1362 4282 redimes
1389 4225 1455 4281 ab
1479 4231 1621 4283 omni
1656 4217 1820 4286 tribu;

261 4287 464 4372 latione
489 4294 571 4348 vel
598 4295 968 4372 mutabilitate.
993 4287 1100 4352 Nec
1121 4300 1290 4372 solum
1312 4297 1553 4372 animam
1565 4299 1816 4372 redimes,

259 4360 358 4440 sed
397 4372 452 4417 et
494 4377 688 4440 corpus
703 4365 948 4440 redimes
971 4383 1000 4421 a
1028 4369 1370 4440 corruptione
1402 4383 1493 4440 per
1543 4360 1820 4440 incorrupl

261 4433 481 4509 tionem,
535 4436 654 4504 quia
695 4437 867 4509 lingua
917 4455 1049 4504 utea,
1076 4433 1269 4509 lingua
1307 4433 1514 4494 scilicet
1559 4433 1817 4509 corporis,

257 4503 585 4566 meditabitur
600 4503 860 4577 justitiam
890 4503 1044 4573 tuam,
1071 4508 1123 4562 id
1147 4503 1246 4575 εει,
1279 4509 1330 4563 in
1354 4512 1499 4563 omni
1529 4503 1821 4568 intentione

261 4578 780 4649 consentietaniina:
827 4579 877 4634 in
931 4579 1362 4646 reprmseiitando
1386 4577 1818 4649 justiticationem

259 4651 428 4708 tuam,
455 4649 595 4715 quod
625 4649 726 4702 erit
749 4648 884 4714 ,laus
918 4658 1026 4704 tua.
1056 4651 1206 4716 Quod
1252 4661 1332 4706 est
1385 4648 1565 4706 dicere
1607 4671 1618 4706 :
1670 4654 1822 4710 Tunc

259 4729 366 4789 non
397 4719 633 4789 retraliet
661 4733 786 4776 caro
810 4735 902 4788 per
920 4722 1315 4788 corruptionem
1333 4720 1562 4789 aliquam
1584 4725 1819 4780 animam

256 4799 288 4860 ρ
322 4787 482 4841 laude
508 4798 617 4854 tua,
665 4791 758 4844 sed
813 4787 1108 4846 consentiet
1135 4792 1220 4858 ei,
1254 4791 1376 4860 quia
1409 4787 1546 4847 totus
1572 4796 1823 4852 absumar

254 4853 812 4935 ﬂagrantissimoigne
839 4861 1108 4935 charitatis
1139 4853 1607 4935 iu'li'olocaustum
1632 4908 1647 4932 ,
1679 4867 1820 4935 quod

257 4932 359 4980 erit
382 4937 488 4982 tota
520 4929 602 4984 die
621 4974 634 4996 ,
679 4933 730 5002 id
760 4942 840 4985 est
860 4971 874 4996 ,
905 4934 958 4988 in
987 4934 1163 4989 futuro
1193 4934 1404 5002 quando
1433 4936 1533 4988 erit
1563 4929 1680 4992 dies
1697 4929 1822 4991 sine

255 5006 435 5064 nocte,
465 5001 820 5074 tuncscilicet
846 5003 1057 5070 quando
1079 5020 1107 5058 e
1132 5001 1398 5059 contrario
1446 5003 1519 5062 illi
1543 5008 1628 5074 qui
1662 5007 1820 5062 modo

253 5079 489 5145 quierunt
511 5072 807 5145 iui/timalu,
830 5075 1064 5128 volentes
1079 5090 1163 5132 nio
1184 5075 1466 5142 devocare,
1487 5072 1619 5132 ﬁunt
1641 5080 1824 5145 conlu-

251 5138 362 5214 εἰει
384 5142 603 5214 reveriti,
637 5143 689 5196 id
718 5154 816 5214 est,
860 5147 1091 5214 graviter
1124 5160 1413 5200 reniorsam
1441 5138 1822 5205 conscientiam

253 5207 542 5278 habebant,
568 5221 623 5266 et
644 5207 1198 5270 valde'er'uhcscentes
1220 5227 1376 5271 erunt
1398 5219 1633 5275 dicentes
1658 5236 1672 5276 :
1711 5219 1823 5274 Nos

248 5278 495 5337 insensati
534 5286 687 5340 vitam
728 5284 934 5338 illorum
975 5287 1346 5340 a’stiinabamus
1369 5287 1666 5361 infamiam,
1716 5301 1820 5348 etc.

711 5380 779 5436 IN
817 5380 1139 5437 PSALMUM
1179 5381 1360 5438 LXXI.

687 5493 927 5553 Psalmus
950 5497 1002 5552 in
1030 5496 1394 5556 Salomonetn.

843 5603 1228 5645 ABGUIENTUM.

312 5698 410 5759 Hic
437 5699 673 5773 psalmus
712 5715 816 5759 non
856 5703 1166 5773 simpliciter
1217 5702 1270 5759 in
1317 5702 1680 5771 Salomouem,
1721 5704 1815 5762 sed

238 5781 460 5848 propter
499 5787 834 5836 communem
863 5776 1042 5849 populi
1065 5776 1652 5852 prosperitatemque:
1690 5787 1804 5835 erat

564 339 570 348 ,
959 275 1023 332 lN
1064 277 1479 336 PSALMORUM
1518 279 1771 338 LIBRUM
1812 282 1825 338 l

1928 281 2173 342 EGESIS.
2215 314 2281 328 —
2320 285 2561 345 PSALM.
2604 289 2791 348 LXXI.

256 401 320 452 ta
349 401 452 452 est.
484 393 652 450 Casus
679 393 928 472 itemluit
951 393 1002 450 in
1047 394 1160 462 ipsa
1209 403 1400 472 morte.
1447 395 1575 453 Inde
1623 396 1831 454 reduxit
1860 401 1908 458 Α
1936 412 2060 472 cum
2098 398 2241 472 regis
2272 399 2528 456 felicitate
2551 396 2855 472 coiijuncta,
2887 414 2942 462 et
2969 406 3021 462 in
3055 407 3394 468 Salomonem
3427 429 3516 470 ca-

3415 302 3519 358 862

1940 468 2106 524 nitur.
2137 470 2306 527 Aliter
2327 487 2428 528 vox
2458 468 2711 530 Ecclesiae
2739 477 2806 531 de
2833 468 3050 536 Christo
3079 479 3147 537 ad
3207 468 3514 542 Dominum.

2544 582 2894 626 εχΡιΑΝΑτιο.

2003 654 2254 735 Sampson
2285 654 2927 735 interpretaturpaciﬁcus
2948 703 2963 728 ,
2987 668 3286 735 signiﬁcans
3330 669 3515 725 Domi-

1929 726 2366 807 num‘Cltristum,
2391 726 2456 784 de
2483 747 2584 800 quo
2614 726 2805 807 dicitur
2832 749 2852 788 :
2879 726 3095 805 Impeiii
3124 726 3171 792 et
3219 739 3360 807 pacis
3412 757 3514 798 non

1930 800 2026 851 erit
2047 798 2190 876 ﬂuis,
2221 798 2322 876 Per
2351 798 2511 876 totum
2532 804 2784 876 psalmum
2809 798 3056 875 praplieta
3080 798 3289 876 loquens
3318 811 3511 866 adven-

1931 877 2040 949 t'um
2069 867 2636 949 (ΣΙινὶειὶλη’,ιεείηξςςμιη
2671 867 2835 942 prima
2884 867 3028 949 parte
3073 867 3221 932 verba
3266 882 3391 949 facit
3443 883 3513 937 ad

1932 936 2162 1018 Patrem,
2183 942 2441 1018 judicium
2466 939 2609 1018 Filio
2637 936 2814 1014 pclens'
2834 936 2901 1000 ad
2934 949 3150 1018 populos
3173 936 3506 1018 judicandos,

1929 1011 2066 1078 quod
2097 1021 2262 1065 tamen
2291 1011 2709 1080 praedestinatum
2736 1027 2853 1072 ante
2881 1011 3067 1074 mea
3102 1011 3358 1075 noscebat.
3415 1011 3513 1078 Sc:-

1931 1081 2122 1158 cundu,
2152 1082 2645 1158 injudiciaDomini
2667 1089 2802 1153 ﬁlios
2827 1107 3108 1156 pauperum
3139 1093 3430 1158 salvandos,
3463 1101 3510 1147 et

1931 1150 2310 1233 humiliandam
2327 1155 2520 1233 diaboli
2544 1150 2791 1233 dicit'esse
2806 1150 3114 1233 superbiam,
3138 1179 3257 1216 nam
3278 1172 3322 1215 et
3341 1150 3510 1233 ipsum

1933 1238 2132 1302 quoque
2161 1225 2374 1302 virgini;
2397 1236 2596 1292 partum
2627 1245 2714 1302 per
2744 1225 3110 1286 similitudines
3122 1225 3508 1302 exponither-

1936 1293 2008 1372 tia
2039 1295 2191 1372 refert
2218 1311 2329 1372 qua:
2351 1296 2482 1350 bona
2502 1367 2526 1372 _,
2539 1293 2839 1372 contigerint
2889 1303 2950 1355 de
2995 1293 3198 1372 Spiritu
3223 1314 3417 1366 sancto,
3448 1321 3510 1358 ea:

1933 1360 2109 1438 Maria
2133 1360 2326 1438 vii-nine
2347 1377 2465 1420 nato
2492 1360 2706 1424 Domino
2726 1371 2948 1425 Christo.
2976 1360 3172 1438 Quarta
3190 1375 3253 1428 ab
3282 1360 3510 1429 omnibus

1933 1434 2141 1515 regibus
2164 1436 2287 1488 dicit
2313 1438 2659 1515 adorantium,
2684 1442 2810 1515 quia
2835 1434 3110 1515 humanum
3137 1460 3296 1515 genus
3325 1463 3357 1498 tt
3384 1448 3504 1496 dia-

1935 1504 2036 1557 boli
2057 1513 2302 1584 potestate
2328 1509 2560 1584 redemit:
2590 1504 2782 1575 Quinta
2807 1504 3391 1584 pronuntiatfquoniiim
3413 1515 3510 1568 ltu~

1935 1577 2098 1652 manis
2128 1577 2290 1652 oculis
2338 1577 2895 1652 uisusufirmament’um
2946 1585 3042 1652 fuit
3090 1577 3430 1648 ere-dentium,
3461 1596 3508 1640 et

1935 1651 2192 1723 profectus
2220 1651 2329 1700 sine
2374 1648 2629 1723 dubietate
2657 1648 3150 1723 justorumJSexta,
3180 1667 3369 1710 aeterno
3399 1656 3507 1710 Do-

1934 1719 2072 1792 mino
2098 1719 2247 1792 totius
2278 1719 2454 1792 mundi
2492 1719 2738 1776 consensu
2763 1724 2941 1778 laudes
2975 1727 3197 1792 perhibet
3245 1742 3352 1780 esse
3401 1727 3507 1780 sol-

1931 1791 2137 1840 vendas.
2171 1788 2402 1854 Septima
2429 1790 2672 1858 hymnum
2693 1793 2912 1850 Domino
2943 1788 3144 1854 Christo
3170 1797 3506 1853 mundissima

1928 1859 2190 1912 devotione
2219 1859 2479 1927 persolvit.
2888 1895 2890 1898 -

2499 1946 2926 1991 COMMENTARIUS.

1999 2017 2160 2096 Qeus,
2182 2021 2438 2092 judicium
2470 2034 2611 2077 tuum
2634 2028 2738 2096 regi
2758 2028 2843 2082 tta.
2873 2027 2995 2083 Hice
3018 2027 3175 2083 verba
3200 2027 3507 2085 referuntur

1927 2090 1980 2144 in
2011 2089 2377 2168 Salomonem,
2405 2109 2528 2168 non
2554 2089 2716 2150 lilium
2767 2097 2927 2168 David
2979 2101 3273 2168 prOplietm,
3303 2101 3396 2155 sed
3452 2103 3504 2154 iu

1926 2175 2112 2234 verum
2148 2163 2447 2229 paciﬁcum,
2481 2166 2531 2219 id
2560 2175 2662 2234 est,
2684 2168 2736 2221 in
2765 2163 3056 2223 Christum.
3077 2163 3327 2225 Salomon
3351 2172 3498 2226 enim

1926 2229 2313 2310 interpretatur
2336 2237 2605 2304 pacificus.
2641 2229 2707 2292 Et
2737 2239 2826 2292 ille
2849 2253 2973 2294 vere
2996 2241 3246 2304 paciﬁcus
3275 2250 3376 2308 est,
3409 2257 3502 2310 per

1927 2318 2088 2372 quem
2129 2303 2493 2380 _i_i_iediatorem
2512 2318 2758 2380 ‘accepta
2780 2303 3120 2380 remissione
3163 2303 3501 2380 peccatorum

1928 2374 2260 2452 reconciliati
2295 2391 2478 2430 sumus
2511 2376 2637 2432 Deo.
2675 2373 2814 2433 Dicit
2858 2385 2999 2434 enim
3048 2373 3501 2452 Apostolus,quia

1924 2458 2040 2496 cum
2062 2445 2226 2498 adhuc
2258 2454 2542 2514 peccatores
2573 2465 2814 2517 essemus,
2844 2452 3158 2507 reconciliati
3180 2445 3353 2508 sumus
3393 2445 3504 2508 Deo

1926 2530 2014 2592 per:
2044 2525 2257 2592 mortem
2287 2517 2385 2586 ﬁlii
2422 2519 2553 2589 ejus.
2583 2519 2673 2576 llle
2711 2537 2926 2589 quoque
2959 2538 3082 2577 vero
3114 2524 3367 2592 pacillcus
3396 2533 3499 2588 est,

1923 2585 2039 2666 qui_
2065 2587 2188 2642 iecit
2241 2585 2472 2666 utraque
2495 2606 2676 2656 unum,
2709 2585 2926 2645 solvens
2955 2585 3185 2666 medium
3218 2585 3499 2666 parietem,

1925 2664 1980 2728 ut
2010 2655 2143 2710 duos
2165 2655 2420 2713 conderet
2461 2660 2598 2717 inse
2632 2655 2795 2716 unum
2847 2679 3040 2718 novum
3092 2655 3384 2728 hominem,
3426 2655 3504 2718 ta;

1923 2726 2069 2806 ciens
2095 2743 2299 2797 pacem.
2324 2729 2477 2806 Quod
2509 2734 2590 2806 vel
2626 2733 2926 2806 deduobus
2957 2735 3246 2806 parietibus
3305 2726 3496 2806 Eccle-

1923 2797 2024 2874 _siac_
2047 2807 2224 2874 potest
2253 2801 2564 2874 accipi,_qui
2591 2803 2862 2874 conjuncti
2889 2797 3013 2858 sunt
3038 2806 3092 2860 in
3115 2821 3222 2859 uno
3268 2805 3508 2872 angulari

1923 2864 2131 2944 lapide,
2146 2867 2198 2922 id
2223 2881 2326 2937 εει,
2349 2864 2413 2944 in
2430 2864 2668 2940 Christo,
2693 2864 2869 2928 soluto
2889 2876 3066 2930 medio
3095 2864 3373 2930 obstaculo
3398 2891 3502 2944 quo

1923 2941 2330 3011 separabantur,
2365 2941 2414 2994 id
2444 2951 2548 3008 est,
2579 2944 2778 2998 carnali
2813 2949 2948 3011 lege,
2987 2946 3068 2999 vel
3099 2946 3258 3000 etiam
3285 2948 3357 3000 de
3404 2941 3505 3002 ista

1923 3017 1976 3060 et
1995 3009 2070 3084 de
2096 3024 2327 3076 superna
2366 3012 2626 3080 Ecclesia,
2651 3030 2807 3083 quam
2837 3009 3084 3072 Christus
3117 3017 3501 3084 reconciliavit,

1927 3080 2104 3154 soluto
2135 3095 2287 3154 muro
2315 3097 2472 3154 quem
2519 3080 2679 3140 inter'
2703 3101 2794 3154 eas
2846 3098 3062 3154 peccata
3113 3096 3416 3151 erexerant,
3448 3080 3504 3142 et

1932 3149 2115 3203 multis
2138 3151 2257 3226 aliis
2287 3149 2459 3206 modis
2501 3164 2674 3223 potest
2703 3149 2942 3209 Christus
2973 3157 3221 3226 paciﬁeus
3266 3149 3503 3225 ostendi,

1931 3235 2037 3298 uoti
2061 3221 2356 3298 secundum
2379 3221 2711 3298 eam‘pacem
2741 3241 2897 3292 quam
2925 3221 3156 3282 mundus
3203 3226 3396 3298 qumrit
3451 3221 3505 3283 et

1929 3290 2152 3367 diligitL
2165 3291 2258 3367 sed
2284 3290 2575 3367 secundum
2602 3310 2718 3348 eam
2752 3290 2934 3366 pacem
2963 3298 3032 3352 de
3085 3311 3188 3367 qua
3221 3290 3502 3366 'propheta

1928 3359 2075 3438 dicit,
2108 3359 2254 3415 Dabo
2284 3364 2419 3417 vobis
2449 3367 2687 3438 solatium
2707 3359 2896 3430 verum,
2927 3359 3270 3438 pacem-super
3301 3359 3498 3436 pacem,

1927 3433 2140 3507 scilicet
2169 3448 2331 3507 super
2359 3436 2804 3491 reconciliationis
2839 3433 3020 3507 pacein
3067 3433 3502 3495 immortalitatis.

1928 3502 2080 3579 Quod
2106 3513 2283 3579 autem
2315 3505 2365 3558 in
2399 3507 2501 3579 hoc
2541 3508 2745 3576 psalmo
2776 3502 3033 3578 propheta
3074 3510 3146 3564 ita
3169 3517 3354 3579 aperte
3401 3525 3497 3564 es-

1966 3574 2078 3646 ouit
2106 3575 2368 3646 occultum
2397 3577 2512 3646 ejus
2542 3574 2846 3633 adventum
2878 3574 2929 3635 ει
2963 3574 3301 3635 manilestum
3334 3596 3348 3633 ε
3396 3581 3498 3636 hoc

1950 3645 2056 3698 'acit
2077 3644 2143 3720 ad
2166 3644 2583 3720 convincendam
2623 3650 2872 3704 duritiam
2916 3651 3057 3705 illius
3103 3650 3305 3720 populi,
3335 3666 3493 3720 quem

1927 3730 2022 3784 per
2057 3715 2299 3790 spiritum
2331 3715 2699 3788 propheticum
2732 3724 3006 3790 praevenit,
3037 3715 3492 3776 coiitradictiirum

1926 3787 2102 3862 omnia
2127 3787 2212 3840 illa
2242 3804 2361 3856 quae
2390 3787 2458 3844 de
2488 3805 2551 3844 eo
2580 3793 2631 3845 iii
2663 3787 2775 3861 lege
2805 3803 2857 3845 et
2889 3793 3161 3862 prolilietis
3199 3802 3252 3846 et
3281 3792 3498 3862 psalmis

1925 3859 2120 3924 scripta
2141 3871 2325 3932 erant,
2357 3871 2408 3932 et
2438 3872 2492 3914 ut
2518 3859 2828 3922 exliortetur
2878 3859 3000 3928 eos,
3025 3874 3081 3917 ut
3123 3863 3201 3917 sic
3231 3859 3494 3932 recogno-

1925 3939 2076 3982 scant
2105 3928 2218 3997 ejus
2249 3931 2512 3985 occultum
2546 3937 2851 3998 adventum,
2882 3951 2949 3989 ne
2979 3936 3189 3988 tandem
3215 3928 3499 4002 experian-

1927 4001 2398 4075 turmanil'esiuin,
2425 4013 2477 4075 et
2502 4005 2718 4059 dicitita
2747 4022 2759 4056 :
2794 4003 2952 4074 Deus,
2986 4006 3052 4056 da
3067 4001 3322 4075 judicium
3351 4013 3496 4057 tuum

1924 4073 2050 4138 regi.
2108 4073 2260 4138 Quod
2303 4073 2632 4127 estdicere:
2668 4075 2890 4128 Domine
2942 4073 3114 4141 pater,
3165 4075 3306 4128 mitte
3348 4074 3497 4127 illum

1923 4156 2070 4210 quem
2093 4145 2340 4196 missurus
2361 4158 2432 4206 es,
2459 4154 2515 4196 ut
2537 4156 2804 4212 assumpta
2835 4145 3060 4198 humana
3090 4153 3275 4198 natura
3297 4144 3392 4198 des
3414 4143 3490 4198 illi

1924 4214 2034 4284 regi
2057 4213 2313 4282 judicium
2341 4223 2510 4278 tuum,
2544 4214 2595 4268 id
2627 4225 2726 4280 est,
2752 4214 3011 4284 judicium
3042 4225 3246 4269 certum
3287 4225 3342 4268 et
3372 4229 3494 4281 pro-

1922 4282 2125 4356 vidum,
2153 4284 2292 4356 quod
2319 4285 2523 4356 scilicet
2570 4285 2680 4340 falli
2728 4282 2832 4340 non
2881 4295 3055 4356 potest
3103 4295 3160 4339 ut
3205 4286 3494 4341 humanum

1854 4409 1864 4418 ,
1917 4350 2575 4428 juiliciuiii._l’aier_euim
2605 4372 2725 4428 non
2765 4350 2970 4428 judicat
3023 4372 3366 4427 quemquam,
3398 4357 3493 4410 sed

1923 4431 2080 4496 'oinnc
2101 4422 2360 4493 judicium
2379 4423 2536 4496 dedit
2581 4422 2899 4496 Filio,'quia
2930 4422 3094 4482 Filius
3123 4422 3359 4484 hominis
3384 4437 3487 4482 est.

1846 4487 1898 4550 Β
1925 4487 2138 4569 Esips'a
2181 4497 2320 4569 enim
2373 4495 2700 4552 humanitate
2732 4487 2906 4554 'babet
2947 4499 3193 4554 Christus
3231 4498 3489 4569 judicare,

1925 4564 2045 4638 quia
2078 4580 2244 4618 novus
2276 4567 2434 4638 homo
2466 4582 2600 4621 nova
2632 4577 2894 4638 praecepta
2918 4570 3066 4625 dedit
3113 4564 3326 4623 muii'do.
3363 4564 3492 4635 Quae

1923 4635 2013 4704 qui
2046 4640 2394 4710 servaverint,
2421 4636 2477 4691 in
2509 4635 2706 4694 bunum
2729 4635 3128 4710 judicabantur,
3155 4641 3244 4710 qui
3273 4654 3400 4694 vero
3427 4653 3489 4692 ea

1923 4706 2361 4779 contempserint,
2387 4709 2439 4760 in
2469 4711 2687 4766 malum.
2730 4706 2812 4766 Ἐι
2850 4711 3005 4765 valde
3056 4706 3256 4779 justum
3303 4718 3405 4773 est,
3435 4719 3492 4763 ut

1922 4777 2202 4856 quiliuuio
2252 4779 2817 4856 lactus_est_propter
2867 4777 3129 4847 homines,
3179 4781 3292 4856 ipse
3331 4782 3488 4837 etiam

1919 4845 2122 4924 judicet
2149 4848 2406 4924 homines.
2431 4845 2678 4924 Sequitur
2704 4845 2720 4907 Ξ

1997 4916 2062 4994 Et
2084 4920 2339 4994 justitiam
2362 4929 2502 4973 tuam
2519 4916 2637 4994 ﬁlio
2662 4923 2814 4994 regis.
2834 4922 2966 4978 Aliis
2992 4921 3166 4977 verbis
3185 4921 3327 4994 idem
3350 4920 3490 4994 quod

1962 4990 2071 5042 rius
2100 4989 2253 5063 diuit,
2282 4994 2492 5060 repetit.
2518 4990 2658 5046 Idem
2683 4989 2824 5047 enim
2851 5009 2940 5048 rex
2972 5003 3072 5063 est,
3097 4993 3303 5048 etlilius
3326 4989 3486 5059 regis.

1962 5004 2071 5042 rtus
2100 5001 2253 5056 umt,
2282 5001 2492 5060 repetit.
2518 5001 2658 5046 Idem
2683 5001 2824 5047 enim
2851 5009 2940 5048 rex
2972 5003 3072 5063 est,
3097 5003 3151 5048 et
3167 5001 3303 5046 [ilius
3326 5001 3485 5059 regis.

1924 5001 2037 5113 Rex
2065 5060 2274 5128 quidem
2304 5072 2386 5114 est
2406 5064 2695 5115 secundum
2732 5065 3138 5130 humanitatem,
3172 5064 3308 5117 lilius
3356 5077 3485 5118 vero

1924 5131 2065 5199 regis
2118 5140 2200 5185 est
2243 5131 2530 5187 secundum
2575 5133 2925 5189 divinitatem.
2955 5133 3023 5188 Et
3053 5150 3171 5188 cum
3200 5134 3329 5187 dicit
3362 5149 3374 5184 :
3412 5130 3489 5186 Da

1919 5201 2172 5285 justitiam
2202 5212 2340 5285 tuam
2370 5203 2478 5272 ﬁlio
2505 5204 2816 5285 regis,_idem
2847 5214 2928 5260 est
2950 5219 3011 5258 ac
3037 5205 3082 5259 si
3109 5204 3287 5270 dicat,
3318 5203 3393 5285 Da
3412 5274 3421 5285 _
3441 5205 3486 5257 ci

1923 5271 2389 5342 justumjudiciuin
2425 5271 2592 5328 tuum.
2617 5271 2763 5329 Nec
2788 5289 3132 5344 supervacua
3165 5285 3288 5330 sunt
3335 5274 3490 5343 hujus

1925 5345 2067 5397 modi
2099 5345 2456 5411 repetitiones,
2473 5345 2590 5412 quia
2615 5346 2832 5400 multum
2863 5355 3082 5400 ornatur
3111 5346 3352 5401 divinum
3376 5347 3484 5400 elo-

1925 5416 2130 5486 quium,
2149 5424 2201 5470 et
2231 5415 2544 5487 necessaria:
2564 5426 2686 5469 sunt
2707 5417 2758 5470 in
2788 5415 3097 5487 psaluiis,et
3119 5419 3170 5471 in
3199 5432 3263 5471 eo
3292 5431 3486 5487 genere

1926 5500 2219 5550 sermones,
2249 5501 2351 5554 quo
2377 5486 2722 5541 concitandus
2747 5497 2828 5542 est
2851 5486 3071 5542 allectus
3097 5487 3278 5544 animi.

1995 5559 2238 5632 .ludi'cttrc
2266 5557 2506 5632 populum
2535 5567 2694 5632 tuum.
2729 5555 3086 5632 Da,_inquam_,
3114 5560 3218 5632 regi
3229 5559 3487 5632 judicium

1925 5638 2087 5697 tuum,
2119 5629 2572 5704 sc_iliCctju_dic_are
2601 5630 2719 5698 (pro
2741 5631 2806 5704 ad
2822 5629 3187 5704 judicanduut)
3227 5629 3488 5704 fpopulum

1926 5713 2090 5768 tuum,
2133 5702 2183 5756 id
2215 5707 2318 5767 est,
2346 5698 2412 5753 ad
2441 5699 2848 5755 discernendum
2879 5715 3004 5772 oves
3031 5700 3098 5755 ab
3127 5698 3375 5759 hindis‘in
3393 5702 3486 5772 ju-

1925 5776 2083 5831 stitia.
2115 5774 2180 5832 Et
2208 5784 2341 5843 quos
2372 5781 2526 5835 vocet
2554 5771 2804 5860 pOpulum
2856 5770 2998 5858 eius,
3027 5772 3346 5834 determinat
3395 5770 3484 5828 tli-
