3984 6362
500 339 601 390 8(35

968 330 1166 387 BEDAE
1208 320 1660 383 VENERABILIS
1696 318 1843 376 OPP.
1888 314 2062 371 PARS

2208 309 2397 369 SEC'I‘.
2439 311 2505 365 ll.
2543 337 2615 353 -
2653 308 2860 367 DUBIA
2898 308 2987 364 ET
3025 308 3297 368 SPURIA.

3628 314 3733 371 864

496 468 623 510 cens
656 472 667 506 =
714 452 777 506 Et
799 450 1037 521 iudicare
1059 460 1303 521 Pauper“
1330 442 1520 521 "mf"
1540 436 1760 521 i“4?“°-
1792 433 2052 521 ἓμεξὲείξιεη
2078 431 2134 491 Α
2157 435 2279 521 [9'31
2289 425 2853 521 .ί.¹Ξη⁰²ἷ¹ἷΡ,³ῙῙ⁰;¹3ἷΞ..⁵¹ἔΞξ
2870 425 3225 521 δέείὶὶῗθΞΗΡῙέ
3252 426 3735 521 ,Ἶῖεὲἑιθέὶθῗνςὲ

496 506 819 591 simpliciter:
847 506 1092 591 positum,
1124 506 1180 571 ui
1220 515 1407 591 beatus
1432 506 1759 591 Augustinus
1782 506 2056 591 dicitnpr‘o

494 574 863 664 ius-to'judicid
896 574 1160 664 accipiiur
1211 574 1627 664 ut_hic.__Quod
1677 574 2059 664 autetno‘dicitg,

501 653 762 735 'Pnupires
785 672 915 724 tuos,
948 660 1011 711 ad
1024 653 1543 735 'diﬁ'erentiamndicit
1570 670 1583 704 :
1608 653 1734 735 quia
1750 734 1755 735 γ
1772 656 1911 735 sunt

499 724 632 791 dam'
651 744 908 801 pauperes
937 743 1043 783 non
1069 727 1277 801 sui,‘i_lli
1308 724 1506 779 scilicet
1531 724 1623 792 qui
1651 728 1705 801 et
1741 724 1785 772 si
1826 724 2062 801 exterius

503 816 624 860 sunt
654 796 930 871 pauperes,
964 814 1055 869 per
1079 797 1425 867 cupiditatem
1450 802 1625 849 tamen
1650 796 1703 845 in
1730 797 1909 845 mente
1938 796 2063 842 sunt

496 877 705 931 divites.
1289 937 1301 942 Α
1353 936 1384 942 __
1593 935 1632 942 _
1752 938 1761 942 ,
1975 930 1987 942 .

570 930 862 1013 Suscipiunt
896 950 1112 1017 montes.
1143 937 1302 1017 Quasi
1334 936 1477 990 dicat
1522 953 1545 1017 :7
1593 935 1680 1017 Et.
1704 938 1775 1017 _ut
1798 944 1937 1017 rex,
1962 930 2063 1017 ille

495 1016 693 1083 judicet
722 1004 994 1081 'populum
1028 1004 1205 1077 tuum',
1239 1010 1358 1063 ideo
1407 1016 1635 1089 montes,
1666 1004 1718 1085 id
1758 1004 2065 1089 ers_t,_san9cti

498 1082 722 1154 apostoli
754 1086 843 1155 qui
882 1092 1005 1136 sunt
1035 1092 1261 1155 montes,
1287 1082 1565 1155 sanctitate
1596 1082 1915 1155 eminentes,
1938 1088 2061 1155 (vir-

500 1142 612 1210 tute
641 1142 1016 1223 prapollentes
1050 1172 1061 1205 :
1091 1142 1460 1223 sicoloquendo
1489 1156 1668 1223 nuper
1695 1160 1790 1223 eos
1816 1142 1908 1223 alii
1935 1142 2062 1196 ﬁde-

499 1225 621 1279 liter
642 1217 987 1286 instruantur,
1012 1224 1088 1278 sic
1132 1217 1359 1277 vivendo
1402 1230 1459 1271 ttt
1486 1218 1574 1271 alii
1631 1217 2064 1291 salubritt-rmeos

500 1296 803 1359 imitentur;
832 1296 926 1358 illi,
946 1284 1177 1368 inquam,
1200 1301 1393 1368 montes
1409 1291 1902 1368 suscipiantpocem,
1920 1284 2060 1368 illam

499 1367 699 1422 scilicet
747 1354 927 1433 pacem
954 1354 1028 1419 de'
1047 1380 1148 1432 qua
1166 1354 1460 1433 'Apostolns
1490 1354 1621 1411 dicit
1650 1376 1661 1410 :
1695 1354 1879 1409 Christi
1917 1354 2062 1433 lego-

499 1438 632 1490 tione
655 1426 935 1505 fungimur,
968 1426 1205 1505 tanquam
1228 1426 1341 1486 'Deo
1372 1430 1668 1505 exhortante
1692 1444 1780 1505 per
1824 1441 1933 1505 nos,
1964 1426 2063 1477 ob-

499 1496 854 1561 secramusvvos
886 1496 978 1576 pro
1006 1496 1229 1569 Christo,
1260 1499 1657 1580 reconciliamini
1688 1498 1811 1577 Deo,
1838 1496 1936 1548 hoc
1959 1507 2058 1580 est,

498 1579 790 1649 suscipiant
846 1567 1293 1649 pimdiralioneg
1328 1568 1773 1649 reconciliatioiiis
1811 1567 2018 1649 .populo
2044 1606 2060 1631 ,

499 1638 746 1718 subaudit
768 1638 1203 1718 annuntiandam.
1238 1643 1305 1699 Ut
1329 1643 1571 1718 quiaure
1595 1638 2058 1718 audiendiaudie-

497 1716 623 1779 rint,
643 1718 945 1786 jndicentnr
979 1718 1029 1771 in
1067 1716 1261 1769 bonum
1294 1707 1429 1786 :_qt_ti
1458 1724 1595 1786 vero
1628 1724 1736 1786 non
1770 1707 2055 1786 audierint,

2161 513 2374 553 manum
2397 512 2555 566 super
2582 495 2855 561 illum,ubi
2886 496 3014 551 nihil
3056 495 3211 551 suum
3252 498 3478 565 invenit,
3502 500 3635 557 alios
3677 503 3733 557 in

2161 568 2455 638 quibusjns
2481 568 2707 638 habebat
2726 568 2951 621 amittet.
2986 566 3053 621 Et
3082 570 3258 624 salvos
3284 568 3531 625 faciendo
3582 587 3733 637 suos,

2160 637 2215 695 et
2242 639 2673 693 calumniatorem
2699 637 3024 692 humiliando
3048 640 3352 704 permanebit
3378 656 3491 694 cum
3531 643 3656 706 sale,
3678 644 3734 698 id

2161 710 2487 780 estquantliu
2510 708 2869 780 solorieturet
2890 707 3117 776 occidet,
3134 710 3183 763 id
3206 718 3289 765 est
3307 712 3452 765 omni
3472 722 3730 780 tempore.

2164 779 2233 833 Et
2270 780 2515 833 nimirum
2562 779 2607 833 si
2655 781 2961 847 permanebit
3005 795 3121 832 cum
3162 781 3289 840 sole,
3313 782 3436 849 quia
3481 779 3732 840 est’ante

2165 850 2359 924 lunam,
2392 851 2440 903 id
2471 861 2574 917 est,
2600 860 2729 924 ante
2758 852 2936 924 onmia
2967 860 3224 924 tempora.
3258 850 3517 924 Similiter
3545 864 3731 924 posset

2163 920 2340 975 dicere
2385 932 2508 976 ante
2534 920 2719 984 solem,
2768 919 2860 972 sed
2906 922 3074 988 gratia
3106 922 3341 975 variandi
3382 919 3680 979 orationem
3714 944 3726 979 :

2165 992 2287 1060 quia
2329 994 2471 1059 prius
2506 992 2672 1045 solem
2707 1000 2975 1057 posuerat,
3021 991 3104 1045 hic
3144 991 3318 1046 lunam
3350 993 3557 1059 posuit;
3605 1010 3728 1061 per-

2166 1062 2416 1133 manebit,
2446 1064 2678 1131 inquam,
2703 1077 2796 1133 ens
2822 1062 2874 1113 in
2900 1062 3221 1133 generatione
3250 1073 3297 1115 et
3323 1066 3721 1133 generationem,

2166 1132 2217 1203 id
2260 1143 2359 1203 est,
2404 1134 2453 1186 in
2500 1132 2746 1198 praesenti
2784 1131 3151 1203 generatione,
3200 1134 3285 1186 ubi
3327 1131 3412 1187 est
3453 1139 3729 1203 generatio

2166 1201 2447 1277 decedens,
2481 1212 2535 1257 et
2560 1202 2832 1271 generatio
2857 1202 3175 1269 succedens,
3223 1213 3276 1257 et
3304 1204 3381 1259 sic
3411 1201 3597 1259 minue
3630 1221 3724 1277 ge-

2172 1283 2497 1327 nerattones.

2244 1340 2510 1395 Descendet
2534 1344 2660 1396 sicut
2696 1344 2886 1411 pluvia.
2912 1341 3094 1414 Salvos
3122 1343 3293 1410 faciet,
3323 1344 3562 1414 inquam,
3595 1348 3731 1413 ﬁlios

2168 1430 2466 1482 pauperum.
2520 1414 2581 1466 Et
2623 1423 2679 1465 ut
2721 1414 2896 1466 salvos
2936 1412 3093 1465 faciat
3132 1428 3245 1477 eos,
3288 1412 3558 1469 descendet
3598 1412 3732 1470 sicut

2166 1485 2335 1551 pluvia
2365 1486 2413 1537 in
2442 1482 2617 1547 vellus,
2654 1483 2704 1536 id
2757 1495 2859 1545 est,
2897 1493 3143 1536 nascetur
3170 1485 3236 1536 de
3270 1486 3591 1540 intemerata
3624 1490 3729 1542 vir-

2164 1556 2304 1622 gine.
2334 1554 2482 1609 Sicut
2507 1556 2647 1607 enim
2678 1554 2847 1619 pluvia
2878 1562 3119 1622 penetrat
3141 1554 3331 1619 vellus,
3356 1565 3412 1609 et
3436 1559 3581 1610 cadit
3612 1560 3733 1615 inde

2166 1626 2279 1678 sine
2313 1625 2567 1678 villorum‘
2588 1625 2763 1691 aliqua
2792 1623 3085 1689 scissione;
3124 1624 3201 1678 sic
3231 1638 3282 1679 et
3314 1626 3577 1680 Dominus
3610 1639 3727 1683 ute-

2166 1710 2281 1747 rum
2310 1696 2526 1770 virginis
2557 1695 2773 1749 intravit
2814 1704 2867 1749 et
2908 1695 3076 1749 exivit
3115 1697 3231 1749 sine
3270 1695 3373 1751 ulla
3405 1699 3734 1770 integritatis

499 1766 1091 1849 iiiiiiat‘tiiiii'is'iioiiésj
1110 1766 1597 1849 rid—esit,vitil’eriores
1628 1781 1696 1831 ita
1729 1794 1785 1831 se
1817 1766 2055 1849 adﬁipsos'
2086 1785 2134 1844 Β
2162 1766 2523 1849 οοτεμρξίυηθτ

500 1857 775 1929 habentes,
809 1859 947 1913 sicut
973 1856 1226 1929 collesiatl
1264 1848 1491 1929 montes,
1518 1859 1575 1904 ut
1605 1850 1771 1929 Lucas
1797 1857 1850 1901 et
1879 1848 2059 1929 Timo-

498 1927 653 1981 theus
681 1930 744 2002 ad
764 1920 1005 1991 Paulum,
1020 1923 1576 2002 suscipiantjustittam
1601 1962 1615 1985 ,
1630 1920 1863 2002 scilicet,
1883 1927 1939 1972 ut
1965 1932 2060 2002 per

498 2010 647 2073 suam
664 1996 1338 2073 obtemperentauctoritati
1353 1994 2055 2073 illqrttm,_sicutittstumest.

499 2067 666 2141 l_p_sam
697 2059 1221 2141 enim'obedientiam
1252 2074 1404 2119 vocat
1428 2062 1716 2141 justitiam;
1737 2059 1829 2141 Vel
1859 2060 2013 2141 aliter
2039 2075 2057 2116 :

499 2130 721 2203 Montes,
746 2139 794 2194 id
826 2148 927 2204 est,
962 2137 1161 2207 praelati
1186 2148 1237 2191 et
1266 2130 1568 2207 superiores
1594 2133 1645 2186 in
1670 2130 1914 2207 Ecclesia
1945 2146 2060 2207 sus-_-

496 2210 688 2278 cipiunt
709 2201 880 2275 pacem
900 2201 1310 2283 et'concordiatn
1338 2201 1635 2283 iaciendum
1667 2204 1719 2257 in
1752 2203 1949 2283 mundo
1968 2201 2059 2283 .vel

498 2275 555 2352 in
577 2280 783 2352 populo.
814 2281 1038 2335 Maxime
1064 2283 1204 2352 enim
1234 2279 1299 2332 ad
1357 2275 1601 2352 praelatos
1651 2275 1897 2352 pertinet.
1931 2275 2062 2339 vigi-

498 2344 624 2425 lanti
643 2344 953 2425 attentione
972 2351 1251 2425 c_on_sulere
1275 2344 1413 2417 paCi,
1445 2345 1497 2399 id
1524 2352 1623 2425 est,
1650 2344 1970 2425 concordiae,
1994 2356 2062 2425 ne

496 2420 779 2475 schismata
806 2422 947 2477 liant.
982 2422 1047 2475 Et
1073 2421 1192 2475 ideo
1243 2426 1435 2472 montes
1480 2420 1757 2481 suscipiant
1805 2428 1977 2479 pacem
2013 2421 2062 2465 et

496 2492 648 2545 colles
668 2494 974 2560 suscipiant,
999 2492 1050 2545 id
1073 2500 1173 2556 est,
1199 2489 1478 2560 inferiores
1507 2482 1803 2539 ohedicndo
1826 2497 2058 2553 sequan-

497 2559 973 2637 tur_auctoritatem
1005 2562 1234 2624 illorum,
1266 2559 1749 2637 sicutnjustunrest.
1821 2625 1831 2636 .
1895 2624 1925 2637 μ
1962 2624 1973 2637 .

567 2630 825 2707 {udicabit
878 2649 1120 2707 pauperes
1160 2626 1497 2707 populi.mDa,
1535 2624 1769 2707 inquam,
1793 2624 2060 2707 judicium

497 2703 624 2771 regi,
647 2712 701 2756 et
739 2719 861 2758 vere
878 2695 1072 2767 'daliis;
1124 2695 1337 2772 qui-rex
1366 2698 1453 2753 ille
1477 2698 1683 2750 tandem
1706 2695 1974 2772 judicabit,
2009 2697 2060 2772 id

498 2766 598 2847 est,
626 2773 892 2847 discernet
912 2776 977 2847 ad
1023 2766 1230 2847 bonum
1262 2766 1818 2847 verospauperesoflc
1865 2767 2059 2847 populo

462 2844 467 2851 ’
502 2835 787 2917 primitivo,
814 2854 867 2897 et
886 2845 1005 2917 quia
1034 2845 1190 2917 etiam
1211 2835 1471 2917 jndicabit
1509 2839 1698 2917 malos,
1724 2835 1841 2890 ideo
1860 2837 2060 2917 .deter-

501 2908 668 2965 ininat
713 2908 980 2987 quomodo
1032 2914 1160 2987 istos
1203 2908 1703 2987 judicabit,dicens
1736 2922 1749 2958 :
1784 2908 1908 2987 quia
1953 2922 2058 2987 non

500 2978 890 3057 tantumsalvos
912 2988 1060 3054 faciet
1091 2978 1216 3037 illos
1236 2982 1439 3050 priores
1464 2993 1750 3057 pauperes,
1780 2978 2058 3057 sedetiam

499 3054 657 3121 ﬁlios,
703 3051 753 3107 id
802 3064 881 3108 est
900 3047 922 3121 ,'
948 3047 1290 3123 quoscunque
1320 3047 1478 3123 veros
1517 3048 1808 3123 imitatores
1851 3047 2057 3123 illorum

2235 1834 2303 1888 Et
2327 1836 2455 1889 sicut
2483 1836 2740 1890 stillicidia
2770 1836 3016 1907 stillantia
3045 1854 3194 1907 super
3224 1846 3436 1891 terram.
3471 1837 3621 1893 Idem
3653 1840 3735 1895 di-

2160 1906 2231 1961 cit
2261 1921 2353 1974 per
2385 1908 2541 1959 aliam
2573 1906 2992 1962 similitudinem.
3022 1906 3169 1962 Sicut
3195 1910 3335 1962 enim
3369 1910 3508 1962 lenis
3540 1911 3731 1977 pluvia:

2159 1987 2319 2045 gutta:
2364 1977 2635 2030 stillantur
2664 1993 2823 2045 super
2851 1988 3044 2032 terram
3074 1980 3280 2032 occulte
3306 1995 3320 2031 :
3365 1979 3440 2032 ita
3474 1980 3734 2036 Dominus

2161 2057 2317 2101 natus
2358 2056 2438 2101 est
2471 2048 2536 2101 de
2568 2046 2772 2117 virgine
2803 2049 2917 2101 sine
2947 2050 3169 2118 strepitu
3212 2050 3472 2104 maritalis
3500 2056 3730 2119 copulat.

2161 2119 2329 2172 Aliter
2358 2132 2567 2187 quoque
2594 2120 2639 2172 si
2672 2119 2739 2172 ad
2769 2120 3041 2173 historiam
3075 2121 3441 2186 restticiamus.
3487 2122 3569 2175 Eo
3595 2127 3733 2179 enim

2162 2196 2401 2255 tempore
2442 2204 2548 2260 quo
2577 2188 2831 2243 Dominus
2875 2204 2968 2257 per
3005 2191 3213 2259 judices
3256 2192 3513 2257 populum
3566 2197 3731 2260 rexit,

2163 2261 2411 2326 przecepit
2441 2258 2707 2332 Gedeoni,
2756 2269 2809 2332 ut
2854 2258 3037 2313 contra
3081 2260 3393 2332 Madianitas
3439 2258 3728 2332 pugnaret,

2163 2332 2478 2397 promittens
2519 2332 2567 2383 ei
2600 2330 2874 2383 victoriam
2905 2348 2916 2381 :
2964 2331 3053 2384 ille
3083 2347 3209 2385 vero
3240 2331 3424 2385 volens
3460 2335 3585 2387 lieri
3634 2330 3729 2390 sibi

2164 2400 2985 2475 promissionis__cet~titudinem.
3040 2400 3304 2475 in_nocte
3350 2404 3523 2475 vellus
3582 2419 3734 2475 super

2163 2484 2338 2523 aream
2367 2470 2633 2535 extendit,
2679 2479 2733 2523 et
2778 2472 2922 2539 petiit
2962 2476 3059 2525 hoc
3089 2472 3299 2541 signum
3331 2472 3432 2525 sibi
3468 2474 3592 2527 dari
3623 2470 3665 2527 ς’
3686 2488 3733 2531 ut

2161 2542 2329 2594 vellus
2355 2542 2767 2608 complueretur,
2790 2551 2841 2594 et
2861 2557 2983 2595 area
3007 2543 3146 2595 sicca
3170 2552 3429 2609 maneret,
3456 2557 3512 2598 et
3543 2546 3731 2601 laetum

2162 2620 2243 2663 est
2268 2615 2358 2665 ita.
2410 2612 2661 2678 Sequenti
2685 2612 2845 2665 etiam
2875 2626 3032 2667 nocte
3070 2612 3210 2667 idem
3252 2613 3418 2667 vellus
3459 2620 3729 2683 extendit,

2162 2689 2216 2735 et
2245 2684 2393 2749 petiit
2426 2692 2479 2734 ut
2507 2682 2707 2735 siccum
2734 2683 2901 2736 vellus
2932 2694 3191 2750 maneret,
3216 2694 3269 2737 et
3298 2700 3420 2737 area
3455 2682 3733 2753 complue;

2162 2758 2331 2816 rctnr‘,
2358 2755 2458 2806 hoc
2482 2766 2692 2820 quoque
2722 2754 2771 2805 ci
2798 2754 3141 2808 commissum
3168 2763 3269 2818 est,
3292 2764 3348 2809 et
3371 2756 3453 2810 sic
3481 2756 3554 2810 de
3579 2758 3734 2813 victo-

2164 2825 2238 2876 ria
2267 2832 2446 2877 certus
2473 2828 2640 2895 lactus
2668 2834 2769 2877 est.
2813 2824 2913 2877 Per
2943 2826 3113 2879 vellus
3141 2825 3452 2895 designatur
3482 2826 3731 2886 Judaictts

2163 2895 2407 2962 populus,
2453 2894 2591 2962 quod
2634 2895 2771 2947 sicut
2800 2896 2967 2949 vellus
3008 2898 3074 2949 ab
3120 2912 3218 2951 ove
3259 2894 3546 2953 aufertur:
3595 2900 3663 2953 ita
3695 2915 3724 2956 ι

2165 2969 2277 3031 lege
2317 2975 2369 3018 et
2410 2966 2576 3033 gloria
2621 2965 2720 3019 loci
2762 2974 2814 3020 et
2852 2968 3023 3033 gentis
3053 2977 3167 3019 erat
3209 2968 3619 3033 exstirpandus.
3668 2971 3726 3027 Et

2164 3035 2415 3110 Dominus
2442 3037 2714 3110 descendit
2746 3038 2936 3110 primo,
2961 3038 3088 3090 sicut
3114 3038 3284 3106 pluvia
3311 3040 3362 3091 in
3388 3040 3557 3110 uellus
3579 3057 3599 3094 :
3618 3044 3731 3110 quia

501 3107 768 3192 pauperes,
803 3107 1161 3179 iaciet'salvos
1183 3107 1524 3184 aiternaliter,
1558 3127 1603 3172 et
1631 3118 1748 3200 ideo
1777 3116 2060 3200 [εςιιτιίιξαῡει
2092 3137 2138 3200 C
2172 3108 2314 3200 prius
2339 3107 2608 3200 99393391
2619 3107 3084 3200 illul?flgiti???”
3098 3109 3560 3200 §I;a_li:'*lj<}f[9d_ilf
3581 3198 3590 3200 _
3608 3107 3731 3200 little

498 3186 934 3251 calumniatorem.
972 3194 1418 3251 Calumniatorem
1449 3198 1601 3244 vocat
1651 3188 1735 3242 hic
1774 3186 2063 3258 diabolum,

501 3264 592 3340 qui
634 3263 986 3340 fraudulentia
1027 3275 1079 3320 et
1104 3264 1339 3333 nequitia
1370 3276 1463 3340 sua
1490 3262 1907 3340 nititutisemper
1936 3275 2068 3313 con-

501 3330 749 3403 fringere,
782 3336 919 3392 unde
942 3337 1130 3391 fratres
1153 3330 1385 3390 accuset.
1421 3331 1573 3387 Unde
1620 3330 1744 3383 alibi
1766 3330 1961 3384 dicitur
1982 3346 2071 3386 ac-

503 3414 717 3459 cusator
739 3406 985 3471 fratrum,
1006 3418 1057 3462 et
1082 3407 1169 3475 qui
1196 3406 1425 3475 maxime
1445 3403 1589 3457 dolet
1605 3415 1815 3456 causam
1835 3411 2068 3457 nostram

498 3488 619 3545 esse
647 3476 1035 3545 apudjudicem
1080 3473 1187 3530 tam
1235 3473 1511 3545 providum
1557 3483 1715 3541 atque
1764 3475 2067 3541 benignum.

501 3543 601 3611 Qui
649 3560 774 3600 vere
808 3543 945 3601 tunc
990 3543 1376 3611 humiliabitur,
1406 3544 1528 3614 quia
1577 3545 1823 3609 ahSOrpta
1874 3554 2068 3609 morte,

499 3616 707 3683 quando
736 3617 960 3683 amplius
986 3628 1201 3687 peccato
1227 3631 1330 3671 non
1358 3614 1461 3670 erit
1503 3614 1673 3681 locus,
1706 3623 1828 3667 tunc
1877 3615 2071 3682 peribit

495 3693 728 3756 potestas
760 3687 896 3756 ejus.

568 3754 635 3806 Et
660 3753 964 3821 permanebit
986 3774 1101 3811 cum
1126 3757 1250 3810 sole.
1295 3755 1362 3808 Et
1390 3753 1693 3820 humiliabit,
1726 3756 1957 3825 inquam,
1984 3772 2070 3809 ca-

501 3826 876 3890 lumniatorem,
901 3838 954 3882 et
982 3829 1071 3883 illo
1101 3825 1380 3881 humiliato
1407 3840 1524 3880 cum
1552 3826 1823 3879 tradiderit
1847 3841 2067 3893 regnum

502 3895 612 3967 Deo
642 3905 696 3949 el.
722 3896 885 3965 Patri,
921 3908 1045 3951 tunc
1074 3894 1381 3967 permanebit
1411 3895 1750 3967 mlernaliter
1780 3912 1895 3947 cum
1942 3899 2065 3963 sole,

498 3966 549 4019 id
583 3977 683 4029 est,
717 3982 836 4022 cum
867 3966 1083 4037 paterna
1113 3968 1380 4037 claritate;
1414 3976 1458 4018 et
1489 3966 1959 4037 permanebitonte
1988 3969 2069 4019 lu-

498 4051 636 4100 nant,
661 4037 711 4091 id
741 4048 844 4101 est,
869 4035 919 4093 in
951 4046 1234 4105 conspectu
1259 4036 1512 4091 Ecclesiae
1534 4076 1547 4098 ,
1576 4044 1631 4088 ut
1658 4036 1779 4089 inde
1830 4035 2068 4092 Ecclesia

497 4120 557 4161 se
588 4106 792 4162 reﬁciat
821 4110 948 4175 illic,
981 4111 1117 4164 unde
1146 4109 1230 4161 hic
1260 4107 1489 4162 lucebat.
1540 4106 1741 4158 Lunam
1792 4116 2068 4175 comparat

501 4177 589 4249 hic
617 4178 891 4249 Ecclesiae,
918 4182 1037 4249 quia
1056 4181 1202 4234 sicut
1231 4179 1353 4232 luna
1401 4193 1502 4231 non
1531 4176 1690 4249 habet
1718 4178 1894 4249 lumen
1927 4193 2064 4249 ase,

498 4248 591 4300 sed
621 4246 959 4316 recipil'illud
987 4265 1015 4303 a
1040 4251 1182 4304 sole:
1216 4250 1283 4302 ita
1305 4249 1537 4303 Ecclesia
1562 4248 1730 4300 lucem
1754 4261 1856 4301 non
1883 4246 2063 4315 habet,

497 4317 599 4370 nisi
627 4318 846 4386 recipiat
870 4334 985 4373 eam
1008 4320 1074 4373 ab
1093 4321 1181 4374 illo
1206 4319 1295 4387 qui
1320 4320 1575 4373 illuminat
1592 4333 1788 4370 omnem
1815 4318 2066 4373 hominem

496 4388 769 4441 venientem
793 4389 842 4440 in
874 4388 1006 4442 hunc
1027 4392 1285 4443 mundum.
1311 4394 1438 4442 Ante
1466 4390 1638 4442 lunam
1686 4387 1804 4441 dico
1842 4404 2066 4456 genera-

501 4458 657 4510 tionis
680 4461 1102 4526 generationum,
1128 4460 1176 4513 id
1207 4469 1308 4525 est,
1336 4475 1454 4529 quin
1483 4461 1584 4513 erit
1605 4458 1876 4526 generatio
1916 4474 2063 4513 com-

501 4529 669 4595 posita
723 4544 787 4582 ex
833 4531 1078 4584 omnibus
1122 4531 1587 4599 generattonibus,
1622 4532 1719 4581 hoc
1770 4529 2060 4583 secundum

494 4599 774 4665 quamdam
806 4600 1226 4664 translationem,
1244 4601 1386 4666 juxta
1414 4602 1568 4654 aliam
1592 4614 1718 4651 vero
1741 4599 1902 4664 diCcS,
1920 4600 2061 4669 quod

498 4682 620 4722 vero
649 4672 959 4736 permanebit
988 4682 1105 4724 ante
1133 4671 1306 4723 lunam
1330 4684 1347 4722 :
1378 4671 1499 4741 quia
1541 4670 1873 4741 permanebit
1900 4672 1951 4723 in
1979 4687 2065 4740 ge-

496 4744 752 4793 neratione
775 4751 821 4793 et
841 4745 1229 4807 generationem.
1908 4788 1919 4795 .

566 4807 841 4881 Descendet
869 4813 997 4881 sicut
1021 4814 1188 4881 pluvia
1211 4813 1263 4865 in
1294 4812 1468 4866 vellus.
1514 4811 1673 4878 Quasi
1708 4811 1849 4865 dicat
1901 4831 1911 4864 :
1960 4813 2063 4879 Qui

500 4878 781 4951 siegveniet
808 4878 1452 4951 manifeélejttdicaturus,
1481 4886 1623 4950 prius
1656 4882 1829 4937 veniet
1858 4878 2065 4939 occulte

492 4948 809 5017 judicantlus
847 4968 858 5002 :
890 4954 1011 5020 quia
1052 4948 1311 5006 descendet
1337 4948 1665 5019 sicut—pluvia
1695 4954 1747 5003 in
1796 4954 1974 5018 tellus,
2009 4963 2065 5009 et

499 5029 582 5092 est
603 5020 880 5092 sciendum
904 5023 1043 5091 quod
1072 5024 1123 5076 in
1152 5024 1357 5076 duobus
1378 5023 1798 5092 praacedentibus
1826 5028 2063 5079 versibus

498 5090 565 5164 de
594 5089 770 5164 futuro
792 5089 1095 5164 dictmn,de
1120 5089 1595 5164 praesentiquoquc
1623 5102 1796 5160 potest
1820 5092 1919 5146 dici
1954 5095 2059 5148 sic:

494 5158 754 5215 Dominus
786 5158 1005 5216 tandem
1025 5158 1266 5231 iudicabit
1296 5158 1449 5217 veros
1501 5158 1745 5231 pauperes
1786 5164 1980 5230 ροριιιὶ,
2011 5174 2066 5219 ct

492 5239 654 5284 ctam
712 5232 764 5285 in
810 5236 1063 5302 prmsenti
1107 5233 1816 5302 [acietsalt'osjustilicando,
1844 5244 1896 5285 et
1923 5238 2065 5299 ipsos

491 5313 750 5373 pauperes
770 5312 825 5357 et
846 5304 983 5372 ﬁlios
1008 5304 1372 5373 pauperum,id
1394 5315 1494 5368 est,
1517 5304 1812 5356 imitatores
1833 5304 1936 5355 illo:
1953 5320 2060 5373 uiti,

492 5378 539 5443 et
563 5371 1318 5439 humiliabitcalummatorem;
1349 5376 1466 5443 quia
1487 5374 1631 5428 dabit
1653 5374 1762 5425 suis
1793 5388 1908 5425 eam
1939 5371 2061 5441 graé

496 5442 645 5508 tiam,
680 5451 737 5495 ut
763 5443 902 5499 unde
944 5444 1297 5499 calumniator
1343 5442 1744 5499 machinabatur
1791 5445 2064 5499 criminari

494 5525 589 5585 eos
641 5510 882 5585 scilicet,
918 5518 1057 5585 quod
1105 5531 1209 5569 non
1248 5517 1410 5585 gratis
1440 5518 1675 5585 colerent
1718 5515 1904 5580 Deum,
1930 5525 2068 5568 szcnt

492 5579 705 5656 beatum
728 5584 855 5656 _J_oD,
884 5579 1093 5655 quando
1118 5579 1292 5640 dixit':
1327 5585 1575 5655 Nunquid
1612 5584 1710 5638 Job
1757 5579 1917 5656 gratis
1947 5588 2065 5639 colit

495 5652 699 5726 Deum?
728 5652 877 5709 Unde
906 5652 1081 5724 ponus
1110 5660 1221 5726 ipse
1252 5652 1563 5711 humilietur
1607 5652 1777 5711 victus
1834 5658 1883 5709 in
1944 5659 2063 5723 hoc,

490 5722 612 5797 quia
643 5723 719 5797 illi
748 5722 931 5797 contra
955 5726 1070 5797 ejus
1098 5722 1423 5783 voluntatem
1455 5728 1619 5796 gratis
1650 5730 1828 5783 colunt
1876 5728 2063 5783 Deum.

493 5791 592 5849 Vel
619 5795 798 5854 aliter.
852 5791 1164 5857 Huniiliabit
1191 5791 1606 5856 calumniatore»;
1635 5810 1729 5870 per
1754 5812 2056 5858 sacramen-

2091 4495 2143 4555 ι)

2170 3181 2309 3230 enim
2338 3185 2559 3231 matrem
2586 3180 2682 3230 sibi
2712 3178 2891 3247 elegit,
2916 3180 2966 3231 in
2995 3190 3206 3233 sanctos
3236 3183 3508 3245 apostolos
3534 3198 3734 3238 assum-

2170 3248 2303 3321 psit,
2321 3247 2443 3321 inde
2465 3254 2866 3321 etprtecomum
2893 3250 3226 3319 Evangelicae
3250 3251 3491 3305 veritatis
3519 3255 3731 3321 incepit.

2173 3317 2237 3370 Et
2275 3319 2466 3371 deinde
2507 3320 2783 3392 descendit
2820 3321 2947 3392 sicut
2986 3317 3251 3374 stillicidia
3294 3322 3550 3375 stillantia
3590 3317 3734 3392 super

2171 3397 2390 3453 terram;
2436 3390 2556 3457 quia
2600 3390 3027 3457 prmconantibus
3066 3394 3266 3445 sanctis
3294 3395 3571 3460 apostolis,
3603 3390 3734 3449 con-

2171 3462 2499 3533 tradixerunt
2537 3461 2617 3514 eis
2654 3461 2824 3533 Judaei
2851 3503 2863 3526 ,
2915 3462 3259 3530 prohibentes
3304 3478 3372 3517 ne
3413 3466 3531 3533 quis
3574 3466 3632 3518 in
3673 3481 3733 3521 eo

2171 3534 2386 3584 nomine
2412 3532 2735 3600 loqueretur.
2772 3532 2835 3585 Et
2860 3534 2938 3585 sic
2962 3533 3125 3588 vellus
3150 3534 3349 3588 siccum
3377 3532 3657 3597 remansit.
3680 3548 3727 3592 et

2172 3612 2310 3674 terra
2340 3617 2457 3670 quae
2489 3602 2626 3656 circa
2654 3613 2794 3666 erat,
2840 3604 3104 3674 compluta
3133 3614 3250 3659 est:
3283 3606 3405 3673 quia
3435 3609 3613 3674 gratia
3639 3608 3729 3662 Ju-

2169 3672 2297 3726 daeis
2321 3683 2401 3726 est
2422 3676 2713 3738 subtracta,
2736 3673 2979 3743 gentibus
3003 3684 3085 3729 est
3108 3672 3397 3744 preposita.
3421 3672 3575 3732 Tunc
3597 3681 3731 3733 enim

2168 3745 2337 3797 sancti
2368 3744 2592 3812 apostoli
2624 3745 2674 3797 itt
2702 3760 2838 3797 Viam
2866 3750 3102 3814 gentium
3131 3747 3401 3812 abierunt,
3432 3757 3493 3801 et
3525 3753 3577 3802 in
3608 3751 3731 3803 civi-

2171 3823 2331 3886 tatem
2354 3814 2829 3882 Samaritanorum,
2852 3816 2990 3882 quod
3016 3818 3164 3886 prius
3188 3819 3518 3884 prohibitum
3544 3820 3728 3885 fuerat,

2169 3885 2494 3960 introierunt
2522 3886 2760 3960 dicentes
2785 3904 2799 3939 :
2824 3885 2991 3960 oVobis
3012 3885 3257 3955 fprimum
3284 3890 3561 3960 _oportebat
3602 3892 3731 3960 loqui

2168 3955 2521 4030 verbumJDei,
2564 3958 2650 4009 sed
2680 3958 2918 4027 quoniam
2948 3960 3206 4026 repulistis
3233 3955 3386 4024 illud,
3418 3969 3464 4012 et
3496 3955 3729 4030 indignos

2168 4042 2263 4101 vos
2279 4027 2574 4101 jttdicastis,
2604 4044 2716 4101 ecce
2743 4031 3079 4081 convertimur
3103 4029 3170 4081 uti
3200 4038 3390 4101 gentes.

2241 4097 2504 4170 Urieturiu
2522 4100 2691 4152 diebus
2708 4101 2838 4168 ejus.
2865 4101 3164 4166 Descendit,
3190 4097 3425 4170 inquam,
3453 4100 3727 4169 Dominus,

2166 4176 2219 4222 et
2247 4170 2299 4220 in
2327 4168 2499 4242 diebus
2528 4170 2635 4238 ejus
2658 4172 2884 4242 justitia,
2910 4172 3051 4239 prius
3074 4168 3298 4235 occulta,
3328 4183 3379 4225 ct
3409 4176 3461 4242 in
3493 4174 3612 4242 lege
3629 4168 3730 4230 non

2166 4253 2446 4307 apparens.
2476 4240 2700 4305 Orietur,
2725 4241 2775 4293 id
2800 4255 2901 4307 est,
2931 4242 3373 4296 manilestabilur.‘
3398 4240 3583 4297 Justus
3604 4248 3731 4299 enin

2166 4324 2226 4361 ea:
2251 4310 2351 4377 ﬁde
2380 4310 2531 4373 vivit;
2574 4319 2628 4365 et
2657 4313 2854 4365 orietur
2880 4314 3196 4365 abundantia
3226 4314 3387 4379 pacis,
3434 4315 3646 4369 scilicet
3679 4325 3731 4371 ut

2167 4389 2220 4433 el.
2248 4381 2444 4433 inimici
2472 4384 2788 4450 diligantur;
2820 4394 2872 4436 et
2902 4385 3003 4437 hoc
3031 4394 3136 4437 tam
3159 4383 3249 4438 diu
3275 4385 3397 4445 erit,
3423 4387 3589 4439 donec
3615 4388 3729 4441 luna

2167 4450 2450 4519 auferatur,
2486 4454 2533 4505 id
2562 4464 2661 4517 est,
2688 4454 2856 4508 donec
2886 4455 3151 4523 adscripta
3184 4465 3355 4509 morte
3385 4460 3561 4511 omnis
3590 4460 3731 4512 dele-

2172 4531 2287 4575 ctus
2312 4524 2646 4577 mortalitatis
2668 4525 2733 4576 ab
2755 4525 2990 4578 Ecclesia
3012 4530 3299 4580 auleralur.
3329 4524 3417 4580 Vel
3439 4530 3731 4583 secundum

2172 4592 2327 4644 aliam
2356 4597 2753 4647 translationem
2782 4597 2851 4647 ita
2880 4596 3148 4650 dicemus:
3180 4596 3347 4649 Donec
3376 4598 3521 4662 luna,
3551 4601 3602 4652 id
3633 4611 3727 4664 est,

2171 4678 2406 4735 prtcsens
2430 4665 2664 4719 Lcclesia
2689 4682 2804 4733 qua:
2831 4681 2969 4720 nunc
2991 4678 3328 4735 comparatur
3350 4668 3492 4721 luna:
3517 4684 3730 4735 propter

2168 4734 2465 4806 delectum,
2508 4739 2793 4806 extollatur
2822 4752 2914 4806 per
2943 4734 3167 4806 gIOriam
3210 4734 3634 4794 immortalitatis
3676 4750 3724 4793 et

2168 4802 2629 4877 impassibilitatis.
2681 4802 2839 4862 Tunc
2868 4802 3009 4861 enin
3051 4808 3274 4877 amplius
3316 4809 3566 4863 inimicus
3610 4812 3729 4863 dili-

2167 4875 2503 4947 gelidusnon
2535 4878 2657 4943 erit,
2685 4880 2805 4947 quia
2835 4894 2933 4931 uec
2959 4875 3203 4932 inimicus
3228 4880 3349 4933 erit.
3384 4881 3447 4932 Et
3473 4894 3728 4947 prmterea

2168 4945 2507 4999 dominabitur
2533 4962 2628 4999 rex
2659 4945 2759 5003 iste
2786 4967 2818 5002 a
2843 4950 2970 5001 mari
2996 4966 3155 5019 usque
3178 4952 3244 5001 ad
3271 4966 3431 5013 mare,
3461 4945 3513 5003 id
3536 4966 3641 5017 esr,
3670 4953 3730 5004 ab

2167 5029 2367 5088 oceano
2394 5019 2713 5072 Uccidentali
2761 5035 2927 5088 usque
2968 5023 3033 5072 ad
3078 5036 3334 5074 oceanum
3365 5021 3722 5076 Orientaletu.

2168 5082 2404 5159 Et_unde
2433 5090 2688 5154 incipiet?
2731 5082 2933 5145 scdicet
2962 5091 3176 5159 incipiet
3203 5109 3234 5143 a
3258 5092 3496 5158 ﬂumine,
3534 5094 3585 5145 id
3620 5104 3726 5157 est,

2167 5170 2196 5207 a
2224 5154 2480 5230 Jordane,
2510 5158 2599 5226 qui
2632 5160 2818 5213 lluvius
2847 5173 2929 5215 est
2953 5154 3179 5225 Jutlzizie,
3218 5154 3357 5215 unde
3388 5154 3726 5230 praeconium

2170 5226 2402 5301 veritatis
2434 5227 2649 5295 incepit.
2704 5233 2768 5285 Et
2808 5232 3169 5285 dominabitur
3200 5248 3354 5301 usque
3379 5226 3449 5285 ad
3486 5236 3731 5287 terminos

2165 5296 2301 5349 orbis
2344 5308 2626 5365 terrarum,
2674 5304 2793 5367 quia
2834 5304 2889 5357 in
2930 5319 3125 5356 onmem
3168 5296 3353 5356 terram
3394 5306 3544 5357 exivit
3573 5322 3730 5359 sonus

2166 5382 2359 5443 eorum,
2385 5379 2429 5422 et
2452 5370 2505 5423 in
2529 5372 2652 5437 lines
2678 5374 2808 5427 orbis
2832 5384 3099 5427 terrarum.
3135 5374 3195 5428 Et
3221 5390 3312 5443 per
3338 5376 3438 5429 hoc
3469 5386 3540 5429 ita
3566 5380 3728 5430 etiam

2169 5441 2484 5514 simpliciter
2515 5447 2813 5510 expositum
2845 5445 3123 5500 mantl'este
3152 5441 3401 5512 ostendit,
3434 5448 3577 5514 quod
3614 5450 3726 5499 lucc

2172 5510 2251 5578 (ut
2278 5511 2441 5565 Judaei
2473 5514 2678 5583 putant)
2728 5517 2780 5569 in
2820 5517 3157 5570 Salomonem
3202 5510 3533 5572 historialem
3582 5520 3726 5573 rele-

2171 5584 2332 5659 renda
2371 5596 2512 5659 sunt.
2572 5584 2753 5659 l’otcst
2795 5598 2970 5642 autem
3002 5588 3223 5656 mystice
3267 5588 3530 5658 intelligi,
3582 5588 3728 5659 quod

2169 5652 2328 5725 dicit:
2361 5652 2424 5706 Et
2448 5654 2791 5711 dominabitur
2814 5674 2845 5710 a
2874 5660 2999 5712 mari
3021 5652 3273 5713 Urientali
3306 5652 3463 5725 usque
3491 5652 3562 5711 ad
3591 5652 3731 5713 num:

2170 5724 2525 5807 Qccidetitale.
2582 5728 2683 5807 l’er
2741 5745 2888 5784 mare
2946 5745 3173 5807 namque
3222 5724 3511 5807 prieiitale
3558 5732 3729 5784 Judaei

2170 5795 2552 5866 signiﬁcantur,
2576 5802 2665 5867 qui
2694 5808 2745 5858 et
2766 5804 2812 5857 si
2833 5804 2999 5858 amari
3024 5795 3337 5858 iit—moribus
3358 5812 3536 5869 erant,
3562 5806 3730 5857 uuum‘
