3984 6362
300 335 408 394 865

1020 330 1081 387 IN
1120 326 1531 387 PSALMORUM
1570 323 1823 383 LIBRUM
1865 324 2217 382 EXEGESIS.
2260 353 2327 364 —
2366 323 2611 382 PSALM.
2654 321 2842 382 LXXI.

292 472 477 520 tamen
519 460 683 514 Deum
714 456 995 511 colebant:
1043 468 1135 522 per
1176 466 1323 506 mare
1350 465 1478 506 vero
1507 448 1848 522 Occidentaie
1875 450 1927 509 Α
1952 443 2273 522 humilem_a
2306 452 2523 513 potente,
2553 444 2601 497 id
2628 452 2729 522 esi,
2775 457 2803 497 a
2846 453 3002 511 supra
3044 438 3191 499 dicto
3228 439 3525 499 calumnia-

291 532 529 605 geniiles
558 528 795 605 intellige
820 520 1128 605 significari,
1161 524 1352 593 quibus
1380 522 1649 605 occiderat
1674 520 1849 603 omnis

291 595 532 672 cognitio
554 600 811 672 veritatis.
844 598 948 653 Per
978 596 1172 672 flnmen
1198 609 1408 672 quoque
1437 602 1678 672 terrenos
1707 595 1855 659 prin-

293 663 447 743 cipes
494 672 714 744 accipe,
770 667 1167 744 in_mundanas
1219 663 1599 744 amaritudines
1644 674 1856 744 eemper

296 735 624 807 iii'ﬂuentes,'
656 742 792 796 sicut
837 738 1130 813 flumeneiu
1178 750 1355 813 mare,
1406 744 1459 791 et
1500 742 1587 813 est
1631 735 1851 813 dicere}

292 805 722 871 Dominabu’ntur
752 831 781 867 a
808 811 940 883 mari
967 808 1223 883 Qrie_ulal_i
1257 822 1413 883 usque
1442 808 1512 883 ad
1539 821 1677 883 mare
1705 805 1858 883 Qccif

295 888 533 949 dentale,
568 884 619 937 id
650 879 1043 955 est,iobtine_bit
1071 874 1367 955 dominium
1391 884 1445 929 et
1481 875 1548 930 de
1575 874 1772 955 Judaeis
1804 881 1858 955 et

293 958 362 1013 de
389 946 653 1029 gentibus,
676 964 721 1007 et
741 946 1100 1029 dominabitur
1125 966 1156 1001 α
1181 948 1390 1029 ﬂumine
1410 962 1567 1029 neque
1594 946 1660 998 ad
1688 946 1859 1029 termi-

295 1016 549 1082 naevorbt's
572 1037 855 1086 terrarum;
881 1022 1004 1089 quia
1024 1021 1144 1074 illos
1167 1016 1256 1088 Qui
1282 1018 1432 1086 prius
1454 1016 1650 1071 flumen
1680 1024 1852 1089 erant,

294 1099 456 1153 faciet
487 1109 680 1153 tcrram
709 1086 956 1149 stabilem
986 1099 1042 1144 et
1071 1086 1207 1144 bene
1232 1090 1446 1153 cultam,
1472 1098 1523 1143 et
1552 1103 1657 1141 non
1685 1086 1856 1140 solum

298 1178 541 1236 terram,
592 1166 684 1221 sed
710 1166 889 1240 etiam
938 1161 1136 1240 orbem.
1156 1170 1435 1240 terrarum,
1488 1158 1539 1211 id
1587 1154 1859 1240 est,uade_o

369 1228 583 1304 rfectos,
605 1247 659 1289 ut
680 1236 787 1291 sint
805 1234 964 1289 etiam
986 1231 1194 1287 termini
1216 1229 1360 1283 orbis
1383 1238 1664 1304 terrarum,
1684 1228 1735 1282 id
1754 1236 1856 1291 est,

295 1299 350 1366 in
381 1299 580 1365 tantum
607 1307 975 1362 exstinxerunt
996 1303 1047 1356 iu
1073 1315 1131 1357 se
1151 1314 1363 1355 omnem
1388 1299 1774 1363 terrenitatem,
1802 1306 1861 1354 ut
1914 1360 1915 1363 η

295 1380 409 1453 jam
438 1383 522 1434 vix
550 1378 710 1453 etiam
740 1378 791 1431 in
819 1375 997 1453 aliquo
1019 1372 1213 1453 angnia
1237 1371 1503 1453 ejus'sint:
1580 1441 1594 1453 ε
1617 1441 1649 1453 ,Α
1773 1441 1786 1453 ο

368 1450 551 1505 Coram
594 1448 687 1502 illo
732 1441 995 1515 precidem
1026 1442 1318 1512 ZEthiopes.
1354 1441 1738 1515 Dgtninabitutj,
1771 1441 1857 1497 in-

294 1537 481 1591 quam,
513 1535 613 1591 rex,
648 1510 771 1585 iste,
814 1516 987 1591 etillo
1014 1510 1317 1591 dominante
1346 1510 1639 1591 {Eihiopes,
1672 1513 1858 1591 idest,

296 1583 563 1662 denigrati
604 1590 657 1643 in
694 1583 1002 1662 peccatiseet
1030 1583 1444 1662 desperaiissimi
1490 1584 1541 1637 in
1580 1583 1855 1662 gentibus,

295 1653 558 1734 precidem
586 1653 894 1734 t:ordm_il_lo1
924 1658 973 1734 id
1000 1653 1710 1734 est,'bu‘miliabuntauimas
1738 1668 1862 1734 suae

295 1723 413 1800 illi,
463 1742 512 1787 et
544 1740 717 1785 tamen
749 1729 942 1783 inimici
971 1728 1081 1800 ejus
1110 1723 1503 1800 Judieiiingent
1533 1733 1763 1800 terram,
1811 1723 1863 1777 id

1960 516 2109 579 tore;
2152 516 2237 583 qui
2280 530 2382 569 non
2423 530 2485 568 ex
2527 529 2620 569 sua
2651 516 2845 569 virtute
2885 525 3072 581 potens
3103 522 3187 570 est
3215 528 3374 583 super
3404 529 3524 583 nos,

1957 586 2050 640 sed
2080 600 2143 639 ex
2175 596 2352 639 nostra
2392 586 2725 649 inﬁrmitate,
2774 585 3168 652 praevaricando
3197 587 3338 641 enim
3370 586 3522 642 infir-

1958 657 2122 723 mati,
2165 665 2216 711 et
2257 657 2355 710 sub
2393 665 2610 727 peccato
2640 657 2926 728 venundati
2959 671 3180 728 sumus,
3222 666 3524 728 etpraapo-

1958 734 2155 781 tentem
2194 742 2355 795 super
2384 726 2481 781 nos
2507 742 2627 781 eum
2658 726 2919 799 fecimus,
2952 726 3255 794 Liberabit,
3286 726 3527 799 inquam,

1958 813 2262 868 pauperem,
2305 807 2358 852 et
2397 812 2615 853 necesse
2653 806 2767 852 erat
2807 807 2864 852 ut
2909 797 3155 854 liberaret
3197 797 3480 869 pauperem
3513 818 3524 852 :

1959 870 2042 921 cui
2062 869 2194 940 (pro
2225 870 2345 938 quia
2372 870 2437 938 ei)
2468 886 2568 922 non
2597 880 2706 923 erat
2737 870 2965 940 adjutor,
2999 870 3121 939 quia
3152 885 3322 939 neque
3355 872 3523 937 philo-

1958 938 2198 1006 sophus,
2242 953 2415 1008 neque
2453 941 2673 1010 angelus
2711 938 2809 993 aut
2841 938 3193 1009 archangelus
3232 938 3439 1009 poterat
3477 941 3528 996 ei

1958 1011 2276 1073 subvenire,
2307 1018 2363 1064 ut
2407 1011 2719 1065 liberaretur
2759 1019 2948 1077 praeter
2990 1011 3160 1077 ipsum
3208 1011 3412 1076 solum,
3460 1013 3528 1067 dc

1959 1094 2064 1150 quo
2118 1081 2316 1134 dictum
2363 1090 2445 1136 est
2487 1100 2498 1133 :
2550 1080 2685 1135 Dum
2731 1082 2952 1135 medium
3000 1082 3258 1136 silentium
3307 1093 3532 1139 tenerent

1960 1152 2151 1216 omnia,
2176 1159 2279 1206 etc.

2032 1220 2218 1275 Parcet
2246 1221 2455 1291 pauperi
2484 1231 2530 1275 et
2552 1220 2713 1291 inapi.
2747 1222 2910 1289 Quasi
2937 1225 3116 1279 dicat:
3147 1224 3424 1292 Quomodo
3453 1226 3525 1279 li-

1961 1291 2501 1365 berabitpauperem?
2530 1295 2610 1347 An
2652 1295 2729 1365 ita,
2757 1304 2812 1346 ut
2843 1294 3047 1358 placeat
3082 1297 3130 1351 ei
3158 1291 3300 1350 illius
3332 1311 3523 1365 pecca-

1963 1363 2117 1436 ιιιιηῖ
2164 1363 2301 1425 Νοη,
2355 1362 2450 1417 sed
2470 1364 2655 1436 pntius
2701 1364 3001 1420 destruetur
3045 1362 3347 1435 peccatum,
3396 1370 3519 1436 quia

1962 1431 2300 1505 ipseparcet
2351 1432 2670 1489 remittendo
2717 1445 2989 1502 peccatum
3037 1431 3275 1505 pauperi,
3328 1437 3379 1491 id
3412 1431 3525 1504 ἐει,

1967 1502 2263 1575 bumilianti
2294 1518 2351 1558 se
2377 1504 2449 1571 ei,
2480 1505 2615 1559 sicut
2648 1519 2846 1574 pauper
2888 1502 3227 1572 solet'div'iti,
3262 1502 3321 1560 ἐι
3353 1502 3522 1575 inopi,

1962 1573 2016 1628 id
2045 1583 2146 1638 εει,
2179 1575 2254 1648 illi
2282 1575 2368 1640 qui
2398 1583 2478 1627 est
2507 1576 2623 1648 sine
2665 1573 2785 1646 ope,
2822 1586 2877 1631 et
2916 1588 3123 1644 reputat
3171 1579 3394 1648 gratiam
3426 1573 3527 1634 sibi

1963 1646 2319 1717 necessariam
2351 1658 2489 1700 esse.
2544 1645 2611 1699 Et
2640 1645 2853 1701 tandem
2886 1649 3039 1717 faciet
3067 1645 3235 1703 salvas
3260 1650 3530 1705 aeternali-

1965 1723 2054 1790 ιει·Δ
2075 1716 2272 1769 animas
2299 1732 2597 1784 pauperum.
2618 1788 2626 1790 _
2650 1717 2718 1790 Et
2744 1718 2843 1790 boc
2872 1716 3009 1785 ideo,
3048 1718 3164 1790 quia
3196 1720 3281 1775 bic
3321 1718 3531 1775 redimet

298 1786 413 1867 est:
438 1786 644 1856 terrena
674 1801 839 1869 magis
864 1786 1020 1875 quam
1050 1798 1221 1866 ipsum
1249 1786 1488 1875 diligent,
1516 1795 1635 1865 quia
1664 1786 1865 1849 ma'lue-
1892 1812 1940 1875 Β
1967 1786 2164 1875 fringit
2188 1788 2682 1875 {erinitf-fitfurfsil
2777 1798 2865 1875 est
2883 1832 2898 1856 ,
2923 1786 3302 1875 exusiippliciis
3327 1806 3526 1875 pecca-

301 1883 429 1928 runt
458 1868 812 1927 innocentiam
846 1868 1068 1938 perdere
1090 1912 1126 1938 ,ν
1157 1880 1312 1935 quam
1361 1868 1532 1938 locum
1566 1874 1619 1921 et
1649 1875 1859 1938 gentem

299 1946 565 1998 amittere.
613 1941 705 1996 Vel
749 1936 939 1995 aliter:
975 1937 1176 1991 Inimici
1206 1940 1339 2006 eius,
1380 1936 1429 1989 id
1461 1944 1565 2003 est,
1596 1937 1864 1991 contradi-

301 2025 479 2069 ctores
525 2014 639 2083 ejus
668 2012 860 2083 lingent
891 2019 1102 2083 terram,
1149 2007 1199 2061 id
1233 2016 1343 2069 cst,
1375 2006 1598 2083 diligent
1630 2016 1859 2083 terrena,

298 2076 591 2154 sapientes,
642 2082 691 2137 id
737 2076 845 2154 εει,
895 2079 1193 2154 haereticos,
1227 2078 1471 2154 eimagis
1503 2076 1731 2154 piacebit
1755 2078 1864 2154 illis

301 2146 517 2209 illorum
546 2167 787 2209 errorem
816 2150 1042 2211 imitari,
1077 2164 1231 2217 quam
1261 2147 1468 2202 veritati
1498 2146 1612 2215 ejus
1647 2146 1863 2201 confor—

296 2229 454 2280 mari.
508 2225 646 2280 Ecce
675 2224 793 2276 duae
836 2220 1111 2276 sententias
1154 2220 1206 2272 in
1240 2219 1419 2273 malo:
1453 2228 1572 2271 sunt
1599 2218 1718 2271 aliae
1746 2218 1864 2274 duae

295 2295 351 2349 in
384 2296 545 2360 bono,
590 2302 649 2349 ut
676 2294 754 2349 sic
782 2290 928 2346 dicas
956 2309 966 2343 :
994 2289 1286 2353 Procident,
1318 2290 1551 2357 inquam,
1587 2287 1863 2357 ιΕιΙιὶορεε

293 2381 469 2419 coram
496 2366 607 2429 illo,
655 2373 709 2419 et
737 2365 823 2432 qui
853 2363 998 2431 prius
1028 2360 1237 2415 fuerant
1264 2360 1457 2432 inimici
1483 2360 1627 2427 ejus,
1650 2367 1863 2432 _terram

295 2436 510 2507 fingent,
539 2436 589 2489 id
616 2443 714 2507 est,
750 2429 868 2488 non'
882 2433 1054 2507 solum
1080 2446 1140 2486 se
1169 2430 1546 2507 liumiliabuni,
1570 2429 1674 2507 sed
1697 2432 1862 2498 ipsam

294 2498 456 2561 etiam
490 2498 840 2559 humilitatem
872 2502 1028 2558 valde
1058 2510 1310 2570 tanquam
1351 2498 1549 2570 aliquid
1588 2499 1741 2570 dulce
1771 2516 1864 2555 cu-

299 2577 472 2643 pient.
504 2575 599 2630 Vel
628 2577 781 2630 aliter
808 2592 818 2626 :
850 2573 1056 2626 Inimici
1088 2569 1219 2642 ejus,
1255 2570 1307 2643 id
1334 2579 1435 2635 est,
1465 2569 1684 2643 quilibet
1714 2573 1862 2643 prius

296 2640 644 2700 adversantes
676 2647 771 2709 eis,
803 2646 995 2713 lingent
1025 2640 1230 2706 terram,
1265 2642 1314 2694 id
1347 2650 1459 2713 est,
1494 2640 1713 2713 diligent
1758 2642 1862 2697 hu-

295 2719 631 2778 manitatem,
659 2717 817 2769 etiam
846 2711 1133 2767 studebuut
1161 2713 1350 2765 imitari
1381 2711 1753 2767 humilitatem.

369 2788 530 2855 Reges
554 2786 781 2840 Tharsis.
813 2784 935 2839 Ideo
956 2783 1228 2855 /Etlii0pes
1259 2783 1521 2855 procident
1550 2798 1719 2836 coram
1746 2784 1857 2848 illo,

296 2857 418 2925 quia
450 2854 592 2927 reges
624 2856 832 2911 Tharsis
856 2864 900 2909 et
926 2856 1109 2927 iusqu
1136 2854 1348 2927 offerent
1378 2854 1425 2927 ei
1457 2869 1687 2918 munera,
1720 2855 1860 2923 quod

302 2924 411 2981 non
442 2924 730 2997 incongrue
756 2928 823 2981 de
853 2926 1027 2997 tribus
1045 2926 1255 2994 regibus
1284 2924 1447 2997 magis
1473 2928 1857 2997 potestaceipi,

335 3009 551 3052 uantum
582 2994 647 3052 ad
680 2999 935 3052 litteram.
985 2996 1207 3064 Mystice
1235 3009 1363 3048 vero
1401 2995 1480 3047 sic
1521 2994 1858 3063 intelligitur.

348 3068 520 3123 harsis
567 3069 950 3133 interpretatur
979 3063 1273 3134 exploratio
1302 3063 1498 3131 gaudii.
1550 3064 1619 3136 Et
1656 3065 1732 3119 illi
1770 3067 1859 3136 qui

296 3140 447 3214 prius
479 3140 542 3214 in_
565 3140 790 3214 terrenis
819 3138 1063 3214 gaudium
1097 3136 1471 3214 explorabant,
1634 3150 1748 3214 _non
1779 3134 1861 3214 est

332 3210 659 3274 audendum,
687 3211 793 3263 imo
814 3204 1099 3262 dolendum
1126 3224 1138 3258 :
1173 3204 1295 3258 facti
1324 3220 1488 3275 reges,
1520 3204 1734 3259 illicitos
1764 3208 1865 3261 sci-

332 3223 659 3274 audendum,
687 3223 793 3263 ιιηο
814 3223 1099 3262 amentium
1126 3224 1138 3258 ζ
1173 3223 1295 3258 lacu
1324 3223 1488 3275 reges,
1521 3223 1734 3259 llllCIlOS
1764 3223 1865 3261 SCI-

295 3223 425 3333 ᾕρει
452 3289 625 3334 ιιιοιυε
651 3282 700 3333 iu
736 3295 794 3333 se
816 3278 946 3348 ipsis
976 3279 1112 3332 bene
1132 3285 1397 3345 regentes,
1422 3275 1634 3341 offerent
1657 3293 1867 3332 munera

338 3352 573 3414 ratiosa,
614 3347 853 3413 scilicet,
892 3350 1095 3417 seipsos
1132 3359 1184 3402 et
1224 3347 1355 3400 alios
1390 3361 1422 3417 ea
1461 3361 1519 3399 se
1554 3360 1863 3404 conversos.

352 3421 525 3474 barsis
553 3435 792 3491 quoque,
826 3426 883 3473 ut
915 3419 1269 3488 Hieronymus
1298 3416 1469 3491 dicit,_
1487 3419 1867 3491 contemplatio

302 3487 706 3559 interpretatur,
741 3491 881 3558 quod
920 3491 1048 3544 satis
1088 3487 1213 3543 item
1246 3487 1527 3559 congruit,
1560 3490 1679 3559 quia
1716 3504 1868 3557 reges

300 3560 385 3615 illi
413 3556 500 3631 qui
532 3562 587 3616 in
614 3577 738 3618 vera
760 3556 890 3615 sunt
917 3558 1385 3631 contemplatione,
1411 3571 1536 3631 ver_e
1564 3556 1791 3631 offerent
1816 3560 1867 3615 ei

300 3625 523 3686 munera
553 3647 710 3699 supra
739 3633 898 3686 dicta.
942 3628 1009 3681 Et
1035 3625 1215 3683 insula:
1245 3627 1405 3699 etiam
1437 3625 1649 3693 offerent
1678 3629 1726 3683 ei
1757 3646 1868 3684 mu-

301 3718 447 3755 nera.
480 3696 668 3757 Insula:
688 3710 814 3759 sunt
834 3701 928 3763 illi,
950 3701 1036 3768 qui
1062 3701 1194 3754 adeo
1218 3696 1437 3767 perfecti
1462 3708 1604 3761 sunt,
1631 3708 1684 3752 ut
1709 3701 1866 3767 positi

299 3772 353 3826 in
375 3773 491 3827 salo
514 3773 668 3841 hujus
688 3772 892 3835 saeculi,
911 3770 1031 3825 licet
1051 3770 1284 3839 undique
1306 3768 1497 3823 ﬂuctus
1521 3770 1865 3841 tentationum

299 3857 394 3896 eos
422 3842 683 3909 assiliant,
718 3852 890 3897 tamen
922 3842 1140 3896 stabiles
1171 3848 1437 3904 maneant,
1474 3841 1615 3892 velut
1650 3840 1703 3894 in
1733 3843 1868 3897 mari

296 3913 510 3968 insulae.

372 3982 534 4050 Reges
563 3984 784 4038 Arabum
826 3991 877 4037 et
922 3980 1061 4037 Saba
1101 3983 1239 4035 dona
1267 3981 1522 4033 adducent
1552 3982 1618 4036 ei.
1670 3984 1865 4039 Arabia

296 4053 680 4121 interpretatur
707 4054 1046 4124 campestris,
1069 4063 1123 4109 et
1152 4062 1233 4107 est
1260 4053 1428 4124 regio,
1464 4052 1515 4107 in
1545 4068 1648 4122 qua
1679 4069 1866 4111 omnes

296 4125 606 4179 aromaticae
639 4122 845 4193 species
874 4122 1233 4192 reperiuntur,
1288 4132 1343 4178 et
1378 4122 1745 4193 intelliguntur
1774 4141 1868 4193 per

294 4208 455 4265 reges
485 4196 717 4249 Arabum
745 4196 875 4249 tales
902 4206 1148 4264 regentes
1188 4210 1245 4247 se
1286 4194 1352 4247 de
1381 4194 1630 4265 gentibus
1672 4198 1757 4264 qui
1801 4198 1868 4252 de

295 4264 652 4336 sylvestribus
682 4275 735 4319 et
764 4266 990 4334 spinosis
1016 4274 1348 4336 campestres,
1371 4274 1423 4318 et
1453 4264 1689 4335 frugiferi
1719 4268 1865 4333 facti,

295 4334 468 4391 Deum
493 4336 727 4389 omnium
749 4340 998 4390 virtutum
1021 4335 1386 4391 odorameutis
1406 4336 1698 4390 oblectant.
1730 4338 1868 4393 Saba

296 4420 431 4460 vero
461 4407 845 4473 interpretatur
871 4408 1081 4476 incensa
1101 4446 1119 4473 ,
1171 4415 1225 4459 et
1272 4416 1355 4461 est
1394 4409 1540 4476 regio
1571 4408 1829 4463 tliurifera
1851 4449 1865 4475 ,

295 4492 395 4547 per
422 4492 579 4544 quam
608 4477 973 4547 intelliguntur
1000 4475 1090 4529 illo
1118 4477 1238 4545 igne
1264 4475 1539 4541 succeuSi,
1570 4494 1725 4544 quem
1756 4480 1863 4533 Do-

1891 3168 1938 3230 C

1967 1863 2163 1929 torum,
2189 1871 2308 1925 quae
2337 1857 2549 1929 tandem
2598 1857 2860 1912 debentur
2890 1862 3068 1926 malis,
3099 1857 3174 1915 et
3204 1876 3296 1929 per
3327 1857 3426 1916 lioc
3468 1862 3532 1916 li-

1965 1926 2231 2001 berabita
2257 1926 2581 2001 suppliciis,_
2605 1929 2725 1997 quia
2768 1929 2995 2001 redimet
3044 1932 3108 1984 ab
3148 1926 3448 2001 iniquitate,
3481 1932 3533 1987 id

1965 2006 2066 2062 est,
2100 1998 2223 2069 quia
2246 2010 2463 2069 causam
2490 1997 2661 2052 aufert
2691 2000 3072 2067 suppliciorum
3094 2040 3107 2066 ,
3140 2001 3190 2055 id
3217 1997 3316 2068 est,
3348 2017 3536 2069 pecca-

1963 2074 2098 2142 tum.
2152 2067 2487 2142 Supplicium
2517 2071 2917 2142 autem_ipsum
2953 2072 3072 2127 ideo
3121 2087 3276 2142 usura
3308 2067 3533 2142 dicitur,

1963 2138 2086 2211 quia
2117 2138 2229 2211 plus
2262 2139 2384 2211 mali
2407 2139 2665 2208 contingit
2711 2139 2937 2211 inveniri
2980 2143 3032 2196 iu
3063 2141 3324 2211 supplicio
3376 2138 3532 2211 quam

1964 2208 2337 2281 delectationis
2369 2209 2422 2261 in
2454 2219 2701 2281 peccato.
2740 2210 2925 2265 Solum
2955 2213 3095 2268 enim
3124 2208 3315 2281 corpus
3342 2208 3409 2267 ab
3436 2215 3532 2267 hn-

1962 2278 2155 2332 micida
2214 2280 2299 2332 hic
2350 2280 2639 2353 occiditur,
2692 2280 2805 2347 ipse
2846 2297 2971 2337 vero
3019 2284 3108 2353 qui
3138 2278 3238 2337 hoc
3268 2283 3531 2340 facitillic

1961 2362 2186 2417 corpore
2217 2356 2271 2403 et
2311 2349 2485 2403 anima
2534 2350 2817 2424 damnatur
2844 2368 2867 2424 ;7
2911 2353 2989 2407 vel
3014 2349 3199 2423 {quod
3230 2355 3532 2424 generalius

1964 2428 2083 2494 es_t,_
2110 2434 2231 2473 cum
2260 2428 2534 2494 peccatum
2563 2421 2783 2494 alicujus
2813 2423 2897 2494 _sit
2926 2421 3375 2490 momentanéum,
3406 2440 3533 2494 sup-

1965 2490 2178 2558 plicium
2225 2492 2327 2544 erit
2373 2500 2649 2565 aeternum.
2703 2492 2972 2565 ﬁedimet,
3030 2496 3273 2565 inquam,
3332 2490 3534 2549 animus

1962 2574 2259 2629 pauperum
2285 2576 2348 2615 ea:
2376 2560 2659 2630 iniquitate.
2694 2562 2759 2616 Et
2799 2560 2981 2618 nomen
3008 2560 3202 2629 eorum,
3236 2560 3287 2619 ιιι
3315 2575 3412 2631 εει,
3448 2582 3535 2621 re-

1962 2633 2324 2700 demptorum,
2352 2632 2580 2705 scilicet,
2632 2635 2733 2705 hoc
2761 2650 2951 2690 nomen
3001 2635 3336 2691 Christianus
3368 2652 3534 2705 quan-

1967 2710 2291 2773 tumcunque
2321 2703 2388 2756 sit
2419 2703 2616 2773 mundo
2645 2703 2987 2773 despicabile,
3021 2718 3193 2761 tamen
3235 2708 3337 2761 erit
3382 2703 3535 2762 valde

1960 2771 2259 2845 lionorabile
2283 2787 2451 2845 geram
2477 2772 2587 2839 illo,
2622 2771 2795 2845 idest,
2827 2777 2878 2830 in
2908 2786 3197 2845 consilectu
3224 2777 3383 2842 illius,
3413 2791 3533 2831 cum

1960 2843 2104 2898 dicet
2131 2846 2210 2899 eis
2238 2861 2265 2917 :7
2292 2840 2485 2909 Venite,
2516 2844 2759 2898 benedicti
2792 2846 2960 2900 Patris
2992 2840 3109 2912 mei,
3163 2840 3414 2914 possidete
3437 2864 3535 2917 pa-

1960 2925 2130 2968 ratum
2158 2916 2293 2968 vobis
2320 2930 2532 2984 regnum
2578 2931 2609 2967 a
2638 2918 2987 2971 constitutione
3016 2920 3214 2972 mundi.

2036 2986 2101 3059 Et
2121 2986 2320 3059 vivetet
2342 2984 2545 3037 dabitur
2560 2986 2630 3059 ei.
2660 2986 2973 3050 Descendet.
2999 2990 3233 3059 inquam,
3260 2988 3533 3057 Dominus,

1964 3064 2012 3109 et
2042 3055 2385 3109 dominabitur
2430 3058 2616 3109 amari
2647 3072 2803 3125 usque
2850 3060 2917 3112 ad
2943 3055 3099 3113 mare.
3148 3061 3213 3113 Et
3235 3060 3443 3115 occisus
3470 3055 3536 3116 ei

1970 3126 2303 3200 infirmitate,
2334 3126 2459 3200 uiuet
2484 3140 2547 3200 ex
2569 3128 2864 3200 majestate,
2896 3130 3016 3198 quia
3042 3141 3299 3200 resurget.
3326 3140 3373 3183 et
3399 3148 3535 3185 mors

1969 3196 2047 3270 illi
2075 3198 2209 3270 ultra
2240 3212 2339 3249 non
2369 3194 2735 3270 dominabitur.
2782 3198 2876 3253 Vel
2902 3194 3044 3254 vivet
3089 3194 3220 3254 vera
3241 3202 3367 3267 vita,
3413 3202 3534 3270 quia

1970 3267 2228 3341 immunis
2270 3281 2300 3320 a
2330 3268 2672 3341 pcccato_eri_t
2723 3268 2775 3322 in
2802 3285 2884 3341 s_e,
2935 3270 3091 3325 etiam
3143 3273 3193 3323 in
3224 3274 3355 3336 suis,
3383 3267 3533 3341 juxta

1969 3337 2095 3413 illud
2125 3355 2138 3391 :
2170 3338 2314 3413 Sicut
2342 3353 2421 3390 me
2449 3337 2581 3413 misit
2610 3338 2773 3413 uiuens
2800 3337 2981 3407 Pater,
3006 3351 3053 3394 et
3072 3357 3165 3412 ego
3190 3341 3298 3394 vivo
3325 3337 3533 3413 propter

1969 3406 2200 3481 Patrem,
2231 3408 2299 3461 ita
2342 3416 2389 3461 et
2417 3408 2503 3481 qui
2542 3410 2812 3463 manducat
2860 3406 2973 3477 me,
3020 3406 3135 3465 vivit
3184 3420 3387 3481 prapter
3421 3406 3531 3467 'me.

1971 3478 2335 3545 Quodcunque
2382 3478 2526 3531 enim
2555 3491 2828 3546 peccatum
2860 3483 2973 3535 sive
3005 3478 3243 3550 parvum,
3277 3478 3387 3536 Sive
3418 3499 3528 3537 ma-

1966 3563 2149 3617 gnum,
2184 3563 2331 3620 mors
2354 3550 2691 3620 animarest.
2742 3551 2809 3605 Et
2836 3554 2956 3620 quia
2986 3557 3107 3606 vivet
3129 3594 3142 3618 ,
3177 3552 3297 3607 ideo
3336 3553 3539 3606 dabitur

1968 3620 2016 3672 ei
2039 3620 2108 3692 de
2126 3634 2250 3673 auro
2281 3618 2505 3692 Arabiae,
2558 3619 2609 3672 id
2638 3630 2739 3687 est,
2788 3618 2867 3675 de'
2882 3625 3160 3692 praecipuis
3204 3622 3535 3692 philosomiis

1966 3689 2204 3764 gentium
2229 3690 2850 3764 quidamconvertentur
2880 3689 2945 3746 ad
2972 3689 3112 3760 eain,
3165 3689 3222 3747 ut
3252 3689 3533 3764 Dionysius

1970 3761 2307 3832 Areopagita,
2331 3770 2384 3815 et
2412 3761 2589 3829 plures
2611 3761 2721 3815 alii.
2756 3764 2958 3819 Aurum
2994 3766 3135 3820 enim
3166 3761 3559 3832 Arabiaa'pre-_

1973 3831 2155 3905 tiosius
2175 3840 2258 3905 est
2284 3846 2440 3899 quam
2472 3831 2613 3886 aliud
2641 3846 2850 3889 aurum.
2892 3836 2957 3891 Et
2986 3851 3077 3905 per
3099 3850 3290 3891 autum
3316 3831 3529 3905 sapien-

1972 3901 2045 3954 tia
2074 3902 2402 3977 designatur,
2429 3916 2524 3972 per
2553 3905 2799 3959 Arabiam
2829 3921 2956 3961 vero
2982 3901 3269 3977 gentilitas.
3308 3901 3533 3975 Et’quod

1968 3987 2161 4041 semper
2185 3973 2489 4042 adorabunt,
2523 3985 2579 4028 ut
2605 3977 2764 4042 istud,
2788 3973 3025 4032 scilicet:
3054 3978 3297 4030 Adveniet
3326 3973 3536 4046 regnum

1971 4050 2134 4116 tuum,
2167 4046 2309 4116 quod
2341 4060 2439 4098 nos
2467 4046 2704 4116 quotidie
2750 4061 2984 4112 oramus,
3031 4046 3157 4100 illud
3182 4050 3284 4101 erit
3312 4049 3376 4099 de
3402 4049 3538 4116 ipso.

1969 4114 2099 4178 Quis
2127 4115 2270 4169 enim
2316 4114 2646 4182 sciret’quid
2691 4118 2920 4170 maxime
2959 4116 3177 4171 deberet
3227 4130 3404 4180 orare,
3425 4114 3534 4172 nisi

1972 4185 2067 4255 ille
2096 4187 2332 4239 venisset
2373 4185 2463 4253 qui
2511 4199 2656 4255 prior
2695 4185 2874 4255 docuit
2920 4186 3199 4255 deSpicere
3230 4196 3440 4241 terrena
3482 4197 3536 4241 et

1971 4254 2277 4309 desiderare
2302 4254 2582 4310 caelestia?
2612 4254 2796 4310 Nullus
2828 4254 3031 4325 utique.
3064 4257 3362 4313 Velaliter:
3396 4258 3545 4312 Sem-

1972 4340 2061 4398 per
2106 4325 2389 4398 adorabunt
2430 4326 2493 4398 de
2536 4325 2677 4394 ipso,
2730 4337 2982 4395 quantum
3025 4328 3091 4381 ad
3136 4343 3329 4398 corpus
3376 4332 3537 4395 perli-

1972 4396 2181 4448 cieudo.
2227 4393 2340 4450 Hoc
2368 4396 2511 4450 enim
2541 4393 2696 4449 Orant
2738 4393 2903 4452 Sancti
2950 4400 3047 4454 viri
3077 4393 3435 4462 devotissime,
3485 4406 3540 4452 ut

1972 4478 2164 4538 corpus
2194 4466 2409 4538 (gliristi,
2443 4466 2625 4538 idest,
2667 4482 2921 4523 numerus
2950 4472 3241 4525 electorum
3272 4473 3540 4538 complea-

295 4529 477 4602 ininu's
503 4529 645 4601 venit
671 4529 878 4600 mittiue
914 4544 966 4599 in
1010 4529 1228 4613 terrain,
1257 4557 1311 4601 et
1342 4529 1453 4599 vult
1483 4529 1538 4599 ut
1564 4529 1782 4614 ardeat,
1807 4529 1861 4604 id
1895 4529 1948 4589 D
1973 4529 2082 4614 ιυζί
2109 4534 2257 4590 Unde
2284 4539 2444 4614 etiam
2492 4536 2544 4590 in
2568 4529 2679 4614 alia
2708 4540 3081 4614 fl’ranslatiotie
3108 4542 3361 4614 habetur.
3400 4529 3541 4614 ᾉάο-

297 4628 405 4682 εει,
430 4619 618 4686 spiritu
646 4617 930 4681 ferventes,
963 4616 1185 4670 Domino
1210 4618 1525 4680 servientes,
1553 4628 1608 4671 et
1631 4620 1681 4670 in
1708 4622 1861 4674 bonis

297 4690 534 4743 moribus
581 4698 829 4757 tanquam
873 4687 1025 4741 thure
1074 4691 1237 4742 Deum
1286 4688 1633 4741 obiectantes.
1686 4690 1863 4746 Potest

296 4762 459 4815 etiam
500 4762 552 4813 in
593 4760 730 4812 malo
770 4759 869 4812 hoc
906 4757 1010 4810 dici
1041 4757 1154 4810 sic:
1200 4758 1355 4827 Iieges
1392 4760 1640 4821 Arabum,
1673 4759 1725 4813 id
1756 4770 1859 4826 est,

299 4828 572 4901 gentilium
603 4844 775 4898 reges,
803 4838 1138 4901 campestres
1185 4837 1238 4881 et
1264 4832 1495 4901 inculti;
1541 4839 1585 4881 et
1617 4829 1777 4895 Saba,
1809 4833 1861 4887 id

298 4899 403 4963 est,
430 4903 629 4954 incensi
659 4902 777 4969 igne
799 4900 1183 4954 incentivorum
1205 4899 1459 4953 adducent
1485 4901 1531 4953 ei
1555 4900 1709 4965 dona,
1739 4917 1864 4955 san-

298 4984 418 5028 ctos
437 4973 639 5026 scilicet
656 4980 915 5041 martyres
937 4970 1324 5040 interficiendo,
1356 4973 1442 5040 qui
1477 4970 1702 5025 Domino
1723 4974 1864 5028 velut

296 5044 473 5099 dulcia
501 5041 755 5095 sacrificia
783 5050 956 5094 erunt.

372 5110 439 5165 Et
468 5112 753 5183 adorabunt
780 5126 912 5164 eum.
955 5111 1115 5177 Quasi
1144 5111 1321 5167 dicat:
1354 5110 1467 5167 Non
1508 5114 1678 5167 solum
1719 5129 1860 5183 reges

299 5184 509 5239 Tharria
537 5194 590 5237 ει
618 5180 707 5235 alii
732 5183 904 5252 magni
928 5194 1075 5250 reges
1100 5199 1308 5236 munera
1330 5184 1559 5250 o/Ierent,
1586 5185 1679 5238 sed
1702 5180 1859 5239 etiam

298 5269 486 5310 omnes
517 5269 689 5323 reges,
723 5252 774 5306 id
804 5262 886 5306 est
929 5254 1229 5324 quicunque
1256 5268 1314 5307 se
1343 5268 1620 5323 regentes,
1658 5270 1859 5324 cogno-

296 5337 617 5394 scentesque
645 5338 703 5377 se
732 5332 944 5394 regunt,
994 5323 1059 5376 ab
1085 5323 1177 5376 illo
1203 5338 1262 5377 se
1290 5325 1507 5380 habere.
1539 5323 1858 5392 Adorabunt,

296 5396 349 5451 id
382 5406 485 5463 est,
518 5393 671 5449 valde
699 5393 1094 5448 venerabuutur
1121 5410 1255 5447 eum.
1297 5395 1361 5447 Et
1390 5410 1514 5450 vere
1543 5398 1860 5462 adorabunt,

296 5467 419 5537 quia
446 5482 613 5519 omnes
635 5474 825 5535 gentes,
851 5464 905 5537 id
928 5473 1031 5531 est,
1060 5464 1221 5533 aliqui
1246 5466 1313 5537 die
1339 5468 1588 5520 omnibus
1614 5468 1863 5535 gentibus

294 5535 508 5591 servient
531 5537 599 5600 ei,
621 5544 768 5590 casto
792 5535 999 5591 scilicet
1029 5536 1234 5589 timore.
1268 5536 1444 5605 Ipsum
1473 5538 1612 5594 enim
1635 5544 1856 5604 servire,

294 5608 400 5663 erit
425 5609 667 5661 adorare.

372 5679 505 5746 Quia
552 5676 785 5731 liberabit
833 5682 1107 5745 pauperem
1155 5694 1186 5729 α
1228 5688 1446 5747 potente.
1502 5679 1628 5735 ldeo
1672 5681 1863 5736 merito

293 5749 583 5805 adorabunt
610 5758 831 5820 eum,iet
869 5746 1083 5801 servient
1112 5747 1177 5813 ei,
1206 5746 1339 5820 quia
1378 5751 1493 5820 ipse
1529 5764 1581 5805 et
1621 5750 1863 5807 liberavit

295 5833 416 5877 eam
440 5863 456 5890 ,
496 5826 553 5877 et
589 5818 820 5873 liberabit
857 5834 1163 5887 pauperem,
1202 5818 1253 5875 id
1293 5818 1410 5889 est,
1449 5823 1700 5894 populum
1741 5838 1864 5879 vere

1966 4607 2149 4659 rabunt
2178 4623 2271 4675 pro
2298 4607 2431 4677 ipso,
2460 4618 2529 4679 Aet
2559 4607 2848 4663 benedicent
2871 4613 2936 4678 ei,
2982 4613 3036 4666 id
3064 4621 3165 4676 est,
3217 4610 3539 4679 multiplica-

1964 4678 2161 4750 buntur
2210 4680 2263 4731 in
2294 4677 2574 4750 virtutibus
2623 4690 2676 4733 et
2724 4682 2878 4736 bonis
2923 4677 3196 4750 'operibus,
3244 4677 3386 4748 quod
3436 4681 3540 4734 erit

1964 4747 2284 4821 benedicere
2308 4751 2379 4803 ei.
2414 4749 2638 4819 Semper
2661 4750 2801 4805 enim
2832 4753 2946 4807 sive
2964 4747 3085 4821 ipse
3110 4767 3206 4806 nos
3235 4747 3537 4819 benedicat,

1963 4820 2076 4891 sive
2125 4833 2222 4873 nos
2266 4819 2645 4875 benedicamus
2691 4836 2833 4887 eum,
2890 4819 3537 4891 nos’multiplicabimur;

1964 4889 2079 4961 ipse
2107 4904 2231 4943 vero
2268 4906 2371 4945 non
2400 4901 2624 4961 augetur
2653 4902 2833 4947 nostra
2867 4889 3257 4957 benedictione,
3293 4907 3391 4947 nec
3438 4894 3536 4946 mi-

1964 4960 2149 5030 nuitur
2193 4960 2587 5017 maledictimie.
2635 4963 2701 5016 Et
2737 4963 2839 5017 hoc
2867 4962 3024 5019 faciet
3070 4973 3176 5017 tota
3201 4964 3302 5030 die,
3354 4964 3405 5017 id
3434 4972 3539 5030 est,

1963 5029 2017 5103 in
2046 5031 2387 5103 adversitate,
2418 5042 2472 5087 et
2501 5034 2555 5086 in
2586 5037 2972 5103 prosperitate;
3022 5038 3109 5103 qui
3138 5029 3294 5088 enim
3315 5048 3420 5088 non
3446 5029 3539 5089 so?

1964 5099 2075 5153 lum
2106 5099 2157 5155 in
2189 5105 2561 5170 prosperitate,
2587 5099 2682 5158 sed
2708 5099 2760 5159 in
2785 5099 3106 5160 adversitate
3132 5105 3298 5159 Deum
3330 5105 3531 5169 laudat,

1962 5170 2233 5295 illidetiam
2282 5189 2387 5228 nox
2430 5185 2513 5230 est
2538 5176 2673 5242 dies,
2702 5185 2758 5231 et
2782 5176 2864 5230 sic
2909 5189 3120 5246 semper
3168 5178 3220 5229 in
3246 5175 3334 5231 die
3367 5174 3539 5231 Deum

1986 5258 2047 5295 au
2087 5254 2161 5295 at.

1986 5254 2161 5298 auaat.

2036 5312 2152 5366 Erit
2173 5314 2543 5381 firmamentum
2565 5318 2617 5372 in
2639 5326 2773 5372 terra
2801 5319 2854 5373 in
2876 5318 3089 5373 summis
3110 5319 3381 5374 montium.
3408 5315 3533 5373 Ideo

1964 5383 2165 5459 merito
2184 5387 2469 5439 benedicent
2496 5390 2561 5453 ei,
2595 5390 2717 5459 quia
2750 5394 2864 5458 ipse
2908 5392 3124 5443 interra
3167 5388 3536 5445 conversando

1964 5456 2104 5511 inter
2133 5457 2289 5530 illos,
2310 5467 2527 5527 propter
2548 5456 2681 5529 quos
2707 5456 2941 5530 suscepit
2973 5470 3169 5515 terram
3188 5501 3204 5527 ,
3234 5462 3325 5516 erit
3352 5461 3533 5527 ﬁrma-

1965 5536 2215 5593 mentum,
2242 5528 2293 5581 id
2316 5538 2419 5596 est,
2447 5528 2783 5587 contirmatio
2807 5528 3065 5599 veritatis,
3089 5531 3144 5585 in
3163 5530 3374 5587 summis
3394 5544 3541 5584 mon-

1966 5601 2111 5663 tium,
2144 5600 2194 5652 id
2226 5607 2331 5672 est,
2380 5601 2431 5653 in
2478 5605 2777 5671 prophetis,
2823 5602 2912 5672 qui
2945 5602 3091 5671 plura
3138 5603 3207 5659 de
3245 5616 3311 5657 eo
3340 5600 3544 5672 promi-

1964 5670 2489 5742 serunt._Quotquot
2518 5675 2659 5727 enim
2717 5670 3105 5742 promissiones
3150 5682 3296 5740 sunt,
3338 5672 3391 5727 in
3424 5670 3545 5742 ipso

1965 5751 2108 5821 sunt,
2151 5740 2203 5821 id
2232 5750 2335 5804 est,
2368 5742 2638 5821 perfectae,
2669 5738 2858 5814 et'ipse
2879 5746 2945 5821 de
2976 5758 3034 5821 se
3053 5744 3182 5799 dicit
3209 5762 3227 5821 :_
3269 5738 3549 5821 Oportebat

1967 5812 2167 5882 impleri
2197 5826 2507 5881 quiscunque
2538 5816 2729 5885 scripta
2747 5811 2865 5870 sunt
2894 5819 2948 5871 in
2976 5816 3104 5886 lege,
3132 5816 3263 5871 et-in
3284 5811 3547 5883 prophetis
