3984 6362
221 372 330 430 869

930 372 998 432 ΙΝ
1037 375 1453 436 PSALMORUM
1491 375 1750 437 LIBRUM
1790 376 1803 434 Ι

1913 375 2147 437 ΞΟΕΞΙΞ.
2186 406 2255 422 -
2291 377 2537 438 PSALM.
2579 373 2789 441 LXXII.

3363 381 3470 450 870

220 495 369 549 Deus
401 490 535 548 nihil
565 489 762 562 maius,
810 490 941 549 nihil
980 493 1190 562 melius,
1242 495 1484 561 haberet,
1529 494 1672 565 quod
1718 495 1799 551 eis
1823 497 1874 559 Α
1975 491 2040 548 In
2063 493 2233 550 labore
2278 493 2542 551 hominum
2585 514 2684 552 non
2720 503 2856 554 sunt.
2907 497 3108 556 Eadem
3144 500 3467 562 continuatio

217 565 353 620 dare
384 575 584 633 posset.
639 565 704 618 Et
734 579 832 631 pro
856 566 939 620 his
964 565 1092 620 solis
1131 567 1476 622 laudaverunt
1520 565 1712 632 Deum,
1741 576 1796 622 et

217 636 527 690 coluerunt.
564 633 662 690 llis
691 643 868 690 autem
896 638 1147 719 acceptis,
1182 652 1300 692 cuin
1333 639 1525 719 merito
1551 647 1798 719 peccato-

216 722 348 762 rum
371 721 595 761 suorum
626 715 1020 776 oppugnarent,
1056 717 1110 764 et
1146 717 1596 778 expugnarentur,
1637 717 1692 765 et
1716 715 1791 763 ci-

217 779 359 832 vitas
389 791 576 833 eorum
599 786 948 842 everteretur,
997 779 1366 848 promissionis
1411 789 1550 836 terra
1587 780 1666 836 eis
1694 793 1794 836 au-

221 848 478 914 ferretur,
518 848 662 921 quod
710 850 1068 921 necessarium
1095 858 1232 916 erat,
1279 851 1400 921 quia
1435 851 1623 908 umbra
1651 859 1788 918 erat,

225 929 357 992 tune
387 920 568 992 hymni
598 919 650 972 in
681 919 759 975 eis
791 920 1121 992 deiecerunt,
1172 919 1315 988 ideo,
1367 924 1486 992 quia
1518 924 1570 978 in
1601 921 1797 978 talibus

224 989 487 1062 cordibus
531 989 670 1044 Deus
719 1006 823 1045 non
859 991 1155 1062 laudatur,
1207 996 1314 1047 imo
1362 989 1786 1062 blasphematur.

218 1061 355 1128 Quae
386 1063 470 1116 vel
501 1069 682 1127 putant
708 1076 829 1116 enin
854 1061 1105 1130 injustam
1136 1076 1276 1126 esse,
1304 1064 1390 1119 vel
1418 1061 1658 1119 mortalia
1689 1078 1794 1118 non

218 1146 434 1203 curare,
469 1143 748 1202 propterea
779 1135 900 1200 quia
931 1135 1042 1188 hac
1072 1135 1381 1203 temporalia
1420 1135 1556 1190 bona
1585 1135 1796 1189 subtra-

220 1201 306 1257 hit
350 1201 560 1268 amicis,
605 1212 660 1257 et
707 1204 998 1258 cultoribus
1040 1201 1268 1272 suis,'et
1310 1207 1401 1260 dat
1443 1221 1504 1260 ea
1543 1204 1793 1271 inimicis,

220 1273 577 1344 blasphemis,
603 1274 830 1336 scilicet,
856 1283 909 1328 et
941 1275 1260 1331 idololatris.
1313 1277 1389 1331 Es
1421 1279 1504 1330 his
1528 1291 1656 1332 vero
1679 1279 1796 1344 qui-

221 1343 350 1398 dam
382 1344 632 1415 correcti,
684 1345 765 1398 vel
796 1347 920 1414 quia
957 1347 1117 1400 etiam
1147 1361 1252 1401 non
1283 1346 1572 1402 defuerunt
1615 1345 1668 1402 in
1698 1343 1794 1415 po-

223 1415 354 1484 pulo
384 1414 496 1486 illo,
526 1415 613 1482 qui
640 1415 890 1483 Spiritum
913 1425 1153 1470 sani-tum
1183 1418 1560 1486 intelligerent,
1590 1414 1794 1486 etquid

223 1485 578 1560 accepissent,
593 1495 648 1560 et
663 1487 788 1560 Quid
804 1487 939 1560 Deus
957 1488 1034 1541 eis
1056 1485 1410 1560 promisisset,
1428 1498 1481 1543 et
1497 1502 1664 1560 quare
1681 1485 1794 1560 hinc

225 1559 544 1625 temporalia
569 1557 652 1610 eis
676 1557 1062 1623 subtraxisset,
1090 1567 1146 1612 et
1175 1558 1401 1614 inimicis
1431 1557 1686 1614 dedisset.
1729 1557 1794 1613 Ili

224 1627 361 1681 tales
398 1627 728 1683 associantes
754 1641 814 1683 se
856 1627 981 1695 illis,
1035 1639 1090 1683 ut
1122 1637 1267 1684 tanto
1298 1630 1514 1685 liberius
1561 1643 1680 1684 cum
1709 1629 1793 1684 eis

223 1711 386 1767 agere
411 1700 637 1766 possint,
685 1699 975 1768 loquuntur
1019 1699 1072 1753 in
1101 1699 1204 1754 hoc
1253 1701 1482 1768 psalmo,
1529 1709 1584 1756 et
1607 1700 1792 1755 redar-

222 1778 394 1840 guunt
427 1769 567 1835 illos,
617 1777 778 1838 atque
824 1769 1122 1840 corrigunt,
1167 1770 1517 1827 exhortantes
1563 1786 1679 1836 eos,
1728 1783 1796 1824 ne

223 1839 455 1906 amplius
489 1840 804 1896 aemulentur
852 1843 1040 1896 liorem
1089 1843 1369 1897 malorum.
1420 1844 1485 1896 Et
1514 1852 1572 1898 ut
1601 1841 1794 1898 intelli-

223 1920 354 1977 gant
381 1911 521 1979 quod
572 1911 696 1966 ideo
735 1913 876 1967 Deus
917 1912 1240 1968 subtraxerit
1264 1917 1341 1969 eis
1372 1914 1488 1968 haec
1535 1930 1641 1968 non
1669 1926 1795 1968 vera

225 1980 367 2034 bona
397 1982 730 2049 temporalia,
778 1991 836 2038 ut
864 1985 1193 2051 inquirerent
1235 1984 1336 2038 alia
1385 1998 1510 2039 vera
1561 1985 1697 2038 bona
1743 1992 1797 2038 et

222 2060 449 2124 aeterna,
483 2067 589 2106 non
616 2068 734 2122 quat
766 2055 817 2108 in
845 2055 955 2109 illis
981 2070 1086 2109 non
1115 2064 1287 2124 erant,
1338 2057 1432 2111 sed
1462 2070 1581 2123 qua:
1611 2054 1664 2108 in
1694 2053 1799 2108 illis

222 2121 483 2177 latebant.
548 2121 792 2180 Et’dicit
839 2127 945 2192 ita,
993 2126 1106 2180 sive
1142 2121 1501 2182 correctorum
1555 2125 1794 2192 quilibet,

224 2193 343 2248 sive
372 2195 726 2263 perlertorum
747 2236 762 2258 ,
795 2196 899 2250 illis
924 2211 982 2251 se
1011 2197 1386 2252 associantium
1413 2215 1424 2250 :
1458 2195 1603 2250 Deus
1635 2194 1798 2251 Israel

226 2266 368 2338 veri,
399 2281 551 2333 artam
580 2265 739 2320 bonus
766 2267 951 2338 est,ﬁid
981 2276 1085 2329 est,
1113 2284 1274 2337 quam
1295 2267 1564 2338 jucundus
1607 2271 1688 2321 est
1717 2268 1799 2338 liis

221 2335 312 2403 qui
339 2346 459 2389 sunt
485 2345 623 2389 recto
651 2340 802 2392 corde
824 2341 842 2392 .'
873 2335 1329 2394 Distortis‘autem
1349 2339 1512 2394 corde
1539 2339 1686 2402 solis,
1709 2336 1802 2405 qui

221 2407 308 2460 vel
342 2416 534 2474 putant
557 2421 678 2461 eum
708 2409 963 2478 injustum
991 2424 1132 2475 esse,
1166 2410 1250 2465 vel
1279 2410 1526 2464 mortalia
1567 2423 1672 2464 non
1702 2422 1801 2462 cu-

221 2491 366 2550 rare,
417 2487 507 2550 est
527 2492 830 2545 pervorsus,
896 2494 1005 2534 non
1044 2481 1186 2545 quod
1237 2495 1362 2536 vere
1403 2494 1688 2549 pervorsus
1731 2481 1802 2550 sit

225 2546 384 2612 Deus,
419 2549 512 2604 sed
543 2552 762 2616 quando
787 2559 844 2604 ιιι
888 2565 1200 2618 perversos,
1234 2561 1360 2606 tunc
1388 2546 1672 2619 pervorsus
1703 2546 1798 2604 tibi

221 2619 458 2687 videtur.
496 2621 562 2673 Et
587 2635 691 2674 non
722 2633 802 2676 est
831 2622 924 2675 tibi
968 2622 1138 2677 bonus
1162 2665 1176 2687 ,
1225 2622 1279 2678 id
1313 2635 1417 2686 est,
1448 2636 1554 2676 non
1592 2630 1678 2676 est
1705 2622 1802 2678 tibi

217 2686 511 2763 iucundus,
543 2691 649 2744 imo
679 2691 1014 2761 injucundus,
1057 2686 1195 2749 sicut
1242 2707 1414 2763 neque
1459 2690 1561 2747 incl
1602 2691 1801 2760 jucun-

223 2763 353 2814 dum
376 2771 463 2816 est
483 2762 796 2834 fabricitanti
821 2767 1022 2833 palato,
1055 2779 1224 2834 neque
1252 2762 1430 2819 clarus
1453 2765 1531 2817 sol
1559 2763 1804 2831 lippienti

222 2835 405 2905 oculo,
436 2833 558 2900 quia
581 2834 692 2898 luit,
741 2851 861 2905 qua:
889 2845 1099 2905 vegetat
1127 2833 1315 2890 sanum
1346 2836 1584 2899 oculum,
1611 2849 1797 2889 rever—

221 2901 375 2982 berat
407 2905 674 2960 iiitlrmu
695 2943 710 2970 ,
739 2901 795 2960 et
833 2901 1124 2978 quae'liiinc
1153 2909 1405 2972 illustrat,
1436 2907 1582 2961 illum
1608 2919 1804 2961 excru-

220 2987 299 3029 cia
309 2983 351 3032 ι.
1460 3017 1462 3019 .

295 3044 406 3099 lci
425 3057 603 3120 autem
627 3064 752 3120 pene
776 3064 899 3103 nisi:
932 3061 1051 3106 sunt
1080 3051 1250 3120 pedes.
1296 3049 1460 3115 Quasi
1488 3047 1668 3103 dicat:
1697 3047 1805 3104 Re-

221 3117 324 3171 ctis
346 3118 562 3190 quidem
593 3117 756 3174 corde
783 3121 956 3176 bonus
994 3117 1089 3176 est
1109 3123 1270 3186 Deus,
1321 3135 1420 3189 ego
1447 3130 1624 3175 autem
1657 3121 1804 3190 prius

224 3202 374 3243 erant
401 3189 628 3244 distorto
651 3191 831 3253 corde,
886 3201 940 3248 et
967 3192 1090 3246 ideo
1137 3195 1263 3246 milii
1310 3191 1484 3246 bonus
1530 3206 1633 3245 no"
1659 3189 1799 3247 erat.

227 3257 545 3333 Nampedes
577 3263 701 3316 mihi
729 3278 852 3333 pene
882 3264 1005 3316 moti
1032 3273 1170 3330 sunt,
1209 3273 1257 3317 et
1286 3278 1485 3332 gressus
1521 3262 1644 3316 milii
1675 3279 1798 3330 pene

225 3329 378 3404 elusi
406 3341 542 3384 sunt.
577 3329 746 3388 Pedes
775 3334 1041 3400 pertinent
1068 3335 1134 3388 ad
1167 3329 1392 3404 lapsum,
1423 3334 1546 3403 quia
1579 3329 1803 3400 pedibus

224 3399 489 3473 labimur;
520 3417 734 3471 gressus
776 3399 904 3458 vero
950 3399 1236 3473 pertinent
1265 3409 1332 3460 ad
1376 3399 1684 3460 errandum.
1736 3405 1808 3459 Et

227 3472 392 3541 pedes
415 3475 528 3526 acei
539 3473 614 3542 pit
641 3475 725 3529 hic
751 3472 1078 3541 affectiones,
1111 3491 1326 3545 gressus
1365 3491 1496 3529 Vero
1522 3475 1800 3544 operatio-

225 3557 371 3607 nem,
394 3545 517 3611 quia
549 3546 698 3612 pedes
728 3562 829 3604 non
852 3562 918 3601 ex
950 3557 1057 3600 toto
1080 3546 1231 3611 moti,
1251 3546 1344 3602 sed
1367 3562 1494 3615 pene
1521 3547 1641 3599 moti
1661 3555 1802 3612 sunt,

231 3622 286 3667 et
314 3629 519 3686 gressus
572 3631 678 3670 non
726 3632 790 3672 ex
820 3628 929 3672 toto
971 3617 1146 3686 eli'usi,
1193 3618 1286 3671 sed
1317 3633 1445 3685 pene
1486 3617 1634 3684 eﬂttsi
1659 3626 1800 3682 sunt,

225 3687 354 3757 quia
375 3685 645 3757 cogitabat
665 3688 878 3755 quidem
910 3697 964 3743 et
991 3685 1137 3757 piam
1158 3687 1515 3754 adactionem,
1561 3702 1722 3757 quam
1748 3689 1805 3742 in

226 3754 422 3828 Deum,
454 3764 510 3828 et
614 3772 711 3827 pro
744 3754 1045 3814 carnalibus
1071 3761 1262 3815 habeat
1289 3769 1527 3825 mutare,
1557 3754 1610 3813 et
1641 3773 1804 3828 opera

227 3825 508 3880 servitutis
535 3825 652 3896 ejus
675 3829 732 3883 in
761 3830 1146 3885 daemoniormn
1175 3832 1436 3885 culturam
1483 3825 1798 3898 transferre,

227 3898 322 3951 sed
354 3899 602 3965 resipuit,
628 3910 682 3956 et
705 3900 824 3954 ideo
849 3902 978 3955 dicit
1009 3919 1024 3954 :
1049 3900 1216 3956 Podcs-
1238 3902 1336 3954 mei
1361 3916 1490 3971 pene
1513 3902 1636 3955 moti
1667 3912 1805 3969 sunt,

226 3977 276 4022 et
303 3984 507 4042 gressus
536 3972 632 4023 nm"
651 3987 777 4042 pene
805 3971 1110 4039 effutiunt.
1137 3973 1298 4039 Quasi
1326 3973 1465 4028 dicat
1485 3972 1805 4040 :Cadebatn,

228 4041 324 4094 sed
354 4040 594 4093 nondum
621 4040 958 4109 ceciderant;
988 4045 1128 4098 ibam
1153 4084 1167 4107 ,
1197 4044 1289 4098 sed
1322 4044 1554 4098 nonduin
1583 4045 1770 4099 ieram.

301 4110 438 4185 Quia
464 4112 642 4185 zelavi.
692 4113 812 4167 Ideo
840 4131 1042 4184 gressus
1070 4118 1170 4168 uici
1201 4130 1323 4182 pene
1347 4113 1496 4181 s/I'nst'
1525 4125 1664 4178 sunt,
1687 4118 1810 4185 quia

226 4195 330 4252 ego
360 4183 538 4254 celari,
572 4183 748 4249 idest,
772 4185 1188 4254 indignationem
1220 4188 1397 4249 habui,
1452 4183 1810 4244 iaciendo‘ine

227 4267 382 4328 super
403 4253 640 4328 irriguos,
663 4256 714 4309 id
739 4266 856 4328 est,
869 4253 1211 4324 justilicando
1239 4273 1350 4320 ine,
1392 4266 1447 4312 et
1470 4262 1522 4312 iti
1551 4261 1652 4313 hoc
1679 4273 1812 4328 prin-

227 4322 458 4399 Ierende
481 4324 674 4399 iniquis
700 4343 716 4392 ;
767 4338 818 4379 et
847 4322 972 4382 inde
1000 4330 1192 4395 zelavi,
1244 4329 1365 4399 quia
1394 4329 1498 4384 vitii
1531 4322 1726 4397 parcnt,
1758 4331 1811 4386 id

227 4402 332 4460 est,
359 4394 669 4471 [elicitatem
694 4407 1031 4466 peccatorum,
1061 4394 1284 4465 scilicet,
1310 4401 1448 4471 quod
1477 4394 1610 4470 ipsis
1630 4412 1812 4458 essent

228 4465 407 4520 omnia
441 4480 537 4533 pro
567 4465 704 4522 velle
734 4483 852 4524 suo.

300 4535 442 4601 Quia
489 4553 589 4590 non
630 4548 705 4593 est
745 4550 1002 4610 respectus
1047 4542 1200 4596 inerti
1241 4557 1432 4596 eorum.
1477 4543 1602 4599 Ideo
1642 4546 1807 4601 solatii

1831 3219 1882 3287 α

1902 573 1991 642 cst
2025 567 2320 622 secundum
2367 578 2645 642 utramque
2697 570 3038 635 sententiain,
3087 575 3236 642 quasi
3289 575 3467 632 diCill:

1900 634 2028 717 Inde
2055 643 2277 717 apparet
2304 639 2442 717 quod
2467 634 2666 717 nonest
2685 651 2939 717 respectus
2962 634 3119 697 mei-ti
3132 659 3324 711 eorum,
3350 645 3469 717 qi'iia

1906 709 2052 786 nulla
2079 709 2344 786 medicina
2385 709 2470 786 eis
2500 709 2802 766 adhibetur.
2838 712 2982 786 _Nam
3013 729 3113 767 non
3140 727 3256 768 sunt
3281 709 3380 786 per
3414 734 3472 773 se

1897 778 2048 854 ipsos
2073 780 2126 833 in
2152 781 2327 854 latiore
2348 781 2526 850 aliquo
2557 796 2800 854 verorum
2824 781 3089 854 hominum
3109 825 3126 854 ,
3159 778 3384 854 scilicet,
3419 801 3474 843 ut

1901 849 2123 920 vigilent
2151 849 2532 926 Vcl‘jejunent,
2561 853 2647 909 vel
2671 853 2869 921 aliquid
2894 854 2995 909 tale
3021 849 3233 921 faciant,
3258 866 3304 910 et
3337 849 3474 926 pra:-

1909 928 2057 976 terea
2086 937 2186 998 non
2211 920 2577 998 ﬁngebantur,
2618 920 2790 998 neque
2823 939 3052 998 unquam
3076 920 3474 998 flagellabaintur

1906 1006 2022 1068 crint
2053 994 2191 1047 veris
2218 994 2599 1068 liumiitibus_ab
2630 994 2742 1068 illo,
2770 996 2892 1066 quia
2913 994 3375 1068 ﬂagellat-omnm:
3405 1001 3471 1068 ﬁ-

1905 1061 2029 1136 lium
2059 1078 2207 1136 quem
2250 1066 2450 1136 recipit.
2502 1063 2569 1119 Et
2595 1067 2720 1136 quia
2750 1061 2848 1120 nec
2877 1061 2970 1136 per
2995 1061 3055 1122 se
3084 1067 3347 1136 laborant,
3378 1061 3476 1127 nec

1898 1146 1928 1185 a
1961 1133 2070 1210 I_)_eo
2110 1133 2464 1210 Ilagellantur,
2514 1133 2629 1210 ideo
2675 1137 2836 1210 tenuit
2877 1133 2969 1191 cos
3013 1139 3276 1208 superbia,
3323 1133 3476 1210 quasi

1901 1203 2217 1280 quibusdam
2248 1208 2491 1280 inanibus
2518 1208 2629 1264 suis
2658 1203 3167 1280 neauiugerentIEt
3190 1203 3475 1280 propterea

1900 1273 2064 1350 operti
2090 1284 2229 1350 sunt,
2262 1275 2458 1350 idest,
2492 1291 2558 1330 ex
2585 1287 2694 1331 toto
2721 1273 2940 1332 involuti
2976 1288 3128 1347 sunt,
3163 1273 3315 1348 q'uas'i
3344 1295 3478 1350 quo-

1897 1344 2020 1398 dam
2053 1347 2237 1422 pallio,
2267 1347 2532 1422 iniquitate
2565 1359 2752 1422 contra
2778 1344 3195 1422 proximumpei
3223 1344 3479 1422 impietate
3535 1362 3537 1364 '

1898 1425 2086 1470 contra
2114 1416 2306 1472 Deum.
2339 1416 2623 1488 Iniquitate
2652 1420 2736 1474 vel
2777 1416 3064 1489 impietate,
3107 1419 3249 1488 dico,
3279 1416 3396 1489 s'ua,
3426 1424 3478 1479 id

1897 1495 2002 1560 est,
2048 1501 2122 1560 ett
2145 1500 2331 1542 eorum
2374 1491 2502 1543 vitio
2531 1489 2608 1545 eis
2635 1491 2847 1560 innata;
2901 1505 3074 1560 neque
3114 1494 3255 1547 enim
3299 1495 3480 1552 sobrie

1899 1554 1953 1609 in
1984 1571 2043 1613 se
2079 1557 2282 1624 vivunt,
2312 1562 2435 1635 quia
2466 1559 2802 1635 superbiunt,
2833 1554 3009 1632 neque
3032 1563 3175 1632 jtiste
3216 1565 3268 1618 in
3299 1567 3474 1635 proxi-

1897 1641 2065 1698 mu_m,
2097 1642 2268 1698 neque
2297 1629 2380 1697 pie
2409 1631 2460 1684 in
2484 1629 2670 1687 Deum.

1967 1695 2194 1772 Prodiit:
2221 1695 2365 1772 quasi
2393 1716 2455 1755 ea:
2495 1702 2644 1772 adipe
2672 1701 2935 1772 iniquitas.
2992 1700 3174 1772 Operti
3219 1711 3358 1772 sunt,
3400 1705 3481 1761 in-

1901 1783 2085 1846 quam,
2113 1768 2403 1846 iniquitate,
2435 1780 2487 1827 et
2513 1768 2614 1827 hoc
2651 1768 2769 1846 non
2804 1789 2868 1828 ex
2909 1768 3232 1830 iiece'Ssitate
3276 1768 3476 1846 aliqua,

1899 1839 2313 1913 quiaiiniquitas
2356 1857 2531 1913 eorum
2575 1845 2768 1913 prodiit
2821 1860 2928 1899 non
2980 1861 3045 1900 ex
3075 1848 3343 1913 siccitate,
3368 1839 3481 1901 'sed

1898 1910 2046 1979 quasi
2072 1925 2136 1986 ex
2158 1911 2330 1980 adipe.
2369 1909 2433 1986 _S_i
2460 1909 2599 1986 quis'_
2621 1914 2764 1970 enim
2807 1929 3029 1984 pauper,
3078 1909 3479 1986 egestaie'coa-

1897 1993 2040 2047 ctus,
2071 1979 2269 2054 furtum
2299 1981 2386 2054 vel
2416 1979 2752 2040 latrocinium
2779 1979 3089 2053 committit,
3113 1979 3266 2040 illius
3292 1986 3484 2054 iniqui-

1899 2060 1980 2106 tas
2011 2052 2209 2121 prodiit
2236 2053 2394 2125 quasi
2417 2067 2485 2110 ex
2511 2054 2782 2120 siccitate;
2822 2056 2866 2109 si
2897 2059 3015 2125 quis
3049 2052 3174 2111 vero
3202 2052 3482 2112 abundans

1899 2132 1953 2196 et
1981 2131 2171 2196 potens
2200 2124 2398 2194 aliquid
2426 2125 2630 2196 rapiet,
2660 2127 2818 2195 hujus
2848 2124 3097 2196 iniquitas
3147 2141 3253 2181 non
3284 2143 3475 2196 proce-

1901 2193 1978 2246 dit
2010 2209 2076 2265 ex
2107 2193 2376 2260 siccitate,
2418 2193 2515 2252 sed
2544 2197 2691 2265 quasi
2718 2193 2778 2252 ca:
2807 2193 2980 2265 adipe,
3030 2199 3079 2252 id
3105 2209 3207 2262 est,
3241 2193 3306 2252 ei
3329 2213 3482 2251 arro-

1899 2263 2080 2330 gantia
2128 2275 2183 2318 et
2237 2263 2672 2335 praesumptione.
2719 2263 3055 2322 Transierunt
3104 2272 3262 2322 etiam
3313 2277 3484 2322 metas

1901 2335 2269 2408 humanitatis,
2295 2338 2380 2408 vel
2409 2339 2646 2408 regulam
2673 2337 2913 2408 iustitiae,
2947 2339 3226 2394 tendentes
3270 2340 3322 2392 in
3350 2337 3482 2407 απε-

1901 2413 2038 2478 ctunt
2066 2406 2256 2472 cordis,
2290 2407 2343 2462 id
2376 2406 2492 2473 cst,"
2526 2406 2801 2478 cupientes
2832 2413 3052 2478 implere
3085 2425 3244 2464 omne
3267 2406 3483 2464 deside-

1902 2477 2044 2551 rium
2086 2479 2232 2551 pravi
2263 2479 2444 2532 cordis
2465 2480 2569 2534 sui.
2597 2477 2984 2550 ﬂagitaverunt
3033 2491 3261 2551 namque
3304 2480 3484 2550 nequi-

1903 2547 2046 2613 tiant,
2077 2557 2131 2602 et
2159 2547 2329 2616 ipsam
2355 2552 2513 2604 etiam
2537 2547 2851 2617 locuti'sunt,
2877 2563 2933 2605 ut
2953 2554 3072 2607 aliis
3100 2547 3489 2621 persuaderent

1903 2629 2057 2691 eam;
2090 2627 2144 2691 et
2174 2621 2275 2676 hoc
2305 2635 2412 2674 non
2440 2629 2639 2676 tantum
2687 2623 2823 2691 apud
2870 2623 3162 2678 familiares
3203 2637 3358 2688 suos,
3390 2622 3488 2676 sed

1903 2686 2064 2762 etiam
2097 2689 2250 2742 locuti
2278 2700 2394 2744 sunt
2424 2686 2738 2762 iniquitatem
2769 2696 2820 2745 in
2852 2695 3080 2761 excelso,
3115 2692 3282 2758 idest,
3312 2686 3363 2745 in
3394 2707 3490 2760 pu-

1903 2757 2067 2826 blico,
2100 2769 2157 2813 ut
2185 2757 2560 2818 universaliter
2595 2766 2977 2832 persuaderent
3003 2757 3144 2820 eain.
3189 2757 3352 2817 Et'ad
3383 2757 3488 2818 hoc

1905 2841 2179 2903 posueritan
2207 2848 2260 2886 os
2286 2849 2433 2887 suum
2475 2837 2529 2888 in
2557 2839 2754 2902 caelum,
2817 2837 2869 2888 id
2899 2844 3000 2903 e~l,
3051 2846 3235 2889 contra
3265 2838 3482 2901 caelum,

1906 2905 2029 2971 quia
2059 2903 2113 2956 in
2141 2901 2306 2957 Deum
2337 2905 2695 2976 blaspheinias
2744 2901 3013 2960 dixerunt.
3074 2905 3166 2961 Vel
3209 2912 3490 2976 posuerunt

1906 2988 1962 3044 os
1999 2988 2147 3026 suum
2189 2976 2242 3027 in
2269 2976 2414 3042 celo,
2447 2975 2498 3029 id
2530 2987 2632 3042 est,
2682 2977 2736 3031 iii
2779 2979 3116 3044 auctoritate,
3168 2977 3390 3042 scilicet,
3435 2981 3491 3029 ut

1907 3042 2048 3098 dicta
2077 3059 2262 3118 eorum
2287 3046 2363 3100 sic
2390 3048 2697 3102 authentica
2722 3058 3050 3115 tenerentur,
3078 3042 3226 3118 quasi
3251 3047 3488 3101 coelestia

1907 3123 2108 3188 essent.
2135 3115 2226 3188 Vel
2242 3127 2520 3188 posuerunt
2545 3134 2599 3172 os
2619 3134 2769 3173 suum
2788 3123 2840 3171 in
2863 3120 3010 3185 caelo,
3037 3115 3211 3184 id'est,
3238 3120 3290 3188 in
3313 3122 3493 3182 dispu-

1910 3187 2111 3260 talione
2138 3187 2204 3240 de
2235 3187 2447 3260 tuturis,
2479 3205 2596 3260 qua:
2634 3200 2869 3258 pertinet
2917 3201 3119 3243 tantum
3173 3187 3241 3244 ad
3265 3189 3484 3255 castum,

1910 3259 2030 3326 quia
2062 3257 2311 3312 dixerunt
2340 3273 2354 3310 :
2382 3257 2570 3314 lloc'et
2600 3257 2699 3314 hoc
2732 3262 2987 3314 iaciemus
3008 3304 3022 3327 ,
3057 3263 3155 3313 hoc
3185 3271 3362 3312 autem
3402 3261 3488 3312 di-

1911 3328 2208 3400 niittetnus.
2255 3327 2320 3383 Et
2352 3329 2530 3400 lingua
2570 3345 2746 3385 eorum
2793 3345 2911 3384 cuin
2941 3337 3084 3386 esset
3137 3331 3190 3383 in
3226 3341 3381 3395 terra,
3436 3328 3494 3382 id

1915 3407 2018 3466 est,
2066 3399 2123 3452 iii
2151 3400 2331 3454 διίξὺὶιί
2363 3399 2484 3455 loco
2516 3404 2706 3469 posita,
2751 3405 2985 3456 transivit
3035 3413 3250 3468 terram,
3301 3401 3353 3454 id
3385 3408 3488 3468 est,

1917 3471 2148 3544 seipsam
2175 3471 2443 3540 loquendo
2475 3475 2615 3540 talia,
2641 3488 2760 3544 qua:
2783 3474 2913 3526 nihil
2942 3473 3004 3528 ad
3029 3487 3166 3527 eam.
3198 3473 3287 3526 Vel
3319 3479 3492 3526 trans-

1921 3541 2020 3594 ivit
2040 3542 2173 3594 alios
2201 3551 2439 3596 terrenos
2472 3545 2607 3598 ultra
2643 3541 2980 3600 communem
3020 3544 3323 3600 facultatem“
3352 3553 3491 3614 prte-

1919 3615 2201 3668 sumendo.

1984 3682 2113 3738 Idea
2149 3693 2460 3758 convertatur
2499 3687 2720 3758 papulas
2768 3703 2906 3742 meus
2948 3688 3045 3742 liic.
3097 3686 3259 3756 Quasi
3307 3685 3488 3741 dicat:

1893 3751 2038 3829 ‘Ideo
2075 3765 2180 3808 tam
2214 3751 2706 3828 diligenter'euruin
2749 3751 3146 3814 damnationem
3179 3773 3271 3827 per
3305 3771 3487 3829 paCein

1910 3827 2330 3901 eiseoncessani
2361 3832 2562 3896 notavi,
2597 3841 2652 3883 ut
2683 3831 2768 3886 hic
2799 3832 3018 3901 populus
3061 3845 3226 3898 meus,
3255 3827 3344 3900 qui
3381 3831 3493 3884 vult

1910 3898 2042 3952 mihi
2072 3912 2297 3954 consors
2332 3914 2476 3964 esse,
2502 3912 2555 3955 et
2586 3901 2717 3956 mihi
2747 3898 3092 3966 cuiit‘orinari,
3122 3898 3489 3967 convertatur,

1911 3968 2048 4042 sicut
2078 3985 2200 4025 vere
2229 3981 2573 4039 convertatur,
2616 3976 2823 4027 scilicet
2873 3984 2929 4026 ut
2959 3976 3045 4042 qui
3092 3977 3238 4040 prius
3271 3973 3494 4040 putabat

1915 4040 2086 4096 Deum
2114 4042 2371 4110 iujustuin
2405 4058 2546 4106 esse,
2580 4053 2670 4096 aut
2699 4043 2943 4096 mortalia
2977 4040 3100 4096 non
3125 4056 3334 4107 curare,
3367 4043 3494 4110 quia

1913 4112 2030 4168 haec
2060 4114 2375 4182 temporalia
2407 4114 2748 4168 subtraheret
2775 4114 2984 4177 amicis,
3027 4123 3080 4168 et
3124 4111 3276 4166 daret
3318 4113 3494 4164 iiiiiiiio

1914 4184 1994 4238 cis
2019 4200 2034 4248 ;
2064 4191 2220 4239 modo
2251 4199 2282 4239 e
2312 4184 2581 4238 eoiitrario
2611 4186 2830 4251 sentiat,
2869 4193 2921 4238 et
2954 4193 3235 4252 postquam
3265 4194 3494 4238 conver-

1915 4262 2115 4322 tentur,
2147 4263 2273 4308 tunc
2320 4257 2424 4307 dies
2468 4255 2606 4324 pleni
2638 4257 2959 4309 invenientur
2990 4255 3042 4307 in
3085 4255 3180 4322 eis,
3229 4270 3321 4324 per
3365 4253 3495 4308 elle-

1915 4337 2058 4381 ctum
2106 4341 2262 4381 suum
2313 4327 2536 4380 scilicet.
2589 4326 2726 4393 Quia
2782 4327 2936 4394 illud,
2990 4327 3133 4394 quod
3168 4327 3259 4382 ille
3287 4325 3493 4391 docuit,

1917 4399 2088 4467 quiin
2138 4397 2466 4464 plenitudine
2513 4400 2772 4464 temporis
2818 4401 2981 4468 venit,
3014 4398 3066 4452 id
3110 4407 3214 4464 est,
3245 4407 3492 4468 (ιοηιειιιτ

1923 4477 2044 4539 ptus
2073 4480 2434 4535 terrenarum,
2469 4476 2522 4522 et
2552 4483 2704 4522 amor
2732 4467 3033 4525 caelestium
3060 4474 3164 4524 erit
3188 4473 3238 4524 in
3269 4471 3366 4524 eis.
3398 4467 3488 4528 Vel

1921 4547 2296 4594 convertentur
2331 4539 2416 4592 hic
2462 4541 2515 4592 in
2548 4544 2822 4608 praesenti,
2854 4551 2901 4594 et
2931 4551 3142 4596 tandem
3192 4541 3299 4593 dies
3332 4539 3494 4608 pleni,

227 4606 406 4662 tridens
434 4623 610 4676 pacem
633 4606 975 4681 peccatorum,
1007 4613 1128 4681 quin
1155 4615 1322 4678 nterii,
1357 4629 1477 4669 eum
1517 4619 1586 4670 sit
1613 4617 1809 4673 malum
1836 4609 1889 4670 D
1918 4611 1970 4666 id
1999 4621 2101 4676 est,
2131 4611 2318 4665 aeterni
2371 4606 2687 4664 invenientur
2715 4615 2770 4668 in
2805 4614 2897 4666 eis.
2946 4613 3015 4666 Et
3060 4626 3279 4666 necesse
3306 4606 3409 4673 est,
3439 4615 3493 4663 ut

226 4681 478 4732 meritum
508 4696 716 4756 eorum,
751 4699 857 4756 non
883 4690 955 4736 est
985 4693 1158 4738 tamen
1188 4695 1467 4756 respectus,
1515 4687 1638 4756 quia
1672 4704 1810 4742 iiun-

225 4753 636 4825 quaArespicit
661 4769 775 4814 eos.
813 4753 880 4806 Et
909 4758 960 4806 in
987 4756 1144 4825 plaga
1164 4753 1362 4821 eorum,
1409 4759 1458 4809 id
1486 4753 1590 4822 est,
1637 4758 1684 4811 si
1710 4761 1811 4814 ali-

225 4821 446 4896 quando
475 4824 779 4892 plaganiur,
830 4840 935 4878 non
967 4821 1047 4880 est
1078 4821 1149 4880 ibi
1179 4821 1581 4895 ﬁrmamenta-ni,
1627 4830 1676 4883 id
1709 4843 1810 4896 est,

226 4893 517 4967 stabilitas,
548 4897 666 4963 quia
691 4898 734 4948 si
769 4896 1032 4963 interdum
1062 4893 1240 4954 evenit
1269 4913 1364 4953 eos
1394 4903 1570 4967 aliqua
1603 4893 1815 4956 tristitia

229 4965 391 5029 mori,
424 4967 719 5041 succedunt
754 4967 892 5041 Iusta,
917 4971 996 5022 vel
1027 4970 1082 5022 in
1130 4973 1286 5041 plaga
1323 4965 1498 5024 eorum
1529 4981 1610 5024 est
1638 4973 1814 5040 ﬁrma-

227 5044 480 5110 mentum,
513 5037 690 5103 idest,
733 5053 839 5110 non
872 5038 1077 5093 laxatur
1102 5037 1250 5110 plaga
1274 5058 1481 5106 eorum,
1514 5044 1608 5097 Sed
1638 5037 1816 5098 liriiia-

229 5113 338 5170 tur,
366 5107 420 5159 id
449 5115 551 5182 est,
579 5109 963 5164 consolidatur.
1018 5107 1430 5182 Aliterr'quoque
1473 5119 1614 5169 hunc
1648 5125 1814 5170 totum

230 5188 449 5253 versum
482 5178 660 5253 legere
691 5190 862 5249 potes,
915 5191 970 5235 ut
999 5184 1068 5235 sit
1112 5178 1356 5238 ostensio
1399 5189 1542 5253 quod
1589 5187 1728 5241 l'elici
1758 5203 1818 5243 as

226 5260 334 5323 non
365 5247 521 5323 datur
554 5252 638 5304 tiic
682 5247 1049 5318 peccatoribus
1097 5255 1164 5307 ad
1203 5247 1574 5323 salvationetn,
1629 5259 1723 5312 scd
1751 5259 1820 5314 ad

225 5319 650 5377 dumtiationeiu.
702 5323 867 5398 Quasi
894 5324 1074 5378 dicat:
1127 5323 1330 5392 Zelaui,
1361 5319 1574 5398 inquam
1599 5373 1612 5395 ,
1645 5331 1818 5384 uidens

227 5404 412 5466 patiam
432 5399 777 5466 peccatorum.
831 5393 1010 5460 Quare
1036 5406 1215 5451 autem
1256 5398 1412 5452 datur
1434 5393 1536 5452 'eis
1560 5393 1660 5466 pax
1694 5403 1820 5456 illa?

228 5460 315 5538 Ad
348 5461 702 5538 perditionem
726 5466 909 5535 utique
940 5467 1212 5535 ipsorum;
1241 5483 1360 5521 nam
1387 5460 1647 5524 datur-eis
1674 5471 1820 5538 ideo,

225 5531 356 5609 quia
383 5533 532 5585 morti
551 5549 726 5588 eorum
748 5531 846 5590 non
873 5546 944 5590 est
962 5531 1262 5607 respectus,
1294 5541 1414 5609 quia
1447 5556 1593 5595 mors
1621 5542 1700 5595 eis
1729 5531 1823 5599 de;

228 5601 340 5655 bita
372 5619 642 5681 nunquam
673 5611 834 5662 vertit
864 5623 924 5662 se
943 5612 1024 5681 ab
1050 5601 1148 5676 eis,
1176 5601 1544 5681 ut’aliquando
1573 5614 1825 5681 respiciat

226 5687 349 5738 eos,
389 5675 732 5752 sedseinper
760 5680 980 5752 respicit
1006 5675 1202 5746 eos,id
1229 5675 1360 5749 esr,'
1370 5683 1480 5752 jam
1514 5675 1822 5741 concisi-iia-

230 5752 345 5797 tum
373 5747 549 5825 est_de
575 5762 676 5818 eis,
702 5759 748 5803 et
768 5751 830 5825 in
855 5747 1018 5822 plaga
1037 5769 1228 5825 eorum
1271 5747 1386 5808 iion'
1418 5768 1500 5812 est
1529 5760 1826 5825 [irmantett—

229 5825 364 5941 im.
386 5818 506 5885 quia
527 5833 742 5890 semper
768 5818 976 5879 laxatui-
999 5823 1176 5894 plaga,
1202 5825 1254 5882 id
1277 5836 1380 5894 est,
1409 5818 1652 5885 confusio
1677 5830 1824 5899 ipso-

1918 4690 2320 4753 t-onvertantur,
2355 4683 2476 4752 quia
2507 4684 2682 4738 aversi
2721 4696 2893 4738 erant.
2949 4684 3184 4753 Namque
3228 4683 3489 4750 dixerunt,

1919 4754 2062 4824 quod
2094 4762 2186 4806 aut
2233 4752 2373 4807 Deus
2405 4758 2638 4808 nesciret
2685 4757 2884 4818 omnia,
2919 4766 3008 4807 aut
3055 4752 3112 4807 si
3151 4753 3331 4819 sciret,
3370 4764 3491 4807 tunc

1922 4827 2004 4881 vel
2035 4825 2266 4895 iiijustus
2289 4835 2454 4892 esset,
2477 4828 2559 4878 vel
2594 4828 2835 4879 mortalia
2866 4841 2971 4879 non
2999 4837 3228 4887 curaret,
3261 4826 3363 4878 hoc
3389 4832 3488 4895 cst,

1917 4899 2058 4966 quod
2092 4893 2578 4963 ﬁdicitzbixcrunt.
2623 4900 2903 4965 Quomodo
2957 4905 3133 4966 potest
3189 4895 3291 4948 hoc
3341 4893 3496 4966 esse?

1926 4965 2120 5024 Verum
2151 4968 2556 5044 quidciii_viilgo
2577 4969 2792 5044 dicitur,
2825 4965 3034 5044 scilicet
3063 4967 3202 5044 quod
3235 4965 3501 5044 Deusscit

1920 5054 2277 5114 ouiiiia,cuin
2311 5037 2592 5114 subtrahat
2618 5041 2756 5093 bona
2786 5040 2993 5105 amicis,
3026 5051 3078 5114 ei
3110 5039 3206 5114 det
3226 5052 3290 5092 ea
3322 5037 3500 5114 inimi-

1921 5114 2032 5166 cis‘!
2067 5111 2255 5180 Utique
2280 5111 2364 5166 vel
2391 5114 2520 5164 illud
2545 5125 2730 5165 verum
2763 5127 2866 5164 non
2896 5122 3011 5180 est.
3033 5111 3139 5164 Aut
3163 5112 3206 5162 si
3233 5121 3309 5180 est
3337 5111 3500 5162 scien-

1924 5186 1995 5237 tia
2018 5184 2070 5236 in
2096 5179 2315 5247 emno,
2347 5183 2426 5236 sic
2457 5183 2648 5236 dicitur
2691 5193 2814 5235 tuiic
2843 5179 3018 5253 (quasi
3051 5179 3253 5242 dicanti
3275 5191 3366 5237 aut
3407 5182 3500 5233 in-

1918 5254 2097 5332 just‘us
2129 5264 2232 5318 est,
2259 5265 2354 5332 aut
2385 5257 2629 5306 mortalia
2653 5267 2769 5332 [non
2795 5264 2973 5332 cui-at.
3067 5319 3105 5332 η
3426 5318 3460 5332 η

1999 5325 2127 5380 Ecce
2172 5326 2268 5396 ipsi
2307 5334 2610 5392 peccatores.
2645 5325 2989 5396 Quiisiﬂdicat
3015 5338 3031 5377 :
3058 5319 3187 5376 Ecce
3229 5338 3325 5378 cur
3371 5319 3494 5380 talia

1928 5396 2128 5461 dicant,
2177 5395 2296 5450 ideo
2326 5397 2553 5461 scilicet,
2586 5398 2708 5464 quia
2759 5395 2836 5448 illi
2873 5396 3117 5450 obtinent
3160 5405 3496 5464 reputatione

1926 5485 2120 5536 eoruiii-
2155 5470 2429 5536 prantnium
2479 5467 2702 5536 justitite
2741 5482 2871 5521 suae.
2928 5468 3057 5521 Nam
3107 5465 3204 5531 illi,
3241 5472 3330 5536 qui
3378 5471 3505 5520 sunt

1929 5550 2240 5610 peccatores,
2287 5548 2333 5591 ct
2367 5549 2551 5610 tamen
2580 5537 2897 5591 abundantes
2936 5539 2991 5591 in
3019 5538 3228 5610 scutulo,
3269 5541 3505 5592 obtinue-

1927 5608 2046 5665 runt
2076 5611 2300 5672 divitias,
2347 5624 2442 5677 pro
2466 5608 2661 5676 quibus
2706 5611 2781 5664 illi
2822 5611 2986 5663 Deum
3017 5609 3318 5677 eolueruiit,
3358 5619 3413 5665 et
3446 5618 3505 5662 se

1925 5684 2381 5753 justillcavcrutit.
2434 5681 2573 5735 Ecce
2605 5681 2772 5750 turpis
2813 5681 3048 5759 venditio
3078 5677 3504 5759 veridei°e_jiisti-

1932 5751 2062 5810 tiam
2109 5767 2262 5808 suam
2307 5767 2401 5820 pro
2432 5763 2659 5822 terrena
2692 5753 2936 5822 pecunia.
2991 5751 3055 5805 Et
3104 5753 3256 5808 dixi:
3285 5752 3390 5814 Illi,
3423 5751 3507 5822 in-

1931 5841 2116 5900 quam,
2143 5821 2406 5900 conversi
2438 5822 2566 5878 idud
2606 5821 2890 5900 dixerunt,
2922 5832 2977 5880 et
3016 5840 3115 5900 ego
3170 5825 3328 5900 etiam
3360 5821 3508 5900 dixit

1940 5897 2074 5968 Ergo
2110 5897 2216 5953 sine
2247 5911 2426 5966 causa,
2459 5908 2564 5953 etc.
2598 5895 2749 5963 Quod
2790 5897 2930 5954 sicut
2974 5911 3004 5952 a
3037 5895 3296 5965 principio
3329 5897 3505 5964 puteal
