3984 6362
528 309 628 371 871

960 314 1163 372 BEDE
1202 313 1661 373 VENERABILIS
1698 313 1853 371 OPP.
1896 311 2076 371 PAllS
2116 312 2182 370 ll.
2224 312 2416 371 SECT.
2458 312 2523 370 ll.
2558 341 2629 355 —
2666 314 2878 373 DUBlA
2916 315 3006 373 ET
3049 315 3325 375 SPURIA.

3686 320 3805 380 872

524 438 729 504 dicere,
768 430 853 515 vel
900 431 1232 515 aliquisjam
1274 442 1548 515 correctus
1597 440 1845 515 respectu
1896 431 2093 514 prioris
2123 433 2179 496 Α
2213 429 2490 515 invenient
2520 430 2847 515 inmanibus
2875 434 3159 515 suis,_qui_a
3200 433 3799 515 eum_ir_tterie_rithm,

526 502 721 571 status,
762 504 847 559 vel
877 504 1038 559 etiam
1061 502 1260 574 aliquis
1294 505 1561 574 perfectus
1586 513 1640 558 et
1682 504 2002 572 intelligens,
2040 503 2092 558 in

526 592 758 651 persona
813 584 988 651 tamen
1037 573 1359 651 illoruin,’et
1386 584 1470 651 est
1504 574 2099 651 di_cere:Quandoqiii-

527 645 652 708 Hem
681 648 816 703 alius
840 646 1048 717 obtinet
1095 646 1369 715 praemium
1397 646 1619 717 iustitiae
1660 662 1812 712 meai,
1844 662 1961 716 ergo
1985 645 2101 700 sine

522 738 700 786 causa,
726 719 774 772 id
798 726 899 781 εει,
922 716 1039 773 sine
1060 717 1289 772 utilitate
1297 716 1581 787 justiﬁcavi
1604 733 1692 772 cor
1709 734 1895 783 meum,
1921 718 1970 771 id
1991 726 2093 779 est.

526 790 1071 863 c0gitationes_meas,
1101 798 1147 843 et
1178 789 1295 844 sine
1322 804 1481 845 causa
1507 790 1829 863 lavimanus
1852 804 2010 856 meas,
2040 788 2095 844 id

523 860 903 933 estlomundavi
935 874 1097 933 opera
1141 875 1281 933 mea,
1314 871 1370 916 ut
1410 876 1585 917 essem
1613 862 1745 916 inter
1773 862 2095 933 innocentes,

523 945 571 989 et
611 931 726 989 sine
767 945 924 1003 causa
956 932 1031 996 fui
1053 931 1366 1003 ﬂagellatus,
1398 933 1450 987 id
1498 941 1600 1001 est,
1633 931 1836 1003 flagella
1866 932 2095 985 sustinui

525 1015 633 1060 tota
661 1002 842 1075 die,id
873 1012 974 1075 est,
1002 1002 1239 1067 assidue,
1268 1012 1534 1075 ettamcn
1565 1002 1834 1075 castigatio
1855 1018 1969 1055 mea
2011 1014 2095 1057 est

518 1076 573 1130 in
602 1074 885 1139 matutinis,
913 1073 965 1128 id
987 1081 1088 1138 est,
1119 1088 1224 1127 non
1256 1074 1505 1130 differtur
1528 1073 1803 1143 castigatio
1834 1088 1972 1137 mea,
1998 1075 2092 1128 sed

516 1161 734 1214 semper
764 1143 915 1215 quasi
952 1154 1041 1215 est
1068 1145 1122 1199 in
1152 1144 1374 1212 foribus,
1408 1156 1468 1201 ut
1498 1148 1548 1200 in
1582 1159 1905 1215 unoquoque
1934 1160 2093 1200 mane

517 1232 605 1273 me
635 1218 872 1273 invadat.
904 1214 1118 1271 lllorum
1148 1224 1326 1272 autem
1376 1217 1657 1287 castigatio
1690 1214 1780 1271 aut
1824 1230 1966 1284 sera,
2003 1226 2097 1270 aut

515 1290 661 1344 nulla
687 1298 788 1345 est.

588 1360 649 1416 Si
678 1360 929 1439 dicebam.
961 1357 1095 1439 Hoc,
1129 1359 1563 1439 inquam,___dixi.:
1599 1358 1925 1439 [St-“tandem
1954 1358 2094 1439 dice-

519 1432 657 1499 bam,
692 1430 935 1495 Domine,
969 1430 1015 1484 si
1060 1432 1281 1485 narrabo
1328 1430 1446 1486 aliis
1488 1432 1583 1494 sic,
1608 1430 1811 1485 scilicet
1854 1438 1905 1483 te
1954 1430 2092 1496 inju~

518 1510 659 1557 stum
682 1516 821 1568 esse,
852 1502 938 1555 vel
980 1510 1031 1554 te
1058 1516 1167 1556 non
1197 1517 1387 1557 curare
1418 1500 1661 1557 mortalia
1694 1518 1703 1552 :
1729 1500 1853 1569 quia
1883 1509 2092 1567 tempo-

510 1574 657 1638 ralia,-
686 1575 823 1651 bona
868 1569 1048 1625 aufers
1074 1573 1305 1651 _amicis,
1350 1582 1404 1627 et
1431 1572 1526 1627 das
1563 1586 1632 1651 _ea
1676 1570 1944 1651 inimicis;
1979 1586 2092 1651 ecce

508 1658 762 1713 magnum
808 1643 1188 1698 inconveniens
1233 1646 1522 1709 incurram,
1562 1642 1663 1697 hoc
1688 1641 1915 1705 scilicet,
1960 1642 2089 1711 quia

508 1712 829 1784 reprohabo,
860 1714 913 1767 id
957 1720 1061 1776 est,
1091 1716 1353 1784 separabo
1383 1730 1413 1769 a
1443 1730 1529 1770 me
1571 1715 1855 1784 nationem,
1888 1712 1941 1766 id
1983 1724 2088 1779 εει,

508 1800 724 1842 omnem
777 1784 1173 1857 generationem

513 1868 718 1910 tuorum
748 1854 1185 1924 praecedentium,
1223 1856 1484 1911 Abraham
1513 1855 1714 1910 scilicet
1736 1863 1789 1909 et
1809 1854 1995 1919 Jacob,
2030 1867 2083 1910 et

509 1928 739 1981 aliorum
769 1927 978 1987 talium,
1007 1927 1131 1994 quia
1154 1928 1331 1981 nullus
1360 1926 1568 1980 illorum
1611 1934 1714 1991 est,
1748 1925 1839 1995 qui
1873 1942 2080 1981 mecum

513 1998 568 2052 in
596 1997 697 2052 hoc
727 1996 1048 2051 consentiat.
1080 1997 1148 2050 Et
1174 1998 1353 2070 iuiliac
1376 1996 1686 2070 difﬁcultate
1717 1998 1917 2066 positus
1942 1999 2080 2070 cogi—

511 2072 678 2122 tabam
707 2078 765 2121 ut
794 2078 1167 2138 cognoscerem,
1204 2068 1254 2121 id
1285 2075 1388 2131 est,
1424 2067 1720 2138 cogitabam
1750 2067 2081 2135 cognoscen-

514 2138 641 2193 dum
664 2154 784 2194 esse
812 2156 822 2190 :
851 2138 929 2192 vel
961 2149 1014 2191 ut
1043 2138 1173 2192 dicit
1202 2139 1387 2193 beatus
1425 2138 1773 2206 Augustinus,
1821 2139 2079 2207 Proposui

510 2218 569 2263 ut
594 2223 995 2280 cognoscerem.
1028 2208 1594 2281 Quidhcognoscerem
1619 2210 1642 2263 ?
1682 2210 1899 2265 Scilicet
1925 2220 1975 2265 te
1993 2211 2094 2281 ju-‘

501 2291 643 2335 Stum
696 2295 838 2343 esse,
893 2290 949 2335 et
995 2280 1239 2334 mortalia
1289 2294 1500 2342 curare,
1545 2290 1597 2334 et
1637 2288 1815 2334 tamen
1868 2280 2078 2337 terrena

507 2350 647 2407 bona
678 2351 868 2406 amicis
922 2350 1257 2418 subtrahere,
1302 2359 1358 2406 ει
1404 2350 1633 2405 inimicis
1675 2352 1927 2407 tribuere.
1972 2353 2079 2409 Sed

501 2422 597 2475 hoc
627 2436 949 2491 cognoscere
978 2420 1120 2475 labor
1147 2432 1244 2484 est,
1278 2422 1329 2476 id
1376 2432 1476 2489 est,
1508 2421 1793 2477 difﬁcultas
1834 2425 2076 2491 quaedam

548 2494 685 2548 osita
715 2503 834 2547 ante
855 2509 954 2559 me,
977 2493 1244 2547 volentem
1269 2492 1398 2546 illud
1430 2492 1771 2562 investigare,
1800 2494 1967 2549 donec
1993 2512 2079 2551 me

522 2562 694 2619 ariam
717 2576 840 2619 ante
864 2572 935 2619 te.
960 2562 1059 2617 Vel
1083 2564 1176 2617 hoc
1197 2576 1521 2634 cognoscere
1547 2579 1633 2618 me
1662 2564 1805 2617 labor
1834 2576 1953 2619 ante
1975 2583 2074 2633 me,

499 2633 554 2705 id
581 2644 685 2699 est,
716 2634 889 2705 maior
935 2648 1041 2699 me,
1095 2633 1483 2690 donec'intrem
1516 2636 1598 2705 vel
1643 2637 1695 2688 in
1726 2638 2078 2691 sanctuarium

498 2702 617 2769 Dei,
648 2702 827 2769 idest,
856 2705 909 2759 in
951 2716 1184 2761 mentem
1237 2720 1409 2759 meam
1440 2702 1679 2761 faciendo
1731 2707 1899 2775 ipsam
1949 2724 2077 2763 san-

498 2776 762 2829 ctuarium
798 2776 919 2841 Dei,
947 2777 1031 2829 vel
1058 2778 1110 2831 in
1140 2779 1489 2831 sanctuariitin
1526 2776 1635 2844 Dei,
1681 2778 1731 2830 id
1760 2786 1860 2840 est,
1894 2777 1945 2831 in
1992 2794 2078 2835 se-

497 2856 703 2901 cretam
730 2847 1135 2914 dispositionem
1167 2848 1284 2913 Dei,
1316 2848 1397 2902 vel
1426 2848 1479 2900 in
1506 2849 1854 2901 sanctuarium
1882 2848 1996 2911 Dei,
2024 2850 2077 2905 id

500 2925 605 2981 est,
643 2916 698 2969 in
726 2929 907 2971 sacras
932 2916 1263 2984 Scripturas,
1297 2918 1502 2973 scilicet
1532 2919 1617 2973 ubi
1647 2930 1809 2973 certae
1842 2922 2076 2976 rationes

494 2985 563 3060 de
608 2986 689 3041 his
720 2987 978 3060 omnibus
1024 2988 1239 3041 dantur.
1290 2988 1356 3043 Et
1407 2988 1593 3043 tandiu
1626 2998 1710 3060 est
1742 2990 1869 3043 mihi
1898 2990 2072 3060 labor,

496 3056 669 3112 donec
722 3058 916 3112 intrent
966 3057 1018 3111 in
1070 3060 1366 3113 novissima
1412 3074 1623 3120 eorum,
1667 3059 1719 3113 id
1771 3070 1873 3127 est,
1905 3056 2075 3117 donec

491 3137 672 3183 mente
705 3128 1109 3202 percurramad
1142 3129 1375 3202 futuram
1420 3129 1842 3200 damnationem,
1873 3142 1927 3187 et
1957 3149 2069 3202 poe-

492 3213 589 3254 nas
619 3201 879 3254 malorum
905 3218 920 3265 ;
949 3208 997 3253 et
1028 3200 1081 3252 in
1115 3202 1214 3256 illis
1260 3201 1548 3255 novissimis
1580 3205 1835 3266 existens,
1876 3200 2069 3259 intelli-

492 3284 614 3341 gain
640 3273 782 3340 quod
810 3286 951 3326 nunc
981 3285 1088 3325 non
1118 3272 1504 3346 intelligebam,
1551 3273 1958 3346 scilicetADeum
1985 3277 2074 3346 ju-

491 3351 634 3397 stum
673 3357 817 3410 esse,
850 3350 907 3397 et
937 3343 1185 3397 mortalia
1218 3358 1427 3409 curare,
1461 3354 1517 3399 et
1562 3353 1740 3399 tamen
1775 3344 1889 3401 haec
1932 3343 2072 3404 bona

488 3412 677 3485 amicis
719 3414 1057 3478 subtrahere,
1102 3424 1155 3470 et
1194 3414 1423 3470 inimicis
1469 3416 1598 3470 dare
1633 3432 1647 3470 :
1681 3416 1803 3485 quia
1844 3417 1910 3471 ad
1972 3420 2073 3475 hoc

488 3483 583 3538 dat
610 3498 673 3539 ea
704 3484 955 3551 inimicis,
992 3493 1051 3539 ut
1101 3487 1146 3540 si
1193 3486 1331 3555 quod
1385 3486 1582 3540 bonum
1614 3483 1853 3555 iecerint,
1887 3503 1983 3557 per
2007 3504 2073 3545 ea

488 3564 983 3622 remunerarentur,
1011 3564 1067 3611 et
1095 3566 1151 3611 ut
1180 3566 1327 3613 tanto
1357 3557 1570 3625 gravius
1601 3557 1654 3611 in
1700 3558 1878 3613 futuro
1908 3560 2071 3616 dam-

489 3635 703 3680 nentur.

564 3693 923 3773 verumtamen
983 3706 1231 3773 pt'opter._
1260 3696 1425 3773 Dixit,
1470 3701 1539 3755 Et
1566 3700 1852 3773 intelligam
1893 3704 1947 3756 in
1979 3720 2071 3757 no-

426 3834 437 3839 -
488 3765 734 3841 visssiinis
764 3765 1074 3841 eorum,per
1095 3769 1236 3837 quod
1265 3765 1455 3839 innuit,
1486 3773 1608 3841 quia
1638 3773 1689 3826 in
1714 3765 1893 3829 futuro
1919 3774 2096 3829 dam?

490 3838 781 3893 nabuutur.
814 3837 942 3912 Sed
975 3848 1161 3912 tamen
1180 3841 1355 3910 (quasi
1406 3837 1565 3912 dicat)
1598 3844 1685 3897 hic
1733 3846 1894 3899 etiam
1925 3846 2069 3901 dam-

487 3919 704 3981 nantur,
738 3910 861 3980 quia
903 3917 978 3977 tu,
1012 3909 1258 3977 Domine,
1313 3909 1554 3981 posuisti
1590 3914 1667 3967 eis
1706 3914 1879 3969 dolos.
1921 3917 2069 3981 Quos

488 3978 676 4035 dolos?
707 3978 913 4035 scilicet
936 3992 994 4036 ut
1018 3982 1241 4036 interius
1266 3978 1519 4040 eicmcati
1550 3993 1749 4039 aeterna
1786 3978 2069 4043 boua'om-

483 4050 645 4127 nibus
674 4052 950 4122 proposita
991 4053 1319 4127 relinquant,
1348 4065 1403 4127 et
1446 4056 1780 4124 temporalia,
1813 4072 1932 4127 qute
1962 4058 2063 4113 fal-

485 4124 602 4199 lunt
643 4138 760 4191 eos,
792 4132 1066 4199 appetant.
1099 4125 1163 4179 Et
1204 4124 1305 4199 hoc
1360 4126 1559 4182 factum
1608 4138 1691 4182 est
1733 4124 2066 4199 eis'propter

484 4192 639 4247 dolos
669 4192 886 4269 eorum,
911 4196 981 4269 _id
1023 4205 1126 4262 est,
1154 4196 1297 4269 malo
1326 4200 1521 4253 merito
1552 4213 1670 4264 suo,
1716 4192 1918 4254 scilicet
1940 4192 2063 4269 quia

484 4275 743 4339 quantum
778 4266 831 4319 in
876 4266 954 4320 eis
1007 4276 1112 4339 est,
1144 4267 1333 4322 dolose
1378 4278 1558 4339 agunt.
1592 4270 1775 4324 Potest
1815 4280 1869 4325 et
1909 4266 2064 4327 aliter

487 4331 577 4409 hic
604 4333 744 4409 idem
774 4349 961 4409 versus
1006 4338 1393 4406 aliquantulum
1411 4331 1687 4409 'superius
1730 4344 2053 4398 continuari.

481 4401 648 4479 Quasi
693 4401 1223 4479 dicat:Peccatores,
1282 4401 1523 4479 inquam,
1566 4411 1892 4465 obtinuerunt
1934 4414 2061 4467 divi-

482 4477 602 4551 tias,
631 4475 838 4551 inquo
869 4487 1072 4551 putant
1102 4478 1238 4532 bene
1281 4475 1464 4551 secum
1504 4475 1590 4551 agi
1619 4501 1629 4537 :
1656 4483 1751 4537 sed
1782 4494 1959 4538 tamen
2002 4486 2055 4539 in

2097 3164 2145 3231 C

2207 518 2307 556 non
2342 504 2604 557 descendet
2630 520 2748 556 cum
2794 520 2849 557 eo
2880 505 3045 573 gloria
3090 508 3220 575 ejus.
3261 505 3409 560 Nihil
3447 508 3603 573 enim,
3639 524 3694 565 ut
3722 504 3801 574 aii

2203 578 2521 643 Apostolus,
2545 575 2600 628 in
2632 575 2767 627 hunc
2795 578 3043 628 mundum
3064 578 3350 643 attulimus,
3384 578 3525 633 haud
3564 580 3796 645 dubium

2204 645 2327 728 quia
2374 660 2477 729 nec
2503 646 2715 727 auferre
2743 647 2867 729 quid
2918 660 3220 729 possumus.
3248 648 3322 729 Et
3351 652 3791 729 _vereperibunt,

2199 720 2323 784 quia
2353 725 2408 792 tu
2440 717 2664 792 Domine
2698 719 2894 792 r_e_diges
2923 720 2976 792 in
3004 719 3206 792 ciuitate
3235 728 3322 772 tua
3344 722 3625 791 imaginem
3648 717 3794 792 ipso;

2197 802 2313 840 rum
2342 788 2409 840 ad
2435 789 2673 842 nihilum.
2707 787 2857 843 Sicut
2884 791 3026 843 enim
3061 791 3158 857 ipsi
3190 791 3241 844 in
3269 787 3486 847 civitate
3515 809 3614 848 sua
3652 787 3792 855 ima-

2199 860 2377 928 ginem
2408 868 2572 923 tuam,
2620 860 2672 913 id
2713 870 2819 924 est,
2849 860 3115 916 rationem
3157 875 3308 915 suam
3359 872 3415 917 et
3446 865 3784 926 intellectum

2212 930 2534 1005 redegerunt
2570 929 2637 984 ad
2668 930 2913 1005 nihilum,
2946 932 3333 1005 comparabiles
3362 932 3486 987 facti
3515 935 3786 1005 jumentis

2204 998 2601 1080 insipientibus,
2647 1001 2743 1080 si_c_
2769 1011 2824 1056 et
2862 1011 2917 1055 tu
2974 998 3545 1080 imaginemjpsorum',
3589 1010 3643 1062 id
3684 1022 3789 1080 est,

2210 1069 2497 1148 imaginem
2529 1073 2795 1148 superbiae
2826 1080 2880 1127 et
2918 1069 3100 1148 totius
3127 1075 3401 1148 nequitiae,
3433 1069 3600 1148 quam
3634 1080 3689 1133 in
3730 1069 3793 1139 se

2204 1139 2343 1219 ipsis
2368 1139 2627 1219 fecerunt,
2646 1144 2843 1219 rediges
2861 1144 2927 1219 ad
2948 1145 3167 1197 nihilum
3190 1139 3241 1197 in
3263 1139 3467 1201 civitate
3486 1158 3577 1202 tua
3599 1164 3789 1219 super-

2201 1212 2433 1290 cmlesti,
2464 1214 2518 1290 id
2567 1212 2773 1290 est,_in’
2809 1214 3437 1290 societatcusanctorum,
3480 1234 3591 1274 non
3642 1212 3784 1290 quod

2198 1280 2299 1349 ipsi
2334 1286 2405 1337 ibi
2436 1286 2564 1351 sint,
2609 1285 2703 1340 sed
2744 1286 2863 1353 quia
2908 1300 3026 1339 cuin
3061 1286 3132 1340 ihi
3171 1302 3293 1341 esse
3325 1280 3613 1351 deberent.
3664 1280 3784 1350 inde

2196 1353 2398 1477 exglusi
2430 1369 2459 1408 a
2486 1370 2616 1411 vero
2656 1369 2776 1411 esse
2804 1355 3217 1426 separabantur,
3248 1365 3302 1413 et
3327 1357 3407 1414 sic
3433 1360 3503 1415 ad
3554 1361 3782 1421 nihilum

2196 1435 2254 1477 re
2298 1436 2522 1477 urentur.

2196 1435 2522 1493 redigentur.

2267 1494 2401 1559 Quia
2427 1497 2803 1567 inﬂammatum
2849 1507 2921 1554 est
2970 1516 3059 1554 cor
3086 1502 3281 1555 'meum.
3327 1499 3453 1556 ideo
3482 1503 3687 1559 merito
3716 1508 3782 1563 ad

2198 1565 2680 1640 nihilumretliges
2732 1584 2847 1636 eos,
2879 1570 3002 1640 quia
3048 1570 3165 1626 aliis
3213 1572 3373 1627 etiam
3423 1576 3774 1633 occasionem

2194 1638 2448 1706 peccandi
2471 1638 2915 1713 dederunt._Nam
2934 1658 3023 1695 cor
3049 1658 3218 1697 meum
3239 1644 3632 1713 inﬂammatum
3664 1649 3780 1702 illo-

2196 1721 2316 1761 rum
2348 1713 2595 1782 exemplo
2622 1711 2889 1767 desiderio
2922 1722 3277 1782 terrenorum,
3298 1711 3353 1767 et
3383 1730 3535 1767 renes
3568 1717 3690 1781 mei,
3724 1720 3774 1773 id

1228 1786 1481 1857 ﬁliorum,
1532 1783 1743 1857 idest,
1799 1785 2089 1857 electorum
2124 1795 2173 1857 Β
2201 1790 2303 1857 εει,
2334 1780 2903 1857 delectationesmete,
2935 1798 3056 1857 qua:
3081 1780 3341 1839 deberent
3362 1798 3486 1857 esse
3517 1780 3775 1853 spiritua-

2200 1848 2299 1928 les,
2333 1860 2554 1905 mutate
2579 1863 2701 1907 sunt
2730 1854 2783 1928 in
2823 1848 3067 1908 carnales
3092 1872 3105 1907 :
3130 1865 3179 1928 et
3222 1854 3435 1928 sicegol
3458 1848 3777 1928 qui‘aliquid

2199 1918 2454 1993 deberem
2500 1937 2639 1991 esse,
2680 1926 2916 1978 redactus
2940 1940 3055 1978 sum
3094 1926 3163 1978 ad
3201 1918 3443 1993 nihilu'm',
3476 1918 3532 1981 id
3578 1918 3689 1993 est:
3714 1932 3776 1987 ad

2192 1988 2315 2059 hoc,
2362 1988 2664 2067 utterreiia
2697 2003 2897 2048 tantum
2931 2005 3260 2067 appeterem,
3290 1988 3589 2067 qua'nihil
3622 1988 3768 2066 sunt,

2184 2064 2468 2136 et_nescivi,
2500 2065 2551 2119 id
2585 2074 2687 2130 εει,
2719 2064 2973 2121 nesciens
3009 2066 3179 2122 factus
3229 2064 3371 2123 sum.
3419 2068 3482 2122 Et
3511 2071 3641 2136 quia
3687 2064 3779 2126 ne;

2184 2133 2362 2187 sciens
2394 2135 2489 2199 lui,
2524 2137 2643 2189 ideo
2673 2144 2727 2191 et
2750 2137 2795 2191 si
2816 2137 2955 2204 apud
2986 2138 3108 2192 illos
3128 2139 3257 2192 satis
3288 2133 3773 2206 pritdens'viderer

2183 2213 2237 2283 et
2282 2207 2520 2283 sapiens,
2549 2217 2761 2283 tamen.
2784 2209 2924 2283 apud
2954 2218 3002 2283 te
3031 2209 3197 2283 [actus
3225 2225 3338 2283 sum
3369 2219 3426 2262 ut
3456 2211 3772 2283 jumentum,

2184 2272 2238 2327 id
2271 2272 2377 2341 est,
2414 2276 2794 2332 irrationabilis
2819 2272 2879 2333 et
2901 2272 3182 2347 insipiens,
3212 2281 3337 2333 dum
3363 2272 3612 2349 eaiqua:
3641 2272 3767 2339 nihil

2179 2355 2324 2409 sunt,
2378 2357 2711 2415 appeterem,
2768 2358 2819 2403 et
2868 2364 3173 2418 quanquam
3207 2358 3547 2418 appeterem,
3596 2364 3767 2410 tamen

2180 2430 2273 2484 ego
2300 2432 2496 2490 semper
2549 2418 2621 2472 fui
2670 2430 2855 2490 tecum,
2888 2422 3013 2489 quia
3055 2436 3162 2475 non
3215 2423 3328 2475 haec
3378 2436 3410 2475 a
3462 2423 3764 2490 daemoniis,

2180 2492 2320 2562 sicut
2345 2488 2642 2562 idololatrze
2670 2489 2890 2555 faciunt,
2906 2488 3071 2560 peto,
3101 2493 3201 2547 sed
3230 2506 3258 2545 a
3292 2502 3342 2547 te
3371 2492 3491 2546 solo
3527 2505 3672 2562 peto.
3704 2488 3765 2551 Et

2180 2556 2300 2633 ideo
2326 2568 2397 2633 _tu
2438 2560 2687 2628 adiuvisti
2723 2577 2830 2626 me,
2867 2556 2938 2617 ne
2982 2556 3197 2631 penitus
3220 2562 3473 2618 caderem
3502 2556 3671 2633 {quia
3701 2579 3765 2621 te-

2179 2630 2336 2702 nuisti
2362 2645 2570 2683 manum
2601 2648 2764 2686 meam
2815 2630 3060 2688 faciendo
3102 2649 3220 2689 eam
3254 2630 3629 2697 dexterum—id
3668 2646 3760 2702 est,

2180 2698 2353 2773 fecisti
2379 2710 2435 2773 ut
2466 2717 2631 2769 opera
2672 2718 2789 2758 mea
2824 2706 2969 2771 prius
3001 2706 3241 2771 sinistra,
3274 2706 3453 2759 idest
3484 2698 3757 2773 perversa,

2179 2770 2370 2824 tierent
2397 2772 2640 2838 dextera,
2674 2774 2727 2827 id
2775 2770 2877 2842 est,
2911 2776 3071 2841 bona,
3102 2786 3152 2829 et
3186 2770 3264 2830 me
3298 2770 3554 2830 eductum
3586 2777 3655 2831 de
3686 2770 3757 2835 ιεὲ

2179 2842 2361 2897 nebris
2387 2845 2585 2897 erroris
2616 2844 2895 2909 deduxisti,
2930 2847 2982 2901 id
3025 2857 3127 2913 est,
3156 2847 3225 2902 de
3270 2848 3471 2901 virtute
3515 2848 3571 2901 in
3601 2849 3760 2904 virtu-

2180 2918 2287 2965 tem
2316 2914 2636 2981 provexisti.
2663 2916 2727 2969 Et
2753 2918 2856 2971 hoc
2900 2931 3006 2971 non
3056 2919 3109 2971 in
3146 2918 3350 2973 meritis
3378 2920 3541 2982 meis,
3576 2919 3668 2974 sed
3704 2922 3759 2973 in

2178 2985 2437 3057 uoluntate
2485 2993 2596 3052 tua,
2624 2996 2693 3057 et
2721 2989 2993 3057 suscepisti
3034 3004 3112 3041 me
3139 2988 3246 3055 jam
3288 2988 3657 3056 dispositione,
3700 3000 3755 3046 et

2178 3055 2395 3129 tandem
2438 3056 2699 3129 suscipies
2743 3073 2829 3112 me
2863 3055 2980 3111 cum
3028 3058 3215 3129 gloria.
3251 3058 3481 3113 Possunt
3525 3070 3584 3114 et
3610 3055 3760 3116 aliter

2181 3124 2301 3199 duo
2336 3124 2641 3195 superiores
2692 3143 2879 3184 versus
2927 3124 3052 3199 legi.
3097 3130 3259 3196 Quasi
3310 3129 3760 3199 dicatzlpsorum

2177 3195 2393 3265 quidem
2437 3199 2707 3267 imaginem
2748 3201 2948 3269 rettiges
2974 3195 3041 3253 ad
3071 3195 3314 3265 nihilum,
3355 3216 3529 3255 meam
3554 3195 3759 3259 ‘autetn

2178 3282 2284 3321 non
2326 3268 2537 3335 redigas
2586 3270 2651 3324 ad
2695 3268 2942 3335 nihilum,
2969 3272 3092 3339 quia
3142 3288 3229 3326 cor
3270 3286 3436 3325 meum
3479 3273 3761 3328 desiderio

2181 3340 2252 3391 tui
2282 3350 2356 3392 est
2384 3340 2783 3409 inﬂammatum,
2815 3352 2863 3395 et
2885 3358 3025 3395 renes
3053 3343 3173 3408 mei,
3202 3342 3254 3396 id
3301 3350 3407 3408 est,
3440 3341 3759 3400 delectatio.

2175 3422 2274 3464 nes
2304 3425 2438 3464 meae
2466 3412 2612 3477 prius
2640 3414 2886 3467 carnales
2917 3424 3135 3467 tnutatte
3166 3421 3293 3466 sunt
3325 3415 3375 3466 in
3399 3415 3755 3480 Spirituales:

2176 3489 2221 3533 et
2242 3496 2335 3551 ego
2361 3479 2597 3536 redactus
2623 3499 2734 3536 sum
2755 3484 2822 3536 ad
2850 3484 3090 3553 nihilum,
3138 3484 3314 3550 idest,
3343 3479 3437 3552 pro
3462 3482 3641 3540 nihilo
3676 3501 3759 3542 me

2173 3553 2436 3620 reputavi,
2466 3563 2723 3620 quantum
2752 3555 2819 3609 ad
2854 3569 2939 3619 ea,
2982 3570 3101 3623 quae
3137 3555 3284 3623 prius
3312 3556 3511 3618 institui
3542 3570 3562 3609 :
3589 3566 3649 3611 et
3678 3567 3754 3610 ta-

2172 3636 2297 3698 men
2327 3625 2606 3698 venialiter
2635 3626 2875 3695 peccavi,
2904 3626 3028 3698 quia
3072 3627 3278 3693 nescivi,
3308 3626 3361 3679 id
3403 3635 3506 3693 est,
3541 3627 3753 3698 nescius

2176 3695 2321 3762 prius
2344 3693 2441 3749 fui.
2469 3693 2843 3752 Nunc'autem
2876 3693 3043 3767 ﬂictus
3070 3713 3185 3752 sum
3230 3698 3372 3766 apud
3404 3707 3451 3751 te
3477 3707 3533 3751 ut
3551 3693 3756 3764 jus-eti-

2173 3773 2302 3839 tuni,
2336 3766 2386 3819 id
2418 3775 2520 3831 est,
2550 3768 2690 3821 sicut
2716 3766 2992 3839 subjugale
3044 3776 3381 3824 mansuetum
3433 3778 3486 3824 et
3522 3768 3748 3835 humile,

2170 3838 2257 3890 cui
2280 3851 2496 3906 semper
2526 3838 2734 3893 scilicet
2762 3838 2898 3896 onus
2929 3850 3079 3895 tuum
3111 3856 3274 3895 suave
3301 3850 3354 3895 et
3387 3841 3502 3895 leve
3553 3840 3644 3895 sit.
3688 3839 3753 3895 Et

2172 3906 2293 3961 ideo
2331 3925 2422 3977 ego
2467 3912 2655 3963 amodo
2700 3926 2897 3980 semper
2942 3926 3036 3966 ero
3082 3920 3269 3973 tecum,
3312 3911 3434 3980 quia
3475 3926 3753 3979 nunquam

2169 3992 2296 4035 caro
2326 3994 2411 4034 me
2434 3982 2657 4036 retrahit
2695 3996 2727 4035 a
2758 3983 3031 4037 voluntate
3059 3992 3172 4040 tua.
3218 3981 3286 4036 Et
3314 3984 3508 4037 merito
3538 3986 3753 4053 super

2169 4064 2263 4105 ero
2293 4061 2487 4117 tecum,
2520 4053 2647 4120 quia
2674 4055 2879 4107 tenuisti
2911 4070 3120 4107 manum
3170 4068 3335 4108 meant
3363 4052 3613 4110 iaciendo
3636 4052 3751 4112 eam

2168 4122 2459 4187 dexteram,
2488 4123 2623 4178 sicut
2658 4137 2821 4192 supra
2848 4126 3049 4179 dictum
3077 4134 3181 4179 est.

2243 4193 2379 4259 Quid
2400 4193 2534 4247 enim
2562 4195 2686 4248 mihi
2715 4204 2789 4249 est
2820 4196 2871 4248 in
2896 4198 3042 4249 caelo.
3077 4196 3219 4251 Vere
3248 4194 3466 4251 tandem
3490 4196 3751 4265 suscipies

2167 4278 2254 4335 me
2281 4278 2403 4318 cuni
2430 4265 2595 4333 gloria
2623 4283 2634 4317 :
2660 4281 2780 4319 nam
2812 4268 2935 4335 quid
2959 4277 3031 4319 est
3054 4268 3180 4320 mihi
3215 4277 3460 4335 paratum
3501 4269 3561 4319 in
3588 4268 3753 4321 ctera!

2169 4334 2359 4405 Utique
2402 4351 2649 4407 magnum
2700 4334 2922 4405 aliquid.
2971 4336 3155 4392 Gloria
3202 4334 3408 4393 scilicet
3457 4338 3575 4402 illa,
3607 4354 3753 4407 quam

2163 4422 2251 4459 nec
2282 4409 2459 4460 oculus
2500 4406 2645 4474 vidit,
2692 4424 2781 4461 nec
2811 4410 2954 4462 auris
2985 4411 3200 4475 audivit,
3244 4416 3290 4463 et
3321 4410 3376 4461 in
3416 4424 3507 4461 cor
3538 4406 3755 4462 hominis

2160 4494 2265 4531 non
2314 4479 2581 4551 ascendit:
2613 4487 2877 4551 etgtanien
2923 4482 3045 4550 quid
3075 4495 3174 4551 ego
3227 4482 3391 4534 miser
3426 4480 3565 4532 volui
3605 4495 3755 4549 super

480 4544 583 4600 hoc
608 4544 798 4622 eodem
830 4550 967 4622 male
994 4548 1163 4617 agitur
1192 4563 1314 4603 cum
1339 4550 1488 4618 ipsis,
1533 4544 1657 4622 quia
1689 4562 1765 4619 tu,
1801 4553 2047 4622 Domine,
2084 4544 2135 4605 Ι)
2163 4552 2387 4602 terram?
2423 4549 2613 4622 Utique
2642 4549 2747 4622 vile
2764 4544 3032 4622 _quidd'am
3061 4568 3074 4604 :
3105 4544 3206 4605 hoc
3234 4559 3412 4622 autem
3450 4554 3628 4620 (quasi
3670 4544 3754 4604 ἰη-

482 4619 698 4690 posuisti
725 4635 811 4673 eos
841 4619 993 4674 dolos
1014 4629 1220 4690 propter
1240 4635 1423 4676 eorum
1453 4619 1620 4690 dolos,
1655 4632 1711 4678 ut
1742 4619 2050 4690 praedictum

481 4698 587 4765 est.
618 4689 765 4765 Et‘in
797 4690 899 4744 hoc
944 4689 1169 4765 posuisn
1204 4693 1283 4745 eis
1306 4692 1480 4765 dolos,
1515 4696 1641 4764 quia
1682 4689 1907 4763 dejecisti‘
1939 4714 2046 4765 eos,

483 4760 607 4813 dum
637 4761 1004 4829 allevarentur,
1035 4762 1085 4814 id
1111 4771 1211 4825 est,
1239 4764 1359 4833 quia
1391 4760 1501 4833 ipsa
1533 4760 1718 4820 eorum
1739 4760 1970 4821 elevaiio
2000 4760 2051 4822 in

482 4834 709 4908 terrenis
734 4842 820 4908 est
844 4847 1026 4908 eorum
1054 4833 1303 4902 dejectio,
1333 4837 1407 4908 _id
1443 4847 1544 4903 est,
1592 4840 1895 4903 damnatio;
1927 4852 2050 4908 pro-

478 4904 711 4971 aperitas
739 4905 879 4957 enim
911 4906 1195 4958 stultorum
1222 4905 1406 4973 perdet
1438 4922 1553 4962 eos.

554 4974 825 5046 Quomodo
854 4975 975 5043 facti
998 4984 1117 5028 sunt
1144 4978 1197 5028 in
1227 4978 1611 5032 desolationem.
1645 4979 1783 5045 Hoc,
1809 4979 2051 5046 inquam,

478 5051 642 5100 modo
666 5045 894 5115 dejecisti
921 5060 1025 5109 eos,
1054 5050 1173 5112 quia
1205 5052 1324 5116 facti
1354 5061 1471 5102 sunt
1502 5052 1553 5103 in
1582 5045 1971 5113 desolationem,
1999 5052 2051 5105 id

480 5125 587 5183 est,
616 5117 740 5186 quia
771 5116 1088 5189 praecipitati
1116 5128 1261 5185 sunt,
1284 5119 1393 5186 jam
1424 5120 1779 5189 dispositione
1811 5122 1863 5175 iti
1895 5131 2055 5176 icter-

480 5202 604 5261 nam
633 5187 1054 5261 damnationem.
1088 5190 1155 5261 Et
1180 5191 1472 5258 quomodo,
1514 5187 1567 5245 id
1613 5203 1716 5254 est.
1746 5206 1905 5261 quam
1939 5192 2054 5247 ino-

480 5259 665 5327 pinate
707 5260 808 5313 hoc
851 5260 931 5313 eis
962 5260 1221 5329 contigit:
1256 5270 1312 5317 et
1357 5264 1478 5317 ideo
1520 5262 1642 5317 dico
1675 5259 1794 5316 facii
1847 5274 1969 5318 sunt
2001 5266 2054 5318 in

480 5330 894 5403 desolationem,
937 5332 1058 5399 quia
1106 5331 1269 5385 subito
1332 5333 1637 5402 defecerunt,
1664 5338 1773 5402 jam
1827 5334 2054 5403 disposi-

480 5401 626 5476 tione
670 5403 1129 5476 ctiamperierunt
1156 5418 1175 5457 :
1207 5413 1260 5458 et
1303 5401 1404 5459 hoc
1450 5420 1554 5461 non
1600 5401 1674 5460 exi
1694 5401 2051 5476 justitia'tua,

479 5470 575 5526 sed
600 5482 805 5541 prapter
836 5473 1158 5541 iniquitatem
1195 5490 1359 5529 suam.
1388 5477 1450 5529 Et
1492 5478 1566 5531 ita
1610 5470 1731 5530 dico
1762 5470 2058 5543 defecerunt

479 5549 527 5620 et
575 5544 1035 5620 perierunt,__ve_lut
1074 5547 1330 5620 somnium
1370 5549 1692 5620 surgentium
1738 5548 1915 5615 periit,
1964 5546 2056 5617 qui

482 5613 611 5669 licet
639 5614 829 5669 multas
858 5615 1074 5681 divitias
1102 5616 1421 5672 dormienda
1461 5613 1887 5686 somniaverunt,
1930 5613 2053 5673 su'r-

479 5694 669 5768 gentes
689 5693 883 5768 tamen
902 5688 1034 5742 nihil
1061 5687 1340 5768 inveniunt
1365 5689 1419 5743 in
1447 5691 1693 5746 manibus
1725 5691 1857 5745 suis.
1890 5688 1980 5745 Sic
2003 5702 2057 5746 et

482 5756 573 5813 isti
601 5758 655 5813 in
687 5756 789 5811 hac
818 5758 924 5813 vita
954 5758 1105 5827 quasi
1136 5758 1188 5813 in
1211 5774 1402 5815 somno
1431 5773 1578 5829 sunt,
1610 5776 1735 5817 cum
1767 5775 1896 5818 vero
1935 5768 2054 5816 tau-

480 5829 602 5887 detn
631 5829 699 5888 de
724 5829 827 5887 hoc
874 5843 1066 5886 somno
1109 5831 1403 5889 educentur
1426 5843 1483 5890 et
1527 5832 1877 5911 evigilabqnt,
1916 5832 2052 5890 nihil

2158 4621 2265 4689 cat)
2294 4620 2523 4689 contigit
2572 4634 2639 4675 es
2685 4620 2899 4676 delectu
2953 4637 3073 4677 uieo
3104 4622 3156 4676 in
3186 4620 3363 4677 anima
3414 4632 3474 4676 et
3500 4636 3748 4688 corpore.

2160 4690 2263 4745 l’er
2333 4691 2823 4761 praevaricationem
2891 4708 3124 4762 namque
3181 4692 3310 4747 Δότε
3380 4695 3752 4762 multipliciter

2160 4763 2311 4829 prius
2337 4763 2516 4832 defecit
2566 4778 2685 4817 caro
2728 4780 2841 4817 mea
2880 4775 2926 4819 et
2978 4780 3063 4817 cor
3085 4780 3273 4830 meum,
3326 4765 3377 4818 id
3422 4775 3528 4828 est,
3556 4777 3753 4832 corpus

2157 4847 2334 4887 meum
2362 4846 2415 4887 et
2442 4836 2618 4888 anima
2669 4850 2809 4889 mea.
2864 4834 3015 4891 Nunc
3064 4844 3243 4890 autem
3293 4850 3353 4890 es
3412 4833 3552 4889 Deus
3582 4835 3750 4888 cordis

2157 4907 2278 4970 mei,
2309 4915 2413 4959 etc.
2448 4906 2542 4960 Vel
2566 4905 2741 4960 aliter.
2772 4907 2935 4973 Quasi
2962 4907 3106 4962 dicat
3130 4925 3145 4959 :
3166 4907 3322 4961 l’iius
3353 4906 3576 4975 quidem
3624 4906 3752 4960 utile

2158 4976 2410 5047 quiddam
2444 4977 2585 5030 volui
2613 4992 2775 5044 super
2808 4989 3025 5047 terrain,
3059 4992 3203 5033 nunc
3244 4986 3422 5031 autem
3448 4978 3564 5045 jam
3598 4977 3743 5043 defe-

2157 5046 2225 5118 c_it
2258 5063 2378 5118 caro
2406 5064 2539 5112 mea,
2569 5056 2616 5100 et
2641 5065 2729 5101 cor
2758 5065 2925 5103 meum
2950 5064 2980 5103 a
3010 5046 3089 5113 Se,
3122 5058 3184 5103 ut
3216 5047 3534 5118 proficerent
3582 5047 3643 5101 in
3676 5060 3746 5101 te.

2162 5115 2230 5169 Et
2260 5129 2313 5171 tu
2346 5117 2485 5171 Deus
2514 5134 2573 5173 es
2619 5120 2790 5174 cordis
2833 5121 2951 5186 mei,
2999 5121 3049 5175 id
3093 5128 3198 5185 est,
3217 5115 3291 5174 ves
3316 5119 3406 5173 ille
3448 5134 3611 5188 quem
3659 5132 3751 5171 cor

2157 5202 2334 5242 meum
2358 5190 2531 5259 diligit
2555 5199 2613 5243 ut
2635 5190 2822 5253 Deum,
2845 5200 2892 5244 et
2912 5206 2970 5245 es
2993 5207 3113 5259 pars
3134 5206 3246 5243 mea
3267 5192 3317 5243 in
3341 5199 3614 5243 teternum.
3648 5188 3753 5243 Eli-

2157 5269 2284 5329 gaut
2330 5261 2474 5314 enim
2503 5260 2594 5314 alii
2636 5274 2862 5330 partem,
2894 5278 3051 5332 quain
3086 5262 3257 5316 velint
3289 5262 3341 5315 in
3394 5260 3621 5332 mundo,
3648 5272 3752 5329 ego

2161 5339 2212 5383 te
2243 5331 2418 5386 solum
2455 5342 2660 5400 partem
2690 5331 3087 5389 hzereditariam
3110 5332 3242 5387 mihi
3272 5333 3464 5401 eligam
3494 5331 3549 5385 in
3579 5333 3753 5388 celo.

2161 5400 2294 5465 Quia
2322 5419 2453 5467 ecce,
2481 5406 2599 5459 ideo
2624 5407 2816 5460 merito
2844 5416 2893 5460 te
2915 5405 3082 5459 Deum
3110 5413 3315 5472 patrem
3342 5400 3589 5470 assumo,
3618 5403 3749 5471 quia

2158 5488 2345 5530 omnes
2372 5478 2448 5530 illi
2477 5477 2736 5547 peribunt,
2778 5477 2867 5547 qui
2908 5478 3149 5547 elongant
3173 5492 3229 5529 se
3254 5491 3287 5527 a
3312 5485 3384 5539 te,
3428 5474 3483 5529 id
3510 5486 3618 5538 est,
3658 5473 3751 5543 qui

2159 5560 2267 5624 non
2303 5555 2355 5601 te
2386 5559 2591 5624 partem
2616 5546 2935 5624 _assumunt.
2964 5547 3035 5602 Et
3066 5561 3194 5607 vere
3231 5546 3495 5624 peribunt,
3520 5548 3659 5624 _qnia
3694 5554 3750 5624 tu

2155 5615 2267 5686 jam
2302 5619 2568 5693 perdidisti
2591 5619 2952 5693 dispositione
2975 5633 3197 5693 omnem
3229 5619 3403 5684 illum,
3443 5617 3533 5693 qui
3563 5615 3747 5693 fornif

2159 5698 2311 5767 catur
2343 5689 2643 5745 recedeudo
2683 5687 2779 5767 abs
2808 5701 2880 5746 te.
2932 5690 3381 5767 llli_lornicantur
3410 5703 3441 5742 a
3486 5687 3625 5767 Deo.
3652 5687 3748 5754 qui

2160 5761 2333 5833 ipsum
2377 5777 2482 5816 non
2514 5770 2661 5817 caste
2688 5763 2893 5829 colunt,
2946 5760 3069 5832 quia
3097 5776 3202 5818 non
3232 5769 3453 5833 propter
3480 5760 3755 5827 seipsum,

2160 5832 2253 5889 sed
2282 5842 2496 5903 propter
2526 5833 2665 5889 aliud
2698 5848 2821 5892 eum
2852 5835 3057 5890 colunt.

3455 5930 3482 5948 δ
