3984 6362
213 356 330 415 875

937 359 1004 414 IN
1041 357 1459 419 PSALMORUM
1498 359 1758 419 LIBRUM
1798 358 2231 420 EXEGESIS.-—
2252 362 2497 422 PSALM.
2539 363 2776 423 LXXIII.

3390 375 3495 432 8N

291 472 429 529 Mihi
449 483 621 547 autem
650 475 913 547 adharere
935 472 1045 530 Deo
1071 475 1258 530 bonum
1280 483 1376 531 est.
1408 476 1757 533 Fornicantes
1785 516 1801 544 ,
1834 475 1885 538 Δ
1912 474 2085 547 sione.
2118 476 2249 533 Cum
2293 478 2434 535 enim
2482 478 2561 535 sic
2590 478 3003 547 tribulabantur,
3037 489 3119 538 tot
3151 482 3315 540 millia
3341 491 3485 545 occi-

213 545 467 613 inquam,
492 546 588 601 abs
620 556 679 617 te
698 546 1001 616 perdidisti,
1032 562 1118 602 me
1139 555 1317 603 autem
1347 562 1453 603 non
1482 547 1759 617 perdidisti
1786 564 1799 600 :

210 620 348 687 quia
377 632 481 686 ego
511 632 618 671 non
656 615 949 672 fornicatus
994 634 1113 672 sum
1148 618 1243 673 abs
1275 627 1347 673 te.
1381 615 1643 686 Quoniam
1672 618 1807 673 mihi

210 698 294 744 est
338 688 790 760 bonum,_id_est,
831 688 963 760 mihi
994 688 1207 760 videtur
1231 690 1363 745 utile
1402 700 1457 746 et
1480 690 1797 760 jucundum,

214 760 439 815 tandem
481 758 576 813 tibi
634 758 741 813 Deo
769 758 1052 814 adhtcrere.
1104 759 1171 813 Et
1218 769 1275 814 ut
1319 769 1444 815 tunc
1473 758 1800 828 adhaeream,

214 845 366 899 pono
384 846 528 885 nunc
558 830 769 885 interim
799 845 951 898 spem
981 845 1154 886 meam
1183 829 1234 885 in
1254 840 1304 885 te
1332 832 1559 888 Domino
1588 834 1807 889 redem-

216 911 399 974 ptore,
432 910 488 958 et
516 900 627 956 Deo
652 909 896 974 creatore
927 918 940 954 :
967 901 1038 956 ita
1061 910 1115 955 ut
1140 904 1441 974 annuntiem
1470 919 1644 959 omnes
1670 919 1808 974 pra:-

215 973 505 1044 dirotiones
528 981 660 1044 tuas,
695 970 747 1027 id
776 979 881 1037 est,
919 985 1109 1044 omnes
1138 973 1492 1040 laudationes,
1524 970 1718 1044 quibus
1746 983 1806 1029 tu

214 1057 280 1115 es
310 1042 707 1115 pmdicandus,
755 1043 1092 1115 annuntiem,
1117 1044 1240 1099 dico
1270 1044 1399 1100 Sion
1425 1042 1571 1115 ﬁliis,
1615 1046 1671 1101 id
1699 1055 1807 1112 est,
1836 1062 1839 1065 ί

216 1113 508 1176 Ecclesiae,
554 1113 676 1183 quia
707 1122 857 1169 extra
889 1113 1185 1169 Ecclesiam
1210 1129 1322 1170 non
1365 1113 1450 1171 est
1480 1117 1630 1171 locus
1661 1132 1811 1172 verae

215 1184 785 1256 pradicationis,rqu:e
810 1184 1046 1256 Ecclesia
1078 1195 1295 1256 propter
1326 1186 1579 1242 virtutum
1634 1201 1810 1243 orna-

214 1265 425 1326 menta,
483 1265 539 1311 et
587 1255 817 1326 filiorum
847 1255 1228 1312 fecunditatem
1268 1256 1393 1312 illim
1432 1266 1807 1326 comparatur,

214 1333 278 1384 et
300 1325 410 1383 hoc
431 1326 486 1381 in
513 1326 692 1397 portis,
723 1325 911 1400 idest,
944 1325 997 1381 in
1022 1326 1259 1397 publico,
1291 1328 1376 1384 vel
1410 1328 1465 1384 in
1496 1325 1809 1386 virtutibus.

663 1437 730 1494 IN
768 1435 1099 1496 PSALMUM
1135 1437 1373 1495 LXXIII.

730 1552 1040 1609 Intellectus
1067 1552 1269 1625 Asaph.

819 1661 993 1703 Αιιαυιι
1001 1661 1203 1703 ENTUI.

292 1736 731 1794 llachabcorum
778 1745 835 1793 et
882 1736 1121 1809 pericula
1162 1745 1473 1805 narrantur,
1525 1748 1582 1796 et
1607 1740 1814 1813 fpreces

213 1818 638 1867 connectuntur.
1212 1834 1217 1837 '

836 1917 1201 1961 EXPLANATIO.

292 1994 425 2067 Ideo
465 1993 753 2050 intellectus
795 1994 851 2049 in
881 1996 1029 2050 titulo
1056 1996 1423 2064 prtenotatur,'
1446 2012 1572 2067 quia
1612 1996 1809 2066 duplex

213 2066 487 2139 captiuitas
528 2067 755 2139 sequitur
798 2067 1081 2139 cgrporalis
1125 2076 1173 2122 et
1212 2066 1486 2139 spiritalis.
1536 2067 1652 2123 Una
1693 2084 1810 2137 qua:

215 2136 410 2211 templo
446 2138 704 2192 destructo
741 2138 796 2191 in
825 2136 1164 2211 quyloniam
1185 2136 1354 2211 duxit,
1378 2140 1680 2211 alteraque
1704 2136 1809 2207 ﬁde

212 2210 468 2280 subversa
498 2224 730 2262 errorum
775 2208 1075 2280 confusione
1110 2209 1426 2280 subjugavit.
1481 2208 1638 2264 Hunc
1666 2212 1809 2280 psal-

214 2296 362 2352 mum
397 2277 742 2352 Hieronymus
788 2277 967 2352 co_ntra
1014 2277 1284 2335 (Μαιάιὲοέ
1319 2290 1595 2352 cantatum
1627 2277 1805 2352 'p‘utat,

214 2348 559 2405 Cassiodorus
598 2348 788 2404 contra
824 2348 1108 2418 Romanos,
1137 2351 1393 2406 Arnobius
1430 2361 1607 2407 contra
1635 2348 1808 2407 Phili-

214 2421 380 2488 stiim,
403 2421 619 2494 quando
643 2419 818 2490 Ophni
838 2431 887 2476 et
903 2421 1130 2494 Phinees
1150 2422 1495 2477 sacerdotibus
1524 2425 1809 2494 interfectis

214 2437 380 2488 smm,
392 2437 619 2545 guanao
643 2437 817 2490 Upnm
838 2437 887 2476 et
911 2437 1130 2476 rmnees
1150 2437 1495 2477 saceraonbus
1524 2437 1807 2494 interfectis

214 2500 343 2547 arca
445 2492 493 2546 ei
532 2500 821 2564 captaest.
889 2491 1169 2564 Synagoga
1217 2510 1309 2563 per
1358 2502 1517 2548 totum
1574 2493 1807 2561 loquitur

212 2565 504 2636 psalmum.
523 2560 606 2617 In'
632 2562 806 2636 prima
831 2560 1055 2636 sectione
1072 2560 1346 2636 deplorat,
1374 2581 1466 2618 cur
1489 2560 1667 2619 traditi
1687 2568 1802 2636 fue-

214 2634 323 2688 rint
346 2634 600 2707 gentibus,
622 2635 698 2707 ita
722 2635 1073 2688 sanctuarium
1099 2634 1313 2689 Domini
1332 2635 1659 2707 inimicorum
1680 2634 1805 2705 pro-

216 2704 447 2776 {enasset
491 2704 744 2769 audacia,
798 2720 1087 2759 memorans
1116 2706 1463 2775 quorumdam
1498 2704 1805 2763 Judteorum

212 2792 305 2848 cor
334 2776 674 2844 irnptenitens,
710 2776 921 2848 Domini
947 2792 1262 2848 provocasse
1283 2792 1567 2843 censuram,
1597 2794 1660 2833 ea:
1686 2780 1801 2848 qui-

213 2847 311 2920 bus
354 2850 602 2920 tamenin
623 2848 726 2920 ﬁne
756 2847 1343 2920 sreculiconeertendos
1368 2864 1476 2903 esse
1502 2847 1797 2920 prophetat.

214 2917 463 2990 Secunda
487 2918 610 2972 dicit
638 2918 857 2990 aduentu
891 2915 1080 2972 Christi
1124 2915 1512 2989 superstitiones
1538 2929 1584 2973 et
1601 2915 1801 2990 iniqui-

213 2996 347 3043 tates
388 2987 658 3043 hominum
701 2989 862 3057 fuisse
908 2987 1215 3053 destructas,
1262 3004 1569 3045 enumerans
1603 2987 1803 3045 diversa

214 3074 333 3131 eum
361 3060 540 3128 fecisse
566 3060 853 3131 magnalia,
884 3059 1017 3113 inter
1034 3075 1150 3130 quia
1174 3060 1297 3131 petit
1326 3069 1375 3115 et
1397 3060 1599 3116 ludatis
1622 3077 1802 3116 erran-

212 3130 349 3182 tibus
376 3129 852 3203 subveniﬁ.'1‘ertia
893 3129 1061 3199 rogat,
1093 3140 1149 3184 ut
1177 3129 1376 3185 memor
1404 3133 1801 3203 promissionum

212 3214 429 3276 suarum
454 3201 518 3254 ab
537 3201 770 3276 interitu
787 3216 959 3276 semen
985 3203 1167 3276 eripiat
1190 3201 1430 3276 Abrahte,
1456 3213 1503 3259 et
1537 3204 1606 3257 ad
1623 3205 1803 3276 ipsum
1826 3209 1878 3276 ο

212 3270 461 3326 ascendat
489 3270 726 3342 superbia
750 3271 996 3337 hostium,
1036 3272 1123 3341 qui
1151 3289 1205 3327 se
1232 3274 1452 3327 inaniter
1489 3270 1795 3330 extulerunt.

793 3378 1227 3422 COMMENTARIUS.

290 3452 362 3527 Ut
386 3452 513 3527 quid
543 3452 682 3527 Deus
711 3454 944 3527 repuliin
974 3454 1028 3509 in
1051 3454 1254 3527 ﬁnem?
1285 3454 1589 3527 Intelligens
1617 3458 1798 3527 Asaph

213 3523 463 3595 loquitur
486 3524 541 3580 in
569 3524 674 3595 hoc
715 3524 944 3594 psalmo,
986 3527 1109 3593 quia
1137 3532 1195 3579 ut
1217 3524 1328 3595 jam
1358 3523 1501 3595 saepe
1541 3523 1795 3595 diximus,

213 3594 521 3666 phrenetici
575 3594 749 3649 Judaei
782 3609 890 3650 non
931 3594 1317 3664 cognoscentes
1366 3594 1576 3665 tempus
1612 3594 1799 3652 visita;

214 3665 406 3738 tionis,
438 3673 495 3721 et
526 3666 775 3738 timentes
802 3666 1042 3738 perdere
1083 3665 1235 3738 illud,
1269 3666 1410 3738 quod
1451 3680 1795 3738 acceperant,

215 3736 534 3807 occiderunt
576 3734 750 3802 illum,
793 3734 883 3807 qui
926 3734 1170 3792 dederat.
1202 3734 1308 3792 Sed
1337 3737 1465 3807 quid
1492 3734 1690 3793 factum
1718 3734 1800 3795 est

214 3808 335 3864 eis?
359 3806 718 3864 Perdiderunt
745 3810 905 3863 etiam
929 3816 1165 3874 terrena,
1189 3818 1242 3863 et
1267 3806 1363 3863 ubi
1385 3809 1558 3878 ipsum
1584 3808 1799 3866 occide-

215 3888 366 3940 runt,
410 3879 482 3933 ibi
528 3878 628 3946 ipsi
672 3878 836 3934 occisi
886 3887 1033 3933 sunt.
1084 3879 1150 3932 Et
1194 3879 1445 3948 quoniam
1491 3889 1797 3938 metuentes

216 3949 453 4019 perdere
501 3958 721 4015 terram,
752 3948 990 4004 datorem
1033 3949 1153 4003 vitae
1192 3950 1462 4017 occidunt,
1497 3950 1622 4006 ideo
1650 3967 1797 4008 eam-

221 4020 353 4075 dem
383 4028 581 4075 terram
634 4020 796 4076 occisi
827 4019 1196 4088 perdiderunt.
1248 4022 1314 4075 Et
1361 4022 1414 4074 in
1444 4022 1634 4077 eodem
1666 4034 1798 4078 tem-

218 4104 355 4160 pore
382 4104 489 4160 quo
518 4091 692 4160 ipsum
717 4090 1051 4157 occiderunt,
1082 4100 1140 4145 ut
1179 4105 1251 4146 ex
1285 4092 1402 4160 ipso
1433 4103 1676 4162 tempore
1696 4094 1792 4149 ad-

219 4170 601 4228 monerentur,
633 4176 729 4217 cur
760 4162 881 4216 talia
913 4171 1240 4230 paterentur.
1272 4164 1496 4229 Quando
1541 4166 1684 4219 enim
1722 4168 1799 4220 ci-

215 4232 360 4303 vitas
400 4231 704 4288 Judzeorum
736 4246 992 4288 conversa
1042 4244 1148 4300 εει,
1189 4236 1383 4303 pascha
1424 4235 1791 4300 celebrabant,

219 4312 280 4359 et
309 4302 363 4374 in
395 4303 577 4359 multis
599 4303 835 4358 millibus
866 4312 975 4358 tota
1004 4302 1090 4358 illa
1113 4302 1243 4372 gens
1264 4305 1331 4360 ad
1359 4305 1515 4374 hujus
1540 4316 1799 4363 venerant

219 4372 535 4430 festivitatis
556 4374 994 4446 celebrationem.
1026 4374 1130 4431 Ubi
1172 4376 1312 4431 Deus
1340 4372 1443 4446 per
1464 4392 1571 4432 non
1606 4378 1794 4444 bonos,

218 4446 341 4517 ipse
369 4452 547 4517 tamen
572 4445 742 4502 bonus
770 4463 781 4498 :
808 4461 901 4517 per
922 4460 1026 4500 non
1049 4446 1240 4515 iustos,
1263 4445 1379 4517 ipse
1403 4459 1577 4503 tamen
1598 4450 1794 4517 justus,

218 4525 279 4571 et
304 4515 448 4584 juste
476 4515 553 4570 ita
578 4516 870 4571 vindicavit
914 4519 966 4570 in
1010 4531 1124 4581 eos,
1159 4527 1215 4571 ut
1266 4515 1427 4571 multa
1471 4515 1633 4572 millia
1664 4515 1799 4587 peri-

1911 545 2195 611 debantur,
2230 560 2305 603 tot
2325 551 2378 603 in
2400 552 2758 619 captivitatem
2784 545 3136 619 ducebantur,
3167 571 3290 613 vere
3318 559 3387 613 ab
3419 575 3487 615 eo

1911 619 2109 701 repulsi
2163 619 2495 676 videbantur.
2555 621 2974 701 thuid-dico,
3026 625 3302 701 iratushest
3343 632 3490 701 furor

1912 696 2214 772 tuus_supci_'
2241 707 2353 772 oves
2374 708 2579 759 pascua:
2609 704 2733 772 tuae,
2764 694 2813 772 i_d
2842 703 2947 772 es_t_2
2994 710 3155 765 super
3182 698 3319 772 illos,
3343 694 3491 772 quos

1913 768 1969 815 tu
1998 761 2219 837 elegisti
2237 763 2402 837 prius,
2441 772 2497 819 et
2532 766 2726 833 pavisti
2775 765 3034 834 legalibus
3062 761 3129 823 'et
3156 761 3491 837 propheiicis

1910 832 2157 910 scrip_tis_,_
2178 832 2324 910 sicut
2348 834 2467 910 pius
2504 832 2715 910 pastos
2736 832 2861 891 oves
2890 849 3012 910 suas
3044 832 3213 907 pascit
3239 832 3268 892 ἵ
3302 840 3488 910 Certe,

1911 904 2065 972 quasi
2106 903 2435 982 dica_t:_ideo
2475 903 2739 982 repulisti,
2792 916 2847 961 et
2891 907 3011 962 ideo
3038 903 3206 965 iratus
3231 925 3292 967 es
3320 931 3333 966 :
3359 903 3485 982 quia

1911 988 2021 1099 nosl
2038 976 2264 1031 terrenis
2290 975 2704 1043 inbaerebamus,
2736 987 2789 1033 et
2812 987 2862 1033 te
2886 987 3153 1047 pastorem
3189 996 3295 1038 non
3323 975 3489 1055 agno-

1911 1060 2000 1099 sce
2022 1061 2214 1099 iamus.
2830 1092 2833 1095 ,

1911 1060 2125 1100 scenam
2132 1062 2214 1102 IIS.
2830 1092 2833 1095 ‹

1984 1114 2185 1172 Memor
2209 1125 2319 1189 esto
2343 1120 2747 1189 congregationis
2770 1127 2890 1174 tua}.
2932 1120 3094 1188 Quasi
3123 1121 3267 1178 dicat
3294 1141 3307 1178 :
3337 1125 3403 1181 Et
3432 1137 3490 1180 ut

1913 1200 2019 1265 non
2048 1189 2281 1265 repellas
2309 1188 2363 1243 in
2394 1189 2579 1265 ﬁnem,
2607 1206 2799 1265 memor
2820 1195 3362 1265 estocongregationis
3390 1206 3491 1252 tua:

1911 1258 1975 1311 ab
2000 1259 2174 1327 initio,
2202 1259 2253 1314 id
2290 1268 2395 1326 est,
2426 1261 2526 1315 etsi
2565 1262 2649 1316 isti
2679 1260 2877 1331 indigni
2906 1258 3335 1328 sint,'ut'eorum
3374 1283 3493 1325 me-

1912 1343 2031 1407 mor
2056 1331 2153 1407 sis,
2185 1344 2394 1407 memor
2416 1340 2554 1407 _est_o
2580 1332 2770 1407 saltem
2783 1332 3096 1407 Abraham,
3137 1351 3297 1407 quem
3341 1340 3491 1407 prius

1912 1399 2155 1478 liberasti
2192 1401 2470 1457 educendo
2499 1402 2569 1458 de
2596 1402 2727 1458 urbe
2774 1399 3174 1478 Chaldaeorum,
3206 1421 3234 1461 a
3278 1399 3384 1478 qu'o
3407 1424 3496 1477 po.

1913 1471 2071 1540 pulus
2108 1472 2230 1544 iste,
2279 1486 2437 1541 quem
2470 1472 2806 1544 congregasti
2856 1482 2912 1529 et
2940 1471 3175 1544 elegisti,
3206 1471 3495 1537 carnaliter

1915 1542 2198 1615 processit,
2245 1551 2305 1596 ut
2346 1557 2443 1612 per
2479 1542 2656 1612 ipsum
2680 1542 2979 1615 aliquando
3026 1542 3242 1604 liberes.
3291 1549 3494 1606 Memor

1914 1621 2042 1688 esto,
2064 1613 2204 1681 dico,
2226 1616 2631 1688 congregationis
2656 1613 2955 1685 tamquam
2975 1626 3033 1672 ttt
3060 1619 3329 1688 possedisti
3356 1622 3499 1677 inter

1914 1684 2048 1757 alias
2078 1685 2486 1757 gentes,gdando
2507 1687 2556 1740 ei
2581 1687 2749 1757 legem
2787 1684 2848 1742 et
2877 1684 3167 1756 praecepta.
3202 1688 3315 1744 Non
3347 1694 3495 1747 enim

1917 1753 1996 1807 sic
2017 1758 2167 1832 _om_ni
2197 1755 2401 1809 nationi
2438 1753 2899 1832 fecistiCPeruboc
2927 1753 3209 1832 quia'dieit
3237 1760 3496 1832 :Congre-

1920 1824 2140 1893 gationis
2164 1833 2285 1890 tum,
2330 1833 2383 1880 et
2406 1841 2561 1896 quam
2589 1828 2893 1896 possedisti,
2937 1824 3162 1884 attrahit
3201 1832 3303 1886 sibi
3344 1824 3497 1889 audi-

1923 1905 2092 1951 torem
2114 1896 2657 1969 populum,_scilicet
2683 1898 2854 1969 illum,
2882 1898 2968 1953 cui
2995 1900 3253 1969 loquitur,
3284 1910 3339 1958 et
3363 1918 3496 1958 enu-

1910 1974 2085 2020 merat
2113 1966 2201 2021 hic
2228 1968 2377 2040 plura
2423 1966 2517 2023 Dei
2548 1966 2808 2040 beneﬁcia
2833 1969 2987 2039 prius
3012 1966 3091 2025 illi
3125 1966 3324 2040 p0pulo
3362 1988 3495 2030 con-

1908 2050 2085 2103 cessa,
2117 2047 2176 2092 ut
2204 2052 2298 2107 per
2326 2036 2430 2092 hoc
2476 2038 2691 2093 inducat
2732 2036 2856 2095 eum
2897 2040 2965 2095 ad
3011 2036 3497 2101 alia'co'nferenda.

1985 2108 2266 2163 Redemisti
2307 2110 2504 2178 uirgam
2532 2108 2847 2164 hereditatis
2877 2120 2999 2165 tute.
3032 2111 3158 2167 Ideo
3192 2114 3350 2169 etiam
3383 2130 3496 2171 me-

1909 2192 2027 2251 mor
2059 2194 2180 2251 esse
2201 2178 2367 2251 debes
2392 2182 2822 2251 congregationis
2847 2189 2973 2246 tuae,
2999 2181 3123 2251 quia
3152 2191 3211 2239 tu
3233 2185 3493 2241 redemisti

1908 2250 2101 2329 vir_gam
2136 2250 2449 2329 hereditatis
2478 2250 2611 2329 tute,
2632 2250 2684 2304 id
2716 2261 2819 2329 est,
2851 2260 2907 2306 tu
2934 2252 3174 2308 liberasti
3204 2255 3272 2310 de
3297 2255 3490 2329 ΔΑὲεγ-

1910 2321 2082 2398 ptiaca
2110 2322 2371 2398 servitute
2406 2321 2542 2398 bane
2568 2320 2933 2398 htereditatem
2964 2330 3111 2398 tuam
3139 2339 3241 2398 per
3259 2320 3485 2398 virga'm,

1906 2389 1960 2469 id
1993 2401 2082 2469 est
2102 2406 2237 2469 ;rper
2267 2393 2431 2469 m_u_lta
2472 2391 2733 2469 miracula
2755 2394 2890 2450 facta
2916 2408 2968 2469 ξι-
2991 2389 3176 2466 Moyse
3228 2395 3282 2451 in
3313 2389 3485 2469 virga;

1907 2460 2078 2539 [labet
2113 2460 2255 2519 enim
2306 2463 2547 2528 historia,
2592 2463 2888 2539 quodcum
2915 2460 3127 2539 Moyses
3150 2470 3312 2539 {esset
3350 2460 3491 2539 apud

1906 2531 2093 2608 Jethro
2114 2547 2377 2608 socerum
2389 2548 2574 2608 suum,
2600 2534 2860 2608 D_ominus
2884 2531 3139 2605 apparuit,
3153 2538 3226 2606 ei,
3266 2548 3323 2595 et
3352 2531 3491 2608 prae-

1907 2606 2051 2673 cepit
2078 2604 2150 2672 ei,
2184 2614 2241 2659 ut
2288 2605 2489 2677 rediret
2518 2606 2571 2677 in
2597 2604 2999 2677 iﬁgyptum,et
3044 2604 3326 2665 reduceret
3353 2604 3493 2667 inde

1908 2676 2166 2750 populum
2190 2690 2367 2750 suum.
2399 2673 2497 2750 Cul
2524 2673 2809 2750 dubitanti,
2836 2692 2905 2732 an
2937 2692 3032 2747 per
3058 2692 3181 2733 eum
3212 2680 3325 2735 ﬁeri
3360 2696 3489 2750 pos-

1907 2755 2011 2820 set,
2046 2746 2192 2801 dedit
2213 2748 2262 2801 ei
2294 2745 2551 2801 Dominus
2577 2746 2678 2801 hoc
2707 2745 2951 2820 signum,
2974 2750 3333 2820 praecepitque
3357 2745 3405 2805 ei
3433 2763 3495 2807 ut

1905 2817 2127 2889 virgam,
2176 2832 2333 2887 quam
2380 2832 2543 2871 manu
2592 2817 2827 2884 tenebat,
2882 2820 2934 2873 in
2966 2829 3109 2877 terra
3151 2817 3487 2889 projiceret:

1903 2888 2156 2957 projecit,
2180 2896 2236 2942 et
2260 2889 2314 2942 in
2341 2888 2799 2961 colubrumversa
2818 2898 2920 2944 est.
2943 2888 3184 2960 Cumque
3212 2888 3302 2946 ille
3323 2907 3494 2961 expa-

1905 2961 2093 3030 visset,
2124 2960 2379 3030 praecepit
2406 2959 2455 3030 ei
2490 2958 2769 3023 Dominus,
2801 2968 2859 3015 ut
2885 2958 3191 3029 serpentem
3237 2977 3331 3030 per
3360 2958 3492 3019 cau-

1904 3028 2027 3083 dam
2061 3027 2503 3099 caperetiCepit,
2552 3037 2609 3083 et
2652 3044 2777 3084 mox
2828 3027 3059 3100 virga'in
3090 3045 3151 3087 se
3196 3027 3375 3090 rediit.
3423 3032 3489 3089 Et

1904 3113 2000 3172 per
2023 3100 2160 3156 hanc
2188 3101 2392 3169 virgam
2426 3100 2765 3172 postmodum
2796 3100 2921 3157 fecit
2944 3101 3157 3172 Moyses
3187 3103 3276 3158 illa
3304 3106 3488 3159 omnia

1907 3170 2081 3244 signa,
2108 3172 2303 3244 quibus
2332 3171 2662 3244 Israeliticus
2688 3173 2914 3244 pepulus
2934 3173 3002 3227 de
3032 3170 3346 3244 )Egyptiaca
3376 3190 3493 3230 ser-

1908 3243 2073 3316 vitute
2121 3240 2207 3296 est
2234 3241 2481 3316 eductus.
2521 3240 2911 3316 Designabatur
2937 3240 3125 3316 autem
3140 3240 3254 3314 per
3281 3246 3489 3316 virgam

1906 3312 1960 3367 in
1992 3323 2243 3382 serpente
2272 3312 2519 3383 Christus
2560 3314 2614 3366 in
2661 3322 2857 3378 morte,
2886 3315 3029 3383 quod
3058 3312 3303 3383 Apostoli
3344 3312 3490 3374 e'xti-

1904 3391 2158 3437 muerunt
2184 3384 2332 3452 :quia
2357 3382 2601 3438 videntes
2629 3398 2751 3438 eum
2783 3382 3052 3439 mortuum
3076 3382 3486 3451 dubitaverunt,

1903 3454 2000 3510 sed
2046 3454 2301 3508 Dominus
2351 3454 2728 3526 praecepitreis
2756 3463 2811 3508 ut
2850 3455 3073 3509 caudam
3121 3468 3403 3526 caperent,
3437 3460 3490 3514 id

1904 3536 2006 3588 est,
2039 3539 2143 3579 non
2174 3532 2424 3597 mortem,
2458 3524 2736 3597 sedillud,
2763 3526 2904 3595 quod
2935 3524 3280 3597 sequebatur,
3306 3530 3358 3584 id
3385 3524 3490 3595 est,

1904 3596 2356 3651 resurrectionem
2388 3594 2812 3665 considerarent,
2844 3605 2899 3651 et
2926 3594 3027 3652 sic‘
3048 3597 3202 3654 liberi
3245 3594 3276 3653 a
3304 3594 3495 3657 timore

1903 3676 2106 3741 essent.
2138 3666 2321 3721 Petest
2359 3665 2648 3741 etiam_pe_r
2683 3666 2884 3722 ﬂuxum
2929 3671 3194 3741 serpentis
3222 3670 3494 3741 designari

1905 3736 2081 3791 ﬂuxus
2097 3745 2295 3792 nostra:
2323 3736 2666 3810 mortalitatis
2696 3756 2709 3791 :
2736 3752 2893 3806 quem
2920 3753 2989 3795 ne
3018 3736 3117 3794 nos
3150 3736 3495 3810 timeremus,

1904 3810 2162 3883 praecepit
2180 3807 2441 3883 Dominus
2460 3806 2634 3883 Moysi
2656 3812 2881 3883 caudam
2908 3824 3128 3883 capere,
3152 3810 3204 3866 id
3227 3822 3331 3879 est,
3358 3806 3495 3883 prae;

1903 3879 2047 3953 cepit
2071 3878 2224 3953 nobis
2247 3893 2462 3953 semper
2486 3880 2647 3935 linem
2680 3882 2829 3935 illum
2860 3878 3158 3951 attendere,
3192 3878 3409 3953 quando
3436 3884 3495 3940 iu

1901 3950 2437 4026 cariestemhabitum
2470 3954 2809 4026 cgmmutati,
2832 3953 3074 4026 aequales
3097 3950 3301 4026 erimus
3328 3970 3497 4026 ange-

1900 4019 1967 4075 lis
1996 4022 2112 4078 Dei.
2144 4019 2243 4075 γει
2271 4022 2427 4077 aliter
2450 4038 2465 4076 :
2492 4020 2772 4075 Redemisti
2793 4019 2993 4090 virgam
3018 4022 3333 4078 htereditatis
3367 4019 3491 4090 ιιῖω,

1901 4090 1955 4147 id
1987 4103 2090 4162 est,
2122 4090 2361 4147 Iiberasti
2394 4092 2461 4146 de
2503 4094 2763 4147 servitute
2786 4091 2923 4145 hanc
2954 4092 3320 4149 haereditatem
3345 4104 3493 4152 tuam

1900 4163 2067 4233 virga:
2086 4162 2759 4233 comparabilem,scilicet
2780 4163 2905 4233 quia
2930 4163 3097 4217 multa
3122 4166 3383 4220 miracula
3414 4168 3495 4223 fe-

1900 4232 2018 4289 cisti
2051 4249 2146 4304 per
2174 4246 2315 4296 eam,
2348 4233 2487 4287 sicut
2529 4232 2738 4304 Moyses
2778 4247 2874 4302 per
2904 4232 3112 4303 virgam
3158 4236 3493 4303 prmdictam.

1903 4305 2001 4360 Vel
2049 4303 2325 4360 redemisti
2369 4316 2487 4357 eam
2518 4303 2586 4357 ad
2634 4304 2757 4370 hoc,
2792 4312 2850 4357 ut
2880 4313 3024 4359 esset
3063 4306 3159 4361 tibi
3202 4307 3493 4364 hereditas

1901 4376 2402 4445 mensuratavirga,
2428 4374 2477 4427 id
2506 4382 2608 4438 est,
2636 4376 2854 4445 proprie
2876 4375 3022 4442 prius
3053 4376 3363 4436 litereditas.
3397 4380 3491 4437 Vel

1904 4454 1963 4499 ut
1995 4454 2139 4502 esset
2167 4444 2261 4498 tibi
2290 4445 2440 4513 virga
2470 4445 2819 4513 haereditatis,
2849 4447 2903 4501 id
2932 4458 3034 4513 est,
3078 4449 3279 4504 directa
3311 4454 3487 4507 haere-

1902 4517 2061 4572 ditas.
2087 4517 2329 4590 _Ponitur
2372 4516 2517 4590 enim
2569 4516 2718 4590 virga
2766 4531 2862 4586 pro
2889 4518 3209 4574 directione.
3262 4520 3330 4574 Et
3360 4521 3483 4590 quia

218 4580 524 4659 rne'rentur,
564 4596 620 4659 et
648 4588 848 4659 civitas
887 4580 1239 4642 everteretur.
1272 4587 1385 4642 Hoc
1415 4588 1617 4659 plangit
1644 4580 1798 4643 intel-
1826 4580 1878 4643 D
1903 4586 2196 4643 secundum
2268 4589 2397 4659 has,
2430 4586 2564 4659 duas
2626 4580 2839 4643 ultimas
2913 4591 3208 4645 sententias
3276 4580 3492 4647 videtur

220 4657 398 4712 lectus
436 4656 616 4726 Asaph
642 4658 695 4711 in
725 4658 828 4713 hoc
849 4660 1075 4727 psalmo,
1104 4667 1160 4713 et
1184 4660 1237 4713 in
1270 4658 1385 4727 ipso
1413 4656 1625 4727 planctu
1648 4663 1801 4716 Velut

220 4728 556 4795 intellectus,
612 4729 667 4784 id
717 4739 820 4794 est,
867 4728 1172 4799 intelligens
1214 4729 1468 4784 discernit
1516 4741 1725 4786 terrena
1769 4748 1797 4785 a

220 4800 559 4865 calestibus,
614 4814 748 4854 nova
787 4813 819 4853 a
870 4800 1163 4867 veteribus,
1219 4808 1277 4854 ut
1322 4801 1481 4867 scias,
1537 4817 1631 4869 per
1681 4818 1801 4870 qum

222 4880 496 4942 transeas,
525 4870 653 4939 quid
682 4879 983 4939 exspectes,
1015 4872 1141 4941 quid
1173 4872 1464 4938 relinquas,
1495 4874 1689 4942 quibus
1720 4875 1801 4928 in-

222 4940 459 5012 haereas.
491 4942 750 5012 Loquitur
775 4952 952 4996 autem
982 4940 1239 5012 propheta
1271 4943 1323 4997 in
1357 4945 1458 4998 hoc
1491 4940 1719 5010 psalmo,
1744 4952 1801 4998 ut

222 5010 436 5081 Asapb,
470 5011 523 5067 id
560 5010 665 5078 est,
708 5020 765 5066 ut
808 5010 1160 5082 congregans,
1211 5014 1416 5070 scilicet
1460 5025 1515 5067 ut
1562 5015 1695 5069 alios
1733 5015 1802 5070 de

221 5085 430 5154 populo
454 5083 547 5138 illo
569 5092 818 5153 aggreget
838 5082 938 5154 sibi
970 5082 1022 5137 in
1053 5084 1154 5139 hoc
1176 5083 1469 5153 intellectu,
1509 5094 1567 5139 ut
1595 5085 1801 5141 discer-

226 5153 329 5225 nat
365 5162 581 5225 terrena
634 5169 666 5207 a
714 5153 1153 5225 coelestibus,7et
1198 5165 1405 5211 terrena
1458 5165 1799 5225 postponant,

225 5224 543 5279 caelestibus
570 5224 886 5280 inhaereant.
938 5226 1003 5279 Et
1049 5224 1293 5292 deplorat
1341 5226 1426 5280 hic
1459 5224 1801 5284 ’bistOrialem

224 5295 643 5368 subversionem
668 5295 879 5350 illorum
918 5310 948 5349 a
982 5297 1255 5359 Romanis,
1278 5304 1333 5351 et
1359 5297 1479 5352 'l‘ito
1508 5310 1560 5352 et
1598 5300 1801 5368 VeSpa-

227 5368 387 5421 siano
418 5365 650 5421 factam:
684 5369 806 5439 quia
856 5378 1064 5439 tempus
1108 5368 1427 5439 visitationis
1457 5384 1563 5423 non
1605 5365 1804 5439 cogno-

226 5446 424 5492 verant
451 5441 517 5490 ad
544 5437 966 5493 convincendam
999 5452 1184 5491 eorum
1216 5438 1486 5501 duritiam,
1520 5437 1721 5495 scilicet
1749 5450 1806 5495 ut

226 5506 323 5578 qui
378 5507 647 5563 medicum
700 5517 1020 5578 praesentem
1069 5523 1454 5579 recognoscere
1491 5510 1801 5579 noluerunt,

227 5594 332 5649 per
360 5587 469 5632 tam
495 5580 775 5633 manifesta
806 5580 944 5633 mala
971 5579 1251 5644 admoniti,
1299 5581 1491 5635 saltem
1528 5582 1804 5638 absentem

229 5658 650 5722 recognoscant.
674 5651 765 5706 Sic
803 5665 933 5719 ergo
964 5650 1183 5720 incipit:
1212 5653 1257 5705 0
1280 5650 1441 5719 Deus,
1491 5662 1547 5705 ut
1578 5655 1699 5722 quid
1727 5671 1807 5709 re-

230 5721 414 5792 putisti
454 5734 570 5786 nos,
606 5720 657 5775 id
683 5732 784 5792 est,
819 5730 1035 5790 propter
1061 5722 1187 5790 quid
1216 5723 1387 5777 fecisti
1434 5737 1531 5777 nos
1561 5720 1597 5777 ιι
1620 5726 1804 5781 defen-

228 5791 392 5848 Siotie
420 5805 503 5847 tua
528 5791 696 5847 videri
726 5794 1009 5861 repulsos?
1037 5792 1296 5862 Repulisxi
1332 5810 1428 5848 nos
1456 5796 1510 5848 in
1540 5796 1691 5863 ﬁnem
1724 5814 1807 5853 re»-

233 5864 515 5935 pulsionis,
545 5862 598 5917 id
624 5873 729 5931 est,
758 5864 1067 5919 omnimoda
1097 5874 1152 5920 et
1182 5862 1580 5936 irrecuperabili
1616 5871 1801 5939 repul-
1846 5937 1858 5949 .

519 5956 795 6020 ΡΑτιιοι..
840 5957 1062 6021 XCIII.

1902 4661 2050 4730 virga
2103 4657 2431 4730 hereditatis
2484 4658 2553 4711 ad
2600 4673 2729 4714 oves
2780 4660 3151 4730 degentibus
3195 4663 3487 4729 pertinere,

1902 4728 2036 4801 quas
2065 4728 2479 4801 praedicantibus
2499 4730 2760 4801 apostolis
2783 4732 2835 4783 in
2856 4728 3228 4801 haereditatem
3254 4737 3491 4790 maxime

1902 4799 2128 4874 accepit,
2174 4799 2496 4874 determinat
2522 4800 2993 4874 subsequentibus,
3021 4800 3091 4874 de
3118 4802 3311 4872 quibus
3341 4814 3487 4874 agat,

1902 4887 1966 4925 ac
1992 4874 2037 4927 si
2058 4872 2201 4926 dicat
2226 4888 2239 4924 :
2268 4872 2399 4937 Quae
2419 4881 2599 4926 autem
2628 4872 2715 4927 illa
2740 4870 3064 4928 lnereditas?
3093 4870 3322 4940 scilicet,
3348 4870 3495 4929 mons

1905 4941 2053 5008 Sion,
2109 4944 2161 4996 id
2218 4952 2325 5005 est.
2374 4941 2628 4998 Iudaicus
2682 4943 2933 5011 populus,
2976 4944 3066 5013 qui
3131 4943 3389 5000 habitavit
3441 4949 3495 5000 in

1904 5024 2088 5086 monte
2120 5012 2250 5086 Sion
2281 5014 2648 5086 historialiler.
2678 5013 2830 5067 Mons
2852 5012 3239 5086 Sion,dico,in
3264 5032 3365 5086 quo
3396 5016 3496 5072 ha-

1905 5084 2075 5137 bitasti
2117 5098 2209 5152 per
2236 5084 2424 5154 legalia
2455 5084 2716 5149 instituta,
2750 5093 2829 5149 tu,
2859 5084 3003 5155 dico,
3034 5100 3131 5141 ens
3158 5087 3213 5139 in
3248 5084 3329 5154 eo,
3363 5089 3493 5155 quia

1909 5167 2014 5210 tam
2054 5155 2355 5210 manifestis
2382 5156 2550 5225 signis
2593 5170 2715 5209 cum
2746 5155 2853 5210 illis
2879 5154 3058 5224 egisti,
3087 5166 3144 5211 ut
3168 5154 3409 5226 praesens
3439 5161 3497 5215 in

1905 5242 1971 5282 eo
2004 5240 2126 5281 esse
2153 5227 2558 5295 intelligereris.

1906 5297 2113 5369 ιρχιιευα
2136 5312 2315 5352 manus
2341 5308 2477 5369 tuas.
2518 5298 2659 5369 Ecce
2677 5296 2998 5369 intelligens
3043 5297 3225 5369 Asaph
3273 5314 3370 5369 pro
3395 5300 3499 5356 ini-

1906 5368 2061 5425 micis
2092 5379 2236 5433 orat,
2262 5385 2325 5422 ac
2354 5369 2400 5422 si
2431 5368 2612 5423 dicat:
2640 5366 2848 5441 Memor
2868 5366 2986 5424 esto
3015 5366 3210 5438 nostri,
3245 5366 3495 5441 Domine,

1907 5455 2118 5495 memor
2148 5450 2281 5508 {esto
2310 5440 2471 5493 etiam
2505 5439 2843 5494 inimicorum
2873 5450 3179 5495 nostrorum
3199 5482 3213 5506 ,
3266 5439 3494 5510 scilicet,

1908 5514 2017 5567 leva
2044 5527 2228 5566 manus
2254 5521 2391 5573 tuas,
2445 5510 2494 5563 id
2522 5518 2626 5575 est,
2680 5525 2872 5565 exerce
2923 5514 3213 5579 potentiam
3242 5521 3386 5568 tuam
3419 5516 3496 5579 in,

1909 5585 1961 5638 id
1984 5594 2086 5650 est,
2116 5592 2326 5655 contra,
2358 5581 2623 5649 superbias
2653 5598 2849 5647 eorum,
2882 5596 2978 5655 per
3000 5596 3135 5655 quos
3166 5598 3265 5639 nos
3292 5586 3503 5655 repuli.

1906 5656 2000 5720 sti,
2031 5663 2083 5709 et
2110 5654 2241 5708 iram
2282 5662 2426 5705 tuam
2457 5668 2620 5721 super
2661 5667 2759 5706 nos
2787 5654 3089 5707 ostendisti.
3140 5655 3306 5723 Leva,
3353 5654 3497 5719 dico,

1909 5742 2015 5781 ltun
2046 5726 2111 5778 ad
2159 5726 2378 5789 malum,
2408 5723 2503 5777 sed
2535 5725 2599 5776 ad
2634 5725 2847 5789 bonum,
2882 5725 3110 5791 scilicet,
3158 5726 3502 5795 perducendo

1910 5813 2003 5851 eos
2036 5798 2086 5849 in
2118 5796 2288 5864 linem,
2334 5797 2383 5848 id
2432 5804 2537 5860 est,
2588 5795 2640 5847 in
2690 5797 2981 5867 Christum,
3034 5799 3124 5867 qui
3158 5798 3277 5852 ﬁnis
3320 5796 3501 5852 estad

1908 5869 2168 5939 justitiam
2212 5866 2354 5921 onmi
2382 5867 2645 5922 credeuti.
2704 5866 2795 5923 Vel
2839 5870 2957 5926 leva
2989 5866 3216 5925 tendens
3252 5870 3306 5922 in
3338 5869 3502 5925 tinem

3032 5959 3119 6021 28
