  <div class='ocr_page' id='page_1' title='image "/cluster/home/n/w/nwhite01/storage/ocr_20150623/93/hvd.32044015471196/444.png"; bbox 0 0 3984 6362; ppageno 0'>
   <div class='ocr_carea' id='block_1_1' title="bbox 187 369 299 428">
    <p class='ocr_par' dir='ltr' id='par_1_1' title="bbox 187 369 299 428">
     <span class='ocr_line' id='line_1_1' title="bbox 187 369 299 428; baseline -0.009 -1"><span class='ocrx_word' id='word_1_1' title='bbox 187 369 299 428; x_wconf 76' lang='grc'><strong>877</strong></span> 
     </span>
    </p>
   </div>
   <div class='ocr_carea' id='block_1_2' title="bbox 876 365 2766 433">
    <p class='ocr_par' dir='ltr' id='par_1_2' title="bbox 876 365 2766 433">
     <span class='ocr_line' id='line_1_2' title="bbox 876 365 2766 433; baseline 0.004 -7"><span class='ocrx_word' id='word_1_2' title='bbox 876 368 945 428; x_wconf 83' lang='grc' dir='ltr'><strong>ΙΝ</strong></span> <span class='ocrx_word' id='word_1_3' title='bbox 980 369 1397 431; x_wconf 76' lang='lat' dir='ltr'><strong>PSALMORUM</strong></span> <span class='ocrx_word' id='word_1_4' title='bbox 1436 371 1693 431; x_wconf 76' lang='lat' dir='ltr'><strong>LIBRUM</strong></span> <span class='ocrx_word' id='word_1_5' title='bbox 1737 365 2094 431; x_wconf 67' lang='lat' dir='ltr'><strong>EXEGESIS.</strong></span> <span class='ocrx_word' id='word_1_6' title='bbox 2137 403 2207 416; x_wconf 91' lang='lat'><strong>-</strong></span> <span class='ocrx_word' id='word_1_7' title='bbox 2243 371 2488 433; x_wconf 76' lang='lat' dir='ltr'><strong>PSALM.</strong></span> <span class='ocrx_word' id='word_1_8' title='bbox 2532 373 2766 433; x_wconf 79' lang='lat' dir='ltr'><strong>LXXIII.</strong></span> 
     </span>
    </p>
   </div>
   <div class='ocr_carea' id='block_1_3' title="bbox 3345 375 3454 436">
    <p class='ocr_par' dir='ltr' id='par_1_3' title="bbox 3345 375 3454 436">
     <span class='ocr_line' id='line_1_3' title="bbox 3345 375 3454 436; baseline -0.009 0"><span class='ocrx_word' id='word_1_9' title='bbox 3345 375 3454 436; x_wconf 80' lang='grc'><strong>8⁸18</strong></span> 
     </span>
    </p>
   </div>
   <div class='ocr_carea' id='block_1_4' title="bbox 185 475 3444 567">
    <p class='ocr_par' dir='ltr' id='par_1_4' title="bbox 185 475 3444 567">
     <span class='ocr_line' id='line_1_4' title="bbox 185 475 3444 567; baseline 0.004 -26"><span class='ocrx_word' id='word_1_10' title='bbox 185 486 455 567; x_wconf 65' lang='lat' dir='ltr'><strong>devorare</strong></span> <span class='ocrx_word' id='word_1_11' title='bbox 481 491 537 539; x_wconf 92' lang='lat' dir='ltr'><strong>ut</strong></span> <span class='ocrx_word' id='word_1_12' title='bbox 559 481 997 567; x_wconf 26' lang='lat' dir='ltr'><strong>dracone-suaet}</strong></span> <span class='ocrx_word' id='word_1_13' title='bbox 1027 487 1185 542; x_wconf 81' lang='lat' dir='ltr'><strong>etiam</strong></span> <span class='ocrx_word' id='word_1_14' title='bbox 1219 490 1416 567; x_wconf 43' lang='lat' dir='ltr'><strong>capiti</strong></span> <span class='ocrx_word' id='word_1_15' title='bbox 1439 488 1676 567; x_wconf 80' lang='lat' dir='ltr'><strong>illorum,</strong></span> <span class='ocrx_word' id='word_1_16' title='bbox 1723 488 1775 545; x_wconf 87' lang='lat' dir='ltr'><strong>id</strong></span> <span class='ocrx_word' id='word_1_17' title='bbox 1806 492 1854 553; x_wconf 79' lang='grc' dir='ltr'><strong>Α</strong></span> <span class='ocrx_word' id='word_1_18' title='bbox 1881 475 2126 567; x_wconf 78' lang='lat' dir='ltr'><strong>vocando</strong></span> <span class='ocrx_word' id='word_1_19' title='bbox 2157 500 2208 546; x_wconf 90' lang='lat' dir='ltr'><strong>te</strong></span> <span class='ocrx_word' id='word_1_20' title='bbox 2229 490 2397 567; x_wconf 79' lang='lat' dir='ltr'><strong>lilium</strong></span> <span class='ocrx_word' id='word_1_21' title='bbox 2431 490 2923 567; x_wconf 77' lang='lat' dir='ltr'><strong>labri,_violato_rem</strong></span> <span class='ocrx_word' id='word_1_22' title='bbox 2945 488 3101 564; x_wconf 77' lang='lat' dir='ltr'><strong>legis,</strong></span> <span class='ocrx_word' id='word_1_23' title='bbox 3131 498 3186 551; x_wconf 88' lang='lat' dir='ltr'><strong>et</strong></span> <span class='ocrx_word' id='word_1_24' title='bbox 3207 493 3400 567; x_wconf 82' lang='lat' dir='ltr'><strong>similia</strong></span> <span class='ocrx_word' id='word_1_25' title='bbox 3426 517 3444 567; x_wconf 88' lang='lat'><strong>;</strong></span> 
     </span>
    </p>
   </div>
   <div class='ocr_carea' id='block_1_5' title="bbox 185 556 1771 628">
    <p class='ocr_par' dir='ltr' id='par_1_5' title="bbox 185 556 1771 628">
     <span class='ocr_line' id='line_1_5' title="bbox 185 556 1771 628; baseline 0.004 -18"><span class='ocrx_word' id='word_1_26' title='bbox 185 569 298 628; x_wconf 81' lang='lat' dir='ltr'><strong>est,</strong></span> <span class='ocrx_word' id='word_1_27' title='bbox 331 556 455 612; x_wconf 89' lang='lat' dir='ltr'><strong>illos</strong></span> <span class='ocrx_word' id='word_1_28' title='bbox 483 557 570 626; x_wconf 90' lang='lat' dir='ltr'><strong>qui</strong></span> <span class='ocrx_word' id='word_1_29' title='bbox 597 556 711 628; x_wconf 85' lang='lat' dir='ltr'><strong>illis</strong></span> <span class='ocrx_word' id='word_1_30' title='bbox 732 557 1072 612; x_wconf 82' lang='lat' dir='ltr'><strong>tnlerinribus</strong></span> <span class='ocrx_word' id='word_1_31' title='bbox 1095 556 1348 626; x_wconf 56' lang='lat' dir='ltr'><strong>praesunt.</strong></span> <span class='ocrx_word' id='word_1_32' title='bbox 1375 561 1441 614; x_wconf 84' lang='lat' dir='ltr'><strong>Et</strong></span> <span class='ocrx_word' id='word_1_33' title='bbox 1466 562 1579 628; x_wconf 85' lang='lat' dir='ltr'><strong>plus</strong></span> <span class='ocrx_word' id='word_1_34' title='bbox 1609 563 1771 616; x_wconf 90' lang='lat' dir='ltr'><strong>etiam</strong></span> 
     </span>
    </p>
   </div>
   <div class='ocr_carea' id='block_1_6' title="bbox 179 627 1774 699">
    <p class='ocr_par' dir='ltr' id='par_1_6' title="bbox 179 627 1774 699">
     <span class='ocr_line' id='line_1_6' title="bbox 179 627 1774 699; baseline 0.002 -16"><span class='ocrx_word' id='word_1_35' title='bbox 179 627 392 693; x_wconf 70' lang='lat' dir='ltr'><strong>fecisti,</strong></span> <span class='ocrx_word' id='word_1_36' title='bbox 435 631 563 699; x_wconf 77' lang='lat' dir='ltr'><strong>quia</strong></span> <span class='ocrx_word' id='word_1_37' title='bbox 591 627 884 698; x_wconf 73' lang='lat' dir='ltr'><strong>confregisti</strong></span> <span class='ocrx_word' id='word_1_38' title='bbox 923 631 975 683; x_wconf 93' lang='lat' dir='ltr'><strong>in</strong></span> <span class='ocrx_word' id='word_1_39' title='bbox 1004 629 1205 683; x_wconf 82' lang='lat' dir='ltr'><strong>eisdem</strong></span> <span class='ocrx_word' id='word_1_40' title='bbox 1253 633 1406 699; x_wconf 82' lang='lat' dir='ltr'><strong>aquis</strong></span> <span class='ocrx_word' id='word_1_41' title='bbox 1437 627 1607 696; x_wconf 81' lang='lat' dir='ltr'><strong>capita</strong></span> <span class='ocrx_word' id='word_1_42' title='bbox 1649 635 1774 686; x_wconf 85' lang='lat' dir='ltr'><strong>dra-</strong></span> 
     </span>
    </p>
   </div>
   <div class='ocr_carea' id='block_1_7' title="bbox 185 698 1774 772">
    <p class='ocr_par' dir='ltr' id='par_1_7' title="bbox 185 698 1774 772">
     <span class='ocr_line' id='line_1_7' title="bbox 185 698 1774 772; baseline 0.003 -18"><span class='ocrx_word' id='word_1_43' title='bbox 185 701 357 765; x_wconf 81' lang='lat' dir='ltr'><strong>conis,</strong></span> <span class='ocrx_word' id='word_1_44' title='bbox 409 698 465 753; x_wconf 90' lang='lat' dir='ltr'><strong>id</strong></span> <span class='ocrx_word' id='word_1_45' title='bbox 487 708 598 772; x_wconf 83' lang='lat' dir='ltr'><strong>est,</strong></span> <span class='ocrx_word' id='word_1_46' title='bbox 648 700 763 772; x_wconf 73' lang='lat' dir='ltr'><strong>illos</strong></span> <span class='ocrx_word' id='word_1_47' title='bbox 803 714 1041 754; x_wconf 89' lang='lat' dir='ltr'><strong>summos</strong></span> <span class='ocrx_word' id='word_1_48' title='bbox 1084 698 1409 769; x_wconf 62' lang='lat' dir='ltr'><strong>daemonum,</strong></span> <span class='ocrx_word' id='word_1_49' title='bbox 1455 703 1544 772; x_wconf 88' lang='lat' dir='ltr'><strong>qui</strong></span> <span class='ocrx_word' id='word_1_50' title='bbox 1577 703 1774 772; x_wconf 81' lang='lat' dir='ltr'><strong>princi-</strong></span> 
     </span>
    </p>
   </div>
   <div class='ocr_carea' id='block_1_8' title="bbox 177 771 1775 843">
    <p class='ocr_par' dir='ltr' id='par_1_8' title="bbox 177 771 1775 843">
     <span class='ocr_line' id='line_1_8' title="bbox 177 771 1775 843; baseline 0.003 -18"><span class='ocrx_word' id='word_1_51' title='bbox 177 781 391 840; x_wconf 50' lang='lat' dir='ltr'><strong>“pantur</strong></span> <span class='ocrx_word' id='word_1_52' title='bbox 417 771 518 823; x_wconf 92' lang='lat' dir='ltr'><strong>sub</strong></span> <span class='ocrx_word' id='word_1_53' title='bbox 566 771 682 843; x_wconf 84' lang='lat' dir='ltr'><strong>ipso</strong></span> <span class='ocrx_word' id='word_1_54' title='bbox 709 771 893 843; x_wconf 83' lang='lat' dir='ltr'><strong>Satan,</strong></span> <span class='ocrx_word' id='word_1_55' title='bbox 925 772 1014 839; x_wconf 85' lang='lat' dir='ltr'><strong>qui</strong></span> <span class='ocrx_word' id='word_1_56' title='bbox 1055 785 1363 843; x_wconf 82' lang='lat' dir='ltr'><strong>supremum</strong></span> <span class='ocrx_word' id='word_1_57' title='bbox 1397 771 1562 843; x_wconf 86' lang='lat' dir='ltr'><strong>caput</strong></span> <span class='ocrx_word' id='word_1_58' title='bbox 1582 771 1688 838; x_wconf 85' lang='lat' dir='ltr'><strong>est,</strong></span> <span class='ocrx_word' id='word_1_59' title='bbox 1720 784 1775 830; x_wconf 87' lang='lat' dir='ltr'><strong>et</strong></span> 
     </span>
    </p>
   </div>
   <div class='ocr_carea' id='block_1_9' title="bbox 188 841 1770 914">
    <p class='ocr_par' dir='ltr' id='par_1_9' title="bbox 188 841 1770 914">
     <span class='ocr_line' id='line_1_9' title="bbox 188 841 1770 914; baseline 0.004 -20"><span class='ocrx_word' id='word_1_60' title='bbox 188 846 371 908; x_wconf 84' lang='lat' dir='ltr'><strong>ipsum</strong></span> <span class='ocrx_word' id='word_1_61' title='bbox 393 844 554 895; x_wconf 80' lang='lat' dir='ltr'><strong>etiam</strong></span> <span class='ocrx_word' id='word_1_62' title='bbox 577 841 743 914; x_wconf 76' lang='lat' dir='ltr'><strong>Satan</strong></span> <span class='ocrx_word' id='word_1_63' title='bbox 772 842 955 895; x_wconf 77' lang='lat' dir='ltr'><strong>dedisti</strong></span> <span class='ocrx_word' id='word_1_64' title='bbox 995 844 1195 914; x_wconf 79' lang='lat' dir='ltr'><strong>populis</strong></span> <span class='ocrx_word' id='word_1_65' title='bbox 1225 841 1552 913; x_wconf 68' lang='lat' dir='ltr'><strong>EthiOpant,</strong></span> <span class='ocrx_word' id='word_1_66' title='bbox 1589 846 1639 899; x_wconf 86' lang='lat' dir='ltr'><strong>id</strong></span> <span class='ocrx_word' id='word_1_67' title='bbox 1667 854 1770 909; x_wconf 86' lang='lat' dir='ltr'><strong>est,</strong></span> 
     </span>
    </p>
   </div>
   <div class='ocr_carea' id='block_1_10' title="bbox 190 911 1771 986">
    <p class='ocr_par' dir='ltr' id='par_1_10' title="bbox 190 911 1771 986">
     <span class='ocr_line' id='line_1_10' title="bbox 190 911 1771 986; baseline 0.003 -19"><span class='ocrx_word' id='word_1_68' title='bbox 190 914 444 982; x_wconf 73' lang='lat' dir='ltr'><strong>illis-qni,</strong></span> <span class='ocrx_word' id='word_1_69' title='bbox 494 914 642 986; x_wconf 80' lang='lat' dir='ltr'><strong>prius</strong></span> <span class='ocrx_word' id='word_1_70' title='bbox 693 911 956 986; x_wconf 68' lang='lat' dir='ltr'><strong>denigrati</strong></span> <span class='ocrx_word' id='word_1_71' title='bbox 1007 911 1071 966; x_wconf 24' lang='lat' dir='ltr'><strong>ini</strong></span> <span class='ocrx_word' id='word_1_72' title='bbox 1111 917 1360 982; x_wconf 77' lang='lat' dir='ltr'><strong>peccatis,</strong></span> <span class='ocrx_word' id='word_1_73' title='bbox 1413 911 1552 970; x_wconf 84' lang='lat' dir='ltr'><strong>nunc</strong></span> <span class='ocrx_word' id='word_1_74' title='bbox 1592 925 1771 986; x_wconf 90' lang='lat' dir='ltr'><strong>autem</strong></span> 
     </span>
    </p>
   </div>
   <div class='ocr_carea' id='block_1_11' title="bbox 185 982 1774 1054">
    <p class='ocr_par' dir='ltr' id='par_1_11' title="bbox 185 982 1774 1054">
     <span class='ocr_line' id='line_1_11' title="bbox 185 982 1774 1054; baseline 0.002 -15"><span class='ocrx_word' id='word_1_75' title='bbox 185 993 324 1039; x_wconf 74' lang='lat' dir='ltr'><strong>sunt</strong></span> <span class='ocrx_word' id='word_1_76' title='bbox 351 997 445 1051; x_wconf 86' lang='lat' dir='ltr'><strong>per</strong></span> <span class='ocrx_word' id='word_1_77' title='bbox 473 984 696 1054; x_wconf 72' lang='lat' dir='ltr'><strong>gratiam</strong></span> <span class='ocrx_word' id='word_1_78' title='bbox 715 982 950 1039; x_wconf 85' lang='lat' dir='ltr'><strong>dealbati</strong></span> <span class='ocrx_word' id='word_1_79' title='bbox 979 986 1119 1039; x_wconf 86' lang='lat' dir='ltr'><strong>sicut</strong></span> <span class='ocrx_word' id='word_1_80' title='bbox 1139 986 1311 1040; x_wconf 86' lang='lat' dir='ltr'><strong>sancti</strong></span> <span class='ocrx_word' id='word_1_81' title='bbox 1349 987 1572 1053; x_wconf 78' lang='lat' dir='ltr'><strong>apostoli</strong></span> <span class='ocrx_word' id='word_1_82' title='bbox 1605 996 1658 1042; x_wconf 91' lang='lat' dir='ltr'><strong>et</strong></span> <span class='ocrx_word' id='word_1_83' title='bbox 1687 984 1774 1042; x_wconf 88' lang='lat' dir='ltr'><strong>alii</strong></span> 
     </span>
    </p>
   </div>
   <div class='ocr_carea' id='block_1_12' title="bbox 189 1055 1773 1127">
    <p class='ocr_par' dir='ltr' id='par_1_12' title="bbox 189 1055 1773 1127">
     <span class='ocr_line' id='line_1_12' title="bbox 189 1055 1773 1127; baseline 0.003 -19"><span class='ocrx_word' id='word_1_84' title='bbox 189 1055 579 1127; x_wconf 67' lang='lat' dir='ltr'><strong>prtedicalores</strong></span> <span class='ocrx_word' id='word_1_85' title='bbox 607 1055 867 1127; x_wconf 66' lang='lat' dir='ltr'><strong>veritatis.</strong></span> <span class='ocrx_word' id='word_1_86' title='bbox 917 1056 1051 1122; x_wconf 88' lang='lat' dir='ltr'><strong>Illis,</strong></span> <span class='ocrx_word' id='word_1_87' title='bbox 1088 1056 1325 1125; x_wconf 87' lang='lat' dir='ltr'><strong>inquam,</strong></span> <span class='ocrx_word' id='word_1_88' title='bbox 1375 1056 1570 1113; x_wconf 87' lang='lat' dir='ltr'><strong>dedi5ti</strong></span> <span class='ocrx_word' id='word_1_89' title='bbox 1599 1059 1773 1127; x_wconf 90' lang='lat' dir='ltr'><strong>ipsum</strong></span> 
     </span>
    </p>
   </div>
   <div class='ocr_carea' id='block_1_13' title="bbox 189 1125 1774 1196">
    <p class='ocr_par' dir='ltr' id='par_1_13' title="bbox 189 1125 1774 1196">
     <span class='ocr_line' id='line_1_13' title="bbox 189 1125 1774 1196; baseline 0.005 -20"><span class='ocrx_word' id='word_1_90' title='bbox 189 1130 356 1180; x_wconf 78' lang='lat' dir='ltr'><strong>Satan</strong></span> <span class='ocrx_word' id='word_1_91' title='bbox 397 1125 448 1179; x_wconf 88' lang='lat' dir='ltr'><strong>in</strong></span> <span class='ocrx_word' id='word_1_92' title='bbox 473 1140 664 1188; x_wconf 83' lang='lat' dir='ltr'><strong>escam,</strong></span> <span class='ocrx_word' id='word_1_93' title='bbox 697 1125 919 1190; x_wconf 91' lang='lat' dir='ltr'><strong>scilicet,</strong></span> <span class='ocrx_word' id='word_1_94' title='bbox 954 1137 1008 1180; x_wconf 90' lang='lat' dir='ltr'><strong>ut</strong></span> <span class='ocrx_word' id='word_1_95' title='bbox 1031 1139 1225 1195; x_wconf 85' lang='lat' dir='ltr'><strong>corpus</strong></span> <span class='ocrx_word' id='word_1_96' title='bbox 1255 1127 1391 1195; x_wconf 88' lang='lat' dir='ltr'><strong>ejus,</strong></span> <span class='ocrx_word' id='word_1_97' title='bbox 1434 1127 1489 1182; x_wconf 91' lang='lat' dir='ltr'><strong>id</strong></span> <span class='ocrx_word' id='word_1_98' title='bbox 1529 1125 1632 1196; x_wconf 78' lang='lat' dir='ltr'><strong>est,</strong></span> <span class='ocrx_word' id='word_1_99' title='bbox 1663 1143 1774 1184; x_wconf 84' lang='lat' dir='ltr'><strong>ma-</strong></span> 
     </span>
    </p>
   </div>
   <div class='ocr_carea' id='block_1_14' title="bbox 191 1197 1772 1265">
    <p class='ocr_par' dir='ltr' id='par_1_14' title="bbox 191 1197 1772 1265">
     <span class='ocr_line' id='line_1_14' title="bbox 191 1197 1772 1265; baseline 0.003 -16"><span class='ocrx_word' id='word_1_100' title='bbox 191 1198 281 1252; x_wconf 86' lang='lat' dir='ltr'><strong>los</strong></span> <span class='ocrx_word' id='word_1_101' title='bbox 309 1198 357 1250; x_wconf 87' lang='lat' dir='ltr'><strong>ei</strong></span> <span class='ocrx_word' id='word_1_102' title='bbox 397 1206 649 1263; x_wconf 79' lang='lat' dir='ltr'><strong>tanquam</strong></span> <span class='ocrx_word' id='word_1_103' title='bbox 677 1197 837 1263; x_wconf 89' lang='lat' dir='ltr'><strong>capiti</strong></span> <span class='ocrx_word' id='word_1_104' title='bbox 876 1197 1211 1253; x_wconf 69' lang='lat' dir='ltr'><strong>adhaerentes</strong></span> <span class='ocrx_word' id='word_1_105' title='bbox 1237 1199 1540 1265; x_wconf 81' lang='lat' dir='ltr'><strong>comedunt,</strong></span> <span class='ocrx_word' id='word_1_106' title='bbox 1589 1199 1640 1255; x_wconf 88' lang='lat' dir='ltr'><strong>id</strong></span> <span class='ocrx_word' id='word_1_107' title='bbox 1668 1209 1772 1265; x_wconf 86' lang='lat' dir='ltr'><strong>est,</strong></span> 
     </span>
    </p>
   </div>
   <div class='ocr_carea' id='block_1_15' title="bbox 187 1267 1775 1341">
    <p class='ocr_par' dir='ltr' id='par_1_15' title="bbox 187 1267 1775 1341">
     <span class='ocr_line' id='line_1_15' title="bbox 187 1267 1775 1341; baseline 0.004 -21"><span class='ocrx_word' id='word_1_108' title='bbox 187 1268 363 1341; x_wconf 73' lang='lat' dir='ltr'><strong>verba</strong></span> <span class='ocrx_word' id='word_1_109' title='bbox 393 1267 785 1341; x_wconf 54' lang='lat' dir='ltr'><strong>madieationis</strong></span> <span class='ocrx_word' id='word_1_110' title='bbox 812 1269 912 1341; x_wconf 80' lang='lat' dir='ltr'><strong>sibi</strong></span> <span class='ocrx_word' id='word_1_111' title='bbox 942 1270 1300 1341; x_wconf 70' lang='lat' dir='ltr'><strong>coniurarent,</strong></span> <span class='ocrx_word' id='word_1_112' title='bbox 1342 1280 1400 1324; x_wconf 87' lang='lat' dir='ltr'><strong>et</strong></span> <span class='ocrx_word' id='word_1_113' title='bbox 1441 1271 1494 1341; x_wconf 85' lang='lat' dir='ltr'><strong>in</strong></span> <span class='ocrx_word' id='word_1_114' title='bbox 1539 1286 1596 1326; x_wconf 91' lang='lat' dir='ltr'><strong>se</strong></span> <span class='ocrx_word' id='word_1_115' title='bbox 1623 1271 1775 1341; x_wconf 87' lang='lat' dir='ltr'><strong>traji-</strong></span> 
     </span>
    </p>
   </div>
   <div class='ocr_carea' id='block_1_16' title="bbox 189 1337 1770 1397">
    <p class='ocr_par' dir='ltr' id='par_1_16' title="bbox 189 1337 1770 1397">
     <span class='ocr_line' id='line_1_16' title="bbox 189 1337 1770 1397; baseline 0.003 -5"><span class='ocrx_word' id='word_1_116' title='bbox 189 1339 357 1392; x_wconf 85' lang='lat' dir='ltr'><strong>ciant.</strong></span> <span class='ocrx_word' id='word_1_117' title='bbox 393 1337 558 1392; x_wconf 79' lang='lat' dir='ltr'><strong>Unde</strong></span> <span class='ocrx_word' id='word_1_118' title='bbox 585 1337 793 1392; x_wconf 82' lang='lat' dir='ltr'><strong>cuidam</strong></span> <span class='ocrx_word' id='word_1_119' title='bbox 823 1339 1031 1394; x_wconf 76' lang='lat' dir='ltr'><strong>illorum</strong></span> <span class='ocrx_word' id='word_1_120' title='bbox 1059 1340 1124 1393; x_wconf 88' lang='lat' dir='ltr'><strong>de</strong></span> <span class='ocrx_word' id='word_1_121' title='bbox 1152 1339 1252 1395; x_wconf 90' lang='lat' dir='ltr'><strong>hac</strong></span> <span class='ocrx_word' id='word_1_122' title='bbox 1279 1353 1401 1396; x_wconf 87' lang='lat' dir='ltr'><strong>esca</strong></span> <span class='ocrx_word' id='word_1_123' title='bbox 1425 1339 1625 1397; x_wconf 90' lang='lat' dir='ltr'><strong>dictum</strong></span> <span class='ocrx_word' id='word_1_124' title='bbox 1657 1337 1770 1396; x_wconf 77' lang='lat' dir='ltr'><strong>est:</strong></span> 
     </span>
    </p>
   </div>
   <div class='ocr_carea' id='block_1_17' title="bbox 193 1408 1769 1483">
    <p class='ocr_par' dir='ltr' id='par_1_17' title="bbox 193 1408 1769 1483">
     <span class='ocr_line' id='line_1_17' title="bbox 193 1408 1769 1483; baseline 0.002 -20"><span class='ocrx_word' id='word_1_125' title='bbox 193 1409 448 1483; x_wconf 63' lang='lat' dir='ltr'><strong>ﬂuctuet</strong></span> <span class='ocrx_word' id='word_1_126' title='bbox 475 1410 746 1483; x_wconf 69' lang='lat' dir='ltr'><strong>arandum.</strong></span> <span class='ocrx_word' id='word_1_127' title='bbox 793 1408 958 1465; x_wconf 80' lang='lat' dir='ltr'><strong>Macta</strong></span> <span class='ocrx_word' id='word_1_128' title='bbox 991 1412 1203 1480; x_wconf 84' lang='lat' dir='ltr'><strong>quidem</strong></span> <span class='ocrx_word' id='word_1_129' title='bbox 1233 1410 1292 1465; x_wconf 87' lang='lat' dir='ltr'><strong>in</strong></span> <span class='ocrx_word' id='word_1_130' title='bbox 1336 1412 1414 1468; x_wconf 89' lang='lat' dir='ltr'><strong>eis</strong></span> <span class='ocrx_word' id='word_1_131' title='bbox 1444 1413 1586 1483; x_wconf 89' lang='lat' dir='ltr'><strong>quod</strong></span> <span class='ocrx_word' id='word_1_132' title='bbox 1625 1423 1769 1480; x_wconf 87' lang='lat' dir='ltr'><strong>sunt,</strong></span> 
     </span>
    </p>
   </div>
   <div class='ocr_carea' id='block_1_18' title="bbox 190 1479 1084 1548">
    <p class='ocr_par' dir='ltr' id='par_1_18' title="bbox 190 1479 1084 1548">
     <span class='ocr_line' id='line_1_18' title="bbox 190 1479 1084 1548; baseline 0 -13"><span class='ocrx_word' id='word_1_133' title='bbox 190 1490 249 1535; x_wconf 86' lang='lat' dir='ltr'><strong>et</strong></span> <span class='ocrx_word' id='word_1_134' title='bbox 278 1479 465 1548; x_wconf 84' lang='lat' dir='ltr'><strong>trajice</strong></span> <span class='ocrx_word' id='word_1_135' title='bbox 493 1493 588 1533; x_wconf 88' lang='lat' dir='ltr'><strong>eos</strong></span> <span class='ocrx_word' id='word_1_136' title='bbox 617 1481 669 1532; x_wconf 87' lang='lat' dir='ltr'><strong>in</strong></span> <span class='ocrx_word' id='word_1_137' title='bbox 697 1493 892 1548; x_wconf 85' lang='lat' dir='ltr'><strong>corpus</strong></span> <span class='ocrx_word' id='word_1_138' title='bbox 916 1479 1084 1535; x_wconf 86' lang='lat' dir='ltr'><strong>tuum.</strong></span> 
     </span>
    </p>
   </div>
   <div class='ocr_carea' id='block_1_19' title="bbox 268 1550 1772 1624">
    <p class='ocr_par' dir='ltr' id='par_1_19' title="bbox 268 1550 1772 1624">
     <span class='ocr_line' id='line_1_19' title="bbox 268 1550 1772 1624; baseline 0.006 -22"><span class='ocrx_word' id='word_1_139' title='bbox 268 1550 350 1624; x_wconf 63' lang='lat' dir='ltr'><strong>In</strong></span> <span class='ocrx_word' id='word_1_140' title='bbox 369 1551 640 1624; x_wconf 65' lang='lat' dir='ltr'><strong>disrupisti</strong></span> <span class='ocrx_word' id='word_1_141' title='bbox 667 1551 832 1624; x_wconf 82' lang='lat' dir='ltr'><strong>fontes</strong></span> <span class='ocrx_word' id='word_1_142' title='bbox 861 1563 906 1604; x_wconf 88' lang='lat' dir='ltr'><strong>et</strong></span> <span class='ocrx_word' id='word_1_143' title='bbox 929 1561 1201 1608; x_wconf 76' lang='lat' dir='ltr'><strong>torrentes.</strong></span> <span class='ocrx_word' id='word_1_144' title='bbox 1232 1552 1332 1608; x_wconf 74' lang='grc' dir='ltr'><em>Ρετ</em></span> <span class='ocrx_word' id='word_1_145' title='bbox 1373 1553 1491 1620; x_wconf 91' lang='lat' dir='ltr'><strong>hoc,</strong></span> <span class='ocrx_word' id='word_1_146' title='bbox 1536 1554 1772 1624; x_wconf 83' lang='lat' dir='ltr'><strong>inquam,</strong></span> 
     </span>
    </p>
   </div>
   <div class='ocr_carea' id='block_1_20' title="bbox 193 1622 1774 1695">
    <p class='ocr_par' dir='ltr' id='par_1_20' title="bbox 193 1622 1774 1695">
     <span class='ocr_line' id='line_1_20' title="bbox 193 1622 1774 1695; baseline 0.004 -20"><span class='ocrx_word' id='word_1_147' title='bbox 193 1622 398 1695; x_wconf 79' lang='lat' dir='ltr'><strong>dedisti</strong></span> <span class='ocrx_word' id='word_1_148' title='bbox 424 1623 688 1695; x_wconf 82' lang='lat' dir='ltr'><strong>dracones</strong></span> <span class='ocrx_word' id='word_1_149' title='bbox 726 1622 781 1676; x_wconf 89' lang='lat' dir='ltr'><strong>in</strong></span> <span class='ocrx_word' id='word_1_150' title='bbox 825 1637 989 1675; x_wconf 74' lang='lat' dir='ltr'><strong>escam</strong></span> <span class='ocrx_word' id='word_1_151' title='bbox 1023 1626 1231 1692; x_wconf 67' lang='lat' dir='ltr'><strong>papillis</strong></span> <span class='ocrx_word' id='word_1_152' title='bbox 1269 1622 1620 1695; x_wconf 62' lang='lat' dir='ltr'><strong>/Ethiopum,</strong></span> <span class='ocrx_word' id='word_1_153' title='bbox 1651 1622 1774 1694; x_wconf 82' lang='lat' dir='ltr'><strong>quia</strong></span> 
     </span>
    </p>
   </div>
   <div class='ocr_carea' id='block_1_21' title="bbox 193 1685 1776 1763">
    <p class='ocr_par' dir='ltr' id='par_1_21' title="bbox 193 1685 1776 1763">
     <span class='ocr_line' id='line_1_21' title="bbox 193 1685 1776 1763; baseline 0.004 -17"><span class='ocrx_word' id='word_1_154' title='bbox 193 1685 659 1763; x_wconf 70' lang='lat' dir='ltr'><strong>disrupislifontes</strong></span> <span class='ocrx_word' id='word_1_155' title='bbox 699 1703 746 1746; x_wconf 85' lang='lat' dir='ltr'><strong>et</strong></span> <span class='ocrx_word' id='word_1_156' title='bbox 795 1685 1062 1749; x_wconf 80' lang='lat' dir='ltr'><strong>torrentes.</strong></span> <span class='ocrx_word' id='word_1_157' title='bbox 1097 1685 1251 1750; x_wconf 76' lang='lat' dir='ltr'><strong>Petra</strong></span> <span class='ocrx_word' id='word_1_158' title='bbox 1297 1685 1776 1752; x_wconf 29' lang='lat' dir='ltr'><strong>enim&#39;iu&#39;d—eserto</strong></span> 
     </span>
    </p>
   </div>
   <div class='ocr_carea' id='block_1_22' title="bbox 197 1765 1778 1835">
    <p class='ocr_par' dir='ltr' id='par_1_22' title="bbox 197 1765 1778 1835">
     <span class='ocr_line' id='line_1_22' title="bbox 197 1765 1778 1835; baseline 0.003 -17"><span class='ocrx_word' id='word_1_159' title='bbox 197 1765 283 1818; x_wconf 90' lang='lat' dir='ltr'><strong>bis</strong></span> <span class='ocrx_word' id='word_1_160' title='bbox 321 1766 475 1835; x_wconf 75' lang='lat' dir='ltr'><strong>virga</strong></span> <span class='ocrx_word' id='word_1_161' title='bbox 497 1775 759 1835; x_wconf 80' lang='lat' dir='ltr'><strong>percussa</strong></span> <span class='ocrx_word' id='word_1_162' title='bbox 783 1775 941 1832; x_wconf 88' lang='lat' dir='ltr'><strong>rupta</strong></span> <span class='ocrx_word' id='word_1_163' title='bbox 980 1777 1084 1835; x_wconf 88' lang='lat' dir='ltr'><strong>est,</strong></span> <span class='ocrx_word' id='word_1_164' title='bbox 1134 1777 1186 1820; x_wconf 89' lang='lat' dir='ltr'><strong>et</strong></span> <span class='ocrx_word' id='word_1_165' title='bbox 1226 1766 1348 1822; x_wconf 90' lang='lat' dir='ltr'><strong>inde</strong></span> <span class='ocrx_word' id='word_1_166' title='bbox 1388 1776 1778 1823; x_wconf 77' lang='lat' dir='ltr'><strong>emanaverunt</strong></span> 
     </span>
    </p>
   </div>
   <div class='ocr_carea' id='block_1_23' title="bbox 193 1833 1771 1908">
    <p class='ocr_par' dir='ltr' id='par_1_23' title="bbox 193 1833 1771 1908">
     <span class='ocr_line' id='line_1_23' title="bbox 193 1833 1771 1908; baseline 0.004 -20"><span class='ocrx_word' id='word_1_167' title='bbox 193 1848 355 1904; x_wconf 78' lang='lat' dir='ltr'><strong>aqua:</strong></span> <span class='ocrx_word' id='word_1_168' title='bbox 391 1833 575 1889; x_wconf 84' lang='lat' dir='ltr'><strong>dulces</strong></span> <span class='ocrx_word' id='word_1_169' title='bbox 614 1842 670 1908; x_wconf 72' lang='lat' dir='ltr'><strong>et</strong></span> <span class='ocrx_word' id='word_1_170' title='bbox 706 1834 1040 1908; x_wconf 67' lang='lat' dir='ltr'><strong>largissimae.</strong></span> <span class='ocrx_word' id='word_1_171' title='bbox 1071 1833 1246 1891; x_wconf 36' lang='lat' dir='ltr'><strong>&#39;Petra</strong></span> <span class='ocrx_word' id='word_1_172' title='bbox 1288 1847 1464 1893; x_wconf 87' lang='lat' dir='ltr'><strong>autem</strong></span> <span class='ocrx_word' id='word_1_173' title='bbox 1492 1837 1584 1891; x_wconf 79' lang='lat' dir='ltr'><strong>liis</strong></span> <span class='ocrx_word' id='word_1_174' title='bbox 1623 1841 1771 1908; x_wconf 80' lang='lat' dir='ltr'><strong>virga</strong></span> 
     </span>
    </p>
   </div>
   <div class='ocr_carea' id='block_1_24' title="bbox 193 1905 1768 1978">
    <p class='ocr_par' dir='ltr' id='par_1_24' title="bbox 193 1905 1768 1978">
     <span class='ocr_line' id='line_1_24' title="bbox 193 1905 1768 1978; baseline 0.002 -18"><span class='ocrx_word' id='word_1_175' title='bbox 193 1919 475 1978; x_wconf 78' lang='lat' dir='ltr'><strong>percussa,</strong></span> <span class='ocrx_word' id='word_1_176' title='bbox 496 1913 580 1959; x_wconf 88' lang='lat' dir='ltr'><strong>est</strong></span> <span class='ocrx_word' id='word_1_177' title='bbox 607 1905 853 1978; x_wconf 84' lang='lat' dir='ltr'><strong>Christus</strong></span> <span class='ocrx_word' id='word_1_178' title='bbox 869 1906 1065 1976; x_wconf 88' lang='lat' dir='ltr'><strong>duplici</strong></span> <span class='ocrx_word' id='word_1_179' title='bbox 1096 1908 1236 1978; x_wconf 84' lang='lat' dir='ltr'><strong>ligno</strong></span> <span class='ocrx_word' id='word_1_180' title='bbox 1257 1910 1428 1965; x_wconf 89' lang='lat' dir='ltr'><strong>crocis</strong></span> <span class='ocrx_word' id='word_1_181' title='bbox 1459 1905 1768 1976; x_wconf 78' lang='lat' dir='ltr'><strong>cruciﬁxus,</strong></span> 
     </span>
    </p>
   </div>
   <div class='ocr_carea' id='block_1_25' title="bbox 195 1976 1775 2050">
    <p class='ocr_par' dir='ltr' id='par_1_25' title="bbox 195 1976 1775 2050">
     <span class='ocr_line' id='line_1_25' title="bbox 195 1976 1775 2050; baseline 0.001 -18"><span class='ocrx_word' id='word_1_182' title='bbox 195 1976 270 2032; x_wconf 90' lang='lat' dir='ltr'><strong>de</strong></span> <span class='ocrx_word' id='word_1_183' title='bbox 310 1977 714 2050; x_wconf 76' lang='lat' dir='ltr'><strong>quoemanavit</strong></span> <span class='ocrx_word' id='word_1_184' title='bbox 737 1989 882 2050; x_wconf 76' lang='lat' dir='ltr'><strong>aqua</strong></span> <span class='ocrx_word' id='word_1_185' title='bbox 914 1976 1198 2050; x_wconf 75' lang='lat' dir='ltr'><strong>aliundans</strong></span> <span class='ocrx_word' id='word_1_186' title='bbox 1222 1989 1290 2050; x_wconf 88' lang='lat' dir='ltr'><strong>ct</strong></span> <span class='ocrx_word' id='word_1_187' title='bbox 1328 1981 1469 2050; x_wconf 78' lang='lat' dir='ltr'><strong>larga</strong></span> <span class='ocrx_word' id='word_1_188' title='bbox 1506 1979 1775 2050; x_wconf 81' lang='lat' dir='ltr'><strong>doctrina,</strong></span> 
     </span>
    </p>
   </div>
   <div class='ocr_carea' id='block_1_26' title="bbox 233 2045 1780 2118">
    <p class='ocr_par' dir='ltr' id='par_1_26' title="bbox 233 2045 1780 2118">
     <span class='ocr_line' id='line_1_26' title="bbox 233 2045 1780 2118; baseline 0.004 -16"><span class='ocrx_word' id='word_1_189' title='bbox 233 2045 473 2102; x_wconf 64' lang='lat' dir='ltr'><strong>ute&#39;sola</strong></span> <span class='ocrx_word' id='word_1_190' title='bbox 525 2045 696 2100; x_wconf 87' lang='lat' dir='ltr'><strong>dulcis</strong></span> <span class='ocrx_word' id='word_1_191' title='bbox 734 2045 996 2118; x_wconf 69' lang='lat' dir='ltr'><strong>inV-hujus</strong></span> <span class='ocrx_word' id='word_1_192' title='bbox 1034 2051 1156 2104; x_wconf 79' lang='lat' dir='ltr'><strong>vita:</strong></span> <span class='ocrx_word' id='word_1_193' title='bbox 1201 2045 1441 2106; x_wconf 53' lang='lat' dir='ltr'><strong>deserto‘.</strong></span> <span class='ocrx_word' id='word_1_194' title='bbox 1496 2049 1602 2105; x_wconf 80' lang='lat' dir='ltr'><strong>Per</strong></span> <span class='ocrx_word' id='word_1_195' title='bbox 1640 2045 1780 2108; x_wconf 85' lang='lat' dir='ltr'><strong>hanc</strong></span> 
     </span>
    </p>
   </div>
   <div class='ocr_carea' id='block_1_27' title="bbox 192 2062 1779 2189">
    <p class='ocr_par' dir='ltr' id='par_1_27' title="bbox 192 2062 1779 2189">
     <span class='ocr_line' id='line_1_27' title="bbox 233 2062 1779 2118; baseline 0.004 -16"><span class='ocrx_word' id='word_1_196' title='bbox 233 2062 320 2102; x_wconf 74' lang='lat' dir='ltr'><strong>nte</strong></span> <span class='ocrx_word' id='word_1_197' title='bbox 359 2062 473 2102; x_wconf 85' lang='lat' dir='ltr'><strong>sota</strong></span> <span class='ocrx_word' id='word_1_198' title='bbox 525 2062 696 2100; x_wconf 82' lang='lat' dir='ltr'><strong>anteis</strong></span> <span class='ocrx_word' id='word_1_199' title='bbox 734 2063 786 2101; x_wconf 86' lang='lat' dir='ltr'><strong>in</strong></span> <span class='ocrx_word' id='word_1_200' title='bbox 828 2062 996 2118; x_wconf 72' lang='lat' dir='ltr'><strong>&#39;ﬂUjuS</strong></span> <span class='ocrx_word' id='word_1_201' title='bbox 1034 2062 1156 2104; x_wconf 78' lang='lat' dir='ltr'><strong>Vita:</strong></span> <span class='ocrx_word' id='word_1_202' title='bbox 1201 2062 1441 2106; x_wconf 83' lang='lat' dir='ltr'><strong>deserto.</strong></span> <span class='ocrx_word' id='word_1_203' title='bbox 1496 2062 1602 2105; x_wconf 74' lang='lat' dir='ltr'><strong>Per</strong></span> <span class='ocrx_word' id='word_1_204' title='bbox 1640 2062 1779 2108; x_wconf 82' lang='lat' dir='ltr'><strong>hanc</strong></span> 
     </span>
     <span class='ocr_line' id='line_1_28' title="bbox 192 2062 1779 2189; baseline 0.003 -16"><span class='ocrx_word' id='word_1_205' title='bbox 192 2062 328 2173; x_wconf 55' lang='lat' dir='ltr'><strong>i&#39;aeti</strong></span> <span class='ocrx_word' id='word_1_206' title='bbox 357 2118 715 2186; x_wconf 82' lang='lat' dir='ltr'><strong>suntquidam</strong></span> <span class='ocrx_word' id='word_1_207' title='bbox 754 2117 931 2172; x_wconf 81' lang='lat' dir='ltr'><strong>fontes</strong></span> <span class='ocrx_word' id='word_1_208' title='bbox 977 2135 1126 2189; x_wconf 76' lang='lat' dir='ltr'><strong>aquae</strong></span> <span class='ocrx_word' id='word_1_209' title='bbox 1166 2122 1299 2175; x_wconf 76' lang='lat' dir='ltr'><strong>viva:</strong></span> <span class='ocrx_word' id='word_1_210' title='bbox 1337 2123 1576 2176; x_wconf 82' lang='lat' dir='ltr'><strong>salientis</strong></span> <span class='ocrx_word' id='word_1_211' title='bbox 1626 2123 1678 2176; x_wconf 89' lang='lat' dir='ltr'><strong>in</strong></span> <span class='ocrx_word' id='word_1_212' title='bbox 1709 2123 1779 2178; x_wconf 90' lang='lat' dir='ltr'><strong>vi-</strong></span> 
     </span>
    </p>
   </div>
   <div class='ocr_carea' id='block_1_28' title="bbox 197 2189 1776 2260">
    <p class='ocr_par' dir='ltr' id='par_1_28' title="bbox 197 2189 1776 2260">
     <span class='ocr_line' id='line_1_29' title="bbox 197 2189 1776 2260; baseline 0.003 -15"><span class='ocrx_word' id='word_1_213' title='bbox 197 2199 313 2245; x_wconf 89' lang='lat' dir='ltr'><strong>tam</strong></span> <span class='ocrx_word' id='word_1_214' title='bbox 337 2197 616 2260; x_wconf 63' lang='lat' dir='ltr'><strong>aeternam,</strong></span> <span class='ocrx_word' id='word_1_215' title='bbox 667 2198 722 2244; x_wconf 91' lang='lat' dir='ltr'><strong>et</strong></span> <span class='ocrx_word' id='word_1_216' title='bbox 759 2189 973 2260; x_wconf 88' lang='lat' dir='ltr'><strong>quidam</strong></span> <span class='ocrx_word' id='word_1_217' title='bbox 1014 2200 1300 2247; x_wconf 86' lang='lat' dir='ltr'><strong>torrentes.</strong></span> <span class='ocrx_word' id='word_1_218' title='bbox 1341 2193 1472 2260; x_wconf 89' lang='lat' dir='ltr'><strong>Quia</strong></span> <span class='ocrx_word' id='word_1_219' title='bbox 1503 2202 1680 2248; x_wconf 89' lang='lat' dir='ltr'><strong>autem</strong></span> <span class='ocrx_word' id='word_1_220' title='bbox 1721 2193 1776 2250; x_wconf 88' lang='lat' dir='ltr'><strong>in</strong></span> 
     </span>
    </p>
   </div>
   <div class='ocr_carea' id='block_1_29' title="bbox 197 2259 1778 2333">
    <p class='ocr_par' dir='ltr' id='par_1_29' title="bbox 197 2259 1778 2333">
     <span class='ocr_line' id='line_1_30' title="bbox 197 2259 1778 2333; baseline 0.004 -19"><span class='ocrx_word' id='word_1_221' title='bbox 197 2261 437 2333; x_wconf 75' lang='lat' dir='ltr'><strong>fontibus</strong></span> <span class='ocrx_word' id='word_1_222' title='bbox 462 2259 607 2333; x_wconf 78' lang='lat' dir='ltr'><strong>jogis</strong></span> <span class='ocrx_word' id='word_1_223' title='bbox 628 2274 762 2331; x_wconf 85' lang='lat' dir='ltr'><strong>aqua</strong></span> <span class='ocrx_word' id='word_1_224' title='bbox 782 2259 898 2326; x_wconf 86' lang='lat' dir='ltr'><strong>est,</strong></span> <span class='ocrx_word' id='word_1_225' title='bbox 942 2267 1036 2333; x_wconf 83' lang='lat' dir='ltr'><strong>per</strong></span> <span class='ocrx_word' id='word_1_226' title='bbox 1066 2261 1238 2333; x_wconf 83' lang='lat' dir='ltr'><strong>fontes</strong></span> <span class='ocrx_word' id='word_1_227' title='bbox 1268 2259 1450 2332; x_wconf 81' lang='lat' dir='ltr'><strong>accipe</strong></span> <span class='ocrx_word' id='word_1_228' title='bbox 1481 2265 1778 2333; x_wconf 66' lang='lat' dir='ltr'><strong>praecipuos</strong></span> 
     </span>
    </p>
   </div>
   <div class='ocr_carea' id='block_1_30' title="bbox 199 2331 1779 2404">
    <p class='ocr_par' dir='ltr' id='par_1_30' title="bbox 199 2331 1779 2404">
     <span class='ocr_line' id='line_1_31' title="bbox 199 2331 1779 2404; baseline 0.004 -19"><span class='ocrx_word' id='word_1_229' title='bbox 199 2331 455 2404; x_wconf 81' lang='lat' dir='ltr'><strong>doctores</strong></span> <span class='ocrx_word' id='word_1_230' title='bbox 501 2331 664 2404; x_wconf 81' lang='lat' dir='ltr'><strong>verbo</strong></span> <span class='ocrx_word' id='word_1_231' title='bbox 703 2339 760 2386; x_wconf 91' lang='lat' dir='ltr'><strong>et</strong></span> <span class='ocrx_word' id='word_1_232' title='bbox 795 2332 1040 2404; x_wconf 79' lang='lat' dir='ltr'><strong>exemplo</strong></span> <span class='ocrx_word' id='word_1_233' title='bbox 1089 2331 1537 2404; x_wconf 58' lang='lat' dir='ltr'><strong>docentes,quia</strong></span> <span class='ocrx_word' id='word_1_234' title='bbox 1587 2331 1779 2392; x_wconf 87' lang='lat' dir='ltr'><strong>horum</strong></span> 
     </span>
    </p>
   </div>
   <div class='ocr_carea' id='block_1_31' title="bbox 197 2401 1790 2474">
    <p class='ocr_par' dir='ltr' id='par_1_31' title="bbox 197 2401 1790 2474">
     <span class='ocr_line' id='line_1_32' title="bbox 197 2401 1790 2474; baseline 0.003 -17"><span class='ocrx_word' id='word_1_235' title='bbox 197 2401 445 2457; x_wconf 81' lang='lat' dir='ltr'><strong>doctrina</strong></span> <span class='ocrx_word' id='word_1_236' title='bbox 475 2401 683 2474; x_wconf 85' lang='lat' dir='ltr'><strong>stabilis</strong></span> <span class='ocrx_word' id='word_1_237' title='bbox 709 2411 816 2458; x_wconf 84' lang='lat' dir='ltr'><strong>est.</strong></span> <span class='ocrx_word' id='word_1_238' title='bbox 850 2401 967 2456; x_wconf 77' lang='lat' dir='ltr'><strong>Per</strong></span> <span class='ocrx_word' id='word_1_239' title='bbox 991 2413 1255 2460; x_wconf 81' lang='lat' dir='ltr'><strong>torrentes</strong></span> <span class='ocrx_word' id='word_1_240' title='bbox 1283 2421 1410 2460; x_wconf 87' lang='lat' dir='ltr'><strong>vero</strong></span> <span class='ocrx_word' id='word_1_241' title='bbox 1432 2401 1618 2474; x_wconf 76' lang='lat' dir='ltr'><strong>accipe</strong></span> <span class='ocrx_word' id='word_1_242' title='bbox 1657 2406 1790 2471; x_wconf 26' lang='lat' dir='ltr'><strong>illos,</strong></span> 
     </span>
    </p>
   </div>
   <div class='ocr_carea' id='block_1_32' title="bbox 195 2473 1778 2546">
    <p class='ocr_par' dir='ltr' id='par_1_32' title="bbox 195 2473 1778 2546">
     <span class='ocr_line' id='line_1_33' title="bbox 195 2473 1778 2546; baseline 0.004 -19"><span class='ocrx_word' id='word_1_243' title='bbox 195 2474 310 2542; x_wconf 91' lang='lat' dir='ltr'><strong>qui,</strong></span> <span class='ocrx_word' id='word_1_244' title='bbox 350 2474 460 2546; x_wconf 81' lang='lat' dir='ltr'><strong>etsi</strong></span> <span class='ocrx_word' id='word_1_245' title='bbox 492 2473 712 2546; x_wconf 82' lang='lat' dir='ltr'><strong>verbum</strong></span> <span class='ocrx_word' id='word_1_246' title='bbox 757 2474 1001 2529; x_wconf 81' lang='lat' dir='ltr'><strong>veritatis</strong></span> <span class='ocrx_word' id='word_1_247' title='bbox 1035 2488 1142 2546; x_wconf 77' lang='lat' dir='ltr'><strong>non</strong></span> <span class='ocrx_word' id='word_1_248' title='bbox 1171 2477 1396 2544; x_wconf 87' lang='lat' dir='ltr'><strong>implent</strong></span> <span class='ocrx_word' id='word_1_249' title='bbox 1439 2473 1621 2546; x_wconf 81' lang='lat' dir='ltr'><strong>opere,</strong></span> <span class='ocrx_word' id='word_1_250' title='bbox 1669 2493 1778 2534; x_wconf 91' lang='lat' dir='ltr'><strong>non</strong></span> 
     </span>
    </p>
   </div>
   <div class='ocr_carea' id='block_1_33' title="bbox 196 2544 1779 2617">
    <p class='ocr_par' dir='ltr' id='par_1_33' title="bbox 196 2544 1779 2617">
     <span class='ocr_line' id='line_1_34' title="bbox 196 2544 1779 2617; baseline 0.004 -20"><span class='ocrx_word' id='word_1_251' title='bbox 196 2553 380 2598; x_wconf 86' lang='lat' dir='ltr'><strong>tamen</strong></span> <span class='ocrx_word' id='word_1_252' title='bbox 417 2544 684 2598; x_wconf 78' lang='lat' dir='ltr'><strong>abstinent</strong></span> <span class='ocrx_word' id='word_1_253' title='bbox 732 2557 791 2599; x_wconf 87' lang='lat' dir='ltr'><strong>se</strong></span> <span class='ocrx_word' id='word_1_254' title='bbox 831 2557 864 2599; x_wconf 85' lang='lat' dir='ltr'><strong>a</strong></span> <span class='ocrx_word' id='word_1_255' title='bbox 901 2545 1313 2614; x_wconf 73' lang='lat' dir='ltr'><strong>‘prtediCatione,</strong></span> <span class='ocrx_word' id='word_1_256' title='bbox 1365 2550 1450 2617; x_wconf 86' lang='lat' dir='ltr'><strong>qui</strong></span> <span class='ocrx_word' id='word_1_257' title='bbox 1475 2544 1608 2602; x_wconf 57' lang='lat' dir='ltr'><strong>&#39;cito</strong></span> <span class='ocrx_word' id='word_1_258' title='bbox 1645 2547 1779 2603; x_wconf 88' lang='lat' dir='ltr'><strong>deli-</strong></span> 
     </span>
    </p>
   </div>
   <div class='ocr_carea' id='block_1_34' title="bbox 194 2617 1777 2687">
    <p class='ocr_par' dir='ltr' id='par_1_34' title="bbox 194 2617 1777 2687">
     <span class='ocr_line' id='line_1_35' title="bbox 194 2617 1777 2687; baseline 0.004 -19"><span class='ocrx_word' id='word_1_259' title='bbox 194 2618 352 2670; x_wconf 87' lang='lat' dir='ltr'><strong>cittnt</strong></span> <span class='ocrx_word' id='word_1_260' title='bbox 388 2623 446 2670; x_wconf 91' lang='lat' dir='ltr'><strong>ut</strong></span> <span class='ocrx_word' id='word_1_261' title='bbox 491 2624 804 2687; x_wconf 59' lang='lat' dir='ltr'><strong>torrentes.</strong></span> <span class='ocrx_word' id='word_1_262' title='bbox 845 2617 944 2672; x_wconf 85' lang='lat' dir='ltr'><strong>Vel</strong></span> <span class='ocrx_word' id='word_1_263' title='bbox 989 2625 1020 2672; x_wconf 75' lang='grc' dir='ltr'><strong>ε</strong></span> <span class='ocrx_word' id='word_1_264' title='bbox 1063 2631 1326 2672; x_wconf 78' lang='lat' dir='ltr'><strong>converso</strong></span> <span class='ocrx_word' id='word_1_265' title='bbox 1377 2635 1471 2687; x_wconf 88' lang='lat' dir='ltr'><strong>per</strong></span> <span class='ocrx_word' id='word_1_266' title='bbox 1509 2627 1777 2674; x_wconf 83' lang='lat' dir='ltr'><strong>torrentes</strong></span> 
     </span>
    </p>
   </div>
   <div class='ocr_carea' id='block_1_35' title="bbox 196 2686 1775 2758">
    <p class='ocr_par' dir='ltr' id='par_1_35' title="bbox 196 2686 1775 2758">
     <span class='ocr_line' id='line_1_36' title="bbox 196 2686 1775 2758; baseline 0.004 -19"><span class='ocrx_word' id='word_1_267' title='bbox 196 2699 486 2758; x_wconf 81' lang='lat' dir='ltr'><strong>possumus</strong></span> <span class='ocrx_word' id='word_1_268' title='bbox 511 2687 758 2758; x_wconf 83' lang='lat' dir='ltr'><strong>accipere</strong></span> <span class='ocrx_word' id='word_1_269' title='bbox 794 2686 913 2742; x_wconf 85' lang='lat' dir='ltr'><strong>illos</strong></span> <span class='ocrx_word' id='word_1_270' title='bbox 943 2689 1014 2758; x_wconf 16' lang='lat' dir='ltr'><strong>in,</strong></span> <span class='ocrx_word' id='word_1_271' title='bbox 1036 2690 1227 2758; x_wconf 88' lang='lat' dir='ltr'><strong>quibus</strong></span> <span class='ocrx_word' id='word_1_272' title='bbox 1257 2686 1485 2758; x_wconf 83' lang='lat' dir='ltr'><strong>impetus</strong></span> <span class='ocrx_word' id='word_1_273' title='bbox 1516 2687 1775 2747; x_wconf 69' lang='lat' dir='ltr'><strong>doctrinm</strong></span> 
     </span>
    </p>
   </div>
   <div class='ocr_carea' id='block_1_36' title="bbox 191 2756 1778 2828">
    <p class='ocr_par' dir='ltr' id='par_1_36' title="bbox 191 2756 1778 2828">
     <span class='ocr_line' id='line_1_37' title="bbox 191 2756 1778 2828; baseline 0.004 -19"><span class='ocrx_word' id='word_1_274' title='bbox 191 2767 299 2828; x_wconf 80' lang='lat' dir='ltr'><strong>est,</strong></span> <span class='ocrx_word' id='word_1_275' title='bbox 327 2756 515 2828; x_wconf 79' lang='lat' dir='ltr'><strong>idest,</strong></span> <span class='ocrx_word' id='word_1_276' title='bbox 553 2757 822 2828; x_wconf 79' lang='lat' dir='ltr'><strong>majores;</strong></span> <span class='ocrx_word' id='word_1_277' title='bbox 872 2773 963 2828; x_wconf 88' lang='lat' dir='ltr'><strong>per</strong></span> <span class='ocrx_word' id='word_1_278' title='bbox 991 2756 1172 2815; x_wconf 79' lang='lat' dir='ltr'><strong>fontes</strong></span> <span class='ocrx_word' id='word_1_279' title='bbox 1204 2756 1347 2815; x_wconf 75' lang='lat' dir='ltr'><strong>vero</strong></span> <span class='ocrx_word' id='word_1_280' title='bbox 1375 2763 1630 2825; x_wconf 79' lang='lat' dir='ltr'><strong>minores,</strong></span> <span class='ocrx_word' id='word_1_281' title='bbox 1669 2763 1778 2816; x_wconf 90' lang='lat' dir='ltr'><strong>sci-</strong></span> 
     </span>
    </p>
   </div>
   <div class='ocr_carea' id='block_1_37' title="bbox 199 2826 1777 2900">
    <p class='ocr_par' dir='ltr' id='par_1_37' title="bbox 199 2826 1777 2900">
     <span class='ocr_line' id='line_1_38' title="bbox 199 2826 1777 2900; baseline 0.006 -20"><span class='ocrx_word' id='word_1_282' title='bbox 199 2826 348 2900; x_wconf 71' lang='lat' dir='ltr'><strong>licet,</strong></span> <span class='ocrx_word' id='word_1_283' title='bbox 379 2841 410 2882; x_wconf 68' lang='grc' dir='ltr'>ι</span> <span class='ocrx_word' id='word_1_284' title='bbox 427 2826 917 2900; x_wconf 61' lang='grc' dir='ltr'>ῃιιὶιιιιςραιιιιιὶίιι</span> <span class='ocrx_word' id='word_1_285' title='bbox 945 2830 1188 2884; x_wconf 80' lang='lat' dir='ltr'><strong>doctrina</strong></span> <span class='ocrx_word' id='word_1_286' title='bbox 1225 2831 1376 2887; x_wconf 85' lang='lat' dir='ltr'><strong>liuet.</strong></span> <span class='ocrx_word' id='word_1_287' title='bbox 1417 2831 1568 2900; x_wconf 90' lang='lat' dir='ltr'><strong>Quod</strong></span> <span class='ocrx_word' id='word_1_288' title='bbox 1599 2843 1777 2889; x_wconf 89' lang='lat' dir='ltr'><strong>autem</strong></span> 
     </span>
    </p>
   </div>
   <div class='ocr_carea' id='block_1_38' title="bbox 185 2895 1777 2972">
    <p class='ocr_par' dir='ltr' id='par_1_38' title="bbox 185 2895 1777 2972">
     <span class='ocr_line' id='line_1_39' title="bbox 185 2895 1777 2972; baseline 0.005 -21"><span class='ocrx_word' id='word_1_289' title='bbox 185 2895 364 2952; x_wconf 60' lang='lat' dir='ltr'><strong>dicit:</strong></span> <span class='ocrx_word' id='word_1_290' title='bbox 415 2895 680 2972; x_wconf 48' lang='lat' dir='ltr'><strong>Dirupisti&#39;</strong></span> <span class='ocrx_word' id='word_1_291' title='bbox 718 2902 882 2972; x_wconf 76' lang='lat' dir='ltr'><strong>fontes</strong></span> <span class='ocrx_word' id='word_1_292' title='bbox 925 2910 970 2954; x_wconf 87' lang='lat' dir='ltr'><strong>et</strong></span> <span class='ocrx_word' id='word_1_293' title='bbox 1003 2911 1251 2956; x_wconf 79' lang='lat' dir='ltr'><strong>torrentes</strong></span> <span class='ocrx_word' id='word_1_294' title='bbox 1277 2943 1293 2968; x_wconf 89' lang='lat'><strong>,</strong></span> <span class='ocrx_word' id='word_1_295' title='bbox 1345 2895 1626 2972; x_wconf 74' lang='lat' dir='ltr'><strong>dupliciter</strong></span> <span class='ocrx_word' id='word_1_296' title='bbox 1673 2904 1777 2960; x_wconf 89' lang='lat' dir='ltr'><strong>dici</strong></span> 
     </span>
    </p>
   </div>
   <div class='ocr_carea' id='block_1_39' title="bbox 195 2969 1777 3039">
    <p class='ocr_par' dir='ltr' id='par_1_39' title="bbox 195 2969 1777 3039">
     <span class='ocr_line' id='line_1_40' title="bbox 195 2969 1777 3039; baseline 0.004 -16"><span class='ocrx_word' id='word_1_297' title='bbox 195 2975 418 3038; x_wconf 79' lang='lat' dir='ltr'><strong>potest,</strong></span> <span class='ocrx_word' id='word_1_298' title='bbox 455 2969 1012 3039; x_wconf 39' lang='lat' dir='ltr'><strong>scilicet,&#39;dirupisti,</strong></span> <span class='ocrx_word' id='word_1_299' title='bbox 1067 2972 1121 3026; x_wconf 89' lang='lat' dir='ltr'><strong>id</strong></span> <span class='ocrx_word' id='word_1_300' title='bbox 1162 2984 1262 3039; x_wconf 86' lang='lat' dir='ltr'><strong>est,</strong></span> <span class='ocrx_word' id='word_1_301' title='bbox 1308 2969 1555 3028; x_wconf 81' lang='lat' dir='ltr'><strong>emanare</strong></span> <span class='ocrx_word' id='word_1_302' title='bbox 1601 2969 1777 3030; x_wconf 79' lang='lat' dir='ltr'><strong>fecisti</strong></span> 
     </span>
    </p>
   </div>
   <div class='ocr_carea' id='block_1_40' title="bbox 187 3039 1778 3114">
    <p class='ocr_par' dir='ltr' id='par_1_40' title="bbox 187 3039 1778 3114">
     <span class='ocr_line' id='line_1_41' title="bbox 187 3039 1778 3114; baseline 0.004 -21"><span class='ocrx_word' id='word_1_303' title='bbox 187 3039 416 3104; x_wconf 65' lang='lat' dir='ltr'><strong>dentes,</strong></span> <span class='ocrx_word' id='word_1_304' title='bbox 462 3041 548 3114; x_wconf 74' lang='lat' dir='ltr'><strong>vel</strong></span> <span class='ocrx_word' id='word_1_305' title='bbox 594 3043 768 3114; x_wconf 78' lang='lat' dir='ltr'><strong>fontes</strong></span> <span class='ocrx_word' id='word_1_306' title='bbox 813 3044 956 3114; x_wconf 86' lang='lat' dir='ltr'><strong>ipsos</strong></span> <span class='ocrx_word' id='word_1_307' title='bbox 1001 3053 1055 3097; x_wconf 90' lang='lat' dir='ltr'><strong>et</strong></span> <span class='ocrx_word' id='word_1_308' title='bbox 1111 3053 1372 3100; x_wconf 83' lang='lat' dir='ltr'><strong>torrentes</strong></span> <span class='ocrx_word' id='word_1_309' title='bbox 1414 3044 1680 3114; x_wconf 84' lang='lat' dir='ltr'><strong>dirupisti,</strong></span> <span class='ocrx_word' id='word_1_310' title='bbox 1724 3045 1778 3100; x_wconf 88' lang='lat' dir='ltr'><strong>id</strong></span> 
     </span>
    </p>
   </div>
   <div class='ocr_carea' id='block_1_41' title="bbox 203 3111 1776 3184">
    <p class='ocr_par' dir='ltr' id='par_1_41' title="bbox 203 3111 1776 3184">
     <span class='ocr_line' id='line_1_42' title="bbox 203 3111 1776 3184; baseline 0.004 -20"><span class='ocrx_word' id='word_1_311' title='bbox 203 3120 310 3184; x_wconf 65' lang='lat' dir='ltr'><strong>est,</strong></span> <span class='ocrx_word' id='word_1_312' title='bbox 339 3111 507 3184; x_wconf 57' lang='lat' dir='ltr'><strong>quasi</strong></span> <span class='ocrx_word' id='word_1_313' title='bbox 529 3113 893 3184; x_wconf 83' lang='lat' dir='ltr'><strong>perdiversos</strong></span> <span class='ocrx_word' id='word_1_314' title='bbox 917 3113 1060 3168; x_wconf 87' lang='lat' dir='ltr'><strong>rivos</strong></span> <span class='ocrx_word' id='word_1_315' title='bbox 1087 3115 1331 3182; x_wconf 81' lang='lat' dir='ltr'><strong>Sparsisti</strong></span> <span class='ocrx_word' id='word_1_316' title='bbox 1360 3125 1413 3171; x_wconf 90' lang='lat' dir='ltr'><strong>et</strong></span> <span class='ocrx_word' id='word_1_317' title='bbox 1441 3111 1646 3170; x_wconf 50' lang='lat' dir='ltr'><strong>sicc&#39;asti</strong></span> <span class='ocrx_word' id='word_1_318' title='bbox 1669 3111 1776 3184; x_wconf 10' lang='lat' dir='ltr'><strong>illu-</strong></span> 
     </span>
    </p>
   </div>
   <div class='ocr_carea' id='block_1_42' title="bbox 191 3181 1847 3281">
    <p class='ocr_par' dir='ltr' id='par_1_42' title="bbox 191 3181 1847 3281">
     <span class='ocr_line' id='line_1_43' title="bbox 191 3181 1847 3281; baseline 0.004 -45"><span class='ocrx_word' id='word_1_319' title='bbox 191 3181 530 3281; x_wconf 37' lang='lat' dir='ltr'><strong>aio-sEthan:</strong></span> <span class='ocrx_word' id='word_1_320' title='bbox 566 3183 1334 3281; x_wconf 43' lang='lat' dir='ltr'><strong>hithati&#39;ititerpqeta‘tur.fortis,</strong></span> <span class='ocrx_word' id='word_1_321' title='bbox 1375 3186 1487 3270; x_wconf 70' lang='lat' dir='ltr'><strong>sive</strong></span> <span class='ocrx_word' id='word_1_322' title='bbox 1516 3181 1770 3281; x_wconf 52' lang='lat' dir='ltr'><strong>robustus,</strong></span> <span class='ocrx_word' id='word_1_323' title='bbox 1799 3219 1847 3281; x_wconf 63' lang='grc' dir='ltr'>Ε</span> 
     </span>
    </p>
   </div>
   <div class='ocr_carea' id='block_1_43' title="bbox 197 3253 1774 3327">
    <p class='ocr_par' dir='ltr' id='par_1_43' title="bbox 197 3253 1774 3327">
     <span class='ocr_line' id='line_1_44' title="bbox 197 3253 1774 3327; baseline 0.003 -20"><span class='ocrx_word' id='word_1_324' title='bbox 197 3265 299 3327; x_wconf 78' lang='lat' dir='ltr'><strong>per</strong></span> <span class='ocrx_word' id='word_1_325' title='bbox 327 3267 486 3322; x_wconf 86' lang='lat' dir='ltr'><strong>quem</strong></span> <span class='ocrx_word' id='word_1_326' title='bbox 503 3253 829 3327; x_wconf 79' lang='lat' dir='ltr'><strong>intelligitur</strong></span> <span class='ocrx_word' id='word_1_327' title='bbox 859 3253 1001 3327; x_wconf 65' lang='lat' dir='ltr'><strong>male</strong></span> <span class='ocrx_word' id='word_1_328' title='bbox 1039 3253 1190 3310; x_wconf 79' lang='lat' dir='ltr'><strong>fortis</strong></span> <span class='ocrx_word' id='word_1_329' title='bbox 1215 3258 1326 3326; x_wconf 89' lang='lat' dir='ltr'><strong>ille,</strong></span> <span class='ocrx_word' id='word_1_330' title='bbox 1355 3259 1442 3327; x_wconf 89' lang='lat' dir='ltr'><strong>qui</strong></span> <span class='ocrx_word' id='word_1_331' title='bbox 1478 3273 1541 3312; x_wconf 75' lang='lat' dir='ltr'><strong>ex</strong></span> <span class='ocrx_word' id='word_1_332' title='bbox 1583 3273 1640 3312; x_wconf 89' lang='lat' dir='ltr'><strong>se</strong></span> <span class='ocrx_word' id='word_1_333' title='bbox 1673 3253 1774 3312; x_wconf 56' lang='lat' dir='ltr'><strong>lor;</strong></span> 
     </span>
    </p>
   </div>
   <div class='ocr_carea' id='block_1_44' title="bbox 195 3324 1775 3399">
    <p class='ocr_par' dir='ltr' id='par_1_44' title="bbox 195 3324 1775 3399">
     <span class='ocr_line' id='line_1_45' title="bbox 195 3324 1775 3399; baseline 0.005 -23"><span class='ocrx_word' id='word_1_334' title='bbox 195 3326 266 3399; x_wconf 78' lang='lat' dir='ltr'><strong>tis</strong></span> <span class='ocrx_word' id='word_1_335' title='bbox 286 3338 404 3380; x_wconf 85' lang='lat' dir='ltr'><strong>esse</strong></span> <span class='ocrx_word' id='word_1_336' title='bbox 429 3324 616 3399; x_wconf 68' lang='lat' dir='ltr'><strong>voluit,</strong></span> <span class='ocrx_word' id='word_1_337' title='bbox 643 3335 696 3380; x_wconf 89' lang='lat' dir='ltr'><strong>et</strong></span> <span class='ocrx_word' id='word_1_338' title='bbox 713 3325 846 3380; x_wconf 80' lang='lat' dir='ltr'><strong>dixit</strong></span> <span class='ocrx_word' id='word_1_339' title='bbox 863 3344 880 3399; x_wconf 88' lang='lat'><strong>_:</strong></span> <span class='ocrx_word' id='word_1_340' title='bbox 913 3325 1115 3399; x_wconf 76' lang='lat' dir='ltr'><strong>Portam</strong></span> <span class='ocrx_word' id='word_1_341' title='bbox 1145 3324 1318 3382; x_wconf 76' lang='lat' dir='ltr'><strong>sedent</strong></span> <span class='ocrx_word' id='word_1_342' title='bbox 1339 3324 1502 3383; x_wconf 81' lang='lat' dir='ltr'><strong>meam</strong></span> <span class='ocrx_word' id='word_1_343' title='bbox 1528 3329 1597 3381; x_wconf 84' lang='lat' dir='ltr'><strong>ad</strong></span> <span class='ocrx_word' id='word_1_344' title='bbox 1624 3330 1775 3399; x_wconf 85' lang='lat' dir='ltr'><strong>Aqui-</strong></span> 
     </span>
    </p>
   </div>
   <div class='ocr_carea' id='block_1_45' title="bbox 197 3395 1776 3469">
    <p class='ocr_par' dir='ltr' id='par_1_45' title="bbox 197 3395 1776 3469">
     <span class='ocr_line' id='line_1_46' title="bbox 197 3395 1776 3469; baseline 0.005 -21"><span class='ocrx_word' id='word_1_345' title='bbox 197 3395 385 3469; x_wconf 58' lang='lat' dir='ltr'><strong>lonem.</strong></span> <span class='ocrx_word' id='word_1_346' title='bbox 432 3395 506 3450; x_wconf 86' lang='lat' dir='ltr'><strong>De</strong></span> <span class='ocrx_word' id='word_1_347' title='bbox 537 3397 646 3469; x_wconf 76' lang='lat' dir='ltr'><strong>hac</strong></span> <span class='ocrx_word' id='word_1_348' title='bbox 673 3400 814 3450; x_wconf 86' lang='lat' dir='ltr'><strong>mala</strong></span> <span class='ocrx_word' id='word_1_349' title='bbox 854 3396 1162 3469; x_wconf 76' lang='lat' dir='ltr'><strong>furtitudiue</strong></span> <span class='ocrx_word' id='word_1_350' title='bbox 1195 3402 1442 3469; x_wconf 86' lang='lat' dir='ltr'><strong>poculum</strong></span> <span class='ocrx_word' id='word_1_351' title='bbox 1468 3401 1653 3453; x_wconf 85' lang='lat' dir='ltr'><strong>mortis</strong></span> <span class='ocrx_word' id='word_1_352' title='bbox 1678 3395 1776 3468; x_wconf 81' lang='lat' dir='ltr'><strong>pri-</strong></span> 
     </span>
    </p>
   </div>
   <div class='ocr_carea' id='block_1_46' title="bbox 197 3466 1777 3539">
    <p class='ocr_par' dir='ltr' id='par_1_46' title="bbox 197 3466 1777 3539">
     <span class='ocr_line' id='line_1_47' title="bbox 197 3466 1777 3539; baseline 0.004 -19"><span class='ocrx_word' id='word_1_353' title='bbox 197 3466 302 3539; x_wconf 77' lang='lat' dir='ltr'><strong>mis</strong></span> <span class='ocrx_word' id='word_1_354' title='bbox 341 3467 652 3539; x_wconf 79' lang='lat' dir='ltr'><strong>parentibus</strong></span> <span class='ocrx_word' id='word_1_355' title='bbox 684 3468 1027 3539; x_wconf 78' lang='lat' dir='ltr'><strong>propinavit,</strong></span> <span class='ocrx_word' id='word_1_356' title='bbox 1055 3466 1267 3538; x_wconf 78' lang='lat' dir='ltr'><strong>quando</strong></span> <span class='ocrx_word' id='word_1_357' title='bbox 1305 3472 1382 3525; x_wconf 88' lang='lat' dir='ltr'><strong>eis</strong></span> <span class='ocrx_word' id='word_1_358' title='bbox 1425 3466 1689 3539; x_wconf 82' lang='lat' dir='ltr'><strong>persuasit</strong></span> <span class='ocrx_word' id='word_1_359' title='bbox 1719 3481 1777 3528; x_wconf 93' lang='lat' dir='ltr'><strong>ut</strong></span> 
     </span>
    </p>
   </div>
   <div class='ocr_carea' id='block_1_47' title="bbox 199 3536 1778 3608">
    <p class='ocr_par' dir='ltr' id='par_1_47' title="bbox 199 3536 1778 3608">
     <span class='ocr_line' id='line_1_48' title="bbox 199 3536 1778 3608; baseline 0.004 -18"><span class='ocrx_word' id='word_1_360' title='bbox 199 3537 303 3608; x_wconf 86' lang='lat' dir='ltr'><strong>ipsi</strong></span> <span class='ocrx_word' id='word_1_361' title='bbox 343 3549 527 3608; x_wconf 66' lang='lat' dir='ltr'><strong>perae</strong></span> <span class='ocrx_word' id='word_1_362' title='bbox 571 3536 735 3593; x_wconf 81' lang='lat' dir='ltr'><strong>fortes</strong></span> <span class='ocrx_word' id='word_1_363' title='bbox 773 3547 829 3592; x_wconf 88' lang='lat' dir='ltr'><strong>et</strong></span> <span class='ocrx_word' id='word_1_364' title='bbox 867 3537 939 3592; x_wconf 90' lang='lat' dir='ltr'><strong>dii</strong></span> <span class='ocrx_word' id='word_1_365' title='bbox 980 3536 1088 3592; x_wconf 78' lang='lat' dir='ltr'><strong>sibi</strong></span> <span class='ocrx_word' id='word_1_366' title='bbox 1131 3553 1252 3596; x_wconf 83' lang='lat' dir='ltr'><strong>esse</strong></span> <span class='ocrx_word' id='word_1_367' title='bbox 1289 3536 1505 3595; x_wconf 79' lang='lat' dir='ltr'><strong>vellent.</strong></span> <span class='ocrx_word' id='word_1_368' title='bbox 1551 3543 1630 3594; x_wconf 79' lang='lat' dir='ltr'><strong>Ab</strong></span> <span class='ocrx_word' id='word_1_369' title='bbox 1677 3541 1778 3598; x_wconf 86' lang='lat' dir='ltr'><strong>hoc</strong></span> 
     </span>
    </p>
   </div>
   <div class='ocr_carea' id='block_1_48' title="bbox 195 3607 1775 3680">
    <p class='ocr_par' dir='ltr' id='par_1_48' title="bbox 195 3607 1775 3680">
     <span class='ocr_line' id='line_1_49' title="bbox 195 3607 1775 3680; baseline 0.004 -19"><span class='ocrx_word' id='word_1_370' title='bbox 195 3621 412 3680; x_wconf 84' lang='lat' dir='ltr'><strong>quoque</strong></span> <span class='ocrx_word' id='word_1_371' title='bbox 440 3607 635 3663; x_wconf 85' lang='lat' dir='ltr'><strong>diversi</strong></span> <span class='ocrx_word' id='word_1_372' title='bbox 661 3609 1218 3680; x_wconf 81' lang='lat' dir='ltr'><strong>processeruntlluvii,</strong></span> <span class='ocrx_word' id='word_1_373' title='bbox 1253 3611 1503 3679; x_wconf 74' lang='lat' dir='ltr'><strong>diversat,</strong></span> <span class='ocrx_word' id='word_1_374' title='bbox 1551 3612 1775 3680; x_wconf 92' lang='lat' dir='ltr'><strong>scilicet,</strong></span> 
     </span>
    </p>
   </div>
   <div class='ocr_carea' id='block_1_49' title="bbox 199 3679 1779 3752">
    <p class='ocr_par' dir='ltr' id='par_1_49' title="bbox 199 3679 1779 3752">
     <span class='ocr_line' id='line_1_50' title="bbox 199 3679 1779 3752; baseline 0.004 -21"><span class='ocrx_word' id='word_1_375' title='bbox 199 3679 438 3735; x_wconf 71' lang='lat' dir='ltr'><strong>haereses</strong></span> <span class='ocrx_word' id='word_1_376' title='bbox 472 3687 529 3734; x_wconf 88' lang='lat' dir='ltr'><strong>et</strong></span> <span class='ocrx_word' id='word_1_377' title='bbox 569 3691 805 3747; x_wconf 79' lang='lat' dir='ltr'><strong>errores,</strong></span> <span class='ocrx_word' id='word_1_378' title='bbox 841 3694 979 3752; x_wconf 80' lang='lat' dir='ltr'><strong>quos</strong></span> <span class='ocrx_word' id='word_1_379' title='bbox 1025 3679 1165 3735; x_wconf 87' lang='lat' dir='ltr'><strong>Deus</strong></span> <span class='ocrx_word' id='word_1_380' title='bbox 1212 3681 1410 3737; x_wconf 85' lang='lat' dir='ltr'><strong>dicavit</strong></span> <span class='ocrx_word' id='word_1_381' title='bbox 1456 3697 1551 3752; x_wconf 88' lang='lat' dir='ltr'><strong>per</strong></span> <span class='ocrx_word' id='word_1_382' title='bbox 1588 3682 1779 3738; x_wconf 85' lang='lat' dir='ltr'><strong>ﬂuvios</strong></span> 
     </span>
    </p>
   </div>
   <div class='ocr_carea' id='block_1_50' title="bbox 204 3751 1779 3810">
    <p class='ocr_par' dir='ltr' id='par_1_50' title="bbox 204 3751 1779 3810">
     <span class='ocr_line' id='line_1_51' title="bbox 204 3751 1779 3810; baseline 0.004 -7"><span class='ocrx_word' id='word_1_383' title='bbox 204 3762 336 3804; x_wconf 86' lang='lat' dir='ltr'><strong>suos</strong></span> <span class='ocrx_word' id='word_1_384' title='bbox 389 3759 441 3804; x_wconf 85' lang='grc' dir='ltr'>ει</span> <span class='ocrx_word' id='word_1_385' title='bbox 490 3758 778 3806; x_wconf 87' lang='lat' dir='ltr'><strong>torrentes.</strong></span> <span class='ocrx_word' id='word_1_386' title='bbox 840 3751 1021 3805; x_wconf 83' lang='lat' dir='ltr'><strong>Potest</strong></span> <span class='ocrx_word' id='word_1_387' title='bbox 1070 3755 1230 3807; x_wconf 86' lang='lat' dir='ltr'><strong>etiam</strong></span> <span class='ocrx_word' id='word_1_388' title='bbox 1281 3763 1428 3808; x_wconf 88' lang='lat' dir='ltr'><strong>totus</strong></span> <span class='ocrx_word' id='word_1_389' title='bbox 1457 3751 1661 3808; x_wconf 76' lang='lat' dir='ltr'><strong>versus</strong></span> <span class='ocrx_word' id='word_1_390' title='bbox 1711 3754 1779 3810; x_wconf 88' lang='lat' dir='ltr'><strong>ad</strong></span> 
     </span>
    </p>
   </div>
   <div class='ocr_carea' id='block_1_51' title="bbox 204 3819 1775 3889">
    <p class='ocr_par' dir='ltr' id='par_1_51' title="bbox 204 3819 1775 3889">
     <span class='ocr_line' id='line_1_52' title="bbox 204 3819 1775 3889; baseline 0.003 -16"><span class='ocrx_word' id='word_1_391' title='bbox 204 3819 386 3874; x_wconf 88' lang='lat' dir='ltr'><strong>Ethan</strong></span> <span class='ocrx_word' id='word_1_392' title='bbox 412 3819 626 3889; x_wconf 74' lang='lat' dir='ltr'><strong>referri,</strong></span> <span class='ocrx_word' id='word_1_393' title='bbox 657 3831 717 3876; x_wconf 88' lang='lat' dir='ltr'><strong>ut</strong></span> <span class='ocrx_word' id='word_1_394' title='bbox 752 3820 832 3876; x_wconf 90' lang='lat' dir='ltr'><strong>sic</strong></span> <span class='ocrx_word' id='word_1_395' title='bbox 863 3822 1100 3876; x_wconf 85' lang='lat' dir='ltr'><strong>dicamus</strong></span> <span class='ocrx_word' id='word_1_396' title='bbox 1126 3839 1140 3877; x_wconf 92' lang='lat'><strong>:</strong></span> <span class='ocrx_word' id='word_1_397' title='bbox 1193 3823 1330 3880; x_wconf 84' lang='lat' dir='ltr'><strong>Vere</strong></span> <span class='ocrx_word' id='word_1_398' title='bbox 1374 3824 1559 3878; x_wconf 84' lang='lat' dir='ltr'><strong>dedisti</strong></span> <span class='ocrx_word' id='word_1_399' title='bbox 1584 3823 1775 3880; x_wconf 82' lang='lat' dir='ltr'><strong>draco-</strong></span> 
     </span>
    </p>
   </div>
   <div class='ocr_carea' id='block_1_52' title="bbox 193 3893 1779 3964">
    <p class='ocr_par' dir='ltr' id='par_1_52' title="bbox 193 3893 1779 3964">
     <span class='ocr_line' id='line_1_53' title="bbox 193 3893 1779 3964; baseline 0.003 -18"><span class='ocrx_word' id='word_1_400' title='bbox 193 3905 329 3946; x_wconf 62' lang='lat' dir='ltr'><strong>nem</strong></span> <span class='ocrx_word' id='word_1_401' title='bbox 362 3893 568 3964; x_wconf 71' lang='lat' dir='ltr'><strong>populis</strong></span> <span class='ocrx_word' id='word_1_402' title='bbox 596 3893 650 3946; x_wconf 88' lang='lat' dir='ltr'><strong>in</strong></span> <span class='ocrx_word' id='word_1_403' title='bbox 675 3909 860 3959; x_wconf 79' lang='lat' dir='ltr'><strong>escam,</strong></span> <span class='ocrx_word' id='word_1_404' title='bbox 889 3893 1012 3962; x_wconf 86' lang='lat' dir='ltr'><strong>quia</strong></span> <span class='ocrx_word' id='word_1_405' title='bbox 1055 3901 1108 3947; x_wconf 91' lang='lat' dir='ltr'><strong>tu</strong></span> <span class='ocrx_word' id='word_1_406' title='bbox 1147 3894 1406 3964; x_wconf 85' lang='lat' dir='ltr'><strong>dirupisti,</strong></span> <span class='ocrx_word' id='word_1_407' title='bbox 1449 3893 1501 3950; x_wconf 89' lang='lat' dir='ltr'><strong>id</strong></span> <span class='ocrx_word' id='word_1_408' title='bbox 1553 3904 1655 3959; x_wconf 89' lang='lat' dir='ltr'><strong>est,</strong></span> <span class='ocrx_word' id='word_1_409' title='bbox 1686 3895 1779 3950; x_wconf 90' lang='lat' dir='ltr'><strong>de-</strong></span> 
     </span>
    </p>
   </div>
   <div class='ocr_carea' id='block_1_53' title="bbox 192 3962 1779 4034">
    <p class='ocr_par' dir='ltr' id='par_1_53' title="bbox 192 3962 1779 4034">
     <span class='ocr_line' id='line_1_54' title="bbox 192 3962 1779 4034; baseline 0.003 -18"><span class='ocrx_word' id='word_1_410' title='bbox 192 3965 440 4034; x_wconf 65' lang='lat' dir='ltr'><strong>struxisu</strong></span> <span class='ocrx_word' id='word_1_411' title='bbox 474 3962 645 4018; x_wconf 79' lang='lat' dir='ltr'><strong>fontes</strong></span> <span class='ocrx_word' id='word_1_412' title='bbox 670 3965 870 4018; x_wconf 79' lang='lat' dir='ltr'><strong>Etlian.</strong></span> <span class='ocrx_word' id='word_1_413' title='bbox 916 3965 1134 4029; x_wconf 82' lang='lat' dir='ltr'><strong>Fontes,</strong></span> <span class='ocrx_word' id='word_1_414' title='bbox 1177 3962 1317 4028; x_wconf 86' lang='lat' dir='ltr'><strong>dico,</strong></span> <span class='ocrx_word' id='word_1_415' title='bbox 1351 3980 1503 4034; x_wconf 71' lang='lat' dir='ltr'><strong>aqua:</strong></span> <span class='ocrx_word' id='word_1_416' title='bbox 1543 3963 1779 4022; x_wconf 84' lang='lat' dir='ltr'><strong>salientis</strong></span> 
     </span>
    </p>
   </div>
   <div class='ocr_carea' id='block_1_54' title="bbox 198 4032 1776 4104">
    <p class='ocr_par' dir='ltr' id='par_1_54' title="bbox 198 4032 1776 4104">
     <span class='ocr_line' id='line_1_55' title="bbox 198 4032 1776 4104; baseline 0.003 -18"><span class='ocrx_word' id='word_1_417' title='bbox 198 4032 254 4086; x_wconf 89' lang='lat' dir='ltr'><strong>in</strong></span> <span class='ocrx_word' id='word_1_418' title='bbox 295 4033 690 4088; x_wconf 79' lang='lat' dir='ltr'><strong>damnationem</strong></span> <span class='ocrx_word' id='word_1_419' title='bbox 733 4043 1025 4099; x_wconf 71' lang='lat' dir='ltr'><strong>aeternam,</strong></span> <span class='ocrx_word' id='word_1_420' title='bbox 1067 4044 1121 4089; x_wconf 87' lang='lat' dir='ltr'><strong>et</strong></span> <span class='ocrx_word' id='word_1_421' title='bbox 1169 4032 1432 4091; x_wconf 83' lang='lat' dir='ltr'><strong>torrentes</strong></span> <span class='ocrx_word' id='word_1_422' title='bbox 1471 4045 1524 4090; x_wconf 90' lang='lat' dir='ltr'><strong>et</strong></span> <span class='ocrx_word' id='word_1_423' title='bbox 1565 4035 1776 4104; x_wconf 82' lang='lat' dir='ltr'><strong>ﬂuvios,</strong></span> 
     </span>
    </p>
   </div>
   <div class='ocr_carea' id='block_1_55' title="bbox 197 4105 1779 4175">
    <p class='ocr_par' dir='ltr' id='par_1_55' title="bbox 197 4105 1779 4175">
     <span class='ocr_line' id='line_1_56' title="bbox 197 4105 1779 4175; baseline 0.004 -18"><span class='ocrx_word' id='word_1_424' title='bbox 197 4119 322 4174; x_wconf 62' lang='lat' dir='ltr'><strong>qua</strong></span> <span class='ocrx_word' id='word_1_425' title='bbox 362 4105 609 4160; x_wconf 88' lang='lat' dir='ltr'><strong>similiter</strong></span> <span class='ocrx_word' id='word_1_426' title='bbox 632 4107 685 4159; x_wconf 88' lang='lat' dir='ltr'><strong>in</strong></span> <span class='ocrx_word' id='word_1_427' title='bbox 723 4106 863 4160; x_wconf 89' lang='lat' dir='ltr'><strong>malo</strong></span> <span class='ocrx_word' id='word_1_428' title='bbox 901 4105 1153 4175; x_wconf 88' lang='lat' dir='ltr'><strong>accipias,</strong></span> <span class='ocrx_word' id='word_1_429' title='bbox 1199 4109 1269 4162; x_wconf 86' lang='lat' dir='ltr'><strong>ita</strong></span> <span class='ocrx_word' id='word_1_430' title='bbox 1300 4116 1356 4163; x_wconf 87' lang='lat' dir='ltr'><strong>ut</strong></span> <span class='ocrx_word' id='word_1_431' title='bbox 1393 4108 1460 4163; x_wconf 90' lang='lat' dir='ltr'><strong>de</strong></span> <span class='ocrx_word' id='word_1_432' title='bbox 1489 4108 1685 4163; x_wconf 89' lang='lat' dir='ltr'><strong>minori</strong></span> <span class='ocrx_word' id='word_1_433' title='bbox 1712 4108 1779 4163; x_wconf 87' lang='lat' dir='ltr'><strong>ad</strong></span> 
     </span>
    </p>
   </div>
   <div class='ocr_carea' id='block_1_56' title="bbox 199 4175 690 4230">
    <p class='ocr_par' dir='ltr' id='par_1_56' title="bbox 199 4175 690 4230">
     <span class='ocr_line' id='line_1_57' title="bbox 199 4175 690 4230; baseline 0 0"><span class='ocrx_word' id='word_1_434' title='bbox 199 4175 376 4230; x_wconf 77' lang='lat' dir='ltr'><strong>maius</strong></span> <span class='ocrx_word' id='word_1_435' title='bbox 412 4175 690 4230; x_wconf 85' lang='lat' dir='ltr'><strong>ascendas.</strong></span> 
     </span>
    </p>
   </div>
   <div class='ocr_carea' id='block_1_57' title="bbox 322 4245 1774 4317">
    <p class='ocr_par' dir='ltr' id='par_1_57' title="bbox 322 4245 1774 4317">
     <span class='ocr_line' id='line_1_58' title="bbox 322 4245 1774 4317; baseline 0.004 -19"><span class='ocrx_word' id='word_1_436' title='bbox 322 4262 419 4300; x_wconf 85' lang='lat' dir='ltr'><strong>uus</strong></span> <span class='ocrx_word' id='word_1_437' title='bbox 441 4256 517 4300; x_wconf 83' lang='lat' dir='ltr'><strong>est</strong></span> <span class='ocrx_word' id='word_1_438' title='bbox 544 4247 669 4301; x_wconf 86' lang='lat' dir='ltr'><strong>dies.</strong></span> <span class='ocrx_word' id='word_1_439' title='bbox 710 4246 870 4314; x_wconf 83' lang='lat' dir='ltr'><strong>Quasi</strong></span> <span class='ocrx_word' id='word_1_440' title='bbox 901 4246 1040 4302; x_wconf 90' lang='lat' dir='ltr'><strong>dicat</strong></span> <span class='ocrx_word' id='word_1_441' title='bbox 1066 4266 1079 4301; x_wconf 91' lang='lat'><strong>:</strong></span> <span class='ocrx_word' id='word_1_442' title='bbox 1119 4247 1344 4304; x_wconf 88' lang='lat' dir='ltr'><strong>Siccatis</strong></span> <span class='ocrx_word' id='word_1_443' title='bbox 1376 4245 1547 4304; x_wconf 86' lang='lat' dir='ltr'><strong>lluviis</strong></span> <span class='ocrx_word' id='word_1_444' title='bbox 1579 4248 1774 4317; x_wconf 80' lang='lat' dir='ltr'><strong>Etlian,</strong></span> 
     </span>
    </p>
   </div>
   <div class='ocr_carea' id='block_1_58' title="bbox 201 4316 1781 4390">
    <p class='ocr_par' dir='ltr' id='par_1_58' title="bbox 201 4316 1781 4390">
     <span class='ocr_line' id='line_1_59' title="bbox 201 4316 1781 4390; baseline 0.004 -20"><span class='ocrx_word' id='word_1_445' title='bbox 201 4316 331 4371; x_wconf 83' lang='lat' dir='ltr'><strong>facti</strong></span> <span class='ocrx_word' id='word_1_446' title='bbox 371 4327 496 4371; x_wconf 87' lang='lat' dir='ltr'><strong>sunt</strong></span> <span class='ocrx_word' id='word_1_447' title='bbox 525 4318 738 4388; x_wconf 90' lang='lat' dir='ltr'><strong>quidam</strong></span> <span class='ocrx_word' id='word_1_448' title='bbox 780 4319 926 4386; x_wconf 88' lang='lat' dir='ltr'><strong>dies,</strong></span> <span class='ocrx_word' id='word_1_449' title='bbox 973 4317 1190 4390; x_wconf 90' lang='lat' dir='ltr'><strong>quidam</strong></span> <span class='ocrx_word' id='word_1_450' title='bbox 1237 4335 1341 4375; x_wconf 81' lang='lat' dir='ltr'><strong>nox</strong></span> <span class='ocrx_word' id='word_1_451' title='bbox 1380 4330 1433 4375; x_wconf 88' lang='lat' dir='ltr'><strong>et</strong></span> <span class='ocrx_word' id='word_1_452' title='bbox 1477 4321 1693 4383; x_wconf 87' lang='lat' dir='ltr'><strong>similia,</strong></span> <span class='ocrx_word' id='word_1_453' title='bbox 1726 4316 1781 4376; x_wconf 87' lang='lat' dir='ltr'><strong>et</strong></span> 
     </span>
    </p>
   </div>
   <div class='ocr_carea' id='block_1_59' title="bbox 199 4390 1779 4459">
    <p class='ocr_par' dir='ltr' id='par_1_59' title="bbox 199 4390 1779 4459">
     <span class='ocr_line' id='line_1_60' title="bbox 199 4390 1779 4459; baseline 0.003 -18"><span class='ocrx_word' id='word_1_454' title='bbox 199 4391 306 4442; x_wconf 84' lang='lat' dir='ltr'><strong>hoc</strong></span> <span class='ocrx_word' id='word_1_455' title='bbox 333 4401 440 4442; x_wconf 85' lang='lat' dir='ltr'><strong>non</strong></span> <span class='ocrx_word' id='word_1_456' title='bbox 468 4403 560 4458; x_wconf 90' lang='lat' dir='ltr'><strong>per</strong></span> <span class='ocrx_word' id='word_1_457' title='bbox 585 4403 665 4456; x_wconf 84' lang='lat' dir='ltr'><strong>se,</strong></span> <span class='ocrx_word' id='word_1_458' title='bbox 693 4390 785 4443; x_wconf 87' lang='lat' dir='ltr'><strong>sed</strong></span> <span class='ocrx_word' id='word_1_459' title='bbox 815 4403 910 4458; x_wconf 85' lang='lat' dir='ltr'><strong>per</strong></span> <span class='ocrx_word' id='word_1_460' title='bbox 942 4399 1012 4455; x_wconf 92' lang='lat' dir='ltr'><strong>te,</strong></span> <span class='ocrx_word' id='word_1_461' title='bbox 1045 4392 1167 4459; x_wconf 85' lang='lat' dir='ltr'><strong>quia</strong></span> <span class='ocrx_word' id='word_1_462' title='bbox 1199 4391 1307 4444; x_wconf 86' lang='lat' dir='ltr'><strong>dies</strong></span> <span class='ocrx_word' id='word_1_463' title='bbox 1332 4401 1404 4445; x_wconf 86' lang='lat' dir='ltr'><strong>est</strong></span> <span class='ocrx_word' id='word_1_464' title='bbox 1436 4400 1570 4452; x_wconf 86' lang='lat' dir='ltr'><strong>tuus,</strong></span> <span class='ocrx_word' id='word_1_465' title='bbox 1599 4403 1646 4444; x_wconf 86' lang='lat' dir='ltr'><strong>et</strong></span> <span class='ocrx_word' id='word_1_466' title='bbox 1677 4406 1779 4445; x_wconf 70' lang='lat' dir='ltr'><strong>non:</strong></span> 
     </span>
    </p>
   </div>
   <div class='ocr_carea' id='block_1_60' title="bbox 195 4459 1776 4530">
    <p class='ocr_par' dir='ltr' id='par_1_60' title="bbox 195 4459 1776 4530">
     <span class='ocr_line' id='line_1_61' title="bbox 195 4459 1776 4530; baseline 0.001 -17"><span class='ocrx_word' id='word_1_467' title='bbox 195 4468 277 4513; x_wconf 82' lang='lat' dir='ltr'><strong>est</strong></span> <span class='ocrx_word' id='word_1_468' title='bbox 327 4459 613 4530; x_wconf 14' lang='lat' dir='ltr'><strong>tua.7Dies</strong></span> <span class='ocrx_word' id='word_1_469' title='bbox 661 4469 787 4514; x_wconf 87' lang='lat' dir='ltr'><strong>sunt</strong></span> <span class='ocrx_word' id='word_1_470' title='bbox 834 4461 1173 4529; x_wconf 86' lang='lat' dir='ltr'><strong>spirituales,</strong></span> <span class='ocrx_word' id='word_1_471' title='bbox 1225 4463 1298 4514; x_wconf 87' lang='lat' dir='ltr'><strong>illi</strong></span> <span class='ocrx_word' id='word_1_472' title='bbox 1344 4462 1434 4530; x_wconf 89' lang='lat' dir='ltr'><strong>qui</strong></span> <span class='ocrx_word' id='word_1_473' title='bbox 1479 4462 1776 4527; x_wconf 87' lang='lat' dir='ltr'><strong>spiritualia</strong></span> 
     </span>
    </p>
   </div>
   <div class='ocr_carea' id='block_1_61' title="bbox 198 4529 1776 4601">
    <p class='ocr_par' dir='ltr' id='par_1_61' title="bbox 198 4529 1776 4601">
     <span class='ocr_line' id='line_1_62' title="bbox 198 4529 1776 4601; baseline 0.001 -18"><span class='ocrx_word' id='word_1_474' title='bbox 198 4529 571 4601; x_wconf 79' lang='lat' dir='ltr'><strong>spirit-utilibus</strong></span> <span class='ocrx_word' id='word_1_475' title='bbox 612 4531 924 4600; x_wconf 75' lang='lat' dir='ltr'><strong>prtedicant,</strong></span> <span class='ocrx_word' id='word_1_476' title='bbox 959 4540 1016 4585; x_wconf 91' lang='lat' dir='ltr'><strong>ut</strong></span> <span class='ocrx_word' id='word_1_477' title='bbox 1040 4533 1130 4585; x_wconf 91' lang='lat' dir='ltr'><strong>ille</strong></span> <span class='ocrx_word' id='word_1_478' title='bbox 1169 4532 1256 4601; x_wconf 89' lang='lat' dir='ltr'><strong>qui</strong></span> <span class='ocrx_word' id='word_1_479' title='bbox 1284 4529 1452 4586; x_wconf 78' lang='lat' dir='ltr'><strong>dixit:</strong></span> <span class='ocrx_word' id='word_1_480' title='bbox 1486 4531 1552 4585; x_wconf 86' lang='lat' dir='ltr'><strong>1n</strong></span> <span class='ocrx_word' id='word_1_481' title='bbox 1583 4533 1776 4601; x_wconf 88' lang='lat' dir='ltr'><strong>princi-</strong></span> 
     </span>
    </p>
   </div>
   <div class='ocr_carea' id='block_1_62' title="bbox 1879 563 3443 636">
    <p class='ocr_par' dir='ltr' id='par_1_62' title="bbox 1879 563 3443 636">
     <span class='ocr_line' id='line_1_63' title="bbox 1879 563 3443 636; baseline 0.009 -23"><span class='ocrx_word' id='word_1_482' title='bbox 1879 571 1933 636; x_wconf 72' lang='grc' dir='ltr'>ει</span> <span class='ocrx_word' id='word_1_483' title='bbox 1960 563 2036 636; x_wconf 79' lang='lat' dir='ltr'><strong>sic</strong></span> <span class='ocrx_word' id='word_1_484' title='bbox 2081 564 2301 634; x_wconf 84' lang='lat' dir='ltr'><strong>populus</strong></span> <span class='ocrx_word' id='word_1_485' title='bbox 2330 564 2419 620; x_wconf 91' lang='lat' dir='ltr'><strong>ille</strong></span> <span class='ocrx_word' id='word_1_486' title='bbox 2448 564 2715 636; x_wconf 67' lang='lat' dir='ltr'><strong>insipiens,</strong></span> <span class='ocrx_word' id='word_1_487' title='bbox 2767 565 2814 619; x_wconf 89' lang='lat' dir='ltr'><strong>id</strong></span> <span class='ocrx_word' id='word_1_488' title='bbox 2845 573 2946 630; x_wconf 89' lang='lat' dir='ltr'><strong>est,</strong></span> <span class='ocrx_word' id='word_1_489' title='bbox 3002 563 3108 622; x_wconf 74' lang='lat' dir='ltr'><strong>non</strong></span> <span class='ocrx_word' id='word_1_490' title='bbox 3152 563 3443 636; x_wconf 69' lang='lat' dir='ltr'><strong>providens</strong></span> 
     </span>
    </p>
   </div>
   <div class='ocr_carea' id='block_1_63' title="bbox 1871 633 3447 705">
    <p class='ocr_par' dir='ltr' id='par_1_63' title="bbox 1871 633 3447 705">
     <span class='ocr_line' id='line_1_64' title="bbox 1871 633 3447 705; baseline 0.007 -19"><span class='ocrx_word' id='word_1_491' title='bbox 1871 633 1969 705; x_wconf 82' lang='lat' dir='ltr'><strong>sibi</strong></span> <span class='ocrx_word' id='word_1_492' title='bbox 2011 633 2063 687; x_wconf 86' lang='lat' dir='ltr'><strong>in</strong></span> <span class='ocrx_word' id='word_1_493' title='bbox 2108 645 2400 702; x_wconf 87' lang='lat' dir='ltr'><strong>posterum,</strong></span> <span class='ocrx_word' id='word_1_494' title='bbox 2444 635 2674 690; x_wconf 82' lang='lat' dir='ltr'><strong>incitavit</strong></span> <span class='ocrx_word' id='word_1_495' title='bbox 2706 651 2885 689; x_wconf 87' lang='lat' dir='ltr'><strong>nomen</strong></span> <span class='ocrx_word' id='word_1_496' title='bbox 2929 644 3092 702; x_wconf 87' lang='lat' dir='ltr'><strong>tuum,</strong></span> <span class='ocrx_word' id='word_1_497' title='bbox 3143 633 3196 692; x_wconf 85' lang='lat' dir='ltr'><strong>id</strong></span> <span class='ocrx_word' id='word_1_498' title='bbox 3222 647 3326 705; x_wconf 85' lang='lat' dir='ltr'><strong>est,</strong></span> <span class='ocrx_word' id='word_1_499' title='bbox 3375 643 3447 698; x_wconf 87' lang='lat' dir='ltr'><strong>ad</strong></span> 
     </span>
    </p>
   </div>
   <div class='ocr_carea' id='block_1_64' title="bbox 1873 703 3443 777">
    <p class='ocr_par' dir='ltr' id='par_1_64' title="bbox 1873 703 3443 777">
     <span class='ocr_line' id='line_1_65' title="bbox 1873 703 3443 777; baseline 0.006 -19"><span class='ocrx_word' id='word_1_500' title='bbox 1873 703 2006 758; x_wconf 89' lang='lat' dir='ltr'><strong>iram</strong></span> <span class='ocrx_word' id='word_1_501' title='bbox 2035 712 2086 759; x_wconf 90' lang='lat' dir='ltr'><strong>te</strong></span> <span class='ocrx_word' id='word_1_502' title='bbox 2114 710 2418 777; x_wconf 82' lang='lat' dir='ltr'><strong>provocavit</strong></span> <span class='ocrx_word' id='word_1_503' title='bbox 2446 720 2543 777; x_wconf 92' lang='lat' dir='ltr'><strong>per</strong></span> <span class='ocrx_word' id='word_1_504' title='bbox 2583 719 2776 777; x_wconf 84' lang='lat' dir='ltr'><strong>nomen</strong></span> <span class='ocrx_word' id='word_1_505' title='bbox 2819 716 2984 773; x_wconf 86' lang='lat' dir='ltr'><strong>tuum,</strong></span> <span class='ocrx_word' id='word_1_506' title='bbox 3032 710 3170 777; x_wconf 92' lang='lat' dir='ltr'><strong>quod</strong></span> <span class='ocrx_word' id='word_1_507' title='bbox 3205 709 3271 764; x_wconf 84' lang='lat' dir='ltr'><strong>de</strong></span> <span class='ocrx_word' id='word_1_508' title='bbox 3303 703 3443 767; x_wconf 84' lang='lat' dir='ltr'><strong>terra</strong></span> 
     </span>
    </p>
   </div>
   <div class='ocr_carea' id='block_1_65' title="bbox 1870 775 3449 848">
    <p class='ocr_par' dir='ltr' id='par_1_65' title="bbox 1870 775 3449 848">
     <span class='ocr_line' id='line_1_66' title="bbox 1870 775 3449 848; baseline 0.006 -21"><span class='ocrx_word' id='word_1_509' title='bbox 1870 777 2086 848; x_wconf 75' lang='lat' dir='ltr'><strong>penitus</strong></span> <span class='ocrx_word' id='word_1_510' title='bbox 2135 775 2344 832; x_wconf 76' lang='lat' dir='ltr'><strong>auferre</strong></span> <span class='ocrx_word' id='word_1_511' title='bbox 2383 775 2568 832; x_wconf 86' lang='lat' dir='ltr'><strong>voluit.</strong></span> <span class='ocrx_word' id='word_1_512' title='bbox 2617 776 2683 832; x_wconf 88' lang='lat' dir='ltr'><strong>Et</strong></span> <span class='ocrx_word' id='word_1_513' title='bbox 2710 775 3119 848; x_wconf 78' lang='lat' dir='ltr'><strong>quandoquidem</strong></span> <span class='ocrx_word' id='word_1_514' title='bbox 3162 779 3254 835; x_wconf 89' lang='lat' dir='ltr'><strong>tibi</strong></span> <span class='ocrx_word' id='word_1_515' title='bbox 3294 783 3449 837; x_wconf 84' lang='lat' dir='ltr'><strong>viridi</strong></span> 
     </span>
    </p>
   </div>
   <div class='ocr_carea' id='block_1_66' title="bbox 1873 846 3448 919">
    <p class='ocr_par' dir='ltr' id='par_1_66' title="bbox 1873 846 3448 919">
     <span class='ocr_line' id='line_1_67' title="bbox 1873 846 3448 919; baseline 0.006 -20"><span class='ocrx_word' id='word_1_516' title='bbox 1873 847 2011 919; x_wconf 84' lang='lat' dir='ltr'><strong>ligno</strong></span> <span class='ocrx_word' id='word_1_517' title='bbox 2035 846 2128 899; x_wconf 90' lang='lat' dir='ltr'><strong>hoc</strong></span> <span class='ocrx_word' id='word_1_518' title='bbox 2151 851 2394 916; x_wconf 74' lang='lat' dir='ltr'><strong>fecerunt,</strong></span> <span class='ocrx_word' id='word_1_519' title='bbox 2423 849 2547 918; x_wconf 77' lang='lat' dir='ltr'><strong>quid</strong></span> <span class='ocrx_word' id='word_1_520' title='bbox 2571 848 2756 918; x_wconf 79' lang='lat' dir='ltr'><strong>facient</strong></span> <span class='ocrx_word' id='word_1_521' title='bbox 2779 851 2831 902; x_wconf 85' lang='lat' dir='ltr'><strong>in</strong></span> <span class='ocrx_word' id='word_1_522' title='bbox 2857 846 3002 904; x_wconf 87' lang='lat' dir='ltr'><strong>arido</strong></span> <span class='ocrx_word' id='word_1_523' title='bbox 3025 850 3049 904; x_wconf 84' lang='lat'><strong><em>?</em></strong></span> <span class='ocrx_word' id='word_1_524' title='bbox 3080 850 3303 907; x_wconf 78' lang='lat' dir='ltr'><strong>Constat</strong></span> <span class='ocrx_word' id='word_1_525' title='bbox 3323 856 3448 919; x_wconf 86' lang='lat' dir='ltr'><strong>quia</strong></span> 
     </span>
    </p>
   </div>
   <div class='ocr_carea' id='block_1_67' title="bbox 1873 917 3448 992">
    <p class='ocr_par' dir='ltr' id='par_1_67' title="bbox 1873 917 3448 992">
     <span class='ocr_line' id='line_1_68' title="bbox 1873 917 3448 992; baseline 0.007 -23"><span class='ocrx_word' id='word_1_526' title='bbox 1873 917 2046 992; x_wconf 75' lang='lat' dir='ltr'><strong>multo</strong></span> <span class='ocrx_word' id='word_1_527' title='bbox 2082 919 2266 992; x_wconf 77' lang='lat' dir='ltr'><strong>minus</strong></span> <span class='ocrx_word' id='word_1_528' title='bbox 2317 917 2533 992; x_wconf 69' lang='lat' dir='ltr'><strong>parcent</strong></span> <span class='ocrx_word' id='word_1_529' title='bbox 2569 917 2739 992; x_wconf 78' lang='lat' dir='ltr'><strong>arido,</strong></span> <span class='ocrx_word' id='word_1_530' title='bbox 2789 934 2910 976; x_wconf 88' lang='lat' dir='ltr'><strong>cum</strong></span> <span class='ocrx_word' id='word_1_531' title='bbox 2956 936 3060 975; x_wconf 93' lang='lat' dir='ltr'><strong>non</strong></span> <span class='ocrx_word' id='word_1_532' title='bbox 3091 917 3448 992; x_wconf 87' lang='lat' dir='ltr'><strong>pepercerunt</strong></span> 
     </span>
    </p>
   </div>
   <div class='ocr_carea' id='block_1_68' title="bbox 1873 987 3444 1061">
    <p class='ocr_par' dir='ltr' id='par_1_68' title="bbox 1873 987 3444 1061">
     <span class='ocr_line' id='line_1_69' title="bbox 1873 987 3444 1061; baseline 0.006 -19"><span class='ocrx_word' id='word_1_533' title='bbox 1873 987 1968 1042; x_wconf 89' lang='lat' dir='ltr'><strong>tibi</strong></span> <span class='ocrx_word' id='word_1_534' title='bbox 1999 987 2150 1043; x_wconf 86' lang='lat' dir='ltr'><strong>viridi</strong></span> <span class='ocrx_word' id='word_1_535' title='bbox 2179 987 2338 1058; x_wconf 70' lang='lat' dir='ltr'><strong>ligno.</strong></span> <span class='ocrx_word' id='word_1_536' title='bbox 2371 990 2532 1061; x_wconf 79' lang='lat' dir='ltr'><strong>Ergo,</strong></span> <span class='ocrx_word' id='word_1_537' title='bbox 2587 990 2833 1061; x_wconf 82' lang='lat' dir='ltr'><strong>Domine,</strong></span> <span class='ocrx_word' id='word_1_538' title='bbox 2863 1007 2926 1046; x_wconf 86' lang='lat' dir='ltr'><strong>ne</strong></span> <span class='ocrx_word' id='word_1_539' title='bbox 2958 993 3135 1046; x_wconf 84' lang='lat' dir='ltr'><strong>tradas</strong></span> <span class='ocrx_word' id='word_1_540' title='bbox 3160 987 3356 1059; x_wconf 76' lang='lat' dir='ltr'><strong>bestiis,</strong></span> <span class='ocrx_word' id='word_1_541' title='bbox 3389 993 3444 1051; x_wconf 88' lang='lat' dir='ltr'><strong>id</strong></span> 
     </span>
    </p>
   </div>
   <div class='ocr_carea' id='block_1_69' title="bbox 1871 1059 3446 1130">
    <p class='ocr_par' dir='ltr' id='par_1_69' title="bbox 1871 1059 3446 1130">
     <span class='ocr_line' id='line_1_70' title="bbox 1871 1059 3446 1130; baseline 0.006 -18"><span class='ocrx_word' id='word_1_542' title='bbox 1871 1067 1977 1130; x_wconf 80' lang='lat' dir='ltr'><strong>est,</strong></span> <span class='ocrx_word' id='word_1_543' title='bbox 2029 1059 2466 1127; x_wconf 81' lang='lat' dir='ltr'><strong>persecutoribus</strong></span> <span class='ocrx_word' id='word_1_544' title='bbox 2512 1059 2855 1130; x_wconf 85' lang='lat' dir='ltr'><strong>quibuslibet,</strong></span> <span class='ocrx_word' id='word_1_545' title='bbox 2906 1062 3183 1119; x_wconf 86' lang='lat' dir='ltr'><strong>bestialem</strong></span> <span class='ocrx_word' id='word_1_546' title='bbox 3228 1080 3446 1122; x_wconf 86' lang='lat' dir='ltr'><strong>sensum</strong></span> 
     </span>
    </p>
   </div>
   <div class='ocr_carea' id='block_1_70' title="bbox 1874 1129 3446 1202">
    <p class='ocr_par' dir='ltr' id='par_1_70' title="bbox 1874 1129 3446 1202">
     <span class='ocr_line' id='line_1_71' title="bbox 1874 1129 3446 1202; baseline 0.006 -20"><span class='ocrx_word' id='word_1_547' title='bbox 1874 1129 2211 1202; x_wconf 77' lang='lat' dir='ltr'><strong>habentibus,</strong></span> <span class='ocrx_word' id='word_1_548' title='bbox 2241 1133 2440 1186; x_wconf 86' lang='lat' dir='ltr'><strong>animas</strong></span> <span class='ocrx_word' id='word_1_549' title='bbox 2468 1129 2786 1200; x_wconf 80' lang='lat' dir='ltr'><strong>conﬁtentes,</strong></span> <span class='ocrx_word' id='word_1_550' title='bbox 2817 1131 2872 1188; x_wconf 89' lang='lat' dir='ltr'><strong>id</strong></span> <span class='ocrx_word' id='word_1_551' title='bbox 2913 1142 3016 1200; x_wconf 83' lang='lat' dir='ltr'><strong>est,</strong></span> <span class='ocrx_word' id='word_1_552' title='bbox 3065 1135 3154 1202; x_wconf 90' lang='lat' dir='ltr'><strong>qui</strong></span> <span class='ocrx_word' id='word_1_553' title='bbox 3181 1148 3240 1192; x_wconf 85' lang='lat' dir='ltr'><strong>se</strong></span> <span class='ocrx_word' id='word_1_554' title='bbox 3267 1135 3446 1192; x_wconf 80' lang='lat' dir='ltr'><strong>humi-</strong></span> 
     </span>
    </p>
   </div>
   <div class='ocr_carea' id='block_1_71' title="bbox 1875 1199 3444 1275">
    <p class='ocr_par' dir='ltr' id='par_1_71' title="bbox 1875 1199 3444 1275">
     <span class='ocr_line' id='line_1_72' title="bbox 1875 1199 3444 1275; baseline 0.004 -19"><span class='ocrx_word' id='word_1_555' title='bbox 1875 1199 2007 1256; x_wconf 89' lang='lat' dir='ltr'><strong>Iiant</strong></span> <span class='ocrx_word' id='word_1_556' title='bbox 2037 1211 2090 1255; x_wconf 90' lang='lat' dir='ltr'><strong>et</strong></span> <span class='ocrx_word' id='word_1_557' title='bbox 2119 1203 2440 1258; x_wconf 80' lang='lat' dir='ltr'><strong>conﬁtentur</strong></span> <span class='ocrx_word' id='word_1_558' title='bbox 2485 1199 2698 1271; x_wconf 89' lang='lat' dir='ltr'><strong>peccata</strong></span> <span class='ocrx_word' id='word_1_559' title='bbox 2731 1199 2826 1258; x_wconf 87' lang='lat' dir='ltr'><strong>sua</strong></span> <span class='ocrx_word' id='word_1_560' title='bbox 2856 1204 2974 1275; x_wconf 81' lang='lat' dir='ltr'><strong>tibi.</strong></span> <span class='ocrx_word' id='word_1_561' title='bbox 3002 1199 3251 1275; x_wconf 23' lang='lat' dir='ltr'><strong>’Animas,</strong></span> <span class='ocrx_word' id='word_1_562' title='bbox 3300 1207 3444 1275; x_wconf 91' lang='lat' dir='ltr'><strong>dico,</strong></span> 
     </span>
    </p>
   </div>
   <div class='ocr_carea' id='block_1_72' title="bbox 1874 1273 3449 1342">
    <p class='ocr_par' dir='ltr' id='par_1_72' title="bbox 1874 1273 3449 1342">
     <span class='ocr_line' id='line_1_73' title="bbox 1874 1273 3449 1342; baseline 0.005 -16"><span class='ocrx_word' id='word_1_563' title='bbox 1874 1289 2156 1342; x_wconf 84' lang='lat' dir='ltr'><strong>pauperum</strong></span> <span class='ocrx_word' id='word_1_564' title='bbox 2203 1282 2406 1327; x_wconf 86' lang='lat' dir='ltr'><strong>tuorum</strong></span> <span class='ocrx_word' id='word_1_565' title='bbox 2457 1290 2517 1327; x_wconf 87' lang='lat' dir='ltr'><strong>ne</strong></span> <span class='ocrx_word' id='word_1_566' title='bbox 2565 1275 2896 1332; x_wconf 85' lang='lat' dir='ltr'><strong>obliviscaris.</strong></span> <span class='ocrx_word' id='word_1_567' title='bbox 2950 1274 3110 1341; x_wconf 80' lang='lat' dir='ltr'><strong>Quasi</strong></span> <span class='ocrx_word' id='word_1_568' title='bbox 3157 1273 3334 1334; x_wconf 85' lang='lat' dir='ltr'><strong>dicat:</strong></span> <span class='ocrx_word' id='word_1_569' title='bbox 3373 1273 3449 1334; x_wconf 79' lang='lat' dir='ltr'><strong>Et</strong></span> 
     </span>
    </p>
   </div>
   <div class='ocr_carea' id='block_1_73' title="bbox 1881 1343 3452 1416">
    <p class='ocr_par' dir='ltr' id='par_1_73' title="bbox 1881 1343 3452 1416">
     <span class='ocr_line' id='line_1_74' title="bbox 1881 1343 3452 1416; baseline 0.005 -19"><span class='ocrx_word' id='word_1_570' title='bbox 1881 1353 2043 1410; x_wconf 89' lang='lat' dir='ltr'><strong>terra,</strong></span> <span class='ocrx_word' id='word_1_571' title='bbox 2080 1343 2132 1398; x_wconf 91' lang='lat' dir='ltr'><strong>id</strong></span> <span class='ocrx_word' id='word_1_572' title='bbox 2164 1352 2265 1408; x_wconf 88' lang='lat' dir='ltr'><strong>est,</strong></span> <span class='ocrx_word' id='word_1_573' title='bbox 2315 1359 2538 1412; x_wconf 87' lang='lat' dir='ltr'><strong>corpora</strong></span> <span class='ocrx_word' id='word_1_574' title='bbox 2589 1345 2867 1400; x_wconf 89' lang='lat' dir='ltr'><strong>traduntur</strong></span> <span class='ocrx_word' id='word_1_575' title='bbox 2903 1346 2957 1400; x_wconf 90' lang='lat' dir='ltr'><strong>in</strong></span> <span class='ocrx_word' id='word_1_576' title='bbox 2981 1361 3176 1402; x_wconf 76' lang='lat' dir='ltr'><strong>manus</strong></span> <span class='ocrx_word' id='word_1_577' title='bbox 3203 1357 3452 1416; x_wconf 88' lang='lat' dir='ltr'><strong>peceato-</strong></span> 
     </span>
    </p>
   </div>
   <div class='ocr_carea' id='block_1_74' title="bbox 1874 1416 3449 1486">
    <p class='ocr_par' dir='ltr' id='par_1_74' title="bbox 1874 1416 3449 1486">
     <span class='ocr_line' id='line_1_75' title="bbox 1874 1416 3449 1486; baseline 0.004 -17"><span class='ocrx_word' id='word_1_578' title='bbox 1874 1428 2035 1478; x_wconf 86' lang='lat' dir='ltr'><strong>rom;</strong></span> <span class='ocrx_word' id='word_1_579' title='bbox 2083 1416 2280 1469; x_wconf 81' lang='lat' dir='ltr'><strong>animas</strong></span> <span class='ocrx_word' id='word_1_580' title='bbox 2333 1427 2508 1470; x_wconf 88' lang='lat' dir='ltr'><strong>tamen</strong></span> <span class='ocrx_word' id='word_1_581' title='bbox 2558 1432 2862 1486; x_wconf 78' lang='lat' dir='ltr'><strong>pauperum,</strong></span> <span class='ocrx_word' id='word_1_582' title='bbox 2917 1417 2970 1471; x_wconf 90' lang='lat' dir='ltr'><strong>id</strong></span> <span class='ocrx_word' id='word_1_583' title='bbox 3014 1427 3118 1480; x_wconf 79' lang='lat' dir='ltr'><strong>est,</strong></span> <span class='ocrx_word' id='word_1_584' title='bbox 3167 1418 3449 1477; x_wconf 89' lang='lat' dir='ltr'><strong>humilium</strong></span> 
     </span>
    </p>
   </div>
   <div class='ocr_carea' id='block_1_75' title="bbox 1877 1486 3448 1552">
    <p class='ocr_par' dir='ltr' id='par_1_75' title="bbox 1877 1486 3448 1552">
     <span class='ocr_line' id='line_1_76' title="bbox 1877 1486 3448 1552; baseline 0.006 -15"><span class='ocrx_word' id='word_1_585' title='bbox 1877 1493 2080 1539; x_wconf 87' lang='lat' dir='ltr'><strong>tuorum</strong></span> <span class='ocrx_word' id='word_1_586' title='bbox 2111 1501 2174 1539; x_wconf 84' lang='lat' dir='ltr'><strong>ne</strong></span> <span class='ocrx_word' id='word_1_587' title='bbox 2195 1486 2531 1552; x_wconf 82' lang='lat' dir='ltr'><strong>obliviscaris,</strong></span> <span class='ocrx_word' id='word_1_588' title='bbox 2565 1495 2620 1541; x_wconf 90' lang='lat' dir='ltr'><strong>ut</strong></span> <span class='ocrx_word' id='word_1_589' title='bbox 2650 1487 2995 1542; x_wconf 87' lang='lat' dir='ltr'><strong>devoceutur.</strong></span> <span class='ocrx_word' id='word_1_590' title='bbox 3043 1490 3148 1543; x_wconf 78' lang='lat' dir='ltr'><strong>Aut</strong></span> <span class='ocrx_word' id='word_1_591' title='bbox 3175 1489 3220 1543; x_wconf 88' lang='lat' dir='ltr'><strong>si</strong></span> <span class='ocrx_word' id='word_1_592' title='bbox 3249 1491 3448 1546; x_wconf 86' lang='lat' dir='ltr'><strong>oblivi-</strong></span> 
     </span>
    </p>
   </div>
   <div class='ocr_carea' id='block_1_76' title="bbox 1878 1557 3450 1625">
    <p class='ocr_par' dir='ltr' id='par_1_76' title="bbox 1878 1557 3450 1625">
     <span class='ocr_line' id='line_1_77' title="bbox 1878 1557 3450 1625; baseline 0.006 -17"><span class='ocrx_word' id='word_1_593' title='bbox 1878 1559 2068 1625; x_wconf 82' lang='lat' dir='ltr'><strong>sceris,</strong></span> <span class='ocrx_word' id='word_1_594' title='bbox 2102 1572 2167 1611; x_wconf 89' lang='lat' dir='ltr'><strong>ne</strong></span> <span class='ocrx_word' id='word_1_595' title='bbox 2208 1557 2540 1612; x_wconf 82' lang='lat' dir='ltr'><strong>obliviscaris</strong></span> <span class='ocrx_word' id='word_1_596' title='bbox 2591 1558 2643 1610; x_wconf 87' lang='lat' dir='ltr'><strong>in</strong></span> <span class='ocrx_word' id='word_1_597' title='bbox 2673 1559 2845 1625; x_wconf 86' lang='lat' dir='ltr'><strong>ﬁnem,</strong></span> <span class='ocrx_word' id='word_1_598' title='bbox 2891 1557 2947 1613; x_wconf 84' lang='lat' dir='ltr'><strong>id</strong></span> <span class='ocrx_word' id='word_1_599' title='bbox 2977 1566 3092 1624; x_wconf 81' lang='lat' dir='ltr'><strong>est,</strong></span> <span class='ocrx_word' id='word_1_600' title='bbox 3135 1559 3208 1615; x_wconf 88' lang='lat' dir='ltr'><strong>ita</strong></span> <span class='ocrx_word' id='word_1_601' title='bbox 3239 1570 3295 1616; x_wconf 83' lang='lat' dir='ltr'><strong>ut</strong></span> <span class='ocrx_word' id='word_1_602' title='bbox 3337 1576 3450 1618; x_wconf 89' lang='lat' dir='ltr'><strong>non</strong></span> 
     </span>
    </p>
   </div>
   <div class='ocr_carea' id='block_1_77' title="bbox 1876 1627 3453 1700">
    <p class='ocr_par' dir='ltr' id='par_1_77' title="bbox 1876 1627 3453 1700">
     <span class='ocr_line' id='line_1_78' title="bbox 1876 1627 3453 1700; baseline 0.006 -22"><span class='ocrx_word' id='word_1_603' title='bbox 1876 1627 2104 1700; x_wconf 83' lang='lat' dir='ltr'><strong>amplius</strong></span> <span class='ocrx_word' id='word_1_604' title='bbox 2134 1629 2469 1696; x_wconf 82' lang='lat' dir='ltr'><strong>resipiscam.</strong></span> <span class='ocrx_word' id='word_1_605' title='bbox 2498 1627 2797 1700; x_wconf 55' lang='lat' dir='ltr'><strong>[Iunianum</strong></span> <span class='ocrx_word' id='word_1_606' title='bbox 2823 1629 2956 1683; x_wconf 88' lang='lat' dir='ltr'><strong>enim</strong></span> <span class='ocrx_word' id='word_1_607' title='bbox 2981 1639 3057 1684; x_wconf 72' lang='lat' dir='ltr'><strong>est</strong></span> <span class='ocrx_word' id='word_1_608' title='bbox 3077 1646 3307 1700; x_wconf 83' lang='lat' dir='ltr'><strong>peccare,</strong></span> <span class='ocrx_word' id='word_1_609' title='bbox 3339 1633 3453 1687; x_wconf 83' lang='lat' dir='ltr'><strong>dia-</strong></span> 
     </span>
    </p>
   </div>
   <div class='ocr_carea' id='block_1_78' title="bbox 1878 1697 3448 1771">
    <p class='ocr_par' dir='ltr' id='par_1_78' title="bbox 1878 1697 3448 1771">
     <span class='ocr_line' id='line_1_79' title="bbox 1878 1697 3448 1771; baseline 0.007 -23"><span class='ocrx_word' id='word_1_610' title='bbox 1878 1697 2093 1752; x_wconf 85' lang='lat' dir='ltr'><strong>bolicum</strong></span> <span class='ocrx_word' id='word_1_611' title='bbox 2122 1704 2476 1771; x_wconf 62' lang='grc' dir='ltr'><strong>πιιενερξυειοαιτ.Δ</strong></span> <span class='ocrx_word' id='word_1_612' title='bbox 2505 1697 2571 1753; x_wconf 86' lang='grc' dir='ltr'>Ει</span> <span class='ocrx_word' id='word_1_613' title='bbox 2616 1715 2682 1753; x_wconf 90' lang='lat' dir='ltr'><strong>ne</strong></span> <span class='ocrx_word' id='word_1_614' title='bbox 2708 1699 3040 1756; x_wconf 86' lang='lat' dir='ltr'><strong>obliviscaris</strong></span> <span class='ocrx_word' id='word_1_615' title='bbox 3067 1697 3448 1771; x_wconf 70' lang='lat' dir='ltr'><strong>[uorumpau-</strong></span> 
     </span>
    </p>
   </div>
   <div class='ocr_carea' id='block_1_79' title="bbox 1878 1768 3450 1838">
    <p class='ocr_par' dir='ltr' id='par_1_79' title="bbox 1878 1768 3450 1838">
     <span class='ocr_line' id='line_1_80' title="bbox 1878 1768 3450 1838; baseline 0.005 -18"><span class='ocrx_word' id='word_1_616' title='bbox 1878 1781 2086 1838; x_wconf 84' lang='lat' dir='ltr'><strong>perum,</strong></span> <span class='ocrx_word' id='word_1_617' title='bbox 2125 1768 2275 1835; x_wconf 85' lang='lat' dir='ltr'><strong>ideo,</strong></span> <span class='ocrx_word' id='word_1_618' title='bbox 2328 1768 2572 1833; x_wconf 91' lang='lat' dir='ltr'><strong>Domine,</strong></span> <span class='ocrx_word' id='word_1_619' title='bbox 2620 1771 2816 1838; x_wconf 79' lang='lat' dir='ltr'><strong>respice</strong></span> <span class='ocrx_word' id='word_1_620' title='bbox 2846 1771 3266 1826; x_wconf 88' lang='lat' dir='ltr'><strong>misericordiam</strong></span> <span class='ocrx_word' id='word_1_621' title='bbox 3291 1768 3450 1828; x_wconf 77' lang='lat' dir='ltr'><strong>exhi-</strong></span> 
     </span>
    </p>
   </div>
   <div class='ocr_carea' id='block_1_80' title="bbox 1802 1837 3453 1921">
    <p class='ocr_par' dir='ltr' id='par_1_80' title="bbox 1802 1837 3453 1921">
     <span class='ocr_line' id='line_1_81' title="bbox 1802 1837 3453 1921; baseline 0.005 -30"><span class='ocrx_word' id='word_1_622' title='bbox 1802 1861 1851 1921; x_wconf 76' lang='grc' dir='ltr'><strong>Β</strong></span> <span class='ocrx_word' id='word_1_623' title='bbox 1879 1837 2053 1921; x_wconf 80' lang='lat' dir='ltr'><strong>bendo</strong></span> <span class='ocrx_word' id='word_1_624' title='bbox 2079 1841 2328 1921; x_wconf 77' lang='lat' dir='ltr'><strong>omnibus</strong></span> <span class='ocrx_word' id='word_1_625' title='bbox 2348 1837 2743 1921; x_wconf 62' lang='lat' dir='ltr'><strong>intendentibus</strong></span> <span class='ocrx_word' id='word_1_626' title='bbox 2763 1852 3118 1921; x_wconf 76' lang='lat' dir='ltr'><strong>testamentum</strong></span> <span class='ocrx_word' id='word_1_627' title='bbox 3135 1852 3303 1910; x_wconf 84' lang='lat' dir='ltr'><strong>tuum,</strong></span> <span class='ocrx_word' id='word_1_628' title='bbox 3329 1844 3453 1900; x_wconf 87' lang='lat' dir='ltr'><strong>ideo</strong></span> 
     </span>
    </p>
   </div>
   <div class='ocr_carea' id='block_1_81' title="bbox 1880 1910 3450 1982">
    <p class='ocr_par' dir='ltr' id='par_1_81' title="bbox 1880 1910 3450 1982">
     <span class='ocr_line' id='line_1_82' title="bbox 1880 1910 3450 1982; baseline 0.005 -20"><span class='ocrx_word' id='word_1_629' title='bbox 1880 1910 2546 1982; x_wconf 64' lang='lat' dir='ltr'><strong>gmnibus,quicmlestia</strong></span> <span class='ocrx_word' id='word_1_630' title='bbox 2576 1920 2628 1964; x_wconf 90' lang='lat' dir='ltr'><strong>et</strong></span> <span class='ocrx_word' id='word_1_631' title='bbox 2651 1919 2850 1965; x_wconf 63' lang='lat' dir='ltr'><strong>aeterna</strong></span> <span class='ocrx_word' id='word_1_632' title='bbox 2885 1911 3142 1981; x_wconf 88' lang='lat' dir='ltr'><strong>promissa</strong></span> <span class='ocrx_word' id='word_1_633' title='bbox 3173 1923 3450 1982; x_wconf 88' lang='lat' dir='ltr'><strong>appetunt.</strong></span> 
     </span>
    </p>
   </div>
   <div class='ocr_carea' id='block_1_82' title="bbox 1881 1978 3457 2051">
    <p class='ocr_par' dir='ltr' id='par_1_82' title="bbox 1881 1978 3457 2051">
     <span class='ocr_line' id='line_1_83' title="bbox 1881 1978 3457 2051; baseline 0.005 -18"><span class='ocrx_word' id='word_1_634' title='bbox 1881 1978 1946 2033; x_wconf 84' lang='lat' dir='ltr'><strong>Et</strong></span> <span class='ocrx_word' id='word_1_635' title='bbox 1979 1979 2099 2036; x_wconf 90' lang='lat' dir='ltr'><strong>ideo</strong></span> <span class='ocrx_word' id='word_1_636' title='bbox 2133 1981 2251 2034; x_wconf 89' lang='lat' dir='ltr'><strong>dico</strong></span> <span class='ocrx_word' id='word_1_637' title='bbox 2277 1981 2396 2037; x_wconf 90' lang='lat' dir='ltr'><strong>illos</strong></span> <span class='ocrx_word' id='word_1_638' title='bbox 2425 1997 2667 2051; x_wconf 86' lang='lat' dir='ltr'><strong>respuas,</strong></span> <span class='ocrx_word' id='word_1_639' title='bbox 2694 1983 2812 2049; x_wconf 88' lang='lat' dir='ltr'><strong>quia</strong></span> <span class='ocrx_word' id='word_1_640' title='bbox 2847 1978 3184 2038; x_wconf 78' lang='lat' dir='ltr'><strong>intendentes</strong></span> <span class='ocrx_word' id='word_1_641' title='bbox 3208 1978 3270 2038; x_wconf 82' lang='lat' dir='ltr'><strong>in</strong></span> <span class='ocrx_word' id='word_1_642' title='bbox 3293 1992 3457 2041; x_wconf 88' lang='lat' dir='ltr'><strong>testa-</strong></span> 
     </span>
    </p>
   </div>
   <div class='ocr_carea' id='block_1_83' title="bbox 1882 2051 3457 2124">
    <p class='ocr_par' dir='ltr' id='par_1_83' title="bbox 1882 2051 3457 2124">
     <span class='ocr_line' id='line_1_84' title="bbox 1882 2051 3457 2124; baseline 0.005 -20"><span class='ocrx_word' id='word_1_643' title='bbox 1882 2060 2122 2124; x_wconf 79' lang='lat' dir='ltr'><strong>mentum</strong></span> <span class='ocrx_word' id='word_1_644' title='bbox 2152 2051 2316 2124; x_wconf 75' lang='lat' dir='ltr'><strong>servi,</strong></span> <span class='ocrx_word' id='word_1_645' title='bbox 2356 2052 2542 2124; x_wconf 78' lang='lat' dir='ltr'><strong>idest,</strong></span> <span class='ocrx_word' id='word_1_646' title='bbox 2591 2059 2904 2120; x_wconf 86' lang='lat' dir='ltr'><strong>appetentes</strong></span> <span class='ocrx_word' id='word_1_647' title='bbox 2951 2053 3457 2124; x_wconf 86' lang='lat' dir='ltr'><strong>terreuadespicis.</strong></span> 
     </span>
    </p>
   </div>
   <div class='ocr_carea' id='block_1_84' title="bbox 1875 2121 3460 2194">
    <p class='ocr_par' dir='ltr' id='par_1_84' title="bbox 1875 2121 3460 2194">
     <span class='ocr_line' id='line_1_85' title="bbox 1875 2121 3460 2194; baseline 0.008 -23"><span class='ocrx_word' id='word_1_648' title='bbox 1875 2121 2036 2194; x_wconf 76' lang='lat' dir='ltr'><strong>Quod</strong></span> <span class='ocrx_word' id='word_1_649' title='bbox 2063 2123 2231 2194; x_wconf 88' lang='lat' dir='ltr'><strong>innuit</strong></span> <span class='ocrx_word' id='word_1_650' title='bbox 2260 2137 2378 2177; x_wconf 90' lang='lat' dir='ltr'><strong>cum</strong></span> <span class='ocrx_word' id='word_1_651' title='bbox 2407 2122 2537 2194; x_wconf 76' lang='lat' dir='ltr'><strong>dicit</strong></span> <span class='ocrx_word' id='word_1_652' title='bbox 2563 2141 2574 2178; x_wconf 91' lang='lat'><strong>:</strong></span> <span class='ocrx_word' id='word_1_653' title='bbox 2614 2124 2748 2190; x_wconf 80' lang='lat' dir='ltr'><strong>Quia</strong></span> <span class='ocrx_word' id='word_1_654' title='bbox 2768 2124 2948 2192; x_wconf 79' lang='lat' dir='ltr'><strong>repleti</strong></span> <span class='ocrx_word' id='word_1_655' title='bbox 2977 2131 3094 2194; x_wconf 84' lang='lat' dir='ltr'><strong>sunt</strong></span> <span class='ocrx_word' id='word_1_656' title='bbox 3121 2121 3460 2194; x_wconf 71' lang='lat' dir='ltr'><strong>iuiquiiatom</strong></span> 
     </span>
    </p>
   </div>
   <div class='ocr_carea' id='block_1_85' title="bbox 1882 2192 3461 2262">
    <p class='ocr_par' dir='ltr' id='par_1_85' title="bbox 1882 2192 3461 2262">
     <span class='ocr_line' id='line_1_86' title="bbox 1882 2192 3461 2262; baseline 0.004 -17"><span class='ocrx_word' id='word_1_657' title='bbox 1882 2192 1958 2246; x_wconf 90' lang='lat' dir='ltr'><strong>illi</strong></span> <span class='ocrx_word' id='word_1_658' title='bbox 1987 2193 2076 2262; x_wconf 86' lang='lat' dir='ltr'><strong>qui</strong></span> <span class='ocrx_word' id='word_1_659' title='bbox 2103 2193 2380 2259; x_wconf 85' lang='lat' dir='ltr'><strong>obscurati,</strong></span> <span class='ocrx_word' id='word_1_660' title='bbox 2414 2193 2464 2248; x_wconf 90' lang='lat' dir='ltr'><strong>id</strong></span> <span class='ocrx_word' id='word_1_661' title='bbox 2491 2200 2591 2259; x_wconf 89' lang='lat' dir='ltr'><strong>est,</strong></span> <span class='ocrx_word' id='word_1_662' title='bbox 2616 2194 2866 2248; x_wconf 65' lang='lat' dir='ltr'><strong>exercitati</strong></span> <span class='ocrx_word' id='word_1_663' title='bbox 2893 2193 3120 2249; x_wconf 89' lang='lat' dir='ltr'><strong>interius</strong></span> <span class='ocrx_word' id='word_1_664' title='bbox 3147 2192 3275 2250; x_wconf 87' lang='lat' dir='ltr'><strong>sunt</strong></span> <span class='ocrx_word' id='word_1_665' title='bbox 3301 2212 3331 2250; x_wconf 91' lang='lat' dir='ltr'><strong>a</strong></span> <span class='ocrx_word' id='word_1_666' title='bbox 3361 2195 3461 2251; x_wconf 81' lang='lat' dir='ltr'><strong>do-</strong></span> 
     </span>
    </p>
   </div>
   <div class='ocr_carea' id='block_1_86' title="bbox 1881 2263 3464 2334">
    <p class='ocr_par' dir='ltr' id='par_1_86' title="bbox 1881 2263 3464 2334">
     <span class='ocr_line' id='line_1_87' title="bbox 1881 2263 3464 2334; baseline 0.005 -19"><span class='ocrx_word' id='word_1_667' title='bbox 1881 2263 2044 2316; x_wconf 88' lang='lat' dir='ltr'><strong>mibus</strong></span> <span class='ocrx_word' id='word_1_668' title='bbox 2073 2274 2238 2332; x_wconf 65' lang='lat' dir='ltr'><strong>terris,</strong></span> <span class='ocrx_word' id='word_1_669' title='bbox 2270 2264 2322 2318; x_wconf 90' lang='lat' dir='ltr'><strong>id</strong></span> <span class='ocrx_word' id='word_1_670' title='bbox 2351 2273 2454 2331; x_wconf 91' lang='lat' dir='ltr'><strong>est,</strong></span> <span class='ocrx_word' id='word_1_671' title='bbox 2509 2265 2631 2334; x_wconf 81' lang='lat' dir='ltr'><strong>quia</strong></span> <span class='ocrx_word' id='word_1_672' title='bbox 2679 2265 2842 2319; x_wconf 85' lang='lat' dir='ltr'><strong>corda</strong></span> <span class='ocrx_word' id='word_1_673' title='bbox 2885 2280 3075 2321; x_wconf 89' lang='lat' dir='ltr'><strong>eorum</strong></span> <span class='ocrx_word' id='word_1_674' title='bbox 3109 2273 3332 2322; x_wconf 79' lang='lat' dir='ltr'><strong>terrena</strong></span> <span class='ocrx_word' id='word_1_675' title='bbox 3374 2283 3464 2323; x_wconf 85' lang='lat' dir='ltr'><strong>sa-</strong></span> 
     </span>
    </p>
   </div>
   <div class='ocr_carea' id='block_1_87' title="bbox 1877 2334 3463 2405">
    <p class='ocr_par' dir='ltr' id='par_1_87' title="bbox 1877 2334 3463 2405">
     <span class='ocr_line' id='line_1_88' title="bbox 1877 2334 3463 2405; baseline 0.004 -18"><span class='ocrx_word' id='word_1_676' title='bbox 1877 2334 2051 2400; x_wconf 87' lang='lat' dir='ltr'><strong>piunt,</strong></span> <span class='ocrx_word' id='word_1_677' title='bbox 2083 2344 2137 2389; x_wconf 87' lang='lat' dir='ltr'><strong>et</strong></span> <span class='ocrx_word' id='word_1_678' title='bbox 2164 2350 2382 2404; x_wconf 86' lang='lat' dir='ltr'><strong>semper</strong></span> <span class='ocrx_word' id='word_1_679' title='bbox 2415 2346 2626 2390; x_wconf 89' lang='lat' dir='ltr'><strong>terrena</strong></span> <span class='ocrx_word' id='word_1_680' title='bbox 2656 2336 2892 2403; x_wconf 84' lang='lat' dir='ltr'><strong>sapiunt,</strong></span> <span class='ocrx_word' id='word_1_681' title='bbox 2921 2345 2977 2390; x_wconf 89' lang='lat' dir='ltr'><strong>et</strong></span> <span class='ocrx_word' id='word_1_682' title='bbox 3006 2349 3219 2405; x_wconf 84' lang='lat' dir='ltr'><strong>semper</strong></span> <span class='ocrx_word' id='word_1_683' title='bbox 3247 2346 3463 2394; x_wconf 88' lang='lat' dir='ltr'><strong>terrena</strong></span> 
     </span>
    </p>
   </div>
   <div class='ocr_carea' id='block_1_88' title="bbox 1881 2406 3462 2478">
    <p class='ocr_par' dir='ltr' id='par_1_88' title="bbox 1881 2406 3462 2478">
     <span class='ocr_line' id='line_1_89' title="bbox 1881 2406 3462 2478; baseline 0.007 -22"><span class='ocrx_word' id='word_1_684' title='bbox 1881 2414 2158 2478; x_wconf 79' lang='lat' dir='ltr'><strong>appetunt,</strong></span> <span class='ocrx_word' id='word_1_685' title='bbox 2190 2420 2289 2478; x_wconf 86' lang='lat' dir='ltr'><strong>nec</strong></span> <span class='ocrx_word' id='word_1_686' title='bbox 2315 2421 2548 2478; x_wconf 80' lang='lat' dir='ltr'><strong>unquam</strong></span> <span class='ocrx_word' id='word_1_687' title='bbox 2582 2406 2646 2460; x_wconf 90' lang='lat' dir='ltr'><strong>ad</strong></span> <span class='ocrx_word' id='word_1_688' title='bbox 2677 2406 2917 2460; x_wconf 74' lang='lat' dir='ltr'><strong>coelestia</strong></span> <span class='ocrx_word' id='word_1_689' title='bbox 2947 2421 3010 2462; x_wconf 87' lang='lat' dir='ltr'><strong>se</strong></span> <span class='ocrx_word' id='word_1_690' title='bbox 3037 2406 3269 2478; x_wconf 75' lang='lat' dir='ltr'><strong>erigunt,</strong></span> <span class='ocrx_word' id='word_1_691' title='bbox 3317 2409 3462 2467; x_wconf 82' lang='lat' dir='ltr'><strong>unde</strong></span> 
     </span>
    </p>
   </div>
   <div class='ocr_carea' id='block_1_89' title="bbox 1881 2475 2965 2545">
    <p class='ocr_par' dir='ltr' id='par_1_89' title="bbox 1881 2475 2965 2545">
     <span class='ocr_line' id='line_1_90' title="bbox 1881 2475 2965 2545; baseline 0.006 -19"><span class='ocrx_word' id='word_1_692' title='bbox 1881 2475 2033 2545; x_wconf 85' lang='lat' dir='ltr'><strong>quasi</strong></span> <span class='ocrx_word' id='word_1_693' title='bbox 2061 2480 2249 2544; x_wconf 87' lang='lat' dir='ltr'><strong>vulpes</strong></span> <span class='ocrx_word' id='word_1_694' title='bbox 2277 2476 2530 2531; x_wconf 80' lang='lat' dir='ltr'><strong>inferiora</strong></span> <span class='ocrx_word' id='word_1_695' title='bbox 2562 2485 2720 2531; x_wconf 71' lang='lat' dir='ltr'><strong>terra:</strong></span> <span class='ocrx_word' id='word_1_696' title='bbox 2747 2478 2965 2533; x_wconf 89' lang='lat' dir='ltr'><strong>intrant.</strong></span> 
     </span>
    </p>
   </div>
   <div class='ocr_carea' id='block_1_90' title="bbox 1883 2545 3469 2618">
    <p class='ocr_par' dir='ltr' id='par_1_90' title="bbox 1883 2545 3469 2618">
     <span class='ocr_line' id='line_1_91' title="bbox 1883 2545 3469 2618; baseline 0.003 -18"><span class='ocrx_word' id='word_1_697' title='bbox 1883 2589 1888 2594; x_wconf 93' lang='lat'><strong>.</strong></span> <span class='ocrx_word' id='word_1_698' title='bbox 1916 2616 1924 2618; x_wconf 77' lang='lat'><strong><em>_</em></strong></span> <span class='ocrx_word' id='word_1_699' title='bbox 1953 2545 2038 2600; x_wconf 89' lang='lat' dir='ltr'><strong>Ne</strong></span> <span class='ocrx_word' id='word_1_700' title='bbox 2059 2557 2315 2618; x_wconf 85' lang='lat' dir='ltr'><strong>avertatur</strong></span> <span class='ocrx_word' id='word_1_701' title='bbox 2345 2548 2574 2601; x_wconf 81' lang='lat' dir='ltr'><strong>humilis.</strong></span> <span class='ocrx_word' id='word_1_702' title='bbox 2611 2548 2705 2614; x_wconf 89' lang='lat' dir='ltr'><strong>Ita,</strong></span> <span class='ocrx_word' id='word_1_703' title='bbox 2740 2549 2977 2618; x_wconf 88' lang='lat' dir='ltr'><strong>inquam,</strong></span> <span class='ocrx_word' id='word_1_704' title='bbox 3023 2547 3168 2618; x_wconf 84' lang='lat' dir='ltr'><strong>dico,</strong></span> <span class='ocrx_word' id='word_1_705' title='bbox 3212 2558 3270 2605; x_wconf 86' lang='lat' dir='ltr'><strong>ut</strong></span> <span class='ocrx_word' id='word_1_706' title='bbox 3291 2549 3469 2616; x_wconf 81' lang='lat' dir='ltr'><strong>respi-</strong></span> 
     </span>
    </p>
   </div>
   <div class='ocr_carea' id='block_1_91' title="bbox 1881 2616 3462 2689">
    <p class='ocr_par' dir='ltr' id='par_1_91' title="bbox 1881 2616 3462 2689">
     <span class='ocr_line' id='line_1_92' title="bbox 1881 2616 3462 2689; baseline 0.004 -20"><span class='ocrx_word' id='word_1_707' title='bbox 1881 2616 2010 2682; x_wconf 91' lang='lat' dir='ltr'><strong>cias,</strong></span> <span class='ocrx_word' id='word_1_708' title='bbox 2039 2633 2102 2672; x_wconf 87' lang='lat' dir='ltr'><strong>ne</strong></span> <span class='ocrx_word' id='word_1_709' title='bbox 2124 2617 2212 2673; x_wconf 91' lang='lat' dir='ltr'><strong>ille</strong></span> <span class='ocrx_word' id='word_1_710' title='bbox 2238 2619 2327 2688; x_wconf 91' lang='lat' dir='ltr'><strong>qui</strong></span> <span class='ocrx_word' id='word_1_711' title='bbox 2358 2635 2484 2674; x_wconf 84' lang='lat' dir='ltr'><strong>vere</strong></span> <span class='ocrx_word' id='word_1_712' title='bbox 2514 2627 2596 2673; x_wconf 88' lang='lat' dir='ltr'><strong>est</strong></span> <span class='ocrx_word' id='word_1_713' title='bbox 2619 2616 2828 2673; x_wconf 78' lang='lat' dir='ltr'><strong>humilis</strong></span> <span class='ocrx_word' id='word_1_714' title='bbox 2847 2629 3129 2688; x_wconf 85' lang='lat' dir='ltr'><strong>avertatur,</strong></span> <span class='ocrx_word' id='word_1_715' title='bbox 3147 2616 3212 2676; x_wconf 75' lang='lat' dir='ltr'><strong>id</strong></span> <span class='ocrx_word' id='word_1_716' title='bbox 3237 2631 3339 2689; x_wconf 87' lang='lat' dir='ltr'><strong>est,</strong></span> <span class='ocrx_word' id='word_1_717' title='bbox 3359 2621 3462 2676; x_wconf 81' lang='lat' dir='ltr'><strong>de-</strong></span> 
     </span>
    </p>
   </div>
   <div class='ocr_carea' id='block_1_92' title="bbox 1881 2690 3453 2761">
    <p class='ocr_par' dir='ltr' id='par_1_92' title="bbox 1881 2690 3453 2761">
     <span class='ocr_line' id='line_1_93' title="bbox 1881 2690 3453 2761; baseline 0.003 -19"><span class='ocrx_word' id='word_1_718' title='bbox 1881 2699 2124 2761; x_wconf 82' lang='lat' dir='ltr'><strong>vocetur,</strong></span> <span class='ocrx_word' id='word_1_719' title='bbox 2170 2704 2296 2761; x_wconf 84' lang='lat' dir='ltr'><strong>cum</strong></span> <span class='ocrx_word' id='word_1_720' title='bbox 2321 2691 2369 2745; x_wconf 92' lang='lat' dir='ltr'><strong>ei</strong></span> <span class='ocrx_word' id='word_1_721' title='bbox 2401 2691 2870 2760; x_wconf 87' lang='lat' dir='ltr'><strong>improperabitur,</strong></span> <span class='ocrx_word' id='word_1_722' title='bbox 2913 2690 3056 2761; x_wconf 84' lang='lat' dir='ltr'><strong>quod</strong></span> <span class='ocrx_word' id='word_1_723' title='bbox 3093 2692 3146 2748; x_wconf 91' lang='lat' dir='ltr'><strong>in</strong></span> <span class='ocrx_word' id='word_1_724' title='bbox 3187 2703 3453 2748; x_wconf 88' lang='lat' dir='ltr'><strong>mortuum</strong></span> 
     </span>
    </p>
   </div>
   <div class='ocr_carea' id='block_1_93' title="bbox 1881 2759 3458 2831">
    <p class='ocr_par' dir='ltr' id='par_1_93' title="bbox 1881 2759 3458 2831">
     <span class='ocr_line' id='line_1_94' title="bbox 1881 2759 3458 2831; baseline 0.002 -18"><span class='ocrx_word' id='word_1_725' title='bbox 1881 2759 2152 2831; x_wconf 76' lang='lat' dir='ltr'><strong>hominem</strong></span> <span class='ocrx_word' id='word_1_726' title='bbox 2176 2759 2415 2826; x_wconf 82' lang='lat' dir='ltr'><strong>credant,</strong></span> <span class='ocrx_word' id='word_1_727' title='bbox 2469 2759 2588 2814; x_wconf 85' lang='lat' dir='ltr'><strong>imo</strong></span> <span class='ocrx_word' id='word_1_728' title='bbox 2604 2770 2907 2830; x_wconf 85' lang='lat' dir='ltr'><strong>serpentem</strong></span> <span class='ocrx_word' id='word_1_729' title='bbox 2930 2759 3032 2831; x_wconf 80' lang='lat' dir='ltr'><strong>per</strong></span> <span class='ocrx_word' id='word_1_730' title='bbox 3055 2763 3283 2818; x_wconf 87' lang='lat' dir='ltr'><strong>caudam</strong></span> <span class='ocrx_word' id='word_1_731' title='bbox 3309 2763 3458 2818; x_wconf 85' lang='lat' dir='ltr'><strong>acci-</strong></span> 
     </span>
    </p>
   </div>
   <div class='ocr_carea' id='block_1_94' title="bbox 1877 2829 3460 2901">
    <p class='ocr_par' dir='ltr' id='par_1_94' title="bbox 1877 2829 3460 2901">
     <span class='ocr_line' id='line_1_95' title="bbox 1877 2829 3460 2901; baseline 0.004 -19"><span class='ocrx_word' id='word_1_732' title='bbox 1877 2831 2012 2897; x_wconf 85' lang='lat' dir='ltr'><strong>piat,</strong></span> <span class='ocrx_word' id='word_1_733' title='bbox 2053 2829 2106 2885; x_wconf 88' lang='lat' dir='ltr'><strong>id</strong></span> <span class='ocrx_word' id='word_1_734' title='bbox 2145 2841 2247 2897; x_wconf 88' lang='lat' dir='ltr'><strong>est,</strong></span> <span class='ocrx_word' id='word_1_735' title='bbox 2281 2831 2503 2901; x_wconf 78' lang='lat' dir='ltr'><strong>gloriam</strong></span> <span class='ocrx_word' id='word_1_736' title='bbox 2535 2829 2952 2888; x_wconf 77' lang='lat' dir='ltr'><strong>resurrectionis</strong></span> <span class='ocrx_word' id='word_1_737' title='bbox 2969 2835 3249 2900; x_wconf 85' lang='lat' dir='ltr'><strong>attendat;</strong></span> <span class='ocrx_word' id='word_1_738' title='bbox 3295 2842 3350 2888; x_wconf 89' lang='lat' dir='ltr'><strong>et</strong></span> <span class='ocrx_word' id='word_1_739' title='bbox 3375 2833 3460 2889; x_wconf 82' lang='lat' dir='ltr'><strong>sic</strong></span> 
     </span>
    </p>
   </div>
   <div class='ocr_carea' id='block_1_95' title="bbox 1875 2901 3458 2972">
    <p class='ocr_par' dir='ltr' id='par_1_95' title="bbox 1875 2901 3458 2972">
     <span class='ocr_line' id='line_1_96' title="bbox 1875 2901 3458 2972; baseline 0.004 -18"><span class='ocrx_word' id='word_1_740' title='bbox 1875 2901 2150 2955; x_wconf 75' lang='lat' dir='ltr'><strong>Christum</strong></span> <span class='ocrx_word' id='word_1_741' title='bbox 2198 2917 2304 2956; x_wconf 91' lang='lat' dir='ltr'><strong>non</strong></span> <span class='ocrx_word' id='word_1_742' title='bbox 2347 2903 2618 2957; x_wconf 87' lang='lat' dir='ltr'><strong>hominem</strong></span> <span class='ocrx_word' id='word_1_743' title='bbox 2657 2912 2886 2972; x_wconf 91' lang='lat' dir='ltr'><strong>tantum,</strong></span> <span class='ocrx_word' id='word_1_744' title='bbox 2926 2903 3022 2959; x_wconf 86' lang='lat' dir='ltr'><strong>sed</strong></span> <span class='ocrx_word' id='word_1_745' title='bbox 3047 2912 3119 2971; x_wconf 70' lang='grc' dir='ltr'><em>,ει</em></span> <span class='ocrx_word' id='word_1_746' title='bbox 3164 2903 3334 2960; x_wconf 88' lang='lat' dir='ltr'><strong>Deum</strong></span> <span class='ocrx_word' id='word_1_747' title='bbox 3365 2919 3458 2960; x_wconf 86' lang='lat' dir='ltr'><strong>ve-</strong></span> 
     </span>
    </p>
   </div>
   <div class='ocr_carea' id='block_1_96' title="bbox 1879 2972 3455 3045">
    <p class='ocr_par' dir='ltr' id='par_1_96' title="bbox 1879 2972 3455 3045">
     <span class='ocr_line' id='line_1_97' title="bbox 1879 2972 3455 3045; baseline 0.003 -19"><span class='ocrx_word' id='word_1_748' title='bbox 1879 2983 2000 3027; x_wconf 84' lang='lat' dir='ltr'><strong>rum</strong></span> <span class='ocrx_word' id='word_1_749' title='bbox 2025 2972 2302 3040; x_wconf 82' lang='lat' dir='ltr'><strong>intelligat.</strong></span> <span class='ocrx_word' id='word_1_750' title='bbox 2335 2973 2450 3038; x_wconf 89' lang='lat' dir='ltr'><strong>Ille,</strong></span> <span class='ocrx_word' id='word_1_751' title='bbox 2471 2973 2636 3045; x_wconf 80' lang='lat' dir='ltr'><strong>dico,</strong></span> <span class='ocrx_word' id='word_1_752' title='bbox 2679 2977 2844 3044; x_wconf 78' lang='lat' dir='ltr'><strong>[actus</strong></span> <span class='ocrx_word' id='word_1_753' title='bbox 2868 2977 3137 3045; x_wconf 72' lang='lat' dir='ltr'><strong>confusus,</strong></span> <span class='ocrx_word' id='word_1_754' title='bbox 3165 2975 3210 3030; x_wconf 89' lang='lat' dir='ltr'><strong>si</strong></span> <span class='ocrx_word' id='word_1_755' title='bbox 3242 2985 3455 3030; x_wconf 87' lang='lat' dir='ltr'><strong>averta-</strong></span> 
     </span>
    </p>
   </div>
   <div class='ocr_carea' id='block_1_97' title="bbox 1883 3044 3456 3114">
    <p class='ocr_par' dir='ltr' id='par_1_97' title="bbox 1883 3044 3456 3114">
     <span class='ocr_line' id='line_1_98' title="bbox 1883 3044 3456 3114; baseline 0.003 -19"><span class='ocrx_word' id='word_1_756' title='bbox 1883 3051 1988 3114; x_wconf 56' lang='lat' dir='ltr'><strong>tur,</strong></span> <span class='ocrx_word' id='word_1_757' title='bbox 2036 3045 2120 3097; x_wconf 89' lang='lat' dir='ltr'><strong>vel</strong></span> <span class='ocrx_word' id='word_1_758' title='bbox 2152 3045 2321 3098; x_wconf 84' lang='lat' dir='ltr'><strong>lactus</strong></span> <span class='ocrx_word' id='word_1_759' title='bbox 2353 3044 2609 3114; x_wconf 78' lang='lat' dir='ltr'><strong>confusus</strong></span> <span class='ocrx_word' id='word_1_760' title='bbox 2639 3058 2703 3099; x_wconf 88' lang='lat' dir='ltr'><strong>ex</strong></span> <span class='ocrx_word' id='word_1_761' title='bbox 2732 3044 3061 3100; x_wconf 81' lang='lat' dir='ltr'><strong>conscientia</strong></span> <span class='ocrx_word' id='word_1_762' title='bbox 3089 3053 3456 3114; x_wconf 85' lang='lat' dir='ltr'><strong>peccatorum.</strong></span> 
     </span>
    </p>
   </div>
   <div class='ocr_carea' id='block_1_98' title="bbox 1881 3111 3456 3185">
    <p class='ocr_par' dir='ltr' id='par_1_98' title="bbox 1881 3111 3456 3185">
     <span class='ocr_line' id='line_1_99' title="bbox 1881 3111 3456 3185; baseline 0.004 -19"><span class='ocrx_word' id='word_1_763' title='bbox 1881 3111 1948 3185; x_wconf 83' lang='lat' dir='ltr'><strong>Et</strong></span> <span class='ocrx_word' id='word_1_764' title='bbox 1966 3116 2087 3168; x_wconf 85' lang='lat' dir='ltr'><strong>ideo</strong></span> <span class='ocrx_word' id='word_1_765' title='bbox 2114 3129 2220 3168; x_wconf 91' lang='lat' dir='ltr'><strong>non</strong></span> <span class='ocrx_word' id='word_1_766' title='bbox 2247 3114 2406 3169; x_wconf 83' lang='lat' dir='ltr'><strong>debet</strong></span> <span class='ocrx_word' id='word_1_767' title='bbox 2426 3113 2618 3178; x_wconf 88' lang='lat' dir='ltr'><strong>averti,</strong></span> <span class='ocrx_word' id='word_1_768' title='bbox 2640 3114 2763 3185; x_wconf 89' lang='lat' dir='ltr'><strong>quia</strong></span> <span class='ocrx_word' id='word_1_769' title='bbox 2789 3130 3008 3184; x_wconf 88' lang='lat' dir='ltr'><strong>pauper,</strong></span> <span class='ocrx_word' id='word_1_770' title='bbox 3038 3111 3212 3182; x_wconf 82' lang='lat' dir='ltr'><strong>idest,</strong></span> <span class='ocrx_word' id='word_1_771' title='bbox 3243 3114 3336 3171; x_wconf 88' lang='lat' dir='ltr'><strong>ille</strong></span> <span class='ocrx_word' id='word_1_772' title='bbox 3362 3116 3456 3185; x_wconf 85' lang='lat' dir='ltr'><strong>qui</strong></span> 
     </span>
    </p>
   </div>
   <div class='ocr_carea' id='block_1_99' title="bbox 1881 3184 3459 3255">
    <p class='ocr_par' dir='ltr' id='par_1_99' title="bbox 1881 3184 3459 3255">
     <span class='ocr_line' id='line_1_100' title="bbox 1881 3184 3459 3255; baseline 0.003 -20"><span class='ocrx_word' id='word_1_773' title='bbox 1881 3184 1980 3238; x_wconf 85' lang='lat' dir='ltr'><strong>sibi</strong></span> <span class='ocrx_word' id='word_1_774' title='bbox 2024 3194 2106 3239; x_wconf 87' lang='lat' dir='ltr'><strong>est</strong></span> <span class='ocrx_word' id='word_1_775' title='bbox 2138 3185 2488 3254; x_wconf 83' lang='lat' dir='ltr'><strong>insufliciens,</strong></span> <span class='ocrx_word' id='word_1_776' title='bbox 2533 3193 2590 3240; x_wconf 90' lang='lat' dir='ltr'><strong>et</strong></span> <span class='ocrx_word' id='word_1_777' title='bbox 2616 3184 2736 3238; x_wconf 84' lang='lat' dir='ltr'><strong>ideo</strong></span> <span class='ocrx_word' id='word_1_778' title='bbox 2766 3185 2929 3240; x_wconf 85' lang='lat' dir='ltr'><strong>habet</strong></span> <span class='ocrx_word' id='word_1_779' title='bbox 2955 3200 3015 3241; x_wconf 86' lang='lat' dir='ltr'><strong>se</strong></span> <span class='ocrx_word' id='word_1_780' title='bbox 3052 3201 3175 3255; x_wconf 76' lang='lat' dir='ltr'><strong>erga</strong></span> <span class='ocrx_word' id='word_1_781' title='bbox 3202 3195 3253 3240; x_wconf 90' lang='lat' dir='ltr'><strong>te</strong></span> <span class='ocrx_word' id='word_1_782' title='bbox 3281 3184 3459 3240; x_wconf 82' lang='lat' dir='ltr'><strong>itumi-</strong></span> 
     </span>
    </p>
   </div>
   <div class='ocr_carea' id='block_1_100' title="bbox 1881 3255 3458 3379">
    <p class='ocr_par' dir='ltr' id='par_1_100' title="bbox 1881 3255 3458 3379">
     <span class='ocr_line' id='line_1_101' title="bbox 1881 3255 3458 3379; baseline 0.003 -71"><span class='ocrx_word' id='word_1_783' title='bbox 1881 3255 2020 3318; x_wconf 90' lang='lat' dir='ltr'><strong>liter,</strong></span> <span class='ocrx_word' id='word_1_784' title='bbox 2048 3264 2104 3308; x_wconf 93' lang='lat' dir='ltr'><strong>ut</strong></span> <span class='ocrx_word' id='word_1_785' title='bbox 2131 3271 2327 3324; x_wconf 86' lang='lat' dir='ltr'><strong>pauper</strong></span> <span class='ocrx_word' id='word_1_786' title='bbox 2351 3269 2476 3324; x_wconf 80' lang='lat' dir='ltr'><strong>erga</strong></span> <span class='ocrx_word' id='word_1_787' title='bbox 2503 3256 2747 3322; x_wconf 88' lang='lat' dir='ltr'><strong>divitem,</strong></span> <span class='ocrx_word' id='word_1_788' title='bbox 2773 3264 2819 3309; x_wconf 87' lang='lat' dir='ltr'><strong>et</strong></span> <span class='ocrx_word' id='word_1_789' title='bbox 2846 3256 3015 3379; x_wconf 54' lang='lat' dir='ltr'><strong>inopis,</strong></span> <span class='ocrx_word' id='word_1_790' title='bbox 3046 3256 3097 3310; x_wconf 87' lang='lat' dir='ltr'><strong>id</strong></span> <span class='ocrx_word' id='word_1_791' title='bbox 3118 3264 3220 3324; x_wconf 87' lang='lat' dir='ltr'><strong>est,</strong></span> <span class='ocrx_word' id='word_1_792' title='bbox 3247 3256 3337 3312; x_wconf 88' lang='lat' dir='ltr'><strong>ille</strong></span> <span class='ocrx_word' id='word_1_793' title='bbox 3363 3257 3458 3327; x_wconf 85' lang='lat' dir='ltr'><strong>qui</strong></span> 
     </span>
     <span class='ocr_line' id='line_1_102' title="bbox 1881 3326 3456 3379; baseline 0 0"><span class='ocrx_word' id='word_1_794' title='bbox 1881 3329 2090 3379; x_wconf 86' lang='lat' dir='ltr'><strong>renutat</strong></span> <span class='ocrx_word' id='word_1_795' title='bbox 2119 3331 2342 3379; x_wconf 78' lang='lat' dir='ltr'><strong>aratiam</strong></span> <span class='ocrx_word' id='word_1_796' title='bbox 2375 3326 2477 3379; x_wconf 88' lang='lat' dir='ltr'><strong>sibi</strong></span> <span class='ocrx_word' id='word_1_797' title='bbox 2503 3326 2883 3379; x_wconf 87' lang='lat' dir='ltr'><strong>necessariam.</strong></span> <span class='ocrx_word' id='word_1_798' title='bbox 2985 3326 3023 3379; x_wconf 90' lang='lat' dir='ltr'><strong>i.</strong></span> <span class='ocrx_word' id='word_1_799' title='bbox 3054 3327 3291 3379; x_wconf 88' lang='lat' dir='ltr'><strong>inauam.</strong></span> <span class='ocrx_word' id='word_1_800' title='bbox 3323 3341 3456 3379; x_wconf 81' lang='lat' dir='ltr'><strong>vere</strong></span> 
     </span>
    </p>
   </div>
   <div class='ocr_carea' id='block_1_101' title="bbox 1878 3326 3456 3396">
    <p class='ocr_par' dir='ltr' id='par_1_101' title="bbox 1878 3326 3456 3396">
     <span class='ocr_line' id='line_1_103' title="bbox 1878 3326 3456 3396; baseline 0.003 -17"><span class='ocrx_word' id='word_1_801' title='bbox 1878 3329 2090 3394; x_wconf 84' lang='lat' dir='ltr'><strong>reputat</strong></span> <span class='ocrx_word' id='word_1_802' title='bbox 2118 3331 2342 3395; x_wconf 86' lang='lat' dir='ltr'><strong>gratiam</strong></span> <span class='ocrx_word' id='word_1_803' title='bbox 2375 3326 2477 3381; x_wconf 88' lang='lat' dir='ltr'><strong>sibi</strong></span> <span class='ocrx_word' id='word_1_804' title='bbox 2503 3326 2883 3382; x_wconf 84' lang='lat' dir='ltr'><strong>necessariam.</strong></span> <span class='ocrx_word' id='word_1_805' title='bbox 2936 3326 3023 3395; x_wconf 82' lang='lat' dir='ltr'><strong>lli,</strong></span> <span class='ocrx_word' id='word_1_806' title='bbox 3054 3327 3291 3396; x_wconf 79' lang='lat' dir='ltr'><strong>inquam,</strong></span> <span class='ocrx_word' id='word_1_807' title='bbox 3323 3326 3456 3384; x_wconf 80' lang='lat' dir='ltr'><strong>vere</strong></span> 
     </span>
    </p>
   </div>
   <div class='ocr_carea' id='block_1_102' title="bbox 1882 3396 3455 3465">
    <p class='ocr_par' dir='ltr' id='par_1_102' title="bbox 1882 3396 3455 3465">
     <span class='ocr_line' id='line_1_104' title="bbox 1882 3396 3455 3465; baseline 0.003 -16"><span class='ocrx_word' id='word_1_808' title='bbox 1882 3396 2211 3451; x_wconf 87' lang='lat' dir='ltr'><strong>humiliando</strong></span> <span class='ocrx_word' id='word_1_809' title='bbox 2239 3412 2320 3465; x_wconf 90' lang='lat' dir='ltr'><strong>se,</strong></span> <span class='ocrx_word' id='word_1_810' title='bbox 2349 3407 2402 3451; x_wconf 90' lang='lat' dir='ltr'><strong>et</strong></span> <span class='ocrx_word' id='word_1_811' title='bbox 2430 3396 2567 3452; x_wconf 89' lang='lat' dir='ltr'><strong>bene</strong></span> <span class='ocrx_word' id='word_1_812' title='bbox 2609 3397 2904 3465; x_wconf 88' lang='lat' dir='ltr'><strong>operando,</strong></span> <span class='ocrx_word' id='word_1_813' title='bbox 2954 3396 3237 3465; x_wconf 85' lang='lat' dir='ltr'><strong>laudabunt</strong></span> <span class='ocrx_word' id='word_1_814' title='bbox 3268 3412 3455 3453; x_wconf 81' lang='lat' dir='ltr'><strong>nomen</strong></span> 
     </span>
    </p>
   </div>
   <div class='ocr_carea' id='block_1_103' title="bbox 1880 3464 3458 3538">
    <p class='ocr_par' dir='ltr' id='par_1_103' title="bbox 1880 3464 3458 3538">
     <span class='ocr_line' id='line_1_105' title="bbox 1880 3464 3458 3538; baseline 0.003 -19"><span class='ocrx_word' id='word_1_815' title='bbox 1880 3467 2143 3538; x_wconf 33' lang='lat' dir='ltr'><strong>tuumrEt</strong></span> <span class='ocrx_word' id='word_1_816' title='bbox 2169 3464 2372 3536; x_wconf 87' lang='lat' dir='ltr'><strong>quiabi</strong></span> <span class='ocrx_word' id='word_1_817' title='bbox 2401 3464 2692 3538; x_wconf 79' lang='lat' dir='ltr'><strong>laudabunt</strong></span> <span class='ocrx_word' id='word_1_818' title='bbox 2711 3475 2788 3538; x_wconf 77' lang='lat' dir='ltr'><strong>te,</strong></span> <span class='ocrx_word' id='word_1_819' title='bbox 2814 3481 2942 3538; x_wconf 72' lang='lat' dir='ltr'><strong>ergo</strong></span> <span class='ocrx_word' id='word_1_820' title='bbox 2984 3464 3156 3538; x_wconf 71' lang='lat' dir='ltr'><strong>Deus,</strong></span> <span class='ocrx_word' id='word_1_821' title='bbox 3174 3469 3286 3538; x_wconf 14' lang='lat' dir='ltr'><strong>qui,</strong></span> <span class='ocrx_word' id='word_1_822' title='bbox 3307 3471 3458 3525; x_wconf 85' lang='lat' dir='ltr'><strong>vide-</strong></span> 
     </span>
    </p>
   </div>
   <div class='ocr_carea' id='block_1_104' title="bbox 1879 3533 3449 3608">
    <p class='ocr_par' dir='ltr' id='par_1_104' title="bbox 1879 3533 3449 3608">
     <span class='ocr_line' id='line_1_106' title="bbox 1879 3533 3449 3608; baseline 0.003 -17"><span class='ocrx_word' id='word_1_823' title='bbox 1879 3537 2022 3592; x_wconf 89' lang='lat' dir='ltr'><strong>baris</strong></span> <span class='ocrx_word' id='word_1_824' title='bbox 2042 3533 2248 3607; x_wconf 73' lang='lat' dir='ltr'><strong>jacere,</strong></span> <span class='ocrx_word' id='word_1_825' title='bbox 2295 3555 2543 3608; x_wconf 71' lang='lat' dir='ltr'><strong>exsurge,</strong></span> <span class='ocrx_word' id='word_1_826' title='bbox 2591 3536 2679 3592; x_wconf 89' lang='lat' dir='ltr'><strong>vel</strong></span> <span class='ocrx_word' id='word_1_827' title='bbox 2709 3537 2795 3592; x_wconf 91' lang='lat' dir='ltr'><strong>hic</strong></span> <span class='ocrx_word' id='word_1_828' title='bbox 2836 3533 2901 3592; x_wconf 72' lang='lat' dir='ltr'><strong>id</strong></span> <span class='ocrx_word' id='word_1_829' title='bbox 2931 3533 3449 3605; x_wconf 52' lang='lat' dir='ltr'><strong>notitia&#39;hotninutn,</strong></span> 
     </span>
    </p>
   </div>
   <div class='ocr_carea' id='block_1_105' title="bbox 1881 3607 3456 3681">
    <p class='ocr_par' dir='ltr' id='par_1_105' title="bbox 1881 3607 3456 3681">
     <span class='ocr_line' id='line_1_107' title="bbox 1881 3607 3456 3681; baseline 0.003 -20"><span class='ocrx_word' id='word_1_830' title='bbox 1881 3609 1974 3681; x_wconf 85' lang='lat' dir='ltr'><strong>vel</strong></span> <span class='ocrx_word' id='word_1_831' title='bbox 2013 3623 2240 3681; x_wconf 77' lang='lat' dir='ltr'><strong>exsurge</strong></span> <span class='ocrx_word' id='word_1_832' title='bbox 2265 3607 2475 3664; x_wconf 87' lang='lat' dir='ltr'><strong>tandem</strong></span> <span class='ocrx_word' id='word_1_833' title='bbox 2499 3608 2566 3663; x_wconf 92' lang='lat' dir='ltr'><strong>ad</strong></span> <span class='ocrx_word' id='word_1_834' title='bbox 2598 3609 3043 3664; x_wconf 88' lang='lat' dir='ltr'><strong>remunerandum</strong></span> <span class='ocrx_word' id='word_1_835' title='bbox 3065 3611 3123 3681; x_wconf 81' lang='lat' dir='ltr'><strong>in</strong></span> <span class='ocrx_word' id='word_1_836' title='bbox 3147 3609 3374 3681; x_wconf 76' lang='lat' dir='ltr'><strong>judicio,</strong></span> <span class='ocrx_word' id='word_1_837' title='bbox 3401 3619 3456 3666; x_wconf 86' lang='lat' dir='ltr'><strong>et</strong></span> 
     </span>
    </p>
   </div>
   <div class='ocr_carea' id='block_1_106' title="bbox 1871 3677 3457 3748">
    <p class='ocr_par' dir='ltr' id='par_1_106' title="bbox 1871 3677 3457 3748">
     <span class='ocr_line' id='line_1_108' title="bbox 1871 3677 3457 3748; baseline 0.003 -17"><span class='ocrx_word' id='word_1_838' title='bbox 1871 3679 2083 3748; x_wconf 82' lang='lat' dir='ltr'><strong>judico,</strong></span> <span class='ocrx_word' id='word_1_839' title='bbox 2117 3677 2297 3747; x_wconf 79' lang='lat' dir='ltr'><strong>idest,</strong></span> <span class='ocrx_word' id='word_1_840' title='bbox 2349 3681 2595 3735; x_wconf 89' lang='lat' dir='ltr'><strong>discerne</strong></span> <span class='ocrx_word' id='word_1_841' title='bbox 2623 3697 2829 3734; x_wconf 89' lang='lat' dir='ltr'><strong>causam</strong></span> <span class='ocrx_word' id='word_1_842' title='bbox 2855 3689 3014 3747; x_wconf 89' lang='lat' dir='ltr'><strong>tuam,</strong></span> <span class='ocrx_word' id='word_1_843' title='bbox 3060 3680 3113 3735; x_wconf 87' lang='lat' dir='ltr'><strong>id</strong></span> <span class='ocrx_word' id='word_1_844' title='bbox 3143 3677 3247 3748; x_wconf 78' lang='lat' dir='ltr'><strong>est,</strong></span> <span class='ocrx_word' id='word_1_845' title='bbox 3295 3677 3457 3738; x_wconf 78' lang='lat' dir='ltr'><strong>ﬁdem</strong></span> 
     </span>
    </p>
   </div>
   <div class='ocr_carea' id='block_1_107' title="bbox 1883 3751 3454 3818">
    <p class='ocr_par' dir='ltr' id='par_1_107' title="bbox 1883 3751 3454 3818">
     <span class='ocr_line' id='line_1_109' title="bbox 1883 3751 3454 3818; baseline 0.002 -14"><span class='ocrx_word' id='word_1_846' title='bbox 1883 3760 2049 3815; x_wconf 91' lang='lat' dir='ltr'><strong>tuam,</strong></span> <span class='ocrx_word' id='word_1_847' title='bbox 2076 3766 2216 3805; x_wconf 90' lang='lat' dir='ltr'><strong>nunc</strong></span> <span class='ocrx_word' id='word_1_848' title='bbox 2237 3751 2450 3818; x_wconf 92' lang='lat' dir='ltr'><strong>quidem</strong></span> <span class='ocrx_word' id='word_1_849' title='bbox 2473 3751 2770 3807; x_wconf 90' lang='lat' dir='ltr'><strong>mortaliter</strong></span> <span class='ocrx_word' id='word_1_850' title='bbox 2796 3751 2973 3807; x_wconf 86' lang='lat' dir='ltr'><strong>dando</strong></span> <span class='ocrx_word' id='word_1_851' title='bbox 2993 3752 3348 3807; x_wconf 84' lang='lat' dir='ltr'><strong>constantiam</strong></span> <span class='ocrx_word' id='word_1_852' title='bbox 3371 3753 3454 3808; x_wconf 88' lang='lat' dir='ltr'><strong>his</strong></span> 
     </span>
    </p>
   </div>
   <div class='ocr_carea' id='block_1_108' title="bbox 1879 3821 3458 3891">
    <p class='ocr_par' dir='ltr' id='par_1_108' title="bbox 1879 3821 3458 3891">
     <span class='ocr_line' id='line_1_110' title="bbox 1879 3821 3458 3891; baseline 0.004 -19"><span class='ocrx_word' id='word_1_853' title='bbox 1879 3821 1968 3888; x_wconf 90' lang='lat' dir='ltr'><strong>qui</strong></span> <span class='ocrx_word' id='word_1_854' title='bbox 1999 3823 2049 3875; x_wconf 89' lang='lat' dir='ltr'><strong>in</strong></span> <span class='ocrx_word' id='word_1_855' title='bbox 2081 3831 2133 3877; x_wconf 90' lang='lat' dir='ltr'><strong>te</strong></span> <span class='ocrx_word' id='word_1_856' title='bbox 2154 3823 2400 3891; x_wconf 87' lang='lat' dir='ltr'><strong>credtmt,</strong></span> <span class='ocrx_word' id='word_1_857' title='bbox 2431 3823 2645 3877; x_wconf 89' lang='lat' dir='ltr'><strong>tandem</strong></span> <span class='ocrx_word' id='word_1_858' title='bbox 2666 3837 2794 3878; x_wconf 89' lang='lat' dir='ltr'><strong>vero</strong></span> <span class='ocrx_word' id='word_1_859' title='bbox 2815 3823 2974 3880; x_wconf 82' lang='lat' dir='ltr'><strong>etiam</strong></span> <span class='ocrx_word' id='word_1_860' title='bbox 2999 3822 3260 3878; x_wconf 86' lang='lat' dir='ltr'><strong>localiter.</strong></span> <span class='ocrx_word' id='word_1_861' title='bbox 3289 3823 3458 3890; x_wconf 82' lang='lat' dir='ltr'><strong>Quasi</strong></span> 
     </span>
    </p>
   </div>
   <div class='ocr_carea' id='block_1_109' title="bbox 1879 3891 3455 3963">
    <p class='ocr_par' dir='ltr' id='par_1_109' title="bbox 1879 3891 3455 3963">
     <span class='ocr_line' id='line_1_111' title="bbox 1879 3891 3455 3963; baseline 0.002 -19"><span class='ocrx_word' id='word_1_862' title='bbox 1879 3891 2019 3946; x_wconf 86' lang='lat' dir='ltr'><strong>dicat</strong></span> <span class='ocrx_word' id='word_1_863' title='bbox 2045 3911 2055 3945; x_wconf 93' lang='lat'><strong>:</strong></span> <span class='ocrx_word' id='word_1_864' title='bbox 2093 3893 2167 3947; x_wconf 83' lang='lat' dir='ltr'><strong>Ne</strong></span> <span class='ocrx_word' id='word_1_865' title='bbox 2198 3893 2416 3962; x_wconf 84' lang='lat' dir='ltr'><strong>frustra,</strong></span> <span class='ocrx_word' id='word_1_866' title='bbox 2446 3893 2695 3961; x_wconf 88' lang='lat' dir='ltr'><strong>Domine,</strong></span> <span class='ocrx_word' id='word_1_867' title='bbox 2721 3894 2814 3963; x_wconf 90' lang='lat' dir='ltr'><strong>sit,</strong></span> <span class='ocrx_word' id='word_1_868' title='bbox 2862 3894 3004 3962; x_wconf 86' lang='lat' dir='ltr'><strong>quod</strong></span> <span class='ocrx_word' id='word_1_869' title='bbox 3035 3894 3090 3949; x_wconf 91' lang='lat' dir='ltr'><strong>in</strong></span> <span class='ocrx_word' id='word_1_870' title='bbox 3131 3903 3200 3963; x_wconf 67' lang='grc' dir='ltr'><strong>ιεΔ</strong></span> <span class='ocrx_word' id='word_1_871' title='bbox 3227 3893 3455 3960; x_wconf 86' lang='lat' dir='ltr'><strong>credidi,</strong></span> 
     </span>
    </p>
   </div>
   <div class='ocr_carea' id='block_1_110' title="bbox 1881 3961 3456 4035">
    <p class='ocr_par' dir='ltr' id='par_1_110' title="bbox 1881 3961 3456 4035">
     <span class='ocr_line' id='line_1_112' title="bbox 1881 3961 3456 4035; baseline 0.001 -19"><span class='ocrx_word' id='word_1_872' title='bbox 1881 3976 1986 4016; x_wconf 89' lang='lat' dir='ltr'><strong>non</strong></span> <span class='ocrx_word' id='word_1_873' title='bbox 2020 3979 2255 4033; x_wconf 88' lang='lat' dir='ltr'><strong>peream,</strong></span> <span class='ocrx_word' id='word_1_874' title='bbox 2291 3961 2410 4035; x_wconf 87' lang='lat' dir='ltr'><strong>quia</strong></span> <span class='ocrx_word' id='word_1_875' title='bbox 2459 3963 2660 4020; x_wconf 87' lang='lat' dir='ltr'><strong>credidi</strong></span> <span class='ocrx_word' id='word_1_876' title='bbox 2689 3961 2830 4035; x_wconf 80' lang='lat' dir='ltr'><strong>quod</strong></span> <span class='ocrx_word' id='word_1_877' title='bbox 2865 3961 2970 4035; x_wconf 81' lang='lat' dir='ltr'><strong>non</strong></span> <span class='ocrx_word' id='word_1_878' title='bbox 2994 3961 3274 4035; x_wconf 84' lang='lat' dir='ltr'><strong>vidi._Non</strong></span> <span class='ocrx_word' id='word_1_879' title='bbox 3303 3965 3456 4018; x_wconf 78' lang='lat' dir='ltr'><strong>fallat</strong></span> 
     </span>
    </p>
   </div>
   <div class='ocr_carea' id='block_1_111' title="bbox 1879 4031 3456 4104">
    <p class='ocr_par' dir='ltr' id='par_1_111' title="bbox 1879 4031 3456 4104">
     <span class='ocr_line' id='line_1_113' title="bbox 1879 4031 3456 4104; baseline -0.001 -16"><span class='ocrx_word' id='word_1_880' title='bbox 1879 4047 1967 4088; x_wconf 90' lang='lat' dir='ltr'><strong>me</strong></span> <span class='ocrx_word' id='word_1_881' title='bbox 1994 4031 2116 4104; x_wconf 85' lang='lat' dir='ltr'><strong>spes</strong></span> <span class='ocrx_word' id='word_1_882' title='bbox 2163 4031 2321 4102; x_wconf 76' lang='lat' dir='ltr'><strong>mea,</strong></span> <span class='ocrx_word' id='word_1_883' title='bbox 2365 4037 2618 4104; x_wconf 87' lang='lat' dir='ltr'><strong>accipiam</strong></span> <span class='ocrx_word' id='word_1_884' title='bbox 2662 4031 2803 4103; x_wconf 78' lang='lat' dir='ltr'><strong>quod</strong></span> <span class='ocrx_word' id='word_1_885' title='bbox 2849 4033 3068 4087; x_wconf 88' lang='lat' dir='ltr'><strong>credidi.</strong></span> <span class='ocrx_word' id='word_1_886' title='bbox 3105 4031 3322 4097; x_wconf 81' lang='lat' dir='ltr'><strong>Judica,</strong></span> <span class='ocrx_word' id='word_1_887' title='bbox 3372 4035 3456 4087; x_wconf 90' lang='lat' dir='ltr'><strong>iu-</strong></span> 
     </span>
    </p>
   </div>
   <div class='ocr_carea' id='block_1_112' title="bbox 1881 4104 3457 4173">
    <p class='ocr_par' dir='ltr' id='par_1_112' title="bbox 1881 4104 3457 4173">
     <span class='ocr_line' id='line_1_114' title="bbox 1881 4104 3457 4173; baseline -0.002 -15"><span class='ocrx_word' id='word_1_888' title='bbox 1881 4119 2058 4173; x_wconf 86' lang='lat' dir='ltr'><strong>quam,</strong></span> <span class='ocrx_word' id='word_1_889' title='bbox 2109 4122 2312 4160; x_wconf 84' lang='lat' dir='ltr'><strong>causam</strong></span> <span class='ocrx_word' id='word_1_890' title='bbox 2353 4115 2516 4168; x_wconf 89' lang='lat' dir='ltr'><strong>tuam,</strong></span> <span class='ocrx_word' id='word_1_891' title='bbox 2562 4115 2616 4158; x_wconf 89' lang='lat' dir='ltr'><strong>et</strong></span> <span class='ocrx_word' id='word_1_892' title='bbox 2662 4119 2852 4156; x_wconf 86' lang='lat' dir='ltr'><strong>memor</strong></span> <span class='ocrx_word' id='word_1_893' title='bbox 2875 4112 2986 4173; x_wconf 70' lang='lat' dir='ltr'><strong>esto</strong></span> <span class='ocrx_word' id='word_1_894' title='bbox 3023 4104 3457 4173; x_wconf 78' lang='lat' dir='ltr'><strong>improperiorum</strong></span> 
     </span>
    </p>
   </div>
   <div class='ocr_carea' id='block_1_113' title="bbox 1881 4171 3458 4244">
    <p class='ocr_par' dir='ltr' id='par_1_113' title="bbox 1881 4171 3458 4244">
     <span class='ocr_line' id='line_1_115' title="bbox 1881 4171 3458 4244; baseline 0 -17"><span class='ocrx_word' id='word_1_895' title='bbox 1881 4171 2088 4229; x_wconf 77' lang='lat' dir='ltr'><strong>tuorum</strong></span> <span class='ocrx_word' id='word_1_896' title='bbox 2117 4192 2414 4241; x_wconf 87' lang='lat' dir='ltr'><strong>servorum,</strong></span> <span class='ocrx_word' id='word_1_897' title='bbox 2466 4175 2690 4238; x_wconf 83' lang='lat' dir='ltr'><strong>scilicet,</strong></span> <span class='ocrx_word' id='word_1_898' title='bbox 2742 4189 2809 4229; x_wconf 90' lang='lat' dir='ltr'><strong>ne</strong></span> <span class='ocrx_word' id='word_1_899' title='bbox 2848 4171 2927 4229; x_wconf 79' lang='lat' dir='ltr'><strong>eis</strong></span> <span class='ocrx_word' id='word_1_900' title='bbox 2949 4171 3297 4244; x_wconf 62' lang='lat' dir='ltr'><strong>pravaleant.</strong></span> <span class='ocrx_word' id='word_1_901' title='bbox 3343 4175 3458 4244; x_wconf 46' lang='lat' dir='ltr'><strong>Im:</strong></span> 
     </span>
    </p>
   </div>
   <div class='ocr_carea' id='block_1_114' title="bbox 1871 4243 3458 4317">
    <p class='ocr_par' dir='ltr' id='par_1_114' title="bbox 1871 4243 3458 4317">
     <span class='ocr_line' id='line_1_116' title="bbox 1871 4243 3458 4317; baseline 0.001 -19"><span class='ocrx_word' id='word_1_902' title='bbox 1871 4247 2227 4317; x_wconf 83' lang='lat' dir='ltr'><strong>&#39;properiorum</strong></span> <span class='ocrx_word' id='word_1_903' title='bbox 2249 4247 2366 4300; x_wconf 86' lang='lat' dir='ltr'><strong>dico</strong></span> <span class='ocrx_word' id='word_1_904' title='bbox 2391 4263 2562 4301; x_wconf 86' lang='lat' dir='ltr'><strong>eorum</strong></span> <span class='ocrx_word' id='word_1_905' title='bbox 2579 4261 2692 4315; x_wconf 74' lang='lat' dir='ltr'><strong>qua:</strong></span> <span class='ocrx_word' id='word_1_906' title='bbox 2712 4253 2830 4317; x_wconf 83' lang='lat' dir='ltr'><strong>sunt</strong></span> <span class='ocrx_word' id='word_1_907' title='bbox 2853 4243 3116 4300; x_wconf 81' lang='lat' dir='ltr'><strong>venientia</strong></span> <span class='ocrx_word' id='word_1_908' title='bbox 3139 4255 3245 4298; x_wconf 87' lang='lat' dir='ltr'><strong>tota</strong></span> <span class='ocrx_word' id='word_1_909' title='bbox 3265 4245 3370 4310; x_wconf 87' lang='lat' dir='ltr'><strong>die,</strong></span> <span class='ocrx_word' id='word_1_910' title='bbox 3403 4243 3458 4317; x_wconf 87' lang='lat' dir='ltr'><strong>id</strong></span> 
     </span>
    </p>
   </div>
   <div class='ocr_carea' id='block_1_115' title="bbox 1880 4315 3457 4388">
    <p class='ocr_par' dir='ltr' id='par_1_115' title="bbox 1880 4315 3457 4388">
     <span class='ocr_line' id='line_1_117' title="bbox 1880 4315 3457 4388; baseline 0.002 -18"><span class='ocrx_word' id='word_1_911' title='bbox 1880 4315 1991 4382; x_wconf 79' lang='lat' dir='ltr'><strong>est,</strong></span> <span class='ocrx_word' id='word_1_912' title='bbox 2043 4319 2256 4372; x_wconf 85' lang='lat' dir='ltr'><strong>assidue</strong></span> <span class='ocrx_word' id='word_1_913' title='bbox 2281 4317 2342 4370; x_wconf 86' lang='lat' dir='ltr'><strong>ab</strong></span> <span class='ocrx_word' id='word_1_914' title='bbox 2365 4319 2631 4385; x_wconf 82' lang='lat' dir='ltr'><strong>insipiente</strong></span> <span class='ocrx_word' id='word_1_915' title='bbox 2663 4315 2863 4386; x_wconf 89' lang='lat' dir='ltr'><strong>populo</strong></span> <span class='ocrx_word' id='word_1_916' title='bbox 2887 4329 3312 4386; x_wconf 83' lang='lat' dir='ltr'><strong>persecuturum,</strong></span> <span class='ocrx_word' id='word_1_917' title='bbox 3360 4316 3457 4388; x_wconf 84' lang='lat' dir='ltr'><strong>qui</strong></span> 
     </span>
    </p>
   </div>
   <div class='ocr_carea' id='block_1_116' title="bbox 1887 4389 2804 4457">
    <p class='ocr_par' dir='ltr' id='par_1_116' title="bbox 1887 4389 2804 4457">
     <span class='ocr_line' id='line_1_118' title="bbox 1887 4389 2804 4457; baseline -0.002 -15"><span class='ocrx_word' id='word_1_918' title='bbox 1887 4402 1990 4442; x_wconf 88' lang='lat' dir='ltr'><strong>non</strong></span> <span class='ocrx_word' id='word_1_919' title='bbox 2018 4389 2114 4442; x_wconf 91' lang='lat' dir='ltr'><strong>sibi</strong></span> <span class='ocrx_word' id='word_1_920' title='bbox 2142 4389 2394 4457; x_wconf 87' lang='lat' dir='ltr'><strong>prospicit</strong></span> <span class='ocrx_word' id='word_1_921' title='bbox 2432 4389 2484 4442; x_wconf 90' lang='lat' dir='ltr'><strong>in</strong></span> <span class='ocrx_word' id='word_1_922' title='bbox 2515 4400 2804 4454; x_wconf 88' lang='lat' dir='ltr'><strong>posterum.</strong></span> 
     </span>
    </p>
   </div>
   <div class='ocr_carea' id='block_1_117' title="bbox 1953 4455 3458 4525">
    <p class='ocr_par' dir='ltr' id='par_1_117' title="bbox 1953 4455 3458 4525">
     <span class='ocr_line' id='line_1_119' title="bbox 1953 4455 3458 4525; baseline 0.001 -14"><span class='ocrx_word' id='word_1_923' title='bbox 1953 4457 2075 4512; x_wconf 82' lang='lat' dir='ltr'><strong>Non</strong></span> <span class='ocrx_word' id='word_1_924' title='bbox 2107 4455 2440 4514; x_wconf 68' lang='lat' dir='ltr'><strong>obliviScaris.</strong></span> <span class='ocrx_word' id='word_1_925' title='bbox 2483 4458 2642 4525; x_wconf 85' lang='lat' dir='ltr'><strong>Quasi</strong></span> <span class='ocrx_word' id='word_1_926' title='bbox 2669 4458 2847 4513; x_wconf 86' lang='lat' dir='ltr'><strong>dicat:</strong></span> <span class='ocrx_word' id='word_1_927' title='bbox 2879 4459 2954 4514; x_wconf 89' lang='lat' dir='ltr'><strong>Ita</strong></span> <span class='ocrx_word' id='word_1_928' title='bbox 2981 4455 3102 4514; x_wconf 87' lang='lat' dir='ltr'><strong>dico</strong></span> <span class='ocrx_word' id='word_1_929' title='bbox 3139 4475 3333 4514; x_wconf 87' lang='lat' dir='ltr'><strong>memor</strong></span> <span class='ocrx_word' id='word_1_930' title='bbox 3348 4469 3458 4515; x_wconf 80' lang='lat' dir='ltr'><strong>esto</strong></span> 
     </span>
    </p>
   </div>
   <div class='ocr_carea' id='block_1_118' title="bbox 1881 4529 3460 4600">
    <p class='ocr_par' dir='ltr' id='par_1_118' title="bbox 1881 4529 3460 4600">
     <span class='ocr_line' id='line_1_120' title="bbox 1881 4529 3460 4600; baseline 0.001 -17"><span class='ocrx_word' id='word_1_931' title='bbox 1881 4530 2327 4600; x_wconf 86' lang='lat' dir='ltr'><strong>improperiorum,</strong></span> <span class='ocrx_word' id='word_1_932' title='bbox 2375 4541 2556 4584; x_wconf 86' lang='lat' dir='ltr'><strong>utnon</strong></span> <span class='ocrx_word' id='word_1_933' title='bbox 2595 4529 2902 4585; x_wconf 82' lang='lat' dir='ltr'><strong>obliviscaris</strong></span> <span class='ocrx_word' id='word_1_934' title='bbox 2950 4545 3091 4586; x_wconf 75' lang='lat' dir='ltr'><strong>voca</strong></span> <span class='ocrx_word' id='word_1_935' title='bbox 3124 4531 3460 4600; x_wconf 74' lang='lat' dir='ltr'><strong>inimicorum</strong></span> 
     </span>
    </p>
   </div>
   <div class='ocr_carea' id='block_1_119' title="bbox 198 4591 3462 4671">
    <p class='ocr_par' dir='ltr' id='par_1_119' title="bbox 198 4591 3462 4671">
     <span class='ocr_line' id='line_1_121' title="bbox 198 4591 3462 4671; baseline 0.001 -17"><span class='ocrx_word' id='word_1_936' title='bbox 198 4591 288 4669; x_wconf 76' lang='lat' dir='ltr'><strong>pio</strong></span> <span class='ocrx_word' id='word_1_937' title='bbox 316 4610 425 4654; x_wconf 85' lang='lat' dir='ltr'><strong>erat</strong></span> <span class='ocrx_word' id='word_1_938' title='bbox 456 4591 696 4669; x_wconf 45' lang='lat' dir='ltr'><strong>Verba-nt,</strong></span> <span class='ocrx_word' id='word_1_939' title='bbox 723 4612 828 4656; x_wconf 89' lang='lat' dir='ltr'><strong>etc.</strong></span> <span class='ocrx_word' id='word_1_940' title='bbox 873 4591 989 4657; x_wconf 78' lang='lat' dir='ltr'><strong>Nox</strong></span> <span class='ocrx_word' id='word_1_941' title='bbox 1017 4617 1142 4657; x_wconf 89' lang='lat' dir='ltr'><strong>vero</strong></span> <span class='ocrx_word' id='word_1_942' title='bbox 1173 4591 1297 4655; x_wconf 77' lang='lat' dir='ltr'><strong>sunt</strong></span> <span class='ocrx_word' id='word_1_943' title='bbox 1324 4603 1400 4655; x_wconf 91' lang='lat' dir='ltr'><strong>illi</strong></span> <span class='ocrx_word' id='word_1_944' title='bbox 1445 4605 1534 4671; x_wconf 86' lang='lat' dir='ltr'><strong>qui</strong></span> <span class='ocrx_word' id='word_1_945' title='bbox 1569 4591 1773 4658; x_wconf 73' lang='lat' dir='ltr'><strong>tantum</strong></span> <span class='ocrx_word' id='word_1_946' title='bbox 1803 4591 1857 4655; x_wconf 79' lang='grc'><strong>1)</strong></span> <span class='ocrx_word' id='word_1_947' title='bbox 1885 4591 2113 4666; x_wconf 77' lang='lat' dir='ltr'><strong>tuorum,</strong></span> <span class='ocrx_word' id='word_1_948' title='bbox 2163 4602 2212 4655; x_wconf 92' lang='lat' dir='ltr'><strong>id</strong></span> <span class='ocrx_word' id='word_1_949' title='bbox 2241 4591 2345 4668; x_wconf 75' lang='lat' dir='ltr'><strong>esi,</strong></span> <span class='ocrx_word' id='word_1_950' title='bbox 2394 4603 2720 4671; x_wconf 85' lang='lat' dir='ltr'><strong>improperia</strong></span> <span class='ocrx_word' id='word_1_951' title='bbox 2763 4603 2906 4656; x_wconf 86' lang='lat' dir='ltr'><strong>illata</strong></span> <span class='ocrx_word' id='word_1_952' title='bbox 2951 4602 3057 4655; x_wconf 88' lang='lat' dir='ltr'><strong>tuis</strong></span> <span class='ocrx_word' id='word_1_953' title='bbox 3089 4599 3156 4654; x_wconf 91' lang='lat' dir='ltr'><strong>ab</strong></span> <span class='ocrx_word' id='word_1_954' title='bbox 3206 4601 3462 4670; x_wconf 77' lang='lat' dir='ltr'><strong>inimicis,</strong></span> 
     </span>
    </p>
   </div>
   <div class='ocr_carea' id='block_1_120' title="bbox 193 4671 1774 4728">
    <p class='ocr_par' dir='ltr' id='par_1_120' title="bbox 193 4671 1774 4728">
     <span class='ocr_line' id='line_1_122' title="bbox 193 4671 1774 4728; baseline 0.001 -2"><span class='ocrx_word' id='word_1_955' title='bbox 193 4672 445 4726; x_wconf 62' lang='lat' dir='ltr'><strong>carnalia</strong></span> <span class='ocrx_word' id='word_1_956' title='bbox 465 4673 770 4726; x_wconf 74' lang='lat' dir='ltr'><strong>carnalibus</strong></span> <span class='ocrx_word' id='word_1_957' title='bbox 797 4672 1134 4727; x_wconf 87' lang='lat' dir='ltr'><strong>annuntiant.</strong></span> <span class='ocrx_word' id='word_1_958' title='bbox 1164 4671 1281 4727; x_wconf 84' lang='lat' dir='ltr'><strong>Nox</strong></span> <span class='ocrx_word' id='word_1_959' title='bbox 1309 4672 1407 4726; x_wconf 79' lang='lat' dir='ltr'><strong>fuit</strong></span> <span class='ocrx_word' id='word_1_960' title='bbox 1434 4672 1626 4728; x_wconf 78' lang='lat' dir='ltr'><strong>Paulus</strong></span> <span class='ocrx_word' id='word_1_961' title='bbox 1652 4689 1774 4728; x_wconf 90' lang='lat' dir='ltr'><strong>cum</strong></span> 
     </span>
    </p>
   </div>
   <div class='ocr_carea' id='block_1_121' title="bbox 195 4740 1774 4814">
    <p class='ocr_par' dir='ltr' id='par_1_121' title="bbox 195 4740 1774 4814">
     <span class='ocr_line' id='line_1_123' title="bbox 195 4740 1774 4814; baseline 0.001 -18"><span class='ocrx_word' id='word_1_962' title='bbox 195 4743 379 4796; x_wconf 84' lang='lat' dir='ltr'><strong>dixit:</strong></span> <span class='ocrx_word' id='word_1_963' title='bbox 413 4740 559 4795; x_wconf 76' lang='lat' dir='ltr'><strong>Nihil</strong></span> <span class='ocrx_word' id='word_1_964' title='bbox 579 4744 814 4814; x_wconf 83' lang='lat' dir='ltr'><strong>judicavi</strong></span> <span class='ocrx_word' id='word_1_965' title='bbox 841 4760 921 4797; x_wconf 89' lang='lat' dir='ltr'><strong>me</strong></span> <span class='ocrx_word' id='word_1_966' title='bbox 939 4745 1067 4798; x_wconf 84' lang='lat' dir='ltr'><strong>scire</strong></span> <span class='ocrx_word' id='word_1_967' title='bbox 1095 4745 1223 4797; x_wconf 87' lang='lat' dir='ltr'><strong>inter</strong></span> <span class='ocrx_word' id='word_1_968' title='bbox 1248 4759 1354 4810; x_wconf 85' lang='lat' dir='ltr'><strong>vos,</strong></span> <span class='ocrx_word' id='word_1_969' title='bbox 1385 4745 1483 4796; x_wconf 86' lang='lat' dir='ltr'><strong>nisi</strong></span> <span class='ocrx_word' id='word_1_970' title='bbox 1513 4741 1774 4799; x_wconf 82' lang='lat' dir='ltr'><strong>Christum</strong></span> 
     </span>
    </p>
   </div>
   <div class='ocr_carea' id='block_1_122' title="bbox 189 4813 1777 4883">
    <p class='ocr_par' dir='ltr' id='par_1_122' title="bbox 189 4813 1777 4883">
     <span class='ocr_line' id='line_1_124' title="bbox 189 4813 1777 4883; baseline 0.004 -17"><span class='ocrx_word' id='word_1_971' title='bbox 189 4823 423 4878; x_wconf 59' lang='lat' dir='ltr'><strong>tantum,</strong></span> <span class='ocrx_word' id='word_1_972' title='bbox 451 4823 498 4866; x_wconf 88' lang='lat' dir='ltr'><strong>et</strong></span> <span class='ocrx_word' id='word_1_973' title='bbox 521 4813 657 4866; x_wconf 79' lang='lat' dir='ltr'><strong>hunc</strong></span> <span class='ocrx_word' id='word_1_974' title='bbox 684 4815 1009 4883; x_wconf 75' lang='lat' dir='ltr'><strong>cruciﬁxum,</strong></span> <span class='ocrx_word' id='word_1_975' title='bbox 1038 4815 1153 4870; x_wconf 85' lang='lat' dir='ltr'><strong>dies</strong></span> <span class='ocrx_word' id='word_1_976' title='bbox 1180 4827 1308 4870; x_wconf 81' lang='lat' dir='ltr'><strong>vero</strong></span> <span class='ocrx_word' id='word_1_977' title='bbox 1330 4829 1449 4869; x_wconf 87' lang='lat' dir='ltr'><strong>cum</strong></span> <span class='ocrx_word' id='word_1_978' title='bbox 1480 4814 1612 4872; x_wconf 80' lang='lat' dir='ltr'><strong>dixit</strong></span> <span class='ocrx_word' id='word_1_979' title='bbox 1637 4834 1647 4868; x_wconf 94' lang='lat'><strong>:</strong></span> <span class='ocrx_word' id='word_1_980' title='bbox 1678 4816 1777 4872; x_wconf 86' lang='lat' dir='ltr'><strong>Sa-</strong></span> 
     </span>
    </p>
   </div>
   <div class='ocr_carea' id='block_1_123' title="bbox 193 4883 1170 4955">
    <p class='ocr_par' dir='ltr' id='par_1_123' title="bbox 193 4883 1170 4955">
     <span class='ocr_line' id='line_1_125' title="bbox 193 4883 1170 4955; baseline 0.005 -22"><span class='ocrx_word' id='word_1_981' title='bbox 193 4883 443 4955; x_wconf 63' lang='lat' dir='ltr'><strong>pientiam</strong></span> <span class='ocrx_word' id='word_1_982' title='bbox 460 4885 721 4952; x_wconf 74' lang='lat' dir='ltr'><strong>tequimur</strong></span> <span class='ocrx_word' id='word_1_983' title='bbox 752 4885 880 4938; x_wconf 87' lang='lat' dir='ltr'><strong>inter</strong></span> <span class='ocrx_word' id='word_1_984' title='bbox 902 4887 1170 4955; x_wconf 74' lang='lat' dir='ltr'><strong>perfectos.</strong></span> 
     </span>
    </p>
   </div>
   <div class='ocr_carea' id='block_1_124' title="bbox 274 4953 1776 5028">
    <p class='ocr_par' dir='ltr' id='par_1_124' title="bbox 274 4953 1776 5028">
     <span class='ocr_line' id='line_1_126' title="bbox 274 4953 1776 5028; baseline 0.005 -21"><span class='ocrx_word' id='word_1_985' title='bbox 274 4953 354 5008; x_wconf 78' lang='lat' dir='ltr'><strong>Tu</strong></span> <span class='ocrx_word' id='word_1_986' title='bbox 377 4955 655 5028; x_wconf 61' lang='lat' dir='ltr'><strong>fabricatus</strong></span> <span class='ocrx_word' id='word_1_987' title='bbox 684 4971 924 5009; x_wconf 89' lang='lat' dir='ltr'><strong>auroram</strong></span> <span class='ocrx_word' id='word_1_988' title='bbox 946 4953 1016 5012; x_wconf 80' lang='lat' dir='ltr'><strong>es.</strong></span> <span class='ocrx_word' id='word_1_989' title='bbox 1047 4956 1101 5011; x_wconf 93' lang='lat' dir='ltr'><strong>ld</strong></span> <span class='ocrx_word' id='word_1_990' title='bbox 1131 4963 1232 5022; x_wconf 89' lang='lat' dir='ltr'><strong>est,</strong></span> <span class='ocrx_word' id='word_1_991' title='bbox 1265 4969 1692 5028; x_wconf 88' lang='lat' dir='ltr'><strong>unumquemque</strong></span> <span class='ocrx_word' id='word_1_992' title='bbox 1723 4958 1776 5014; x_wconf 93' lang='lat' dir='ltr'><strong>in</strong></span> 
     </span>
    </p>
   </div>
   <div class='ocr_carea' id='block_1_125' title="bbox 193 5025 1776 5098">
    <p class='ocr_par' dir='ltr' id='par_1_125' title="bbox 193 5025 1776 5098">
     <span class='ocr_line' id='line_1_127' title="bbox 193 5025 1776 5098; baseline 0.003 -18"><span class='ocrx_word' id='word_1_993' title='bbox 193 5025 398 5080; x_wconf 74' lang='lat' dir='ltr'><strong>virtute</strong></span> <span class='ocrx_word' id='word_1_994' title='bbox 441 5026 782 5098; x_wconf 80' lang='lat' dir='ltr'><strong>incipientem</strong></span> <span class='ocrx_word' id='word_1_995' title='bbox 840 5028 1034 5083; x_wconf 88' lang='lat' dir='ltr'><strong>lucere.</strong></span> <span class='ocrx_word' id='word_1_996' title='bbox 1098 5028 1212 5082; x_wconf 86' lang='lat' dir='ltr'><strong>Lux</strong></span> <span class='ocrx_word' id='word_1_997' title='bbox 1259 5030 1407 5082; x_wconf 91' lang='lat' dir='ltr'><strong>enim</strong></span> <span class='ocrx_word' id='word_1_998' title='bbox 1447 5025 1633 5098; x_wconf 78' lang='lat' dir='ltr'><strong>prima</strong></span> <span class='ocrx_word' id='word_1_999' title='bbox 1691 5038 1776 5085; x_wconf 92' lang='lat' dir='ltr'><strong>est</strong></span> 
     </span>
    </p>
   </div>
   <div class='ocr_carea' id='block_1_126' title="bbox 193 5097 1778 5168">
    <p class='ocr_par' dir='ltr' id='par_1_126' title="bbox 193 5097 1778 5168">
     <span class='ocr_line' id='line_1_128' title="bbox 193 5097 1778 5168; baseline 0.004 -18"><span class='ocrx_word' id='word_1_1000' title='bbox 193 5110 418 5150; x_wconf 74' lang='lat' dir='ltr'><strong>aurora.</strong></span> <span class='ocrx_word' id='word_1_1001' title='bbox 445 5097 514 5152; x_wconf 78' lang='lat' dir='ltr'><strong>Et</strong></span> <span class='ocrx_word' id='word_1_1002' title='bbox 541 5108 597 5150; x_wconf 84' lang='lat' dir='ltr'><strong>tu</strong></span> <span class='ocrx_word' id='word_1_1003' title='bbox 633 5097 916 5168; x_wconf 57' lang='lat' dir='ltr'><strong>fabricatus</strong></span> <span class='ocrx_word' id='word_1_1004' title='bbox 945 5115 994 5150; x_wconf 80' lang='lat' dir='ltr'><strong>es</strong></span> <span class='ocrx_word' id='word_1_1005' title='bbox 1023 5099 1203 5164; x_wconf 83' lang='lat' dir='ltr'><strong>solent,</strong></span> <span class='ocrx_word' id='word_1_1006' title='bbox 1237 5099 1287 5152; x_wconf 88' lang='lat' dir='ltr'><strong>id</strong></span> <span class='ocrx_word' id='word_1_1007' title='bbox 1318 5109 1430 5168; x_wconf 88' lang='lat' dir='ltr'><strong>est,</strong></span> <span class='ocrx_word' id='word_1_1008' title='bbox 1465 5097 1778 5168; x_wconf 87' lang='lat' dir='ltr'><strong>quemlibet</strong></span> 
     </span>
    </p>
   </div>
   <div class='ocr_carea' id='block_1_127' title="bbox 195 5168 1775 5236">
    <p class='ocr_par' dir='ltr' id='par_1_127' title="bbox 195 5168 1775 5236">
     <span class='ocr_line' id='line_1_129' title="bbox 195 5168 1775 5236; baseline 0.004 -16"><span class='ocrx_word' id='word_1_1009' title='bbox 195 5168 342 5222; x_wconf 86' lang='lat' dir='ltr'><strong>adeo</strong></span> <span class='ocrx_word' id='word_1_1010' title='bbox 367 5169 690 5236; x_wconf 79' lang='lat' dir='ltr'><strong>perlectum,</strong></span> <span class='ocrx_word' id='word_1_1011' title='bbox 737 5177 793 5222; x_wconf 90' lang='lat' dir='ltr'><strong>ut</strong></span> <span class='ocrx_word' id='word_1_1012' title='bbox 839 5171 890 5222; x_wconf 89' lang='lat' dir='ltr'><strong>in</strong></span> <span class='ocrx_word' id='word_1_1013' title='bbox 936 5170 1054 5223; x_wconf 88' lang='lat' dir='ltr'><strong>aliis</strong></span> <span class='ocrx_word' id='word_1_1014' title='bbox 1085 5171 1224 5223; x_wconf 89' lang='lat' dir='ltr'><strong>diem</strong></span> <span class='ocrx_word' id='word_1_1015' title='bbox 1278 5169 1455 5224; x_wconf 79' lang='lat' dir='ltr'><strong>faciat.</strong></span> <span class='ocrx_word' id='word_1_1016' title='bbox 1506 5168 1585 5224; x_wconf 88' lang='lat' dir='ltr'><strong>Tu</strong></span> <span class='ocrx_word' id='word_1_1017' title='bbox 1616 5170 1775 5226; x_wconf 88' lang='lat' dir='ltr'><strong>etiam</strong></span> 
     </span>
    </p>
   </div>
   <div class='ocr_carea' id='block_1_128' title="bbox 196 5241 1776 5310">
    <p class='ocr_par' dir='ltr' id='par_1_128' title="bbox 196 5241 1776 5310">
     <span class='ocr_line' id='line_1_130' title="bbox 196 5241 1776 5310; baseline 0.003 -18"><span class='ocrx_word' id='word_1_1018' title='bbox 196 5241 368 5310; x_wconf 75' lang='lat' dir='ltr'><strong>fecisti</strong></span> <span class='ocrx_word' id='word_1_1019' title='bbox 388 5253 566 5293; x_wconf 74' lang='lat' dir='ltr'><strong>attines</strong></span> <span class='ocrx_word' id='word_1_1020' title='bbox 591 5241 831 5292; x_wconf 77' lang='lat' dir='ltr'><strong>terminos</strong></span> <span class='ocrx_word' id='word_1_1021' title='bbox 861 5249 1026 5303; x_wconf 70' lang='lat' dir='ltr'><strong>terrm,</strong></span> <span class='ocrx_word' id='word_1_1022' title='bbox 1075 5241 1125 5293; x_wconf 89' lang='lat' dir='ltr'><strong>id</strong></span> <span class='ocrx_word' id='word_1_1023' title='bbox 1151 5249 1252 5306; x_wconf 86' lang='lat' dir='ltr'><strong>est,</strong></span> <span class='ocrx_word' id='word_1_1024' title='bbox 1285 5255 1350 5294; x_wconf 80' lang='lat' dir='ltr'><strong>ex</strong></span> <span class='ocrx_word' id='word_1_1025' title='bbox 1379 5242 1520 5295; x_wconf 85' lang='lat' dir='ltr'><strong>dono</strong></span> <span class='ocrx_word' id='word_1_1026' title='bbox 1552 5253 1641 5295; x_wconf 90' lang='lat' dir='ltr'><strong>tuo</strong></span> <span class='ocrx_word' id='word_1_1027' title='bbox 1672 5251 1776 5310; x_wconf 87' lang='lat' dir='ltr'><strong>est,</strong></span> 
     </span>
    </p>
   </div>
   <div class='ocr_carea' id='block_1_129' title="bbox 196 5309 1800 5378">
    <p class='ocr_par' dir='ltr' id='par_1_129' title="bbox 196 5309 1800 5378">
     <span class='ocr_line' id='line_1_131' title="bbox 196 5309 1800 5378; baseline 0.001 -14"><span class='ocrx_word' id='word_1_1028' title='bbox 196 5309 504 5378; x_wconf 78' lang='lat' dir='ltr'><strong>quicunque</strong></span> <span class='ocrx_word' id='word_1_1029' title='bbox 535 5310 732 5365; x_wconf 82' lang='lat' dir='ltr'><strong>iaciunt</strong></span> <span class='ocrx_word' id='word_1_1030' title='bbox 760 5324 819 5364; x_wconf 87' lang='lat' dir='ltr'><strong>se</strong></span> <span class='ocrx_word' id='word_1_1031' title='bbox 849 5312 978 5365; x_wconf 88' lang='lat' dir='ltr'><strong>lines</strong></span> <span class='ocrx_word' id='word_1_1032' title='bbox 1005 5320 1180 5364; x_wconf 79' lang='lat' dir='ltr'><strong>terr-.e.</strong></span> <span class='ocrx_word' id='word_1_1033' title='bbox 1237 5311 1300 5364; x_wconf 82' lang='lat' dir='ltr'><strong>Et</strong></span> <span class='ocrx_word' id='word_1_1034' title='bbox 1323 5320 1379 5364; x_wconf 90' lang='lat' dir='ltr'><strong>tu</strong></span> <span class='ocrx_word' id='word_1_1035' title='bbox 1413 5311 1588 5365; x_wconf 57' lang='grc' dir='ltr'><strong>[θείςιὶ</strong></span> <span class='ocrx_word' id='word_1_1036' title='bbox 1618 5309 1800 5367; x_wconf 66' lang='grc' dir='ltr'><strong>(εδιαέ</strong></span> 
     </span>
    </p>
   </div>
   <div class='ocr_carea' id='block_1_130' title="bbox 199 5380 1777 5450">
    <p class='ocr_par' dir='ltr' id='par_1_130' title="bbox 199 5380 1777 5450">
     <span class='ocr_line' id='line_1_132' title="bbox 199 5380 1777 5450; baseline 0.001 -15"><span class='ocrx_word' id='word_1_1037' title='bbox 199 5392 324 5448; x_wconf 84' lang='lat' dir='ltr'><strong>tem,</strong></span> <span class='ocrx_word' id='word_1_1038' title='bbox 370 5381 420 5435; x_wconf 88' lang='lat' dir='ltr'><strong>id</strong></span> <span class='ocrx_word' id='word_1_1039' title='bbox 447 5390 551 5446; x_wconf 84' lang='lat' dir='ltr'><strong>est,</strong></span> <span class='ocrx_word' id='word_1_1040' title='bbox 587 5395 774 5435; x_wconf 89' lang='lat' dir='ltr'><strong>omnes</strong></span> <span class='ocrx_word' id='word_1_1041' title='bbox 798 5382 1000 5450; x_wconf 82' lang='lat' dir='ltr'><strong>Spiritu</strong></span> <span class='ocrx_word' id='word_1_1042' title='bbox 1033 5380 1298 5435; x_wconf 80' lang='lat' dir='ltr'><strong>ferventes</strong></span> <span class='ocrx_word' id='word_1_1043' title='bbox 1321 5424 1334 5448; x_wconf 90' lang='lat'><strong>,</strong></span> <span class='ocrx_word' id='word_1_1044' title='bbox 1385 5382 1610 5436; x_wconf 85' lang='lat' dir='ltr'><strong>Domino</strong></span> <span class='ocrx_word' id='word_1_1045' title='bbox 1658 5399 1777 5438; x_wconf 88' lang='lat' dir='ltr'><strong>ser-</strong></span> 
     </span>
    </p>
   </div>
   <div class='ocr_carea' id='block_1_131' title="bbox 198 5452 1780 5518">
    <p class='ocr_par' dir='ltr' id='par_1_131' title="bbox 198 5452 1780 5518">
     <span class='ocr_line' id='line_1_133' title="bbox 198 5452 1780 5518; baseline 0.003 -14"><span class='ocrx_word' id='word_1_1046' title='bbox 198 5453 452 5517; x_wconf 83' lang='lat' dir='ltr'><strong>vientes;</strong></span> <span class='ocrx_word' id='word_1_1047' title='bbox 483 5461 531 5506; x_wconf 87' lang='lat' dir='ltr'><strong>et</strong></span> <span class='ocrx_word' id='word_1_1048' title='bbox 555 5468 640 5506; x_wconf 75' lang='lat' dir='ltr'><strong>ver</strong></span> <span class='ocrx_word' id='word_1_1049' title='bbox 669 5453 919 5506; x_wconf 88' lang='lat' dir='ltr'><strong>virtutum</strong></span> <span class='ocrx_word' id='word_1_1050' title='bbox 946 5452 1076 5505; x_wconf 90' lang='lat' dir='ltr'><strong>llore</strong></span> <span class='ocrx_word' id='word_1_1051' title='bbox 1109 5464 1421 5518; x_wconf 81' lang='lat' dir='ltr'><strong>vernantes,</strong></span> <span class='ocrx_word' id='word_1_1052' title='bbox 1456 5453 1567 5506; x_wconf 84' lang='lat' dir='ltr'><strong>sive</strong></span> <span class='ocrx_word' id='word_1_1053' title='bbox 1596 5452 1780 5508; x_wconf 83' lang='lat' dir='ltr'><strong>novel-</strong></span> 
     </span>
    </p>
   </div>
   <div class='ocr_carea' id='block_1_132' title="bbox 198 5522 1779 5592">
    <p class='ocr_par' dir='ltr' id='par_1_132' title="bbox 198 5522 1779 5592">
     <span class='ocr_line' id='line_1_134' title="bbox 198 5522 1779 5592; baseline 0.001 -15"><span class='ocrx_word' id='word_1_1054' title='bbox 198 5524 306 5577; x_wconf 81' lang='lat' dir='ltr'><strong>los.</strong></span> <span class='ocrx_word' id='word_1_1055' title='bbox 358 5522 460 5587; x_wconf 84' lang='lat' dir='ltr'><strong>Tu,</strong></span> <span class='ocrx_word' id='word_1_1056' title='bbox 491 5524 634 5591; x_wconf 87' lang='lat' dir='ltr'><strong>dico,</strong></span> <span class='ocrx_word' id='word_1_1057' title='bbox 687 5525 923 5592; x_wconf 84' lang='lat' dir='ltr'><strong>inquam,</strong></span> <span class='ocrx_word' id='word_1_1058' title='bbox 976 5524 1240 5591; x_wconf 83' lang='lat' dir='ltr'><strong>plasma-ti</strong></span> <span class='ocrx_word' id='word_1_1059' title='bbox 1270 5539 1346 5590; x_wconf 85' lang='lat' dir='ltr'><strong>ea,</strong></span> <span class='ocrx_word' id='word_1_1060' title='bbox 1382 5525 1430 5575; x_wconf 90' lang='lat' dir='ltr'><strong>id</strong></span> <span class='ocrx_word' id='word_1_1061' title='bbox 1466 5535 1565 5587; x_wconf 85' lang='lat' dir='ltr'><strong>est,</strong></span> <span class='ocrx_word' id='word_1_1062' title='bbox 1599 5526 1779 5578; x_wconf 86' lang='lat' dir='ltr'><strong>omnia</strong></span> 
     </span>
    </p>
   </div>
   <div class='ocr_carea' id='block_1_133' title="bbox 199 5593 1781 5663">
    <p class='ocr_par' dir='ltr' id='par_1_133' title="bbox 199 5593 1781 5663">
     <span class='ocr_line' id='line_1_135' title="bbox 199 5593 1781 5663; baseline 0 -15"><span class='ocrx_word' id='word_1_1063' title='bbox 199 5595 483 5663; x_wconf 63' lang='lat' dir='ltr'><strong>praedicta.</strong></span> <span class='ocrx_word' id='word_1_1064' title='bbox 529 5595 607 5648; x_wconf 75' lang='lat' dir='ltr'><strong>Ex</strong></span> <span class='ocrx_word' id='word_1_1065' title='bbox 639 5605 691 5649; x_wconf 91' lang='lat' dir='ltr'><strong>te</strong></span> <span class='ocrx_word' id='word_1_1066' title='bbox 733 5610 875 5648; x_wconf 77' lang='lat' dir='ltr'><strong>enim</strong></span> <span class='ocrx_word' id='word_1_1067' title='bbox 926 5597 1040 5650; x_wconf 89' lang='lat' dir='ltr'><strong>solo</strong></span> <span class='ocrx_word' id='word_1_1068' title='bbox 1092 5596 1289 5648; x_wconf 85' lang='lat' dir='ltr'><strong>habent</strong></span> <span class='ocrx_word' id='word_1_1069' title='bbox 1337 5593 1479 5663; x_wconf 88' lang='lat' dir='ltr'><strong>quod</strong></span> <span class='ocrx_word' id='word_1_1070' title='bbox 1521 5607 1664 5663; x_wconf 77' lang='lat' dir='ltr'><strong>sunt.</strong></span> <span class='ocrx_word' id='word_1_1071' title='bbox 1716 5594 1781 5648; x_wconf 79' lang='lat' dir='ltr'><strong>Et</strong></span> 
     </span>
    </p>
   </div>
   <div class='ocr_carea' id='block_1_134' title="bbox 183 5659 1775 5737">
    <p class='ocr_par' dir='ltr' id='par_1_134' title="bbox 183 5659 1775 5737">
     <span class='ocr_line' id='line_1_136' title="bbox 183 5659 1775 5737; baseline 0 -17"><span class='ocrx_word' id='word_1_1072' title='bbox 183 5659 323 5737; x_wconf 71' lang='lat' dir='ltr'><strong>quia</strong></span> <span class='ocrx_word' id='word_1_1073' title='bbox 354 5667 621 5734; x_wconf 83' lang='lat' dir='ltr'><strong>plasmain</strong></span> <span class='ocrx_word' id='word_1_1074' title='bbox 653 5683 730 5731; x_wconf 84' lang='lat' dir='ltr'><strong>ea,</strong></span> <span class='ocrx_word' id='word_1_1075' title='bbox 755 5666 923 5737; x_wconf 65' lang='lat' dir='ltr'><strong>ideo,</strong></span> <span class='ocrx_word' id='word_1_1076' title='bbox 951 5664 1200 5727; x_wconf 82' lang='lat' dir='ltr'><strong>Domino,</strong></span> <span class='ocrx_word' id='word_1_1077' title='bbox 1249 5674 1307 5718; x_wconf 86' lang='lat' dir='ltr'><strong>ut</strong></span> <span class='ocrx_word' id='word_1_1078' title='bbox 1349 5659 1643 5737; x_wconf 78' lang='lat' dir='ltr'><strong>conserve’s</strong></span> <span class='ocrx_word' id='word_1_1079' title='bbox 1688 5680 1775 5737; x_wconf 85' lang='lat' dir='ltr'><strong>ea,</strong></span> 
     </span>
    </p>
   </div>
   <div class='ocr_carea' id='block_1_135' title="bbox 198 5735 1781 5809">
    <p class='ocr_par' dir='ltr' id='par_1_135' title="bbox 198 5735 1781 5809">
     <span class='ocr_line' id='line_1_137' title="bbox 198 5735 1781 5809; baseline 0.001 -19"><span class='ocrx_word' id='word_1_1080' title='bbox 198 5735 394 5790; x_wconf 75' lang='lat' dir='ltr'><strong>memor</strong></span> <span class='ocrx_word' id='word_1_1081' title='bbox 421 5745 528 5791; x_wconf 76' lang='lat' dir='ltr'><strong>este</strong></span> <span class='ocrx_word' id='word_1_1082' title='bbox 554 5739 706 5809; x_wconf 80' lang='lat' dir='ltr'><strong>hujus</strong></span> <span class='ocrx_word' id='word_1_1083' title='bbox 738 5735 886 5801; x_wconf 88' lang='lat' dir='ltr'><strong>dicti,</strong></span> <span class='ocrx_word' id='word_1_1084' title='bbox 923 5737 1349 5809; x_wconf 80' lang='lat' dir='ltr'><strong>quia_&#39;inimicus,</strong></span> <span class='ocrx_word' id='word_1_1085' title='bbox 1380 5735 1434 5790; x_wconf 87' lang='lat' dir='ltr'><strong>id</strong></span> <span class='ocrx_word' id='word_1_1086' title='bbox 1461 5745 1563 5800; x_wconf 84' lang='lat' dir='ltr'><strong>est,</strong></span> <span class='ocrx_word' id='word_1_1087' title='bbox 1598 5735 1781 5791; x_wconf 81' lang='lat' dir='ltr'><strong>.Iudai-</strong></span> 
     </span>
    </p>
   </div>
   <div class='ocr_carea' id='block_1_136' title="bbox 197 5806 1779 5880">
    <p class='ocr_par' dir='ltr' id='par_1_136' title="bbox 197 5806 1779 5880">
     <span class='ocr_line' id='line_1_138' title="bbox 197 5806 1779 5880; baseline 0.001 -18"><span class='ocrx_word' id='word_1_1088' title='bbox 197 5823 296 5862; x_wconf 89' lang='lat' dir='ltr'><strong>cus</strong></span> <span class='ocrx_word' id='word_1_1089' title='bbox 325 5810 573 5880; x_wconf 85' lang='lat' dir='ltr'><strong>populus,</strong></span> <span class='ocrx_word' id='word_1_1090' title='bbox 601 5806 988 5880; x_wconf 63' lang='lat' dir='ltr'><strong>improperata,</strong></span> <span class='ocrx_word' id='word_1_1091' title='bbox 1022 5806 1076 5862; x_wconf 89' lang='lat' dir='ltr'><strong>id</strong></span> <span class='ocrx_word' id='word_1_1092' title='bbox 1103 5819 1205 5880; x_wconf 78' lang='lat' dir='ltr'><strong>est,</strong></span> <span class='ocrx_word' id='word_1_1093' title='bbox 1253 5810 1418 5862; x_wconf 86' lang='lat' dir='ltr'><strong>multa</strong></span> <span class='ocrx_word' id='word_1_1094' title='bbox 1452 5809 1779 5878; x_wconf 81' lang='lat' dir='ltr'><strong>improperia</strong></span> 
     </span>
    </p>
   </div>
   <div class='ocr_carea' id='block_1_137' title="bbox 201 5878 1777 5952">
    <p class='ocr_par' dir='ltr' id='par_1_137' title="bbox 201 5878 1777 5952">
     <span class='ocr_line' id='line_1_139' title="bbox 201 5878 1777 5952; baseline -0.001 -17"><span class='ocrx_word' id='word_1_1095' title='bbox 201 5878 383 5943; x_wconf 72' lang='lat' dir='ltr'><strong>intulit</strong></span> <span class='ocrx_word' id='word_1_1096' title='bbox 425 5881 521 5936; x_wconf 84' lang='lat' dir='ltr'><strong>tibi</strong></span> <span class='ocrx_word' id='word_1_1097' title='bbox 559 5880 800 5952; x_wconf 82' lang='lat' dir='ltr'><strong>Domino,</strong></span> <span class='ocrx_word' id='word_1_1098' title='bbox 853 5879 1037 5950; x_wconf 82' lang='lat' dir='ltr'><strong>idest,</strong></span> <span class='ocrx_word' id='word_1_1099' title='bbox 1091 5878 1250 5937; x_wconf 84' lang='lat' dir='ltr'><strong>etiam</strong></span> <span class='ocrx_word' id='word_1_1100' title='bbox 1282 5881 1375 5937; x_wconf 87' lang='lat' dir='ltr'><strong>tibi</strong></span> <span class='ocrx_word' id='word_1_1101' title='bbox 1426 5880 1582 5936; x_wconf 83' lang='lat' dir='ltr'><strong>viridi</strong></span> <span class='ocrx_word' id='word_1_1102' title='bbox 1612 5882 1777 5952; x_wconf 75' lang='lat' dir='ltr'><strong>ligno,</strong></span> 
     </span>
    </p>
   </div>
   <div class='ocr_carea' id='block_1_138' title="bbox 1881 4671 3463 4742">
    <p class='ocr_par' dir='ltr' id='par_1_138' title="bbox 1881 4671 3463 4742">
     <span class='ocr_line' id='line_1_140' title="bbox 1881 4671 3463 4742; baseline -0.001 -16"><span class='ocrx_word' id='word_1_1103' title='bbox 1881 4687 1997 4740; x_wconf 76' lang='lat' dir='ltr'><strong>qua:</strong></span> <span class='ocrx_word' id='word_1_1104' title='bbox 2027 4681 2359 4737; x_wconf 87' lang='lat' dir='ltr'><strong>suntvoces,</strong></span> <span class='ocrx_word' id='word_1_1105' title='bbox 2397 4677 2520 4742; x_wconf 88' lang='lat' dir='ltr'><strong>quia</strong></span> <span class='ocrx_word' id='word_1_1106' title='bbox 2569 4671 2852 4726; x_wconf 83' lang='lat' dir='ltr'><strong>inanileste</strong></span> <span class='ocrx_word' id='word_1_1107' title='bbox 2897 4673 2950 4726; x_wconf 89' lang='lat' dir='ltr'><strong>in</strong></span> <span class='ocrx_word' id='word_1_1108' title='bbox 2991 4671 3072 4726; x_wconf 86' lang='lat' dir='ltr'><strong>bis</strong></span> <span class='ocrx_word' id='word_1_1109' title='bbox 3101 4671 3196 4742; x_wconf 85' lang='lat' dir='ltr'><strong>tibi</strong></span> <span class='ocrx_word' id='word_1_1110' title='bbox 3241 4681 3463 4726; x_wconf 80' lang='lat' dir='ltr'><strong>contra-</strong></span> 
     </span>
    </p>
   </div>
   <div class='ocr_carea' id='block_1_139' title="bbox 1879 4741 3463 4812">
    <p class='ocr_par' dir='ltr' id='par_1_139' title="bbox 1879 4741 3463 4812">
     <span class='ocr_line' id='line_1_141' title="bbox 1879 4741 3463 4812; baseline 0.001 -15"><span class='ocrx_word' id='word_1_1111' title='bbox 1879 4743 2082 4797; x_wconf 88' lang='lat' dir='ltr'><strong>dicunt.</strong></span> <span class='ocrx_word' id='word_1_1112' title='bbox 2130 4742 2234 4798; x_wconf 87' lang='lat' dir='ltr'><strong>Sed</strong></span> <span class='ocrx_word' id='word_1_1113' title='bbox 2270 4743 2408 4797; x_wconf 88' lang='lat' dir='ltr'><strong>sicut</strong></span> <span class='ocrx_word' id='word_1_1114' title='bbox 2433 4745 2674 4812; x_wconf 83' lang='lat' dir='ltr'><strong>superbia</strong></span> <span class='ocrx_word' id='word_1_1115' title='bbox 2717 4757 2892 4796; x_wconf 87' lang='lat' dir='ltr'><strong>eorum</strong></span> <span class='ocrx_word' id='word_1_1116' title='bbox 2931 4743 3020 4811; x_wconf 79' lang='lat' dir='ltr'><strong>qui</strong></span> <span class='ocrx_word' id='word_1_1117' title='bbox 3064 4741 3283 4796; x_wconf 73' lang='lat' dir='ltr'><strong>odorum</strong></span> <span class='ocrx_word' id='word_1_1118' title='bbox 3319 4752 3367 4796; x_wconf 78' lang='lat' dir='ltr'><strong>te</strong></span> <span class='ocrx_word' id='word_1_1119' title='bbox 3397 4742 3463 4799; x_wconf 66' lang='lat' dir='ltr'><strong>«in</strong></span> 
     </span>
    </p>
   </div>
   <div class='ocr_carea' id='block_1_140' title="bbox 1880 4812 3456 4884">
    <p class='ocr_par' dir='ltr' id='par_1_140' title="bbox 1880 4812 3456 4884">
     <span class='ocr_line' id='line_1_142' title="bbox 1880 4812 3456 4884; baseline 0.001 -16"><span class='ocrx_word' id='word_1_1120' title='bbox 1880 4816 1986 4869; x_wconf 89' lang='lat' dir='ltr'><strong>tuis</strong></span> <span class='ocrx_word' id='word_1_1121' title='bbox 2015 4829 2212 4883; x_wconf 79' lang='lat' dir='ltr'><strong>seraper</strong></span> <span class='ocrx_word' id='word_1_1122' title='bbox 2255 4812 2510 4884; x_wconf 78' lang='lat' dir='ltr'><strong>ascendit,</strong></span> <span class='ocrx_word' id='word_1_1123' title='bbox 2546 4813 2597 4868; x_wconf 89' lang='lat' dir='ltr'><strong>id</strong></span> <span class='ocrx_word' id='word_1_1124' title='bbox 2628 4821 2729 4879; x_wconf 90' lang='lat' dir='ltr'><strong>est,</strong></span> <span class='ocrx_word' id='word_1_1125' title='bbox 2771 4813 2938 4882; x_wconf 75' lang='lat' dir='ltr'><strong>magis</strong></span> <span class='ocrx_word' id='word_1_1126' title='bbox 2985 4823 3040 4868; x_wconf 89' lang='lat' dir='ltr'><strong>et</strong></span> <span class='ocrx_word' id='word_1_1127' title='bbox 3079 4813 3249 4882; x_wconf 77' lang='lat' dir='ltr'><strong>magis</strong></span> <span class='ocrx_word' id='word_1_1128' title='bbox 3283 4827 3456 4882; x_wconf 69' lang='lat' dir='ltr'><strong>auge-</strong></span> 
     </span>
    </p>
   </div>
   <div class='ocr_carea' id='block_1_141' title="bbox 1883 4883 3043 4952">
    <p class='ocr_par' dir='ltr' id='par_1_141' title="bbox 1883 4883 3043 4952">
     <span class='ocr_line' id='line_1_143' title="bbox 1883 4883 3043 4952; baseline 0 -14"><span class='ocrx_word' id='word_1_1129' title='bbox 1883 4894 1989 4950; x_wconf 92' lang='lat' dir='ltr'><strong>tur,</strong></span> <span class='ocrx_word' id='word_1_1130' title='bbox 2025 4887 2095 4939; x_wconf 88' lang='lat' dir='ltr'><strong>ita</strong></span> <span class='ocrx_word' id='word_1_1131' title='bbox 2126 4900 2156 4939; x_wconf 91' lang='lat' dir='ltr'><strong>e</strong></span> <span class='ocrx_word' id='word_1_1132' title='bbox 2180 4898 2367 4939; x_wconf 84' lang='lat' dir='ltr'><strong>contra</strong></span> <span class='ocrx_word' id='word_1_1133' title='bbox 2394 4883 2623 4940; x_wconf 85' lang='lat' dir='ltr'><strong>vindicta</strong></span> <span class='ocrx_word' id='word_1_1134' title='bbox 2649 4896 2733 4938; x_wconf 89' lang='lat' dir='ltr'><strong>tua</strong></span> <span class='ocrx_word' id='word_1_1135' title='bbox 2766 4896 3043 4952; x_wconf 65' lang='lat' dir='ltr'><strong>augeatur.</strong></span> 
     </span>
    </p>
   </div>
   <div class='ocr_carea' id='block_1_142' title="bbox 1954 4951 3462 5024">
    <p class='ocr_par' dir='ltr' id='par_1_142' title="bbox 1954 4951 3462 5024">
     <span class='ocr_line' id='line_1_144' title="bbox 1954 4951 3462 5024; baseline 0 -14"><span class='ocrx_word' id='word_1_1136' title='bbox 1954 4958 2050 5010; x_wconf 73' lang='lat' dir='ltr'><strong>Est</strong></span> <span class='ocrx_word' id='word_1_1137' title='bbox 2075 4966 2128 5010; x_wconf 92' lang='lat' dir='ltr'><strong>et</strong></span> <span class='ocrx_word' id='word_1_1138' title='bbox 2158 4957 2258 5009; x_wconf 83' lang='lat' dir='ltr'><strong>alia</strong></span> <span class='ocrx_word' id='word_1_1139' title='bbox 2292 4957 2446 5011; x_wconf 87' lang='lat' dir='ltr'><strong>lectio</strong></span> <span class='ocrx_word' id='word_1_1140' title='bbox 2495 4957 2548 5009; x_wconf 91' lang='lat' dir='ltr'><strong>in</strong></span> <span class='ocrx_word' id='word_1_1141' title='bbox 2601 4951 2703 5024; x_wconf 87' lang='lat' dir='ltr'><strong>hoc</strong></span> <span class='ocrx_word' id='word_1_1142' title='bbox 2758 4951 2962 5022; x_wconf 79' lang='lat' dir='ltr'><strong>psalmo</strong></span> <span class='ocrx_word' id='word_1_1143' title='bbox 3009 4969 3042 5009; x_wconf 85' lang='lat' dir='ltr'><strong>a</strong></span> <span class='ocrx_word' id='word_1_1144' title='bbox 3069 4953 3362 5024; x_wconf 84' lang='lat' dir='ltr'><strong>principio,</strong></span> <span class='ocrx_word' id='word_1_1145' title='bbox 3405 4953 3462 5010; x_wconf 82' lang='lat' dir='ltr'><strong>si</strong></span> 
     </span>
    </p>
   </div>
   <div class='ocr_carea' id='block_1_143' title="bbox 1880 5023 3464 5094">
    <p class='ocr_par' dir='ltr' id='par_1_143' title="bbox 1880 5023 3464 5094">
     <span class='ocr_line' id='line_1_145' title="bbox 1880 5023 3464 5094; baseline -0.001 -14"><span class='ocrx_word' id='word_1_1146' title='bbox 1880 5027 1998 5094; x_wconf 85' lang='lat' dir='ltr'><strong>quis</strong></span> <span class='ocrx_word' id='word_1_1147' title='bbox 2029 5043 2132 5080; x_wconf 89' lang='lat' dir='ltr'><strong>non</strong></span> <span class='ocrx_word' id='word_1_1148' title='bbox 2165 5026 2491 5082; x_wconf 87' lang='lat' dir='ltr'><strong>historialem</strong></span> <span class='ocrx_word' id='word_1_1149' title='bbox 2511 5066 2526 5088; x_wconf 84' lang='lat'><strong>,</strong></span> <span class='ocrx_word' id='word_1_1150' title='bbox 2559 5023 2654 5078; x_wconf 87' lang='lat' dir='ltr'><strong>sed</strong></span> <span class='ocrx_word' id='word_1_1151' title='bbox 2684 5025 2965 5080; x_wconf 82' lang='lat' dir='ltr'><strong>mortalem</strong></span> <span class='ocrx_word' id='word_1_1152' title='bbox 2997 5023 3218 5081; x_wconf 78' lang='lat' dir='ltr'><strong>.inSistat</strong></span> <span class='ocrx_word' id='word_1_1153' title='bbox 3247 5026 3464 5081; x_wconf 86' lang='lat' dir='ltr'><strong>destru-</strong></span> 
     </span>
    </p>
   </div>
   <div class='ocr_carea' id='block_1_144' title="bbox 1882 5094 3463 5166">
    <p class='ocr_par' dir='ltr' id='par_1_144' title="bbox 1882 5094 3463 5166">
     <span class='ocr_line' id='line_1_146' title="bbox 1882 5094 3463 5166; baseline -0.001 -14"><span class='ocrx_word' id='word_1_1154' title='bbox 1882 5098 2115 5152; x_wconf 88' lang='lat' dir='ltr'><strong>ctionem</strong></span> <span class='ocrx_word' id='word_1_1155' title='bbox 2150 5114 2246 5164; x_wconf 87' lang='lat' dir='ltr'><strong>per</strong></span> <span class='ocrx_word' id='word_1_1156' title='bbox 2274 5099 2416 5152; x_wconf 89' lang='lat' dir='ltr'><strong>illam</strong></span> <span class='ocrx_word' id='word_1_1157' title='bbox 2469 5095 2844 5166; x_wconf 76' lang='lat' dir='ltr'><strong>signiﬁcatam,</strong></span> <span class='ocrx_word' id='word_1_1158' title='bbox 2878 5107 2932 5151; x_wconf 86' lang='lat' dir='ltr'><strong>et</strong></span> <span class='ocrx_word' id='word_1_1159' title='bbox 2970 5094 3114 5150; x_wconf 87' lang='lat' dir='ltr'><strong>dicat</strong></span> <span class='ocrx_word' id='word_1_1160' title='bbox 3143 5095 3265 5165; x_wconf 84' lang='lat' dir='ltr'><strong>quia</strong></span> <span class='ocrx_word' id='word_1_1161' title='bbox 3295 5095 3463 5150; x_wconf 78' lang='lat' dir='ltr'><strong>intel-</strong></span> 
     </span>
    </p>
   </div>
   <div class='ocr_carea' id='block_1_145' title="bbox 1880 5166 3464 5237">
    <p class='ocr_par' dir='ltr' id='par_1_145' title="bbox 1880 5166 3464 5237">
     <span class='ocr_line' id='line_1_147' title="bbox 1880 5166 3464 5237; baseline 0 -15"><span class='ocrx_word' id='word_1_1162' title='bbox 1880 5166 2051 5237; x_wconf 81' lang='lat' dir='ltr'><strong>ligens</strong></span> <span class='ocrx_word' id='word_1_1163' title='bbox 2096 5169 2316 5236; x_wconf 75' lang='lat' dir='ltr'><strong>Asapli,</strong></span> <span class='ocrx_word' id='word_1_1164' title='bbox 2369 5168 2420 5222; x_wconf 89' lang='lat' dir='ltr'><strong>id</strong></span> <span class='ocrx_word' id='word_1_1165' title='bbox 2453 5178 2584 5237; x_wconf 71' lang='lat' dir='ltr'><strong>est,</strong></span> <span class='ocrx_word' id='word_1_1166' title='bbox 2640 5166 2899 5234; x_wconf 85' lang='lat' dir='ltr'><strong>propheta</strong></span> <span class='ocrx_word' id='word_1_1167' title='bbox 2951 5167 3196 5235; x_wconf 86' lang='lat' dir='ltr'><strong>deplorat</strong></span> <span class='ocrx_word' id='word_1_1168' title='bbox 3249 5167 3302 5222; x_wconf 90' lang='lat' dir='ltr'><strong>in</strong></span> <span class='ocrx_word' id='word_1_1169' title='bbox 3359 5167 3464 5222; x_wconf 86' lang='lat' dir='ltr'><strong>hoc</strong></span> 
     </span>
    </p>
   </div>
   <div class='ocr_carea' id='block_1_146' title="bbox 1882 5235 3465 5307">
    <p class='ocr_par' dir='ltr' id='par_1_146' title="bbox 1882 5235 3465 5307">
     <span class='ocr_line' id='line_1_148' title="bbox 1882 5235 3465 5307; baseline 0.003 -19"><span class='ocrx_word' id='word_1_1170' title='bbox 1882 5235 2088 5307; x_wconf 80' lang='lat' dir='ltr'><strong>psalmo</strong></span> <span class='ocrx_word' id='word_1_1171' title='bbox 2121 5235 2416 5294; x_wconf 69' lang='lat' dir='ltr'><strong>caesilatem</strong></span> <span class='ocrx_word' id='word_1_1172' title='bbox 2445 5235 2775 5307; x_wconf 62' lang='lat' dir='ltr'><strong>Judteorum,</strong></span> <span class='ocrx_word' id='word_1_1173' title='bbox 2827 5237 2918 5306; x_wconf 89' lang='lat' dir='ltr'><strong>qui</strong></span> <span class='ocrx_word' id='word_1_1174' title='bbox 2953 5246 3170 5307; x_wconf 75' lang='lat' dir='ltr'><strong>tempus</strong></span> <span class='ocrx_word' id='word_1_1175' title='bbox 3201 5238 3465 5292; x_wconf 84' lang='lat' dir='ltr'><strong>visitatio-</strong></span> 
     </span>
    </p>
   </div>
   <div class='ocr_carea' id='block_1_147' title="bbox 1881 5305 3471 5373">
    <p class='ocr_par' dir='ltr' id='par_1_147' title="bbox 1881 5305 3471 5373">
     <span class='ocr_line' id='line_1_149' title="bbox 1881 5305 3471 5373; baseline 0 -10"><span class='ocrx_word' id='word_1_1176' title='bbox 1881 5305 1964 5363; x_wconf 80' lang='lat' dir='ltr'><strong>iiis</strong></span> <span class='ocrx_word' id='word_1_1177' title='bbox 2005 5325 2110 5363; x_wconf 76' lang='lat' dir='ltr'><strong>non</strong></span> <span class='ocrx_word' id='word_1_1178' title='bbox 2149 5319 2488 5373; x_wconf 86' lang='lat' dir='ltr'><strong>averterunt,</strong></span> <span class='ocrx_word' id='word_1_1179' title='bbox 2529 5305 2597 5362; x_wconf 88' lang='lat' dir='ltr'><strong>ad</strong></span> <span class='ocrx_word' id='word_1_1180' title='bbox 2636 5305 3060 5362; x_wconf 76' lang='lat' dir='ltr'><strong>convincendum</strong></span> <span class='ocrx_word' id='word_1_1181' title='bbox 3092 5305 3348 5362; x_wconf 84' lang='lat' dir='ltr'><strong>duritiam</strong></span> <span class='ocrx_word' id='word_1_1182' title='bbox 3375 5322 3471 5363; x_wconf 85' lang='lat' dir='ltr'><strong>eo-</strong></span> 
     </span>
    </p>
   </div>
   <div class='ocr_carea' id='block_1_148' title="bbox 1881 5378 3467 5448">
    <p class='ocr_par' dir='ltr' id='par_1_148' title="bbox 1881 5378 3467 5448">
     <span class='ocr_line' id='line_1_150' title="bbox 1881 5378 3467 5448; baseline -0.001 -14"><span class='ocrx_word' id='word_1_1183' title='bbox 1881 5397 2023 5447; x_wconf 84' lang='lat' dir='ltr'><strong>rum,</strong></span> <span class='ocrx_word' id='word_1_1184' title='bbox 2073 5381 2314 5448; x_wconf 89' lang='lat' dir='ltr'><strong>scilicet,</strong></span> <span class='ocrx_word' id='word_1_1185' title='bbox 2356 5390 2413 5433; x_wconf 90' lang='lat' dir='ltr'><strong>ut</strong></span> <span class='ocrx_word' id='word_1_1186' title='bbox 2464 5380 2510 5434; x_wconf 90' lang='lat' dir='ltr'><strong>si</strong></span> <span class='ocrx_word' id='word_1_1187' title='bbox 2556 5378 2858 5447; x_wconf 70' lang='lat' dir='ltr'><strong>prtecedere</strong></span> <span class='ocrx_word' id='word_1_1188' title='bbox 2908 5379 3218 5447; x_wconf 89' lang='lat' dir='ltr'><strong>noluerunt,</strong></span> <span class='ocrx_word' id='word_1_1189' title='bbox 3265 5380 3467 5434; x_wconf 81' lang='lat' dir='ltr'><strong>saltem</strong></span> 
     </span>
    </p>
   </div>
   <div class='ocr_carea' id='block_1_149' title="bbox 1883 5449 3466 5521">
    <p class='ocr_par' dir='ltr' id='par_1_149' title="bbox 1883 5449 3466 5521">
     <span class='ocr_line' id='line_1_151' title="bbox 1883 5449 3466 5521; baseline 0.003 -20"><span class='ocrx_word' id='word_1_1190' title='bbox 1883 5465 2162 5521; x_wconf 82' lang='lat' dir='ltr'><strong>postquam</strong></span> <span class='ocrx_word' id='word_1_1191' title='bbox 2207 5452 2429 5519; x_wconf 80' lang='lat' dir='ltr'><strong>populus</strong></span> <span class='ocrx_word' id='word_1_1192' title='bbox 2457 5449 2603 5518; x_wconf 82' lang='lat' dir='ltr'><strong>prius</strong></span> <span class='ocrx_word' id='word_1_1193' title='bbox 2635 5449 2932 5521; x_wconf 80' lang='lat' dir='ltr'><strong>incognitus</strong></span> <span class='ocrx_word' id='word_1_1194' title='bbox 2955 5450 3146 5515; x_wconf 87' lang='lat' dir='ltr'><strong>servit,</strong></span> <span class='ocrx_word' id='word_1_1195' title='bbox 3175 5465 3270 5517; x_wconf 87' lang='lat' dir='ltr'><strong>per</strong></span> <span class='ocrx_word' id='word_1_1196' title='bbox 3299 5465 3466 5505; x_wconf 74' lang='lat' dir='ltr'><strong>temu-</strong></span> 
     </span>
    </p>
   </div>
   <div class='ocr_carea' id='block_1_150' title="bbox 1879 5519 3467 5588">
    <p class='ocr_par' dir='ltr' id='par_1_150' title="bbox 1879 5519 3467 5588">
     <span class='ocr_line' id='line_1_152' title="bbox 1879 5519 3467 5588; baseline 0.001 -13"><span class='ocrx_word' id='word_1_1197' title='bbox 1879 5519 2138 5576; x_wconf 76' lang='lat' dir='ltr'><strong>latioacm</strong></span> <span class='ocrx_word' id='word_1_1198' title='bbox 2188 5523 2422 5584; x_wconf 81' lang='lat' dir='ltr'><strong>adducti,</strong></span> <span class='ocrx_word' id='word_1_1199' title='bbox 2473 5534 2764 5588; x_wconf 82' lang='lat' dir='ltr'><strong>sequantur</strong></span> <span class='ocrx_word' id='word_1_1200' title='bbox 2811 5519 2902 5588; x_wconf 88' lang='lat' dir='ltr'><strong>qui</strong></span> <span class='ocrx_word' id='word_1_1201' title='bbox 2943 5523 3236 5588; x_wconf 60' lang='lat' dir='ltr'><strong>praecessit.</strong></span> <span class='ocrx_word' id='word_1_1202' title='bbox 3293 5523 3361 5576; x_wconf 80' lang='lat' dir='ltr'><strong>Et</strong></span> <span class='ocrx_word' id='word_1_1203' title='bbox 3389 5524 3467 5576; x_wconf 80' lang='lat' dir='ltr'><strong>ita</strong></span> 
     </span>
    </p>
   </div>
   <div class='ocr_carea' id='block_1_151' title="bbox 1881 5590 3472 5661">
    <p class='ocr_par' dir='ltr' id='par_1_151' title="bbox 1881 5590 3472 5661">
     <span class='ocr_line' id='line_1_153' title="bbox 1881 5590 3472 5661; baseline 0 -14"><span class='ocrx_word' id='word_1_1204' title='bbox 1881 5595 2047 5648; x_wconf 82' lang='lat' dir='ltr'><strong>dicit:</strong></span> <span class='ocrx_word' id='word_1_1205' title='bbox 2088 5596 2132 5647; x_wconf 87' lang='grc'>0</span> <span class='ocrx_word' id='word_1_1206' title='bbox 2162 5593 2317 5658; x_wconf 86' lang='lat' dir='ltr'><strong>Deus,</strong></span> <span class='ocrx_word' id='word_1_1207' title='bbox 2351 5603 2402 5646; x_wconf 84' lang='lat' dir='ltr'><strong>ut</strong></span> <span class='ocrx_word' id='word_1_1208' title='bbox 2442 5593 2565 5661; x_wconf 80' lang='lat' dir='ltr'><strong>quia</strong></span> <span class='ocrx_word' id='word_1_1209' title='bbox 2605 5606 2702 5645; x_wconf 88' lang='lat' dir='ltr'><strong>nos</strong></span> <span class='ocrx_word' id='word_1_1210' title='bbox 2725 5591 2956 5661; x_wconf 83' lang='lat' dir='ltr'><strong>repulisti</strong></span> <span class='ocrx_word' id='word_1_1211' title='bbox 2983 5590 3304 5646; x_wconf 74' lang='lat' dir='ltr'><strong>exeatcando</strong></span> <span class='ocrx_word' id='word_1_1212' title='bbox 3333 5597 3472 5657; x_wconf 62' lang='lat' dir='ltr'><strong>ita,</strong></span> 
     </span>
    </p>
   </div>
   <div class='ocr_carea' id='block_1_152' title="bbox 1887 5660 3468 5732">
    <p class='ocr_par' dir='ltr' id='par_1_152' title="bbox 1887 5660 3468 5732">
     <span class='ocr_line' id='line_1_154' title="bbox 1887 5660 3468 5732; baseline -0.001 -15"><span class='ocrx_word' id='word_1_1213' title='bbox 1887 5677 1941 5717; x_wconf 91' lang='lat' dir='ltr'><strong>ut</strong></span> <span class='ocrx_word' id='word_1_1214' title='bbox 1972 5683 2076 5718; x_wconf 86' lang='lat' dir='ltr'><strong>non</strong></span> <span class='ocrx_word' id='word_1_1215' title='bbox 2107 5660 2476 5719; x_wconf 75' lang='lat' dir='ltr'><strong>avorteremus</strong></span> <span class='ocrx_word' id='word_1_1216' title='bbox 2507 5676 2714 5731; x_wconf 84' lang='lat' dir='ltr'><strong>tempus</strong></span> <span class='ocrx_word' id='word_1_1217' title='bbox 2740 5660 3058 5718; x_wconf 74' lang='lat' dir='ltr'><strong>visitatiouis</strong></span> <span class='ocrx_word' id='word_1_1218' title='bbox 3082 5663 3103 5716; x_wconf 87' lang='lat'><strong>?</strong></span> <span class='ocrx_word' id='word_1_1219' title='bbox 3131 5664 3389 5732; x_wconf 66' lang='lat' dir='ltr'><strong>Repulimi</strong></span> <span class='ocrx_word' id='word_1_1220' title='bbox 3411 5664 3468 5716; x_wconf 76' lang='lat' dir='ltr'><strong>ita</strong></span> 
     </span>
    </p>
   </div>
   <div class='ocr_carea' id='block_1_153' title="bbox 1882 5733 3465 5813">
    <p class='ocr_par' dir='ltr' id='par_1_153' title="bbox 1882 5733 3465 5813">
     <span class='ocr_line' id='line_1_155' title="bbox 1882 5733 3465 5813; baseline -0.001 -25"><span class='ocrx_word' id='word_1_1221' title='bbox 1882 5737 2070 5813; x_wconf 78' lang='lat' dir='ltr'><strong>finem,</strong></span> <span class='ocrx_word' id='word_1_1222' title='bbox 2123 5737 2326 5813; x_wconf 68' lang='lat' dir='ltr'><strong>scilicet</strong></span> <span class='ocrx_word' id='word_1_1223' title='bbox 2344 5775 2370 5813; x_wconf 83' lang='lat'><strong>,_</strong></span> <span class='ocrx_word' id='word_1_1224' title='bbox 2404 5735 2455 5813; x_wconf 84' lang='lat' dir='ltr'><strong>in</strong></span> <span class='ocrx_word' id='word_1_1225' title='bbox 2501 5736 2669 5813; x_wconf 59' lang='lat' dir='ltr'><strong>tinctu</strong></span> <span class='ocrx_word' id='word_1_1226' title='bbox 2723 5734 2874 5813; x_wconf 77' lang='lat' dir='ltr'><strong>illum</strong></span> <span class='ocrx_word' id='word_1_1227' title='bbox 2889 5771 2914 5798; x_wconf 82' lang='grc'><strong>,,</strong></span> <span class='ocrx_word' id='word_1_1228' title='bbox 2953 5733 3181 5813; x_wconf 61' lang='lat' dir='ltr'><strong>quando</strong></span> <span class='ocrx_word' id='word_1_1229' title='bbox 3213 5733 3465 5813; x_wconf 50' lang='lat' dir='ltr'><strong>reliqui?</strong></span> 
     </span>
    </p>
   </div>
   <div class='ocr_carea' id='block_1_154' title="bbox 1883 5804 3463 5883">
    <p class='ocr_par' dir='ltr' id='par_1_154' title="bbox 1883 5804 3463 5883">
     <span class='ocr_line' id='line_1_156' title="bbox 1883 5804 3463 5883; baseline 0 -21"><span class='ocrx_word' id='word_1_1230' title='bbox 1883 5804 2044 5883; x_wconf 57' lang='lat' dir='ltr'><strong>Salvte</strong></span> <span class='ocrx_word' id='word_1_1231' title='bbox 2074 5805 2375 5883; x_wconf 67' lang='lat' dir='ltr'><strong>erunt._\’el</strong></span> <span class='ocrx_word' id='word_1_1232' title='bbox 2407 5804 2658 5883; x_wconf 71' lang='lat' dir='ltr'><strong>linem</strong></span> <span class='ocrx_word' id='word_1_1233' title='bbox 2681 5805 3022 5883; x_wconf 72' lang='lat' dir='ltr'><strong>repulsionis,</strong></span> <span class='ocrx_word' id='word_1_1234' title='bbox 3069 5805 3123 5862; x_wconf 85' lang='lat' dir='ltr'><strong>id</strong></span> <span class='ocrx_word' id='word_1_1235' title='bbox 3152 5817 3254 5871; x_wconf 70' lang='lat' dir='ltr'><strong>cit,</strong></span> 
     </span>
    </p>
   </div>
   <div class='ocr_carea' id='block_1_155' title="bbox 1884 5876 3461 5951">
    <p class='ocr_par' dir='ltr' id='par_1_155' title="bbox 1884 5876 3461 5951">
     <span class='ocr_line' id='line_1_157' title="bbox 1884 5876 3461 5951; baseline 0 -17"><span class='ocrx_word' id='word_1_1236' title='bbox 1884 5879 2040 5935; x_wconf 67' lang='lat' dir='ltr'><strong>modo</strong></span> <span class='ocrx_word' id='word_1_1237' title='bbox 2080 5878 2426 5951; x_wconf 81' lang='lat' dir='ltr'><strong>repulsioue‘l</strong></span> <span class='ocrx_word' id='word_1_1238' title='bbox 2457 5877 2650 5950; x_wconf 83' lang='lat' dir='ltr'><strong>Utique</strong></span> <span class='ocrx_word' id='word_1_1239' title='bbox 2673 5891 2800 5949; x_wconf 91' lang='lat' dir='ltr'><strong>non,</strong></span> <span class='ocrx_word' id='word_1_1240' title='bbox 2841 5879 2966 5950; x_wconf 87' lang='lat' dir='ltr'><strong>quia</strong></span> <span class='ocrx_word' id='word_1_1241' title='bbox 2995 5877 3143 5950; x_wconf 78' lang='lat' dir='ltr'><strong>[uror</strong></span> <span class='ocrx_word' id='word_1_1242' title='bbox 3166 5887 3286 5933; x_wconf 75' lang='lat' dir='ltr'><strong>tuus</strong></span> <span class='ocrx_word' id='word_1_1243' title='bbox 3314 5876 3461 5934; x_wconf 81' lang='lat' dir='ltr'><strong>babi-</strong></span> 
     </span>
    </p>
   </div>
  </div>
