  <div class='ocr_page' id='page_1' title='image "/cluster/home/n/w/nwhite01/storage/ocr_20150623/93/hvd.32044015471196/445.png"; bbox 0 0 3984 6362; ppageno 0'>
   <div class='ocr_carea' id='block_1_1' title="bbox 533 348 648 411">
    <p class='ocr_par' dir='ltr' id='par_1_1' title="bbox 533 348 648 411">
     <span class='ocr_line' id='line_1_1' title="bbox 533 348 648 411; baseline -0.043 -1"><span class='ocrx_word' id='word_1_1' title='bbox 533 348 648 411; x_wconf 81' lang='grc'><strong>879</strong></span> 
     </span>
    </p>
   </div>
   <div class='ocr_carea' id='block_1_2' title="bbox 988 334 3331 404">
    <p class='ocr_par' dir='ltr' id='par_1_2' title="bbox 988 334 3331 404">
     <span class='ocr_line' id='line_1_2' title="bbox 988 334 3331 404; baseline -0.003 -5"><span class='ocrx_word' id='word_1_2' title='bbox 988 343 1192 399; x_wconf 75' lang='grc' dir='ltr'><strong>13ΕοᾸέ</strong></span> <span class='ocrx_word' id='word_1_3' title='bbox 1232 341 1678 404; x_wconf 76' lang='lat' dir='ltr'><strong>VENERABILIS</strong></span> <span class='ocrx_word' id='word_1_4' title='bbox 1713 347 1867 404; x_wconf 85' lang='lat' dir='ltr'><strong>OPP.</strong></span> <span class='ocrx_word' id='word_1_5' title='bbox 1906 341 2085 401; x_wconf 80' lang='lat' dir='ltr'><strong>PARS</strong></span> <span class='ocrx_word' id='word_1_6' title='bbox 2125 336 2188 396; x_wconf 87' lang='lat' dir='ltr'><strong>ll.</strong></span> <span class='ocrx_word' id='word_1_7' title='bbox 2229 338 2425 395; x_wconf 86' lang='lat' dir='ltr'><strong>SECT.</strong></span> <span class='ocrx_word' id='word_1_8' title='bbox 2466 337 2529 393; x_wconf 91' lang='lat' dir='ltr'><strong>ll.</strong></span> <span class='ocrx_word' id='word_1_9' title='bbox 2573 365 2642 378; x_wconf 89' lang='lat'><strong>—-</strong></span> <span class='ocrx_word' id='word_1_10' title='bbox 2684 334 2892 394; x_wconf 78' lang='lat' dir='ltr'><strong>DUBIA</strong></span> <span class='ocrx_word' id='word_1_11' title='bbox 2930 335 3019 392; x_wconf 83' lang='lat' dir='ltr'><strong>ET</strong></span> <span class='ocrx_word' id='word_1_12' title='bbox 3057 334 3331 394; x_wconf 77' lang='lat' dir='ltr'><strong>SPURIA.</strong></span> 
     </span>
    </p>
   </div>
   <div class='ocr_carea' id='block_1_3' title="bbox 3712 339 3818 401">
    <p class='ocr_par' dir='ltr' id='par_1_3' title="bbox 3712 339 3818 401">
     <span class='ocr_line' id='line_1_3' title="bbox 3712 339 3818 401; baseline 0 -3"><span class='ocrx_word' id='word_1_13' title='bbox 3712 339 3818 401; x_wconf 83' lang='lat'><strong>880</strong></span> 
     </span>
    </p>
   </div>
   <div class='ocr_carea' id='block_1_4' title="bbox 536 446 3821 529">
    <p class='ocr_par' dir='ltr' id='par_1_4' title="bbox 536 446 3821 529">
     <span class='ocr_line' id='line_1_4' title="bbox 536 446 3821 529; baseline -0.003 -11"><span class='ocrx_word' id='word_1_14' title='bbox 536 469 627 519; x_wconf 87' lang='lat' dir='ltr'><strong>tus</strong></span> <span class='ocrx_word' id='word_1_15' title='bbox 647 472 798 529; x_wconf 81' lang='lat' dir='ltr'><strong><em>super</em></strong></span> <span class='ocrx_word' id='word_1_16' title='bbox 838 470 950 529; x_wconf 79' lang='lat' dir='ltr'><strong>oves</strong></span> <span class='ocrx_word' id='word_1_17' title='bbox 973 470 1175 524; x_wconf 78' lang='lat' dir='ltr'><strong>pascute</strong></span> <span class='ocrx_word' id='word_1_18' title='bbox 1205 462 1337 529; x_wconf 72' lang='lat' dir='ltr'><strong>(itm,</strong></span> <span class='ocrx_word' id='word_1_19' title='bbox 1360 454 1411 529; x_wconf 87' lang='lat' dir='ltr'><strong>id</strong></span> <span class='ocrx_word' id='word_1_20' title='bbox 1452 464 1565 520; x_wconf 88' lang='lat' dir='ltr'><strong>est,</strong></span> <span class='ocrx_word' id='word_1_21' title='bbox 1608 471 1768 525; x_wconf 81' lang='lat' dir='ltr'><strong>super</strong></span> <span class='ocrx_word' id='word_1_22' title='bbox 1813 469 1931 529; x_wconf 78' lang='lat' dir='ltr'><strong>nos,</strong></span> <span class='ocrx_word' id='word_1_23' title='bbox 1979 468 2117 529; x_wconf 91' lang='lat' dir='ltr'><strong>quos</strong></span> <span class='ocrx_word' id='word_1_24' title='bbox 2148 452 2199 511; x_wconf 82' lang='lat' dir='ltr'><strong>A</strong></span> <span class='ocrx_word' id='word_1_25' title='bbox 2225 448 2513 529; x_wconf 77' lang='lat' dir='ltr'><strong>potuimus,</strong></span> <span class='ocrx_word' id='word_1_26' title='bbox 2548 448 2669 529; x_wconf 75' lang='lat' dir='ltr'><strong>quia</strong></span> <span class='ocrx_word' id='word_1_27' title='bbox 2699 465 2799 529; x_wconf 68' lang='lat' dir='ltr'><strong>non</strong></span> <span class='ocrx_word' id='word_1_28' title='bbox 2828 456 2903 502; x_wconf 89' lang='lat' dir='ltr'><strong>est</strong></span> <span class='ocrx_word' id='word_1_29' title='bbox 2924 446 3210 519; x_wconf 71' lang='lat' dir='ltr'><strong>propheta;</strong></span> <span class='ocrx_word' id='word_1_30' title='bbox 3242 460 3295 505; x_wconf 73' lang='lat' dir='ltr'><strong>et</strong></span> <span class='ocrx_word' id='word_1_31' title='bbox 3327 449 3450 520; x_wconf 86' lang='lat' dir='ltr'><strong>quia</strong></span> <span class='ocrx_word' id='word_1_32' title='bbox 3480 450 3635 529; x_wconf 71' lang='lat' dir='ltr'><strong>signa</strong></span> <span class='ocrx_word' id='word_1_33' title='bbox 3661 466 3821 529; x_wconf 81' lang='lat' dir='ltr'><strong>com-</strong></span> 
     </span>
    </p>
   </div>
   <div class='ocr_carea' id='block_1_5' title="bbox 538 526 2116 604">
    <p class='ocr_par' dir='ltr' id='par_1_5' title="bbox 538 526 2116 604">
     <span class='ocr_line' id='line_1_5' title="bbox 538 526 2116 604; baseline -0.006 -17"><span class='ocrx_word' id='word_1_34' title='bbox 538 533 686 604; x_wconf 89' lang='lat' dir='ltr'><strong>prius</strong></span> <span class='ocrx_word' id='word_1_35' title='bbox 711 526 979 599; x_wconf 77' lang='lat' dir='ltr'><strong>legalibus</strong></span> <span class='ocrx_word' id='word_1_36' title='bbox 1010 534 1065 580; x_wconf 89' lang='lat' dir='ltr'><strong>et</strong></span> <span class='ocrx_word' id='word_1_37' title='bbox 1098 526 1422 593; x_wconf 75' lang='lat' dir='ltr'><strong>propheticis</strong></span> <span class='ocrx_word' id='word_1_38' title='bbox 1466 530 1678 604; x_wconf 78' lang='lat' dir='ltr'><strong>scriptis</strong></span> <span class='ocrx_word' id='word_1_39' title='bbox 1729 527 1941 604; x_wconf 71' lang='lat' dir='ltr'><strong>pavisti,</strong></span> <span class='ocrx_word' id='word_1_40' title='bbox 1973 528 2116 579; x_wconf 88' lang='lat' dir='ltr'><strong>sicut</strong></span> 
     </span>
    </p>
   </div>
   <div class='ocr_carea' id='block_1_6' title="bbox 538 596 2105 674">
    <p class='ocr_par' dir='ltr' id='par_1_6' title="bbox 538 596 2105 674">
     <span class='ocr_line' id='line_1_6' title="bbox 538 596 2105 674; baseline -0.005 -18"><span class='ocrx_word' id='word_1_41' title='bbox 538 596 658 674; x_wconf 75' lang='lat' dir='ltr'><strong>pius</strong></span> <span class='ocrx_word' id='word_1_42' title='bbox 702 596 881 674; x_wconf 81' lang='lat' dir='ltr'><strong>pastor</strong></span> <span class='ocrx_word' id='word_1_43' title='bbox 930 612 1061 651; x_wconf 88' lang='lat' dir='ltr'><strong>oves</strong></span> <span class='ocrx_word' id='word_1_44' title='bbox 1100 612 1221 674; x_wconf 82' lang='lat' dir='ltr'><strong>suas</strong></span> <span class='ocrx_word' id='word_1_45' title='bbox 1266 607 1441 674; x_wconf 77' lang='lat' dir='ltr'><strong>pascet</strong></span> <span class='ocrx_word' id='word_1_46' title='bbox 1473 616 1495 674; x_wconf 84' lang='lat'><strong>;_</strong></span> <span class='ocrx_word' id='word_1_47' title='bbox 1528 608 1606 674; x_wconf 74' lang='lat' dir='ltr'><strong>est</strong></span> <span class='ocrx_word' id='word_1_48' title='bbox 1646 599 1839 674; x_wconf 53' lang='lat' dir='ltr'><strong>iratus,</strong></span> <span class='ocrx_word' id='word_1_49' title='bbox 1887 596 1937 649; x_wconf 89' lang='lat' dir='ltr'><strong>id</strong></span> <span class='ocrx_word' id='word_1_50' title='bbox 1996 604 2105 656; x_wconf 88' lang='lat' dir='ltr'><strong>est,</strong></span> 
     </span>
    </p>
   </div>
   <div class='ocr_carea' id='block_1_7' title="bbox 538 666 2110 732">
    <p class='ocr_par' dir='ltr' id='par_1_7' title="bbox 538 666 2110 732">
     <span class='ocr_line' id='line_1_7' title="bbox 538 666 2110 732; baseline -0.006 -4"><span class='ocrx_word' id='word_1_51' title='bbox 538 666 646 728; x_wconf 70' lang='lat' dir='ltr'><strong>cito</strong></span> <span class='ocrx_word' id='word_1_52' title='bbox 682 666 825 724; x_wconf 70' lang='lat' dir='ltr'><strong>velut</strong></span> <span class='ocrx_word' id='word_1_53' title='bbox 866 669 941 721; x_wconf 89' lang='lat' dir='ltr'><strong>ira</strong></span> <span class='ocrx_word' id='word_1_54' title='bbox 976 669 1235 732; x_wconf 86' lang='lat' dir='ltr'><strong>transiet;</strong></span> <span class='ocrx_word' id='word_1_55' title='bbox 1290 670 1364 721; x_wconf 91' lang='lat' dir='ltr'><strong>ira</strong></span> <span class='ocrx_word' id='word_1_56' title='bbox 1413 670 1552 721; x_wconf 89' lang='lat' dir='ltr'><strong>enim</strong></span> <span class='ocrx_word' id='word_1_57' title='bbox 1596 669 1772 722; x_wconf 82' lang='lat' dir='ltr'><strong>brevis</strong></span> <span class='ocrx_word' id='word_1_58' title='bbox 1816 666 1965 720; x_wconf 80' lang='lat' dir='ltr'><strong>furor</strong></span> <span class='ocrx_word' id='word_1_59' title='bbox 2008 675 2110 719; x_wconf 86' lang='lat' dir='ltr'><strong>est.</strong></span> 
     </span>
    </p>
   </div>
   <div class='ocr_carea' id='block_1_8' title="bbox 538 737 2113 807">
    <p class='ocr_par' dir='ltr' id='par_1_8' title="bbox 538 737 2113 807">
     <span class='ocr_line' id='line_1_8' title="bbox 538 737 2113 807; baseline -0.003 -13"><span class='ocrx_word' id='word_1_60' title='bbox 538 744 741 801; x_wconf 69' lang='lat' dir='ltr'><strong>Memor</strong></span> <span class='ocrx_word' id='word_1_61' title='bbox 771 748 877 792; x_wconf 89' lang='lat' dir='ltr'><strong>esto</strong></span> <span class='ocrx_word' id='word_1_62' title='bbox 903 740 1307 807; x_wconf 77' lang='lat' dir='ltr'><strong>congregationis</strong></span> <span class='ocrx_word' id='word_1_63' title='bbox 1341 748 1462 804; x_wconf 72' lang='lat' dir='ltr'><strong>tum,</strong></span> <span class='ocrx_word' id='word_1_64' title='bbox 1494 755 1560 793; x_wconf 93' lang='lat' dir='ltr'><strong>ne</strong></span> <span class='ocrx_word' id='word_1_65' title='bbox 1589 741 1636 792; x_wconf 82' lang='lat' dir='ltr'><strong>iu</strong></span> <span class='ocrx_word' id='word_1_66' title='bbox 1670 740 1825 793; x_wconf 82' lang='lat' dir='ltr'><strong>linem</strong></span> <span class='ocrx_word' id='word_1_67' title='bbox 1852 752 1946 791; x_wconf 93' lang='lat' dir='ltr'><strong>nos</strong></span> <span class='ocrx_word' id='word_1_68' title='bbox 1970 737 2113 790; x_wconf 89' lang='lat' dir='ltr'><strong>Deus</strong></span> 
     </span>
    </p>
   </div>
   <div class='ocr_carea' id='block_1_9' title="bbox 538 807 2114 884">
    <p class='ocr_par' dir='ltr' id='par_1_9' title="bbox 538 807 2114 884">
     <span class='ocr_line' id='line_1_9' title="bbox 538 807 2114 884; baseline -0.006 -16"><span class='ocrx_word' id='word_1_69' title='bbox 538 812 793 884; x_wconf 77' lang='lat' dir='ltr'><strong>repellas,</strong></span> <span class='ocrx_word' id='word_1_70' title='bbox 838 810 1162 884; x_wconf 83' lang='lat' dir='ltr'><strong>sed_memor</strong></span> <span class='ocrx_word' id='word_1_71' title='bbox 1190 821 1294 884; x_wconf 77' lang='lat' dir='ltr'><strong>esto</strong></span> <span class='ocrx_word' id='word_1_72' title='bbox 1321 810 1723 881; x_wconf 75' lang='lat' dir='ltr'><strong>congregationis</strong></span> <span class='ocrx_word' id='word_1_73' title='bbox 1752 812 1802 863; x_wconf 91' lang='lat' dir='ltr'><strong>in</strong></span> <span class='ocrx_word' id='word_1_74' title='bbox 1844 810 1942 861; x_wconf 86' lang='lat' dir='ltr'><strong>hoc</strong></span> <span class='ocrx_word' id='word_1_75' title='bbox 1974 807 2114 884; x_wconf 87' lang='lat' dir='ltr'><strong>quod</strong></span> 
     </span>
    </p>
   </div>
   <div class='ocr_carea' id='block_1_10' title="bbox 540 879 2113 947">
    <p class='ocr_par' dir='ltr' id='par_1_10' title="bbox 540 879 2113 947">
     <span class='ocr_line' id='line_1_10' title="bbox 540 879 2113 947; baseline -0.006 -7"><span class='ocrx_word' id='word_1_76' title='bbox 540 879 659 947; x_wconf 59' lang='lat' dir='ltr'><strong>me,</strong></span> <span class='ocrx_word' id='word_1_77' title='bbox 710 881 887 945; x_wconf 89' lang='lat' dir='ltr'><strong>idest,</strong></span> <span class='ocrx_word' id='word_1_78' title='bbox 920 879 965 933; x_wconf 88' lang='lat' dir='ltr'><strong>si</strong></span> <span class='ocrx_word' id='word_1_79' title='bbox 997 894 1099 933; x_wconf 90' lang='lat' dir='ltr'><strong>nou</strong></span> <span class='ocrx_word' id='word_1_80' title='bbox 1153 882 1454 947; x_wconf 83' lang='lat' dir='ltr'><strong>palearum,</strong></span> <span class='ocrx_word' id='word_1_81' title='bbox 1506 879 1712 935; x_wconf 82' lang='lat' dir='ltr'><strong>memor</strong></span> <span class='ocrx_word' id='word_1_82' title='bbox 1756 888 1872 934; x_wconf 89' lang='lat' dir='ltr'><strong>esto</strong></span> <span class='ocrx_word' id='word_1_83' title='bbox 1923 881 2113 933; x_wconf 81' lang='lat' dir='ltr'><strong>saltem</strong></span> 
     </span>
    </p>
   </div>
   <div class='ocr_carea' id='block_1_11' title="bbox 542 950 2118 1025">
    <p class='ocr_par' dir='ltr' id='par_1_11' title="bbox 542 950 2118 1025">
     <span class='ocr_line' id='line_1_11' title="bbox 542 950 2118 1025; baseline -0.005 -17"><span class='ocrx_word' id='word_1_84' title='bbox 542 966 855 1025; x_wconf 81' lang='lat' dir='ltr'><strong>granorum,</strong></span> <span class='ocrx_word' id='word_1_85' title='bbox 897 952 1345 1025; x_wconf 81' lang='lat' dir='ltr'><strong>congregationis,</strong></span> <span class='ocrx_word' id='word_1_86' title='bbox 1370 951 1522 1025; x_wconf 79' lang='lat' dir='ltr'><strong>dico,</strong></span> <span class='ocrx_word' id='word_1_87' title='bbox 1564 968 1715 1017; x_wconf 84' lang='lat' dir='ltr'><strong>quant</strong></span> <span class='ocrx_word' id='word_1_88' title='bbox 1759 961 1810 1003; x_wconf 94' lang='lat' dir='ltr'><strong>tu</strong></span> <span class='ocrx_word' id='word_1_89' title='bbox 1852 950 2118 1025; x_wconf 71' lang='lat' dir='ltr'><strong>possedisti</strong></span> 
     </span>
    </p>
   </div>
   <div class='ocr_carea' id='block_1_12' title="bbox 540 1020 2119 1091">
    <p class='ocr_par' dir='ltr' id='par_1_12' title="bbox 540 1020 2119 1091">
     <span class='ocr_line' id='line_1_12' title="bbox 540 1020 2119 1091; baseline -0.005 -11"><span class='ocrx_word' id='word_1_90' title='bbox 540 1020 606 1080; x_wconf 70' lang='lat' dir='ltr'><strong>ab</strong></span> <span class='ocrx_word' id='word_1_91' title='bbox 634 1024 799 1087; x_wconf 86' lang='lat' dir='ltr'><strong>initio,</strong></span> <span class='ocrx_word' id='word_1_92' title='bbox 831 1021 953 1091; x_wconf 86' lang='lat' dir='ltr'><strong>quia</strong></span> <span class='ocrx_word' id='word_1_93' title='bbox 993 1022 1253 1088; x_wconf 82' lang='lat' dir='ltr'><strong>nusquam</strong></span> <span class='ocrx_word' id='word_1_94' title='bbox 1291 1021 1575 1077; x_wconf 80' lang='lat' dir='ltr'><strong>defuerunt</strong></span> <span class='ocrx_word' id='word_1_95' title='bbox 1603 1024 1691 1091; x_wconf 88' lang='lat' dir='ltr'><strong>qui</strong></span> <span class='ocrx_word' id='word_1_96' title='bbox 1723 1020 1998 1089; x_wconf 90' lang='lat' dir='ltr'><strong>reputandi</strong></span> <span class='ocrx_word' id='word_1_97' title='bbox 2032 1035 2119 1073; x_wconf 89' lang='grc' dir='ltr'><em>εε-</em></span> 
     </span>
    </p>
   </div>
   <div class='ocr_carea' id='block_1_13' title="bbox 543 1092 2119 1157">
    <p class='ocr_par' dir='ltr' id='par_1_13' title="bbox 543 1092 2119 1157">
     <span class='ocr_line' id='line_1_13' title="bbox 543 1092 2119 1157; baseline -0.006 -5"><span class='ocrx_word' id='word_1_98' title='bbox 543 1104 667 1153; x_wconf 89' lang='lat' dir='ltr'><strong>sent</strong></span> <span class='ocrx_word' id='word_1_99' title='bbox 701 1096 753 1148; x_wconf 89' lang='lat' dir='ltr'><strong>iu</strong></span> <span class='ocrx_word' id='word_1_100' title='bbox 796 1092 1025 1146; x_wconf 83' lang='lat' dir='ltr'><strong>semine.</strong></span> <span class='ocrx_word' id='word_1_101' title='bbox 1065 1094 1242 1157; x_wconf 82' lang='lat' dir='ltr'><strong>Quare</strong></span> <span class='ocrx_word' id='word_1_102' title='bbox 1278 1092 1442 1146; x_wconf 81' lang='lat' dir='ltr'><strong>debes</strong></span> <span class='ocrx_word' id='word_1_103' title='bbox 1481 1107 1685 1146; x_wconf 93' lang='lat' dir='ltr'><strong>memor</strong></span> <span class='ocrx_word' id='word_1_104' title='bbox 1725 1107 1845 1146; x_wconf 89' lang='lat' dir='ltr'><strong>esse</strong></span> <span class='ocrx_word' id='word_1_105' title='bbox 1877 1092 2119 1152; x_wconf 89' lang='lat' dir='ltr'><strong>illorum,</strong></span> 
     </span>
    </p>
   </div>
   <div class='ocr_carea' id='block_1_14' title="bbox 544 1161 2122 1231">
    <p class='ocr_par' dir='ltr' id='par_1_14' title="bbox 544 1161 2122 1231">
     <span class='ocr_line' id='line_1_14' title="bbox 544 1161 2122 1231; baseline -0.006 -8"><span class='ocrx_word' id='word_1_106' title='bbox 544 1165 669 1223; x_wconf 88' lang='lat' dir='ltr'><strong>ideo</strong></span> <span class='ocrx_word' id='word_1_107' title='bbox 698 1164 859 1219; x_wconf 89' lang='lat' dir='ltr'><strong>etiam</strong></span> <span class='ocrx_word' id='word_1_108' title='bbox 899 1161 1063 1217; x_wconf 87' lang='lat' dir='ltr'><strong>debes</strong></span> <span class='ocrx_word' id='word_1_109' title='bbox 1108 1176 1229 1217; x_wconf 87' lang='lat' dir='ltr'><strong>esse</strong></span> <span class='ocrx_word' id='word_1_110' title='bbox 1266 1178 1471 1217; x_wconf 89' lang='lat' dir='ltr'><strong>memor</strong></span> <span class='ocrx_word' id='word_1_111' title='bbox 1508 1164 1956 1231; x_wconf 70' lang='lat' dir='ltr'><strong>congregationis,</strong></span> <span class='ocrx_word' id='word_1_112' title='bbox 1997 1161 2122 1229; x_wconf 83' lang='lat' dir='ltr'><strong>quia</strong></span> 
     </span>
    </p>
   </div>
   <div class='ocr_carea' id='block_1_15' title="bbox 540 1232 2119 1302">
    <p class='ocr_par' dir='ltr' id='par_1_15' title="bbox 540 1232 2119 1302">
     <span class='ocr_line' id='line_1_15' title="bbox 540 1232 2119 1302; baseline -0.004 -11"><span class='ocrx_word' id='word_1_113' title='bbox 540 1246 601 1291; x_wconf 80' lang='grc' dir='ltr'><strong>ιιι</strong></span> <span class='ocrx_word' id='word_1_114' title='bbox 630 1232 889 1291; x_wconf 84' lang='lat' dir='ltr'><strong>redemisti</strong></span> <span class='ocrx_word' id='word_1_115' title='bbox 916 1234 1172 1302; x_wconf 88' lang='lat' dir='ltr'><strong>sanguine</strong></span> <span class='ocrx_word' id='word_1_116' title='bbox 1198 1233 1316 1287; x_wconf 87' lang='lat' dir='ltr'><strong>Filii</strong></span> <span class='ocrx_word' id='word_1_117' title='bbox 1349 1234 1421 1287; x_wconf 86' lang='lat' dir='ltr'><strong>tui</strong></span> <span class='ocrx_word' id='word_1_118' title='bbox 1446 1234 1638 1301; x_wconf 84' lang='lat' dir='ltr'><strong>virgam</strong></span> <span class='ocrx_word' id='word_1_119' title='bbox 1662 1234 1971 1287; x_wconf 67' lang='lat' dir='ltr'><strong>[Hereditatis</strong></span> <span class='ocrx_word' id='word_1_120' title='bbox 2000 1242 2119 1294; x_wconf 78' lang='lat' dir='ltr'><strong>tute,</strong></span> 
     </span>
    </p>
   </div>
   <div class='ocr_carea' id='block_1_16' title="bbox 542 1302 2123 1375">
    <p class='ocr_par' dir='ltr' id='par_1_16' title="bbox 542 1302 2123 1375">
     <span class='ocr_line' id='line_1_16' title="bbox 542 1302 2123 1375; baseline -0.006 -11"><span class='ocrx_word' id='word_1_121' title='bbox 542 1308 596 1364; x_wconf 93' lang='lat' dir='ltr'><strong>id</strong></span> <span class='ocrx_word' id='word_1_122' title='bbox 628 1318 731 1371; x_wconf 92' lang='grc' dir='ltr'><em>εει,</em></span> <span class='ocrx_word' id='word_1_123' title='bbox 771 1302 1137 1375; x_wconf 75' lang='lat' dir='ltr'><strong>haereditatem</strong></span> <span class='ocrx_word' id='word_1_124' title='bbox 1182 1304 1325 1375; x_wconf 85' lang='lat' dir='ltr'><strong>virga</strong></span> <span class='ocrx_word' id='word_1_125' title='bbox 1372 1314 1748 1367; x_wconf 89' lang='lat' dir='ltr'><strong>mensuratam,</strong></span> <span class='ocrx_word' id='word_1_126' title='bbox 1794 1304 1844 1357; x_wconf 91' lang='lat' dir='ltr'><strong>id</strong></span> <span class='ocrx_word' id='word_1_127' title='bbox 1885 1303 2123 1375; x_wconf 23' lang='lat' dir='ltr'><strong>estatibi</strong></span> 
     </span>
    </p>
   </div>
   <div class='ocr_carea' id='block_1_17' title="bbox 544 1373 2122 1450">
    <p class='ocr_par' dir='ltr' id='par_1_17' title="bbox 544 1373 2122 1450">
     <span class='ocr_line' id='line_1_17' title="bbox 544 1373 2122 1450; baseline -0.005 -17"><span class='ocrx_word' id='word_1_128' title='bbox 544 1379 816 1450; x_wconf 78' lang='lat' dir='ltr'><strong>propriam</strong></span> <span class='ocrx_word' id='word_1_129' title='bbox 835 1391 858 1450; x_wconf 89' lang='lat'><strong>_;</strong></span> <span class='ocrx_word' id='word_1_130' title='bbox 898 1375 1001 1450; x_wconf 83' lang='lat' dir='ltr'><strong>vel_</strong></span> <span class='ocrx_word' id='word_1_131' title='bbox 1025 1373 1611 1450; x_wconf 61' lang='lat' dir='ltr'><strong>talem__biered_itatem_</strong></span> <span class='ocrx_word' id='word_1_132' title='bbox 1643 1389 1763 1441; x_wconf 84' lang='lat' dir='ltr'><strong>quae</strong></span> <span class='ocrx_word' id='word_1_133' title='bbox 1793 1384 1935 1450; x_wconf 83' lang='lat' dir='ltr'><strong>esset</strong></span> <span class='ocrx_word' id='word_1_134' title='bbox 1964 1373 2122 1450; x_wconf 61' lang='lat' dir='ltr'><strong>virga</strong></span> 
     </span>
    </p>
   </div>
   <div class='ocr_carea' id='block_1_18' title="bbox 546 1443 2122 1514">
    <p class='ocr_par' dir='ltr' id='par_1_18' title="bbox 546 1443 2122 1514">
     <span class='ocr_line' id='line_1_18' title="bbox 546 1443 2122 1514; baseline -0.006 -9"><span class='ocrx_word' id='word_1_135' title='bbox 546 1443 901 1513; x_wconf 60' lang='lat' dir='ltr'><strong>hereditatis,</strong></span> <span class='ocrx_word' id='word_1_136' title='bbox 952 1443 1005 1499; x_wconf 88' lang='lat' dir='ltr'><strong>id</strong></span> <span class='ocrx_word' id='word_1_137' title='bbox 1043 1453 1143 1509; x_wconf 90' lang='lat' dir='ltr'><strong>est,</strong></span> <span class='ocrx_word' id='word_1_138' title='bbox 1185 1444 1387 1500; x_wconf 84' lang='lat' dir='ltr'><strong>directa</strong></span> <span class='ocrx_word' id='word_1_139' title='bbox 1416 1444 1699 1499; x_wconf 74' lang='lat' dir='ltr'><strong>haereditas</strong></span> <span class='ocrx_word' id='word_1_140' title='bbox 1724 1461 1739 1509; x_wconf 88' lang='lat'><strong>;</strong></span> <span class='ocrx_word' id='word_1_141' title='bbox 1768 1445 1915 1514; x_wconf 88' lang='lat' dir='ltr'><strong>quasi</strong></span> <span class='ocrx_word' id='word_1_142' title='bbox 1946 1444 2122 1498; x_wconf 92' lang='lat' dir='ltr'><strong>dicat:</strong></span> 
     </span>
    </p>
   </div>
   <div class='ocr_carea' id='block_1_19' title="bbox 546 1515 2127 1585">
    <p class='ocr_par' dir='ltr' id='par_1_19' title="bbox 546 1515 2127 1585">
     <span class='ocr_line' id='line_1_19' title="bbox 546 1515 2127 1585; baseline -0.005 -10"><span class='ocrx_word' id='word_1_143' title='bbox 546 1521 617 1575; x_wconf 85' lang='lat' dir='ltr'><strong>Et</strong></span> <span class='ocrx_word' id='word_1_144' title='bbox 655 1527 859 1573; x_wconf 89' lang='lat' dir='ltr'><strong>tantum</strong></span> <span class='ocrx_word' id='word_1_145' title='bbox 889 1516 1117 1585; x_wconf 81' lang='lat' dir='ltr'><strong>pretium</strong></span> <span class='ocrx_word' id='word_1_146' title='bbox 1151 1530 1247 1585; x_wconf 91' lang='lat' dir='ltr'><strong>pro</strong></span> <span class='ocrx_word' id='word_1_147' title='bbox 1277 1516 1406 1571; x_wconf 82' lang='lat' dir='ltr'><strong>solis</strong></span> <span class='ocrx_word' id='word_1_148' title='bbox 1441 1515 1688 1585; x_wconf 81' lang='lat' dir='ltr'><strong>gentibus</strong></span> <span class='ocrx_word' id='word_1_149' title='bbox 1718 1515 1955 1569; x_wconf 85' lang='lat' dir='ltr'><strong>dedisti?</strong></span> <span class='ocrx_word' id='word_1_150' title='bbox 1996 1515 2127 1581; x_wconf 63' lang='lat' dir='ltr'><strong>Quae</strong></span> 
     </span>
    </p>
   </div>
   <div class='ocr_carea' id='block_1_20' title="bbox 546 1584 2123 1650">
    <p class='ocr_par' dir='ltr' id='par_1_20' title="bbox 546 1584 2123 1650">
     <span class='ocr_line' id='line_1_20' title="bbox 546 1584 2123 1650; baseline -0.004 -5"><span class='ocrx_word' id='word_1_151' title='bbox 546 1599 725 1645; x_wconf 89' lang='lat' dir='ltr'><strong>autem</strong></span> <span class='ocrx_word' id='word_1_152' title='bbox 765 1588 856 1641; x_wconf 90' lang='lat' dir='ltr'><strong>illa</strong></span> <span class='ocrx_word' id='word_1_153' title='bbox 896 1584 1225 1640; x_wconf 72' lang='lat' dir='ltr'><strong>haereditas?</strong></span> <span class='ocrx_word' id='word_1_154' title='bbox 1276 1584 1503 1650; x_wconf 86' lang='lat' dir='ltr'><strong>scilicet,</strong></span> <span class='ocrx_word' id='word_1_155' title='bbox 1543 1602 1686 1639; x_wconf 88' lang='lat' dir='ltr'><strong>mons</strong></span> <span class='ocrx_word' id='word_1_156' title='bbox 1715 1586 1875 1649; x_wconf 87' lang='lat' dir='ltr'><strong>Sion,</strong></span> <span class='ocrx_word' id='word_1_157' title='bbox 1930 1586 1979 1639; x_wconf 91' lang='lat' dir='ltr'><strong>id</strong></span> <span class='ocrx_word' id='word_1_158' title='bbox 2020 1596 2123 1650; x_wconf 89' lang='lat' dir='ltr'><strong>est,</strong></span> 
     </span>
    </p>
   </div>
   <div class='ocr_carea' id='block_1_21' title="bbox 545 1655 2125 1723">
    <p class='ocr_par' dir='ltr' id='par_1_21' title="bbox 545 1655 2125 1723">
     <span class='ocr_line' id='line_1_21' title="bbox 545 1655 2125 1723; baseline -0.005 -7"><span class='ocrx_word' id='word_1_159' title='bbox 545 1659 833 1717; x_wconf 77' lang='lat' dir='ltr'><strong>virtutibus</strong></span> <span class='ocrx_word' id='word_1_160' title='bbox 872 1656 1160 1723; x_wconf 86' lang='lat' dir='ltr'><strong>sublimes,</strong></span> <span class='ocrx_word' id='word_1_161' title='bbox 1200 1665 1253 1711; x_wconf 91' lang='lat' dir='ltr'><strong>et</strong></span> <span class='ocrx_word' id='word_1_162' title='bbox 1299 1655 1475 1711; x_wconf 85' lang='lat' dir='ltr'><strong>futura</strong></span> <span class='ocrx_word' id='word_1_163' title='bbox 1519 1665 1722 1711; x_wconf 92' lang='lat' dir='ltr'><strong>tantum</strong></span> <span class='ocrx_word' id='word_1_164' title='bbox 1764 1657 2125 1722; x_wconf 86' lang='lat' dir='ltr'><strong>speculantes,</strong></span> 
     </span>
    </p>
   </div>
   <div class='ocr_carea' id='block_1_22' title="bbox 547 1726 2128 1807">
    <p class='ocr_par' dir='ltr' id='par_1_22' title="bbox 547 1726 2128 1807">
     <span class='ocr_line' id='line_1_22' title="bbox 547 1726 2128 1807; baseline -0.006 -20"><span class='ocrx_word' id='word_1_165' title='bbox 547 1742 657 1787; x_wconf 89' lang='lat' dir='ltr'><strong>tam</strong></span> <span class='ocrx_word' id='word_1_166' title='bbox 688 1730 765 1807; x_wconf 89' lang='lat' dir='ltr'><strong>_de_</strong></span> <span class='ocrx_word' id='word_1_167' title='bbox 788 1728 1018 1807; x_wconf 54' lang='lat' dir='ltr'><strong>ludens,</strong></span> <span class='ocrx_word' id='word_1_168' title='bbox 1055 1743 1216 1797; x_wconf 89' lang='lat' dir='ltr'><strong>quam</strong></span> <span class='ocrx_word' id='word_1_169' title='bbox 1246 1726 1512 1807; x_wconf 74' lang='lat' dir='ltr'><strong>gentibus.</strong></span> <span class='ocrx_word' id='word_1_170' title='bbox 1562 1726 1713 1807; x_wconf 60' lang='lat' dir='ltr'><strong>litans</strong></span> <span class='ocrx_word' id='word_1_171' title='bbox 1744 1726 1873 1807; x_wconf 88' lang='lat' dir='ltr'><strong>Sion</strong></span> <span class='ocrx_word' id='word_1_172' title='bbox 1899 1727 2128 1807; x_wconf 78' lang='lat' dir='ltr'><strong>dico,_in</strong></span> 
     </span>
    </p>
   </div>
   <div class='ocr_carea' id='block_1_23' title="bbox 545 1798 2131 1872">
    <p class='ocr_par' dir='ltr' id='par_1_23' title="bbox 545 1798 2131 1872">
     <span class='ocr_line' id='line_1_23' title="bbox 545 1798 2131 1872; baseline -0.004 -15"><span class='ocrx_word' id='word_1_173' title='bbox 545 1821 649 1872; x_wconf 86' lang='lat' dir='ltr'><strong>quo</strong></span> <span class='ocrx_word' id='word_1_174' title='bbox 679 1799 919 1872; x_wconf 84' lang='lat' dir='ltr'><strong>habitasti</strong></span> <span class='ocrx_word' id='word_1_175' title='bbox 949 1812 1076 1872; x_wconf 81' lang='lat' dir='ltr'><strong>vere</strong></span> <span class='ocrx_word' id='word_1_176' title='bbox 1113 1813 1218 1872; x_wconf 77' lang='lat' dir='ltr'><strong>ens</strong></span> <span class='ocrx_word' id='word_1_177' title='bbox 1245 1803 1299 1872; x_wconf 82' lang='lat' dir='ltr'><strong>in</strong></span> <span class='ocrx_word' id='word_1_178' title='bbox 1312 1815 1393 1872; x_wconf 89' lang='lat' dir='ltr'><strong>_eo</strong></span> <span class='ocrx_word' id='word_1_179' title='bbox 1434 1813 1529 1866; x_wconf 88' lang='lat' dir='ltr'><strong>per</strong></span> <span class='ocrx_word' id='word_1_180' title='bbox 1567 1798 1724 1872; x_wconf 76' lang='lat' dir='ltr'><strong>fidem</strong></span> <span class='ocrx_word' id='word_1_181' title='bbox 1770 1806 1825 1851; x_wconf 90' lang='lat' dir='ltr'><strong>et</strong></span> <span class='ocrx_word' id='word_1_182' title='bbox 1858 1798 2131 1872; x_wconf 83' lang='lat' dir='ltr'><strong>operatio-</strong></span> 
     </span>
    </p>
   </div>
   <div class='ocr_carea' id='block_1_24' title="bbox 549 1868 2133 1939">
    <p class='ocr_par' dir='ltr' id='par_1_24' title="bbox 549 1868 2133 1939">
     <span class='ocr_line' id='line_1_24' title="bbox 549 1868 2133 1939; baseline -0.005 -10"><span class='ocrx_word' id='word_1_183' title='bbox 549 1868 693 1929; x_wconf 79' lang='lat' dir='ltr'><strong>nem.</strong></span> <span class='ocrx_word' id='word_1_184' title='bbox 728 1872 784 1924; x_wconf 91' lang='lat' dir='ltr'><strong>In</strong></span> <span class='ocrx_word' id='word_1_185' title='bbox 823 1868 932 1924; x_wconf 85' lang='lat' dir='ltr'><strong>illis</strong></span> <span class='ocrx_word' id='word_1_186' title='bbox 970 1868 1110 1922; x_wconf 91' lang='lat' dir='ltr'><strong>enim</strong></span> <span class='ocrx_word' id='word_1_187' title='bbox 1142 1868 1408 1938; x_wconf 84' lang='lat' dir='ltr'><strong>prioribus</strong></span> <span class='ocrx_word' id='word_1_188' title='bbox 1443 1870 1597 1939; x_wconf 90' lang='lat' dir='ltr'><strong>quasi</strong></span> <span class='ocrx_word' id='word_1_189' title='bbox 1638 1883 1736 1938; x_wconf 90' lang='lat' dir='ltr'><strong>per</strong></span> <span class='ocrx_word' id='word_1_190' title='bbox 1763 1868 2007 1923; x_wconf 88' lang='lat' dir='ltr'><strong>umbram</strong></span> <span class='ocrx_word' id='word_1_191' title='bbox 2038 1870 2133 1922; x_wconf 88' lang='lat' dir='ltr'><strong>ba-</strong></span> 
     </span>
    </p>
   </div>
   <div class='ocr_carea' id='block_1_25' title="bbox 547 1944 749 2000">
    <p class='ocr_par' dir='ltr' id='par_1_25' title="bbox 547 1944 749 2000">
     <span class='ocr_line' id='line_1_25' title="bbox 547 1944 749 2000; baseline -0.02 0"><span class='ocrx_word' id='word_1_192' title='bbox 547 1944 749 2000; x_wconf 85' lang='lat' dir='ltr'><strong>bitasti.</strong></span> 
     </span>
    </p>
   </div>
   <div class='ocr_carea' id='block_1_26' title="bbox 625 2008 2128 2080">
    <p class='ocr_par' dir='ltr' id='par_1_26' title="bbox 625 2008 2128 2080">
     <span class='ocr_line' id='line_1_26' title="bbox 625 2008 2128 2080; baseline -0.002 -13"><span class='ocrx_word' id='word_1_193' title='bbox 625 2013 764 2067; x_wconf 83' lang='lat' dir='ltr'><strong>Leva</strong></span> <span class='ocrx_word' id='word_1_194' title='bbox 804 2026 988 2065; x_wconf 84' lang='lat' dir='ltr'><strong>manus</strong></span> <span class='ocrx_word' id='word_1_195' title='bbox 1007 2020 1142 2064; x_wconf 90' lang='lat' dir='ltr'><strong>tuas.</strong></span> <span class='ocrx_word' id='word_1_196' title='bbox 1172 2010 1303 2075; x_wconf 86' lang='lat' dir='ltr'><strong>Quia</strong></span> <span class='ocrx_word' id='word_1_197' title='bbox 1329 2008 1612 2079; x_wconf 86' lang='lat' dir='ltr'><strong>possedisti</strong></span> <span class='ocrx_word' id='word_1_198' title='bbox 1638 2010 2128 2080; x_wconf 82' lang='lat' dir='ltr'><strong>congregationem,</strong></span> 
     </span>
    </p>
   </div>
   <div class='ocr_carea' id='block_1_27' title="bbox 549 2081 2133 2157">
    <p class='ocr_par' dir='ltr' id='par_1_27' title="bbox 549 2081 2133 2157">
     <span class='ocr_line' id='line_1_27' title="bbox 549 2081 2133 2157; baseline -0.004 -18"><span class='ocrx_word' id='word_1_199' title='bbox 549 2086 676 2157; x_wconf 86' lang='lat' dir='ltr'><strong>quia</strong></span> <span class='ocrx_word' id='word_1_200' title='bbox 703 2081 981 2157; x_wconf 79' lang='lat' dir='ltr'><strong>redemisti</strong></span> <span class='ocrx_word' id='word_1_201' title='bbox 1027 2081 1601 2157; x_wconf 9' lang='lat' dir='ltr'><strong>hereditatemggergo,</strong></span> <span class='ocrx_word' id='word_1_202' title='bbox 1664 2082 1824 2144; x_wconf 88' lang='lat' dir='ltr'><strong>Deus,</strong></span> <span class='ocrx_word' id='word_1_203' title='bbox 1879 2083 1989 2134; x_wconf 88' lang='lat' dir='ltr'><strong>leva</strong></span> <span class='ocrx_word' id='word_1_204' title='bbox 2020 2097 2133 2134; x_wconf 87' lang='lat' dir='ltr'><strong>ma-</strong></span> 
     </span>
    </p>
   </div>
   <div class='ocr_carea' id='block_1_28' title="bbox 560 2152 2135 2225">
    <p class='ocr_par' dir='ltr' id='par_1_28' title="bbox 560 2152 2135 2225">
     <span class='ocr_line' id='line_1_28' title="bbox 560 2152 2135 2225; baseline -0.004 -15"><span class='ocrx_word' id='word_1_205' title='bbox 560 2152 657 2211; x_wconf 80' lang='lat' dir='ltr'><strong>nus</strong></span> <span class='ocrx_word' id='word_1_206' title='bbox 688 2152 949 2225; x_wconf 60' lang='lat' dir='ltr'><strong>potentiae</strong></span> <span class='ocrx_word' id='word_1_207' title='bbox 990 2162 1095 2205; x_wconf 66' lang='lat' dir='ltr'><strong>tua:</strong></span> <span class='ocrx_word' id='word_1_208' title='bbox 1125 2152 1175 2205; x_wconf 92' lang='lat' dir='ltr'><strong>in</strong></span> <span class='ocrx_word' id='word_1_209' title='bbox 1226 2152 1507 2225; x_wconf 89' lang='lat' dir='ltr'><strong>superbias</strong></span> <span class='ocrx_word' id='word_1_210' title='bbox 1538 2167 1951 2225; x_wconf 75' lang='lat' dir='ltr'><strong>e_orum,_super</strong></span> <span class='ocrx_word' id='word_1_211' title='bbox 2001 2166 2135 2221; x_wconf 90' lang='lat' dir='ltr'><strong>quos</strong></span> 
     </span>
    </p>
   </div>
   <div class='ocr_carea' id='block_1_29' title="bbox 560 2223 2136 2291">
    <p class='ocr_par' dir='ltr' id='par_1_29' title="bbox 560 2223 2136 2291">
     <span class='ocr_line' id='line_1_29' title="bbox 560 2223 2136 2291; baseline -0.003 -10"><span class='ocrx_word' id='word_1_212' title='bbox 560 2223 712 2281; x_wconf 81' lang='lat' dir='ltr'><strong>furor</strong></span> <span class='ocrx_word' id='word_1_213' title='bbox 737 2234 860 2278; x_wconf 91' lang='lat' dir='ltr'><strong>tuus</strong></span> <span class='ocrx_word' id='word_1_214' title='bbox 885 2223 1050 2277; x_wconf 87' lang='lat' dir='ltr'><strong>iratus</strong></span> <span class='ocrx_word' id='word_1_215' title='bbox 1079 2231 1181 2287; x_wconf 97' lang='grc' dir='ltr'><em>εει,</em></span> <span class='ocrx_word' id='word_1_216' title='bbox 1208 2224 1439 2290; x_wconf 83' lang='lat' dir='ltr'><strong>scilicet,</strong></span> <span class='ocrx_word' id='word_1_217' title='bbox 1486 2223 1575 2291; x_wconf 88' lang='lat' dir='ltr'><strong>qui</strong></span> <span class='ocrx_word' id='word_1_218' title='bbox 1604 2223 1833 2291; x_wconf 82' lang='lat' dir='ltr'><strong>superbe</strong></span> <span class='ocrx_word' id='word_1_219' title='bbox 1859 2231 2049 2276; x_wconf 82' lang='lat' dir='ltr'><strong>contra</strong></span> <span class='ocrx_word' id='word_1_220' title='bbox 2084 2232 2136 2277; x_wconf 88' lang='lat' dir='ltr'><strong>te</strong></span> 
     </span>
    </p>
   </div>
   <div class='ocr_carea' id='block_1_30' title="bbox 556 2292 2137 2364">
    <p class='ocr_par' dir='ltr' id='par_1_30' title="bbox 556 2292 2137 2364">
     <span class='ocr_line' id='line_1_30' title="bbox 556 2292 2137 2364; baseline -0.005 -11"><span class='ocrx_word' id='word_1_221' title='bbox 556 2294 721 2353; x_wconf 91' lang='lat' dir='ltr'><strong>locuti</strong></span> <span class='ocrx_word' id='word_1_222' title='bbox 746 2302 892 2360; x_wconf 90' lang='lat' dir='ltr'><strong>sunt,</strong></span> <span class='ocrx_word' id='word_1_223' title='bbox 907 2292 1159 2364; x_wconf 79' lang='lat' dir='ltr'><strong>dicentes</strong></span> <span class='ocrx_word' id='word_1_224' title='bbox 1184 2312 1196 2346; x_wconf 79' lang='grc' dir='ltr'><strong>ε</strong></span> <span class='ocrx_word' id='word_1_225' title='bbox 1230 2293 1353 2348; x_wconf 88' lang='lat' dir='ltr'><strong>Non</strong></span> <span class='ocrx_word' id='word_1_226' title='bbox 1376 2294 1616 2347; x_wconf 85' lang='lat' dir='ltr'><strong>habemus</strong></span> <span class='ocrx_word' id='word_1_227' title='bbox 1647 2310 1815 2364; x_wconf 84' lang='lat' dir='ltr'><strong>regem</strong></span> <span class='ocrx_word' id='word_1_228' title='bbox 1838 2294 1936 2345; x_wconf 79' lang='lat' dir='ltr'><strong>nisi</strong></span> <span class='ocrx_word' id='word_1_229' title='bbox 1962 2292 2137 2364; x_wconf 71' lang='lat' dir='ltr'><strong>Cresa-</strong></span> 
     </span>
    </p>
   </div>
   <div class='ocr_carea' id='block_1_31' title="bbox 556 2363 2133 2431">
    <p class='ocr_par' dir='ltr' id='par_1_31' title="bbox 556 2363 2133 2431">
     <span class='ocr_line' id='line_1_31' title="bbox 556 2363 2133 2431; baseline -0.003 -9"><span class='ocrx_word' id='word_1_230' title='bbox 556 2384 687 2423; x_wconf 89' lang='lat' dir='ltr'><strong>rem.</strong></span> <span class='ocrx_word' id='word_1_231' title='bbox 724 2366 786 2420; x_wconf 88' lang='lat' dir='ltr'><strong>Et</strong></span> <span class='ocrx_word' id='word_1_232' title='bbox 821 2382 834 2417; x_wconf 90' lang='lat'><strong>:</strong></span> <span class='ocrx_word' id='word_1_233' title='bbox 890 2363 1043 2416; x_wconf 80' lang='lat' dir='ltr'><strong>Hunc</strong></span> <span class='ocrx_word' id='word_1_234' title='bbox 1076 2364 1325 2418; x_wconf 86' lang='lat' dir='ltr'><strong>nescimus</strong></span> <span class='ocrx_word' id='word_1_235' title='bbox 1354 2366 1487 2417; x_wconf 89' lang='lat' dir='ltr'><strong>unde</strong></span> <span class='ocrx_word' id='word_1_236' title='bbox 1511 2367 1596 2430; x_wconf 88' lang='lat' dir='ltr'><strong>sit,</strong></span> <span class='ocrx_word' id='word_1_237' title='bbox 1630 2375 1682 2417; x_wconf 91' lang='lat' dir='ltr'><strong>et</strong></span> <span class='ocrx_word' id='word_1_238' title='bbox 1707 2363 1939 2419; x_wconf 76' lang='lat' dir='ltr'><strong>similia.</strong></span> <span class='ocrx_word' id='word_1_239' title='bbox 1977 2363 2133 2431; x_wconf 85' lang='lat' dir='ltr'><strong>Leva,</strong></span> 
     </span>
    </p>
   </div>
   <div class='ocr_carea' id='block_1_32' title="bbox 566 2434 2139 2504">
    <p class='ocr_par' dir='ltr' id='par_1_32' title="bbox 566 2434 2139 2504">
     <span class='ocr_line' id='line_1_32' title="bbox 566 2434 2139 2504; baseline -0.003 -11"><span class='ocrx_word' id='word_1_240' title='bbox 566 2440 707 2504; x_wconf 87' lang='lat' dir='ltr'><strong>dico,</strong></span> <span class='ocrx_word' id='word_1_241' title='bbox 742 2437 796 2489; x_wconf 86' lang='lat' dir='ltr'><strong>in</strong></span> <span class='ocrx_word' id='word_1_242' title='bbox 823 2435 977 2502; x_wconf 84' lang='lat' dir='ltr'><strong>linem</strong></span> <span class='ocrx_word' id='word_1_243' title='bbox 1005 2448 1102 2489; x_wconf 88' lang='lat' dir='ltr'><strong>eos</strong></span> <span class='ocrx_word' id='word_1_244' title='bbox 1126 2435 1493 2504; x_wconf 90' lang='lat' dir='ltr'><strong>perducendo.</strong></span> <span class='ocrx_word' id='word_1_245' title='bbox 1521 2434 1618 2488; x_wconf 85' lang='lat' dir='ltr'><strong>Vel</strong></span> <span class='ocrx_word' id='word_1_246' title='bbox 1650 2437 1701 2489; x_wconf 93' lang='lat' dir='ltr'><strong>in</strong></span> <span class='ocrx_word' id='word_1_247' title='bbox 1725 2435 1881 2489; x_wconf 84' lang='lat' dir='ltr'><strong>linem</strong></span> <span class='ocrx_word' id='word_1_248' title='bbox 1903 2434 2139 2489; x_wconf 83' lang='lat' dir='ltr'><strong>levatio-</strong></span> 
     </span>
    </p>
   </div>
   <div class='ocr_carea' id='block_1_33' title="bbox 562 2505 2137 2577">
    <p class='ocr_par' dir='ltr' id='par_1_33' title="bbox 562 2505 2137 2577">
     <span class='ocr_line' id='line_1_33' title="bbox 562 2505 2137 2577; baseline -0.004 -13"><span class='ocrx_word' id='word_1_249' title='bbox 562 2510 671 2577; x_wconf 87' lang='lat' dir='ltr'><strong>nis,</strong></span> <span class='ocrx_word' id='word_1_250' title='bbox 698 2507 750 2561; x_wconf 92' lang='lat' dir='ltr'><strong>id</strong></span> <span class='ocrx_word' id='word_1_251' title='bbox 780 2514 886 2571; x_wconf 88' lang='lat' dir='ltr'><strong>est,</strong></span> <span class='ocrx_word' id='word_1_252' title='bbox 926 2516 1124 2574; x_wconf 91' lang='lat' dir='ltr'><strong>quanta</strong></span> <span class='ocrx_word' id='word_1_253' title='bbox 1179 2506 1444 2561; x_wconf 88' lang='lat' dir='ltr'><strong>lcvatione</strong></span> <span class='ocrx_word' id='word_1_254' title='bbox 1468 2521 1602 2574; x_wconf 86' lang='lat' dir='ltr'><strong>opus</strong></span> <span class='ocrx_word' id='word_1_255' title='bbox 1626 2514 1711 2559; x_wconf 89' lang='lat' dir='ltr'><strong>est</strong></span> <span class='ocrx_word' id='word_1_256' title='bbox 1740 2515 1796 2559; x_wconf 88' lang='lat' dir='ltr'><strong>ut</strong></span> <span class='ocrx_word' id='word_1_257' title='bbox 1851 2505 2016 2571; x_wconf 90' lang='lat' dir='ltr'><strong>prius.</strong></span> <span class='ocrx_word' id='word_1_258' title='bbox 2071 2505 2137 2560; x_wconf 81' lang='lat' dir='ltr'><strong>Et</strong></span> 
     </span>
    </p>
   </div>
   <div class='ocr_carea' id='block_1_34' title="bbox 559 2576 2137 2647">
    <p class='ocr_par' dir='ltr' id='par_1_34' title="bbox 559 2576 2137 2647">
     <span class='ocr_line' id='line_1_34' title="bbox 559 2576 2137 2647; baseline -0.003 -12"><span class='ocrx_word' id='word_1_259' title='bbox 559 2594 697 2647; x_wconf 82' lang='lat' dir='ltr'><strong>Opus</strong></span> <span class='ocrx_word' id='word_1_260' title='bbox 728 2577 1082 2647; x_wconf 85' lang='lat' dir='ltr'><strong>estutleves;</strong></span> <span class='ocrx_word' id='word_1_261' title='bbox 1114 2592 1235 2647; x_wconf 84' lang='lat' dir='ltr'><strong>nam</strong></span> <span class='ocrx_word' id='word_1_262' title='bbox 1262 2586 1453 2647; x_wconf 87' lang='lat' dir='ltr'><strong>quanta</strong></span> <span class='ocrx_word' id='word_1_263' title='bbox 1480 2576 1788 2646; x_wconf 87' lang='lat' dir='ltr'><strong>malignatus</strong></span> <span class='ocrx_word' id='word_1_264' title='bbox 1812 2584 1885 2629; x_wconf 90' lang='lat' dir='ltr'><strong>est</strong></span> <span class='ocrx_word' id='word_1_265' title='bbox 1903 2577 2137 2631; x_wconf 77' lang='lat' dir='ltr'><strong>inimicus</strong></span> 
     </span>
    </p>
   </div>
   <div class='ocr_carea' id='block_1_35' title="bbox 558 2646 2136 2715">
    <p class='ocr_par' dir='ltr' id='par_1_35' title="bbox 558 2646 2136 2715">
     <span class='ocr_line' id='line_1_35' title="bbox 558 2646 2136 2715; baseline -0.003 -10"><span class='ocrx_word' id='word_1_266' title='bbox 558 2651 651 2705; x_wconf 85' lang='lat' dir='ltr'><strong>ille</strong></span> <span class='ocrx_word' id='word_1_267' title='bbox 681 2646 933 2703; x_wconf 84' lang='lat' dir='ltr'><strong>Judaicus</strong></span> <span class='ocrx_word' id='word_1_268' title='bbox 964 2646 1190 2715; x_wconf 90' lang='lat' dir='ltr'><strong>populus</strong></span> <span class='ocrx_word' id='word_1_269' title='bbox 1213 2646 1467 2701; x_wconf 32' lang='lat' dir='ltr'><strong>in’suncto</strong></span> <span class='ocrx_word' id='word_1_270' title='bbox 1491 2656 1598 2711; x_wconf 89' lang='lat' dir='ltr'><strong>tuo,</strong></span> <span class='ocrx_word' id='word_1_271' title='bbox 1620 2648 1843 2713; x_wconf 90' lang='lat' dir='ltr'><strong>scilicet,</strong></span> <span class='ocrx_word' id='word_1_272' title='bbox 1870 2650 1922 2702; x_wconf 92' lang='lat' dir='ltr'><strong>in</strong></span> <span class='ocrx_word' id='word_1_273' title='bbox 1948 2657 2136 2701; x_wconf 88' lang='lat' dir='ltr'><strong>sancto</strong></span> 
     </span>
    </p>
   </div>
   <div class='ocr_carea' id='block_1_36' title="bbox 564 2717 2132 2787">
    <p class='ocr_par' dir='ltr' id='par_1_36' title="bbox 564 2717 2132 2787">
     <span class='ocr_line' id='line_1_36' title="bbox 564 2717 2132 2787; baseline -0.003 -12"><span class='ocrx_word' id='word_1_274' title='bbox 564 2730 873 2775; x_wconf 85' lang='lat' dir='ltr'><strong>sanctorum</strong></span> <span class='ocrx_word' id='word_1_275' title='bbox 895 2718 909 2769; x_wconf 82' lang='grc' dir='ltr'><strong>ι</strong></span> <span class='ocrx_word' id='word_1_276' title='bbox 931 2717 1196 2786; x_wconf 88' lang='lat' dir='ltr'><strong>Ceperunt</strong></span> <span class='ocrx_word' id='word_1_277' title='bbox 1214 2720 1382 2783; x_wconf 90' lang='lat' dir='ltr'><strong>enim,</strong></span> <span class='ocrx_word' id='word_1_278' title='bbox 1405 2719 1721 2787; x_wconf 85' lang='lat' dir='ltr'><strong>ligaverunt,</strong></span> <span class='ocrx_word' id='word_1_279' title='bbox 1745 2727 2132 2786; x_wconf 81' lang='lat' dir='ltr'><strong>conSpuerunt,</strong></span> 
     </span>
    </p>
   </div>
   <div class='ocr_carea' id='block_1_37' title="bbox 562 2787 2137 2859">
    <p class='ocr_par' dir='ltr' id='par_1_37' title="bbox 562 2787 2137 2859">
     <span class='ocr_line' id='line_1_37' title="bbox 562 2787 2137 2859; baseline -0.003 -13"><span class='ocrx_word' id='word_1_280' title='bbox 562 2790 737 2859; x_wconf 84' lang='lat' dir='ltr'><strong>spinis</strong></span> <span class='ocrx_word' id='word_1_281' title='bbox 763 2799 1177 2852; x_wconf 86' lang='lat' dir='ltr'><strong>coronaverunt,</strong></span> <span class='ocrx_word' id='word_1_282' title='bbox 1203 2796 1307 2842; x_wconf 86' lang='lat' dir='ltr'><strong>etc.</strong></span> <span class='ocrx_word' id='word_1_283' title='bbox 1340 2789 1491 2842; x_wconf 85' lang='lat' dir='ltr'><strong>Talia</strong></span> <span class='ocrx_word' id='word_1_284' title='bbox 1522 2788 1574 2839; x_wconf 92' lang='lat' dir='ltr'><strong>in</strong></span> <span class='ocrx_word' id='word_1_285' title='bbox 1623 2803 1742 2841; x_wconf 87' lang='lat' dir='ltr'><strong>eum</strong></span> <span class='ocrx_word' id='word_1_286' title='bbox 1775 2787 2039 2859; x_wconf 79' lang='lat' dir='ltr'><strong>iecerunt.</strong></span> <span class='ocrx_word' id='word_1_287' title='bbox 2067 2787 2137 2859; x_wconf 82' lang='lat' dir='ltr'><strong>Et</strong></span> 
     </span>
    </p>
   </div>
   <div class='ocr_carea' id='block_1_38' title="bbox 560 2858 2138 2928">
    <p class='ocr_par' dir='ltr' id='par_1_38' title="bbox 560 2858 2138 2928">
     <span class='ocr_line' id='line_1_38' title="bbox 560 2858 2138 2928; baseline -0.002 -13"><span class='ocrx_word' id='word_1_288' title='bbox 560 2858 687 2915; x_wconf 85' lang='lat' dir='ltr'><strong>ideo</strong></span> <span class='ocrx_word' id='word_1_289' title='bbox 712 2858 833 2913; x_wconf 88' lang='lat' dir='ltr'><strong>dico</strong></span> <span class='ocrx_word' id='word_1_290' title='bbox 854 2868 1064 2928; x_wconf 86' lang='lat' dir='ltr'><strong>quanta,</strong></span> <span class='ocrx_word' id='word_1_291' title='bbox 1096 2859 1215 2926; x_wconf 86' lang='lat' dir='ltr'><strong>quia</strong></span> <span class='ocrx_word' id='word_1_292' title='bbox 1242 2859 1316 2911; x_wconf 92' lang='lat' dir='ltr'><strong>illi</strong></span> <span class='ocrx_word' id='word_1_293' title='bbox 1366 2860 1455 2928; x_wconf 85' lang='lat' dir='ltr'><strong>qui</strong></span> <span class='ocrx_word' id='word_1_294' title='bbox 1484 2859 1701 2911; x_wconf 80' lang='lat' dir='ltr'><strong>oderunt</strong></span> <span class='ocrx_word' id='word_1_295' title='bbox 1730 2868 1777 2913; x_wconf 89' lang='lat' dir='ltr'><strong>te</strong></span> <span class='ocrx_word' id='word_1_296' title='bbox 1804 2858 2037 2913; x_wconf 91' lang='lat' dir='ltr'><strong>odiendo</strong></span> <span class='ocrx_word' id='word_1_297' title='bbox 2070 2858 2138 2912; x_wconf 93' lang='lat' dir='ltr'><strong>il-</strong></span> 
     </span>
    </p>
   </div>
   <div class='ocr_carea' id='block_1_39' title="bbox 559 2927 2138 2999">
    <p class='ocr_par' dir='ltr' id='par_1_39' title="bbox 559 2927 2138 2999">
     <span class='ocr_line' id='line_1_39' title="bbox 559 2927 2138 2999; baseline -0.001 -15"><span class='ocrx_word' id='word_1_298' title='bbox 559 2930 672 2985; x_wconf 90' lang='lat' dir='ltr'><strong>lum</strong></span> <span class='ocrx_word' id='word_1_299' title='bbox 697 2932 787 2999; x_wconf 88' lang='lat' dir='ltr'><strong>qui</strong></span> <span class='ocrx_word' id='word_1_300' title='bbox 816 2927 951 2981; x_wconf 81' lang='lat' dir='ltr'><strong>dixit</strong></span> <span class='ocrx_word' id='word_1_301' title='bbox 980 2946 991 2981; x_wconf 87' lang='lat'>:</span> <span class='ocrx_word' id='word_1_302' title='bbox 1029 2929 1131 2994; x_wconf 80' lang='lat' dir='ltr'><strong>Qui</strong></span> <span class='ocrx_word' id='word_1_303' title='bbox 1159 2928 1324 2997; x_wconf 82' lang='lat' dir='ltr'><strong>diligit</strong></span> <span class='ocrx_word' id='word_1_304' title='bbox 1364 2945 1460 2993; x_wconf 91' lang='lat' dir='ltr'><strong>me,</strong></span> <span class='ocrx_word' id='word_1_305' title='bbox 1496 2930 1664 2998; x_wconf 81' lang='lat' dir='ltr'><strong>diligit</strong></span> <span class='ocrx_word' id='word_1_306' title='bbox 1692 2939 1739 2982; x_wconf 88' lang='lat' dir='ltr'><strong>et</strong></span> <span class='ocrx_word' id='word_1_307' title='bbox 1770 2929 1916 2982; x_wconf 87' lang='lat' dir='ltr'><strong>illum</strong></span> <span class='ocrx_word' id='word_1_308' title='bbox 1938 2930 2027 2997; x_wconf 87' lang='lat' dir='ltr'><strong>qui</strong></span> <span class='ocrx_word' id='word_1_309' title='bbox 2059 2945 2138 2983; x_wconf 86' lang='lat' dir='ltr'><strong>me</strong></span> 
     </span>
    </p>
   </div>
   <div class='ocr_carea' id='block_1_40' title="bbox 562 2998 2140 3069">
    <p class='ocr_par' dir='ltr' id='par_1_40' title="bbox 562 2998 2140 3069">
     <span class='ocr_line' id='line_1_40' title="bbox 562 2998 2140 3069; baseline -0.001 -15"><span class='ocrx_word' id='word_1_310' title='bbox 562 2998 727 3065; x_wconf 78' lang='lat' dir='ltr'><strong>misit,</strong></span> <span class='ocrx_word' id='word_1_311' title='bbox 759 2998 968 3069; x_wconf 86' lang='lat' dir='ltr'><strong>gloriati</strong></span> <span class='ocrx_word' id='word_1_312' title='bbox 992 3007 1130 3063; x_wconf 90' lang='lat' dir='ltr'><strong>sunt,</strong></span> <span class='ocrx_word' id='word_1_313' title='bbox 1162 2999 1213 3051; x_wconf 91' lang='lat' dir='ltr'><strong>id</strong></span> <span class='ocrx_word' id='word_1_314' title='bbox 1237 3008 1338 3063; x_wconf 91' lang='grc' dir='ltr'><em>εει,</em></span> <span class='ocrx_word' id='word_1_315' title='bbox 1368 2999 1735 3069; x_wconf 89' lang='lat' dir='ltr'><strong>gloriationem</strong></span> <span class='ocrx_word' id='word_1_316' title='bbox 1765 3000 1866 3053; x_wconf 91' lang='lat' dir='ltr'><strong>sibi</strong></span> <span class='ocrx_word' id='word_1_317' title='bbox 1894 3001 2140 3055; x_wconf 76' lang='lat' dir='ltr'><strong>fecerunt</strong></span> 
     </span>
    </p>
   </div>
   <div class='ocr_carea' id='block_1_41' title="bbox 562 3070 2140 3140">
    <p class='ocr_par' dir='ltr' id='par_1_41' title="bbox 562 3070 2140 3140">
     <span class='ocr_line' id='line_1_41' title="bbox 562 3070 2140 3140; baseline -0.001 -14"><span class='ocrx_word' id='word_1_318' title='bbox 562 3087 626 3127; x_wconf 87' lang='lat' dir='ltr'><strong>ea</strong></span> <span class='ocrx_word' id='word_1_319' title='bbox 655 3085 775 3140; x_wconf 75' lang='lat' dir='ltr'><strong>qua:</strong></span> <span class='ocrx_word' id='word_1_320' title='bbox 804 3070 857 3123; x_wconf 91' lang='lat' dir='ltr'><strong>in</strong></span> <span class='ocrx_word' id='word_1_321' title='bbox 887 3078 1067 3123; x_wconf 89' lang='lat' dir='ltr'><strong>sancta</strong></span> <span class='ocrx_word' id='word_1_322' title='bbox 1100 3080 1401 3123; x_wconf 89' lang='lat' dir='ltr'><strong>sanctorum</strong></span> <span class='ocrx_word' id='word_1_323' title='bbox 1436 3071 1708 3137; x_wconf 87' lang='lat' dir='ltr'><strong>malignati</strong></span> <span class='ocrx_word' id='word_1_324' title='bbox 1732 3071 1927 3124; x_wconf 90' lang='lat' dir='ltr'><strong>suntin</strong></span> <span class='ocrx_word' id='word_1_325' title='bbox 1959 3070 2140 3125; x_wconf 89' lang='lat' dir='ltr'><strong>medio</strong></span> 
     </span>
    </p>
   </div>
   <div class='ocr_carea' id='block_1_42' title="bbox 567 3139 2137 3210">
    <p class='ocr_par' dir='ltr' id='par_1_42' title="bbox 567 3139 2137 3210">
     <span class='ocr_line' id='line_1_42' title="bbox 567 3139 2137 3210; baseline -0.001 -13"><span class='ocrx_word' id='word_1_326' title='bbox 567 3139 924 3197; x_wconf 84' lang='lat' dir='ltr'><strong>solemnitatis</strong></span> <span class='ocrx_word' id='word_1_327' title='bbox 955 3149 1080 3210; x_wconf 68' lang='lat' dir='ltr'><strong>tuae,</strong></span> <span class='ocrx_word' id='word_1_328' title='bbox 1112 3140 1337 3203; x_wconf 87' lang='lat' dir='ltr'><strong>scilicet,</strong></span> <span class='ocrx_word' id='word_1_329' title='bbox 1382 3140 1593 3210; x_wconf 88' lang='lat' dir='ltr'><strong>quando</strong></span> <span class='ocrx_word' id='word_1_330' title='bbox 1634 3142 1811 3205; x_wconf 88' lang='lat' dir='ltr'><strong>potius</strong></span> <span class='ocrx_word' id='word_1_331' title='bbox 1854 3142 2137 3197; x_wconf 89' lang='lat' dir='ltr'><strong>intendere</strong></span> 
     </span>
    </p>
   </div>
   <div class='ocr_carea' id='block_1_43' title="bbox 562 3186 2213 3282">
    <p class='ocr_par' dir='ltr' id='par_1_43' title="bbox 562 3186 2213 3282">
     <span class='ocr_line' id='line_1_43' title="bbox 562 3186 2213 3282; baseline -0.001 -14"><span class='ocrx_word' id='word_1_332' title='bbox 852 3186 1195 3265; x_wconf 76' lang='lat' dir='ltr'><strong>solemnitati.</strong></span> <span class='ocrx_word' id='word_1_333' title='bbox 1228 3186 1291 3264; x_wconf 73' lang='grc' dir='ltr'>Εἰ</span> <span class='ocrx_word' id='word_1_334' title='bbox 1319 3186 1445 3265; x_wconf 50' lang='grc' dir='ltr'><strong>ἓεῖδε</strong></span> <span class='ocrx_word' id='word_1_335' title='bbox 1467 3186 1675 3282; x_wconf 64' lang='grc' dir='ltr'><strong>ριονὶαῖὶ</strong></span> <span class='ocrx_word' id='word_1_336' title='bbox 1699 3222 1835 3279; x_wconf 87' lang='lat' dir='ltr'><strong>sunt,</strong></span> <span class='ocrx_word' id='word_1_337' title='bbox 1861 3212 1982 3281; x_wconf 89' lang='lat' dir='ltr'><strong>quia</strong></span> <span class='ocrx_word' id='word_1_338' title='bbox 2033 3229 2129 3280; x_wconf 80' lang='grc' dir='ltr'><strong>ρο·-</strong></span> <span class='ocrx_word' id='word_1_339' title='bbox 2164 3186 2213 3250; x_wconf 77' lang='lat' dir='ltr'><strong><em>C</em></strong></span> 
     </span>
    </p>
   </div>
   <div class='ocr_carea' id='block_1_44' title="bbox 566 3282 2132 3353">
    <p class='ocr_par' dir='ltr' id='par_1_44' title="bbox 566 3282 2132 3353">
     <span class='ocr_line' id='line_1_44' title="bbox 566 3282 2132 3353; baseline 0 -15"><span class='ocrx_word' id='word_1_340' title='bbox 566 3290 780 3338; x_wconf 86' lang='lat' dir='ltr'><strong>suerunt</strong></span> <span class='ocrx_word' id='word_1_341' title='bbox 808 3282 957 3353; x_wconf 88' lang='lat' dir='ltr'><strong>signa</strong></span> <span class='ocrx_word' id='word_1_342' title='bbox 980 3296 999 3346; x_wconf 93' lang='lat'><strong><em>;</em></strong></span> <span class='ocrx_word' id='word_1_343' title='bbox 1026 3282 1171 3351; x_wconf 88' lang='lat' dir='ltr'><strong>signa</strong></span> <span class='ocrx_word' id='word_1_344' title='bbox 1196 3284 1316 3336; x_wconf 92' lang='lat' dir='ltr'><strong>dico</strong></span> <span class='ocrx_word' id='word_1_345' title='bbox 1348 3298 1462 3346; x_wconf 90' lang='lat' dir='ltr'><strong>sua,</strong></span> <span class='ocrx_word' id='word_1_346' title='bbox 1503 3283 1553 3336; x_wconf 91' lang='lat' dir='ltr'><strong>id</strong></span> <span class='ocrx_word' id='word_1_347' title='bbox 1580 3290 1677 3343; x_wconf 84' lang='lat' dir='ltr'><strong>est.</strong></span> <span class='ocrx_word' id='word_1_348' title='bbox 1733 3298 1845 3337; x_wconf 67' lang='lat' dir='ltr'><strong>suae</strong></span> <span class='ocrx_word' id='word_1_349' title='bbox 1891 3286 2132 3338; x_wconf 64' lang='lat' dir='ltr'><strong>victoriae</strong></span> 
     </span>
    </p>
   </div>
   <div class='ocr_carea' id='block_1_45' title="bbox 564 3354 2131 3425">
    <p class='ocr_par' dir='ltr' id='par_1_45' title="bbox 564 3354 2131 3425">
     <span class='ocr_line' id='line_1_45' title="bbox 564 3354 2131 3425; baseline -0.001 -17"><span class='ocrx_word' id='word_1_350' title='bbox 564 3356 741 3425; x_wconf 88' lang='lat' dir='ltr'><strong>signa,</strong></span> <span class='ocrx_word' id='word_1_351' title='bbox 774 3355 997 3417; x_wconf 88' lang='lat' dir='ltr'><strong>scilicet,</strong></span> <span class='ocrx_word' id='word_1_352' title='bbox 1054 3354 1268 3425; x_wconf 72' lang='lat' dir='ltr'><strong>milites,</strong></span> <span class='ocrx_word' id='word_1_353' title='bbox 1324 3354 1595 3419; x_wconf 78' lang='lat' dir='ltr'><strong>custodes,</strong></span> <span class='ocrx_word' id='word_1_354' title='bbox 1644 3364 1700 3407; x_wconf 90' lang='lat' dir='ltr'><strong>et</strong></span> <span class='ocrx_word' id='word_1_355' title='bbox 1754 3354 1925 3422; x_wconf 88' lang='lat' dir='ltr'><strong>ipsum</strong></span> <span class='ocrx_word' id='word_1_356' title='bbox 1970 3356 2131 3408; x_wconf 88' lang='lat' dir='ltr'><strong>etiam</strong></span> 
     </span>
    </p>
   </div>
   <div class='ocr_carea' id='block_1_46' title="bbox 563 3420 2135 3495">
    <p class='ocr_par' dir='ltr' id='par_1_46' title="bbox 563 3420 2135 3495">
     <span class='ocr_line' id='line_1_46' title="bbox 563 3420 2135 3495; baseline -0.001 -16"><span class='ocrx_word' id='word_1_357' title='bbox 563 3420 766 3495; x_wconf 71' lang='lat' dir='ltr'><strong>lignum</strong></span> <span class='ocrx_word' id='word_1_358' title='bbox 795 3425 990 3495; x_wconf 87' lang='lat' dir='ltr'><strong>crucis.</strong></span> <span class='ocrx_word' id='word_1_359' title='bbox 1047 3420 1115 3475; x_wconf 87' lang='lat' dir='ltr'><strong>Et</strong></span> <span class='ocrx_word' id='word_1_360' title='bbox 1155 3440 1257 3477; x_wconf 88' lang='lat' dir='ltr'><strong>non</strong></span> <span class='ocrx_word' id='word_1_361' title='bbox 1307 3433 1651 3494; x_wconf 83' lang='lat' dir='ltr'><strong>cognoverunt</strong></span> <span class='ocrx_word' id='word_1_362' title='bbox 1681 3420 1787 3479; x_wconf 81' lang='lat' dir='ltr'><strong>hoc</strong></span> <span class='ocrx_word' id='word_1_363' title='bbox 1813 3440 1934 3479; x_wconf 88' lang='lat' dir='ltr'><strong>esse</strong></span> <span class='ocrx_word' id='word_1_364' title='bbox 1983 3442 2135 3495; x_wconf 81' lang='lat' dir='ltr'><strong>super</strong></span> 
     </span>
    </p>
   </div>
   <div class='ocr_carea' id='block_1_47' title="bbox 565 3494 2134 3558">
    <p class='ocr_par' dir='ltr' id='par_1_47' title="bbox 565 3494 2134 3558">
     <span class='ocr_line' id='line_1_47' title="bbox 565 3494 2134 3558; baseline -0.002 -7"><span class='ocrx_word' id='word_1_365' title='bbox 565 3494 786 3558; x_wconf 80' lang='lat' dir='ltr'><strong>summa,</strong></span> <span class='ocrx_word' id='word_1_366' title='bbox 820 3494 873 3549; x_wconf 93' lang='lat' dir='ltr'><strong>id</strong></span> <span class='ocrx_word' id='word_1_367' title='bbox 902 3501 1006 3557; x_wconf 87' lang='grc' dir='ltr'><em>εει,</em></span> <span class='ocrx_word' id='word_1_368' title='bbox 1042 3507 1143 3547; x_wconf 83' lang='grc' dir='ltr'><strong>ηοη</strong></span> <span class='ocrx_word' id='word_1_369' title='bbox 1175 3510 1239 3548; x_wconf 81' lang='lat' dir='ltr'><strong>ex</strong></span> <span class='ocrx_word' id='word_1_370' title='bbox 1262 3509 1355 3549; x_wconf 91' lang='lat' dir='ltr'><strong>sua</strong></span> <span class='ocrx_word' id='word_1_371' title='bbox 1381 3497 1593 3554; x_wconf 84' lang='lat' dir='ltr'><strong>virtute.</strong></span> <span class='ocrx_word' id='word_1_372' title='bbox 1620 3496 1712 3549; x_wconf 90' lang='lat' dir='ltr'><strong>sed</strong></span> <span class='ocrx_word' id='word_1_373' title='bbox 1744 3510 1811 3550; x_wconf 84' lang='lat' dir='ltr'><strong>ex</strong></span> <span class='ocrx_word' id='word_1_374' title='bbox 1842 3503 1929 3549; x_wconf 90' lang='lat' dir='ltr'><strong>tua</strong></span> <span class='ocrx_word' id='word_1_375' title='bbox 1953 3494 2134 3550; x_wconf 88' lang='lat' dir='ltr'><strong>divina</strong></span> 
     </span>
    </p>
   </div>
   <div class='ocr_carea' id='block_1_48' title="bbox 567 3564 2138 3638">
    <p class='ocr_par' dir='ltr' id='par_1_48' title="bbox 567 3564 2138 3638">
     <span class='ocr_line' id='line_1_48' title="bbox 567 3564 2138 3638; baseline -0.002 -16"><span class='ocrx_word' id='word_1_376' title='bbox 567 3566 941 3638; x_wconf 85' lang='lat' dir='ltr'><strong>dispositione,</strong></span> <span class='ocrx_word' id='word_1_377' title='bbox 972 3565 1119 3632; x_wconf 85' lang='lat' dir='ltr'><strong>juxta</strong></span> <span class='ocrx_word' id='word_1_378' title='bbox 1138 3565 1280 3638; x_wconf 79' lang='lat' dir='ltr'><strong>illud</strong></span> <span class='ocrx_word' id='word_1_379' title='bbox 1310 3584 1320 3617; x_wconf 91' lang='lat'><strong>:</strong></span> <span class='ocrx_word' id='word_1_380' title='bbox 1345 3564 1466 3619; x_wconf 88' lang='lat' dir='ltr'><strong>Non</strong></span> <span class='ocrx_word' id='word_1_381' title='bbox 1497 3567 1708 3638; x_wconf 73' lang='lat' dir='ltr'><strong>haberes</strong></span> <span class='ocrx_word' id='word_1_382' title='bbox 1737 3566 1792 3619; x_wconf 90' lang='lat' dir='ltr'><strong>in</strong></span> <span class='ocrx_word' id='word_1_383' title='bbox 1821 3583 1899 3620; x_wconf 80' lang='lat' dir='ltr'><strong>me</strong></span> <span class='ocrx_word' id='word_1_384' title='bbox 1918 3577 2138 3634; x_wconf 86' lang='lat' dir='ltr'><strong>potesta-</strong></span> 
     </span>
    </p>
   </div>
   <div class='ocr_carea' id='block_1_49' title="bbox 564 3635 2137 3704">
    <p class='ocr_par' dir='ltr' id='par_1_49' title="bbox 564 3635 2137 3704">
     <span class='ocr_line' id='line_1_49' title="bbox 564 3635 2137 3704; baseline 0.003 -16"><span class='ocrx_word' id='word_1_385' title='bbox 564 3635 682 3701; x_wconf 58' lang='lat' dir='ltr'><strong>tem,</strong></span> <span class='ocrx_word' id='word_1_386' title='bbox 717 3636 816 3688; x_wconf 85' lang='lat' dir='ltr'><strong>nisi</strong></span> <span class='ocrx_word' id='word_1_387' title='bbox 845 3636 1062 3701; x_wconf 82' lang='lat' dir='ltr'><strong>desuper</strong></span> <span class='ocrx_word' id='word_1_388' title='bbox 1108 3635 1198 3688; x_wconf 84' lang='lat' dir='ltr'><strong>tibi</strong></span> <span class='ocrx_word' id='word_1_389' title='bbox 1246 3637 1422 3689; x_wconf 87' lang='lat' dir='ltr'><strong>datum</strong></span> <span class='ocrx_word' id='word_1_390' title='bbox 1481 3636 1678 3704; x_wconf 78' lang='lat' dir='ltr'><strong>fuisset,</strong></span> <span class='ocrx_word' id='word_1_391' title='bbox 1734 3638 1865 3691; x_wconf 82' lang='lat' dir='ltr'><strong>sicut</strong></span> <span class='ocrx_word' id='word_1_392' title='bbox 1915 3641 1970 3690; x_wconf 87' lang='lat' dir='ltr'><strong>in</strong></span> <span class='ocrx_word' id='word_1_393' title='bbox 1998 3640 2137 3692; x_wconf 78' lang='lat' dir='ltr'><strong>exitu</strong></span> 
     </span>
    </p>
   </div>
   <div class='ocr_carea' id='block_1_50' title="bbox 567 3706 1718 3776">
    <p class='ocr_par' dir='ltr' id='par_1_50' title="bbox 567 3706 1718 3776">
     <span class='ocr_line' id='line_1_50' title="bbox 567 3706 1718 3776; baseline -0.002 -15"><span class='ocrx_word' id='word_1_394' title='bbox 567 3709 704 3776; x_wconf 89' lang='lat' dir='ltr'><strong>ipso,</strong></span> <span class='ocrx_word' id='word_1_395' title='bbox 734 3706 785 3757; x_wconf 91' lang='lat' dir='ltr'><strong>id</strong></span> <span class='ocrx_word' id='word_1_396' title='bbox 817 3714 918 3770; x_wconf 90' lang='lat' dir='ltr'><strong>est,</strong></span> <span class='ocrx_word' id='word_1_397' title='bbox 954 3708 1005 3757; x_wconf 88' lang='lat' dir='ltr'><strong>in</strong></span> <span class='ocrx_word' id='word_1_398' title='bbox 1030 3708 1426 3776; x_wconf 81' lang='lat' dir='ltr'><strong>resurrectione</strong></span> <span class='ocrx_word' id='word_1_399' title='bbox 1453 3712 1718 3776; x_wconf 89' lang='lat' dir='ltr'><strong>apparuit.</strong></span> 
     </span>
    </p>
   </div>
   <div class='ocr_carea' id='block_1_51' title="bbox 642 3774 2138 3846">
    <p class='ocr_par' dir='ltr' id='par_1_51' title="bbox 642 3774 2138 3846">
     <span class='ocr_line' id='line_1_51' title="bbox 642 3774 2138 3846; baseline 0.005 -20"><span class='ocrx_word' id='word_1_400' title='bbox 642 3778 801 3842; x_wconf 85' lang='lat' dir='ltr'><strong>Quasi</strong></span> <span class='ocrx_word' id='word_1_401' title='bbox 821 3777 873 3827; x_wconf 91' lang='lat' dir='ltr'><strong>in</strong></span> <span class='ocrx_word' id='word_1_402' title='bbox 895 3776 1022 3828; x_wconf 85' lang='lat' dir='ltr'><strong>silva</strong></span> <span class='ocrx_word' id='word_1_403' title='bbox 1044 3774 1319 3846; x_wconf 87' lang='lat' dir='ltr'><strong>lignorum.</strong></span> <span class='ocrx_word' id='word_1_404' title='bbox 1354 3778 1465 3831; x_wconf 77' lang='lat' dir='ltr'><strong>Non</strong></span> <span class='ocrx_word' id='word_1_405' title='bbox 1490 3774 1668 3831; x_wconf 75' lang='lat' dir='ltr'><strong>solum</strong></span> <span class='ocrx_word' id='word_1_406' title='bbox 1708 3779 1761 3831; x_wconf 90' lang='lat' dir='ltr'><strong>in</strong></span> <span class='ocrx_word' id='word_1_407' title='bbox 1792 3788 1979 3833; x_wconf 88' lang='lat' dir='ltr'><strong>sancto</strong></span> <span class='ocrx_word' id='word_1_408' title='bbox 2015 3794 2138 3833; x_wconf 91' lang='lat' dir='ltr'><strong>san-</strong></span> 
     </span>
    </p>
   </div>
   <div class='ocr_carea' id='block_1_52' title="bbox 566 3846 2134 3916">
    <p class='ocr_par' dir='ltr' id='par_1_52' title="bbox 566 3846 2134 3916">
     <span class='ocr_line' id='line_1_52' title="bbox 566 3846 2134 3916; baseline 0 -13"><span class='ocrx_word' id='word_1_409' title='bbox 566 3856 774 3903; x_wconf 90' lang='lat' dir='ltr'><strong>ctorum</strong></span> <span class='ocrx_word' id='word_1_410' title='bbox 809 3846 1081 3913; x_wconf 88' lang='lat' dir='ltr'><strong>malignati</strong></span> <span class='ocrx_word' id='word_1_411' title='bbox 1112 3857 1257 3909; x_wconf 90' lang='lat' dir='ltr'><strong>sunt,</strong></span> <span class='ocrx_word' id='word_1_412' title='bbox 1291 3848 1383 3900; x_wconf 90' lang='lat' dir='ltr'><strong>sed</strong></span> <span class='ocrx_word' id='word_1_413' title='bbox 1408 3848 1566 3900; x_wconf 78' lang='lat' dir='ltr'><strong>eti-tn</strong></span> <span class='ocrx_word' id='word_1_414' title='bbox 1596 3848 1651 3901; x_wconf 92' lang='lat' dir='ltr'><strong>in</strong></span> <span class='ocrx_word' id='word_1_415' title='bbox 1700 3849 1818 3916; x_wconf 89' lang='lat' dir='ltr'><strong>ejus</strong></span> <span class='ocrx_word' id='word_1_416' title='bbox 1870 3850 2134 3911; x_wconf 87' lang='lat' dir='ltr'><strong>membra,</strong></span> 
     </span>
    </p>
   </div>
   <div class='ocr_carea' id='block_1_53' title="bbox 570 3917 2141 3989">
    <p class='ocr_par' dir='ltr' id='par_1_53' title="bbox 570 3917 2141 3989">
     <span class='ocr_line' id='line_1_53' title="bbox 570 3917 2141 3989; baseline 0.002 -18"><span class='ocrx_word' id='word_1_417' title='bbox 570 3920 694 3988; x_wconf 89' lang='lat' dir='ltr'><strong>quia</strong></span> <span class='ocrx_word' id='word_1_418' title='bbox 720 3917 1014 3989; x_wconf 71' lang='lat' dir='ltr'><strong>exciderunt</strong></span> <span class='ocrx_word' id='word_1_419' title='bbox 1041 3917 1236 3989; x_wconf 81' lang='lat' dir='ltr'><strong>januas</strong></span> <span class='ocrx_word' id='word_1_420' title='bbox 1258 3918 1399 3989; x_wconf 84' lang='lat' dir='ltr'><strong>ejus,</strong></span> <span class='ocrx_word' id='word_1_421' title='bbox 1423 3919 1471 3989; x_wconf 85' lang='lat' dir='ltr'><strong>id</strong></span> <span class='ocrx_word' id='word_1_422' title='bbox 1514 3927 1615 3986; x_wconf 89' lang='lat' dir='ltr'><strong>est,</strong></span> <span class='ocrx_word' id='word_1_423' title='bbox 1668 3919 1809 3984; x_wconf 91' lang='lat' dir='ltr'><strong>illos,</strong></span> <span class='ocrx_word' id='word_1_424' title='bbox 1871 3935 1966 3988; x_wconf 88' lang='lat' dir='ltr'><strong>per</strong></span> <span class='ocrx_word' id='word_1_425' title='bbox 2006 3936 2141 3987; x_wconf 86' lang='lat' dir='ltr'><strong>quos</strong></span> 
     </span>
    </p>
   </div>
   <div class='ocr_carea' id='block_1_54' title="bbox 570 3987 2138 4058">
    <p class='ocr_par' dir='ltr' id='par_1_54' title="bbox 570 3987 2138 4058">
     <span class='ocr_line' id='line_1_54' title="bbox 570 3987 2138 4058; baseline 0.001 -16"><span class='ocrx_word' id='word_1_426' title='bbox 570 3989 846 4057; x_wconf 83' lang='lat' dir='ltr'><strong>ingressus</strong></span> <span class='ocrx_word' id='word_1_427' title='bbox 894 3987 984 4041; x_wconf 78' lang='lat' dir='ltr'><strong>est</strong></span> <span class='ocrx_word' id='word_1_428' title='bbox 1032 3987 1098 4041; x_wconf 90' lang='lat' dir='ltr'><strong>ad</strong></span> <span class='ocrx_word' id='word_1_429' title='bbox 1142 4002 1289 4054; x_wconf 90' lang='lat' dir='ltr'><strong>eum,</strong></span> <span class='ocrx_word' id='word_1_430' title='bbox 1330 3988 1554 4051; x_wconf 84' lang='lat' dir='ltr'><strong>scilicet,</strong></span> <span class='ocrx_word' id='word_1_431' title='bbox 1602 3998 1817 4041; x_wconf 88' lang='lat' dir='ltr'><strong>sanctos</strong></span> <span class='ocrx_word' id='word_1_432' title='bbox 1844 3987 2138 4058; x_wconf 86' lang='lat' dir='ltr'><strong>apostolos,</strong></span> 
     </span>
    </p>
   </div>
   <div class='ocr_carea' id='block_1_55' title="bbox 568 4058 2142 4127">
    <p class='ocr_par' dir='ltr' id='par_1_55' title="bbox 568 4058 2142 4127">
     <span class='ocr_line' id='line_1_55' title="bbox 568 4058 2142 4127; baseline 0.003 -16"><span class='ocrx_word' id='word_1_433' title='bbox 568 4058 853 4122; x_wconf 84' lang='lat' dir='ltr'><strong>securibus,</strong></span> <span class='ocrx_word' id='word_1_434' title='bbox 880 4058 931 4111; x_wconf 90' lang='lat' dir='ltr'><strong>id</strong></span> <span class='ocrx_word' id='word_1_435' title='bbox 959 4066 1059 4122; x_wconf 89' lang='lat' dir='ltr'><strong>est,</strong></span> <span class='ocrx_word' id='word_1_436' title='bbox 1090 4058 1421 4126; x_wconf 81' lang='lat' dir='ltr'><strong>gravissimis</strong></span> <span class='ocrx_word' id='word_1_437' title='bbox 1454 4058 1901 4127; x_wconf 89' lang='lat' dir='ltr'><strong>tribulationibus,</strong></span> <span class='ocrx_word' id='word_1_438' title='bbox 1941 4072 1995 4115; x_wconf 91' lang='lat' dir='ltr'><strong>et</strong></span> <span class='ocrx_word' id='word_1_439' title='bbox 2040 4062 2142 4115; x_wconf 83' lang='lat' dir='ltr'><strong>hoc</strong></span> 
     </span>
    </p>
   </div>
   <div class='ocr_carea' id='block_1_56' title="bbox 570 4128 2144 4200">
    <p class='ocr_par' dir='ltr' id='par_1_56' title="bbox 570 4128 2144 4200">
     <span class='ocr_line' id='line_1_56' title="bbox 570 4128 2144 4200; baseline 0.001 -17"><span class='ocrx_word' id='word_1_440' title='bbox 570 4132 625 4183; x_wconf 88' lang='lat' dir='ltr'><strong>in</strong></span> <span class='ocrx_word' id='word_1_441' title='bbox 659 4131 904 4200; x_wconf 86' lang='lat' dir='ltr'><strong>idipsum,</strong></span> <span class='ocrx_word' id='word_1_442' title='bbox 938 4128 990 4183; x_wconf 94' lang='lat' dir='ltr'><strong>id</strong></span> <span class='ocrx_word' id='word_1_443' title='bbox 1021 4138 1122 4194; x_wconf 89' lang='lat' dir='ltr'><strong>est,</strong></span> <span class='ocrx_word' id='word_1_444' title='bbox 1156 4130 1499 4195; x_wconf 88' lang='lat' dir='ltr'><strong>unanimiter,</strong></span> <span class='ocrx_word' id='word_1_445' title='bbox 1528 4131 1671 4198; x_wconf 84' lang='lat' dir='ltr'><strong>quasi</strong></span> <span class='ocrx_word' id='word_1_446' title='bbox 1701 4131 1999 4185; x_wconf 83' lang='lat' dir='ltr'><strong>inciderent</strong></span> <span class='ocrx_word' id='word_1_447' title='bbox 2046 4133 2144 4184; x_wconf 89' lang='lat' dir='ltr'><strong>ali-</strong></span> 
     </span>
    </p>
   </div>
   <div class='ocr_carea' id='block_1_57' title="bbox 571 4200 2143 4273">
    <p class='ocr_par' dir='ltr' id='par_1_57' title="bbox 571 4200 2143 4273">
     <span class='ocr_line' id='line_1_57' title="bbox 571 4200 2143 4273; baseline 0.001 -18"><span class='ocrx_word' id='word_1_448' title='bbox 571 4201 704 4269; x_wconf 86' lang='lat' dir='ltr'><strong>quid</strong></span> <span class='ocrx_word' id='word_1_449' title='bbox 747 4202 803 4253; x_wconf 86' lang='lat' dir='ltr'><strong>in</strong></span> <span class='ocrx_word' id='word_1_450' title='bbox 851 4200 981 4254; x_wconf 88' lang='lat' dir='ltr'><strong>silva</strong></span> <span class='ocrx_word' id='word_1_451' title='bbox 1012 4200 1291 4272; x_wconf 87' lang='lat' dir='ltr'><strong>lignorum,</strong></span> <span class='ocrx_word' id='word_1_452' title='bbox 1327 4200 1379 4253; x_wconf 90' lang='lat' dir='ltr'><strong>id</strong></span> <span class='ocrx_word' id='word_1_453' title='bbox 1398 4212 1537 4273; x_wconf 87' lang='lat' dir='ltr'><strong>_est,</strong></span> <span class='ocrx_word' id='word_1_454' title='bbox 1588 4201 1816 4269; x_wconf 90' lang='lat' dir='ltr'><strong>aliquem</strong></span> <span class='ocrx_word' id='word_1_455' title='bbox 1866 4204 1934 4257; x_wconf 89' lang='lat' dir='ltr'><strong>de</strong></span> <span class='ocrx_word' id='word_1_456' title='bbox 1983 4216 2143 4273; x_wconf 84' lang='lat' dir='ltr'><strong>grege</strong></span> 
     </span>
    </p>
   </div>
   <div class='ocr_carea' id='block_1_58' title="bbox 574 4270 2183 4340">
    <p class='ocr_par' dir='ltr' id='par_1_58' title="bbox 574 4270 2183 4340">
     <span class='ocr_line' id='line_1_58' title="bbox 574 4270 2183 4340; baseline 0 -15"><span class='ocrx_word' id='word_1_457' title='bbox 574 4279 947 4325; x_wconf 77' lang='lat' dir='ltr'><strong>damnatorum</strong></span> <span class='ocrx_word' id='word_1_458' title='bbox 977 4278 1032 4324; x_wconf 88' lang='lat' dir='ltr'><strong>et</strong></span> <span class='ocrx_word' id='word_1_459' title='bbox 1056 4270 1343 4326; x_wconf 87' lang='lat' dir='ltr'><strong>inutilium.</strong></span> <span class='ocrx_word' id='word_1_460' title='bbox 1396 4270 1463 4325; x_wconf 86' lang='lat' dir='ltr'><strong>Et</strong></span> <span class='ocrx_word' id='word_1_461' title='bbox 1492 4273 1783 4340; x_wconf 74' lang='lat' dir='ltr'><strong>defecerunt</strong></span> <span class='ocrx_word' id='word_1_462' title='bbox 1828 4287 1910 4338; x_wconf 88' lang='lat' dir='ltr'><strong>ea,</strong></span> <span class='ocrx_word' id='word_1_463' title='bbox 1941 4270 2007 4326; x_wconf 45' lang='lat' dir='ltr'><strong>id&#39;</strong></span> <span class='ocrx_word' id='word_1_464' title='bbox 2037 4285 2139 4338; x_wconf 85' lang='lat' dir='ltr'><strong>est,</strong></span> <span class='ocrx_word' id='word_1_465' title='bbox 2178 4294 2183 4299; x_wconf 90' lang='grc'><strong>·</strong></span> 
     </span>
    </p>
   </div>
   <div class='ocr_carea' id='block_1_59' title="bbox 575 4341 2142 4410">
    <p class='ocr_par' dir='ltr' id='par_1_59' title="bbox 575 4341 2142 4410">
     <span class='ocr_line' id='line_1_59' title="bbox 575 4341 2142 4410; baseline 0.001 -15"><span class='ocrx_word' id='word_1_466' title='bbox 575 4341 954 4409; x_wconf 88' lang='lat' dir='ltr'><strong>appendentia,</strong></span> <span class='ocrx_word' id='word_1_467' title='bbox 991 4342 1089 4395; x_wconf 86' lang='lat' dir='ltr'><strong>hoc</strong></span> <span class='ocrx_word' id='word_1_468' title='bbox 1135 4352 1240 4405; x_wconf 88' lang='lat' dir='ltr'><strong>est,</strong></span> <span class='ocrx_word' id='word_1_469' title='bbox 1272 4344 1510 4395; x_wconf 90' lang='lat' dir='ltr'><strong>minores</strong></span> <span class='ocrx_word' id='word_1_470' title='bbox 1540 4344 1604 4394; x_wconf 89' lang='lat' dir='ltr'><strong>ad</strong></span> <span class='ocrx_word' id='word_1_471' title='bbox 1664 4342 1836 4410; x_wconf 88' lang='lat' dir='ltr'><strong>ipsutn</strong></span> <span class='ocrx_word' id='word_1_472' title='bbox 1897 4353 2142 4397; x_wconf 88' lang='lat' dir='ltr'><strong>sanctum</strong></span> 
     </span>
    </p>
   </div>
   <div class='ocr_carea' id='block_1_60' title="bbox 572 4412 2146 4480">
    <p class='ocr_par' dir='ltr' id='par_1_60' title="bbox 572 4412 2146 4480">
     <span class='ocr_line' id='line_1_60' title="bbox 572 4412 2146 4480; baseline 0.003 -15"><span class='ocrx_word' id='word_1_473' title='bbox 572 4421 877 4465; x_wconf 86' lang='lat' dir='ltr'><strong>sanctorum</strong></span> <span class='ocrx_word' id='word_1_474' title='bbox 912 4412 1256 4480; x_wconf 86' lang='lat' dir='ltr'><strong>pertinentes,</strong></span> <span class='ocrx_word' id='word_1_475' title='bbox 1299 4414 1353 4464; x_wconf 87' lang='lat' dir='ltr'><strong>in</strong></span> <span class='ocrx_word' id='word_1_476' title='bbox 1381 4413 1548 4465; x_wconf 89' lang='lat' dir='ltr'><strong>securi</strong></span> <span class='ocrx_word' id='word_1_477' title='bbox 1571 4423 1619 4465; x_wconf 89' lang='lat' dir='ltr'><strong>et</strong></span> <span class='ocrx_word' id='word_1_478' title='bbox 1671 4416 1827 4467; x_wconf 84' lang='lat' dir='ltr'><strong>ascia.</strong></span> <span class='ocrx_word' id='word_1_479' title='bbox 1862 4413 1964 4468; x_wconf 88' lang='lat' dir='ltr'><strong>Per</strong></span> <span class='ocrx_word' id='word_1_480' title='bbox 1992 4430 2146 4468; x_wconf 84' lang='lat' dir='ltr'><strong>secu-</strong></span> 
     </span>
    </p>
   </div>
   <div class='ocr_carea' id='block_1_61' title="bbox 574 4482 2145 4554">
    <p class='ocr_par' dir='ltr' id='par_1_61' title="bbox 574 4482 2145 4554">
     <span class='ocr_line' id='line_1_61' title="bbox 574 4482 2145 4554; baseline 0.001 -17"><span class='ocrx_word' id='word_1_481' title='bbox 574 4484 674 4537; x_wconf 86' lang='lat' dir='ltr'><strong>rim</strong></span> <span class='ocrx_word' id='word_1_482' title='bbox 710 4482 947 4551; x_wconf 83' lang='lat' dir='ltr'><strong>intellige</strong></span> <span class='ocrx_word' id='word_1_483' title='bbox 976 4483 1266 4549; x_wconf 78' lang='lat' dir='ltr'><strong>molestias,</strong></span> <span class='ocrx_word' id='word_1_484' title='bbox 1300 4498 1393 4551; x_wconf 92' lang='lat' dir='ltr'><strong>per</strong></span> <span class='ocrx_word' id='word_1_485' title='bbox 1422 4484 1621 4537; x_wconf 87' lang='lat' dir='ltr'><strong>asciam</strong></span> <span class='ocrx_word' id='word_1_486' title='bbox 1654 4498 1783 4538; x_wconf 88' lang='lat' dir='ltr'><strong>vero</strong></span> <span class='ocrx_word' id='word_1_487' title='bbox 1829 4500 1950 4554; x_wconf 63' lang='lat' dir='ltr'><strong>quae</strong></span> <span class='ocrx_word' id='word_1_488' title='bbox 1974 4488 2145 4553; x_wconf 89' lang='lat' dir='ltr'><strong>magis</strong></span> 
     </span>
    </p>
   </div>
   <div class='ocr_carea' id='block_1_62' title="bbox 2225 519 3811 591">
    <p class='ocr_par' dir='ltr' id='par_1_62' title="bbox 2225 519 3811 591">
     <span class='ocr_line' id='line_1_62' title="bbox 2225 519 3811 591; baseline 0.003 -17"><span class='ocrx_word' id='word_1_489' title='bbox 2225 526 2363 590; x_wconf 90' lang='lat' dir='ltr'><strong>pleta</strong></span> <span class='ocrx_word' id='word_1_490' title='bbox 2390 530 2531 584; x_wconf 89' lang='lat' dir='ltr'><strong>sunt,</strong></span> <span class='ocrx_word' id='word_1_491' title='bbox 2564 519 2684 572; x_wconf 91' lang='lat' dir='ltr'><strong>ideo</strong></span> <span class='ocrx_word' id='word_1_492' title='bbox 2716 519 2856 573; x_wconf 89' lang='lat' dir='ltr'><strong>Deus</strong></span> <span class='ocrx_word' id='word_1_493' title='bbox 2880 537 2980 572; x_wconf 89' lang='lat' dir='ltr'><strong>non</strong></span> <span class='ocrx_word' id='word_1_494' title='bbox 3010 531 3281 591; x_wconf 80' lang='lat' dir='ltr'><strong>cognoscet</strong></span> <span class='ocrx_word' id='word_1_495' title='bbox 3332 519 3424 574; x_wconf 87' lang='lat' dir='ltr'><strong>nos</strong></span> <span class='ocrx_word' id='word_1_496' title='bbox 3471 519 3705 591; x_wconf 75' lang='lat' dir='ltr'><strong>amplius</strong></span> <span class='ocrx_word' id='word_1_497' title='bbox 3758 526 3811 579; x_wconf 91' lang='lat' dir='ltr'><strong>in</strong></span> 
     </span>
    </p>
   </div>
   <div class='ocr_carea' id='block_1_63' title="bbox 2227 591 3815 663">
    <p class='ocr_par' dir='ltr' id='par_1_63' title="bbox 2227 591 3815 663">
     <span class='ocr_line' id='line_1_63' title="bbox 2227 591 3815 663; baseline 0.003 -17"><span class='ocrx_word' id='word_1_498' title='bbox 2227 592 2566 657; x_wconf 79' lang='lat' dir='ltr'><strong>disciplinam</strong></span> <span class='ocrx_word' id='word_1_499' title='bbox 2593 591 2755 661; x_wconf 81' lang='lat' dir='ltr'><strong>Moysi</strong></span> <span class='ocrx_word' id='word_1_500' title='bbox 2776 609 2797 663; x_wconf 13' lang='lat' dir='ltr'><strong>;r</strong></span> <span class='ocrx_word' id='word_1_501' title='bbox 2812 600 3095 663; x_wconf 86' lang='lat' dir='ltr'><strong>postquam</strong></span> <span class='ocrx_word' id='word_1_502' title='bbox 3123 594 3266 647; x_wconf 89' lang='lat' dir='ltr'><strong>enim</strong></span> <span class='ocrx_word' id='word_1_503' title='bbox 3288 596 3489 648; x_wconf 85' lang='lat' dir='ltr'><strong>veritas</strong></span> <span class='ocrx_word' id='word_1_504' title='bbox 3508 595 3686 663; x_wconf 86' lang='lat' dir='ltr'><strong>venit,</strong></span> <span class='ocrx_word' id='word_1_505' title='bbox 3708 610 3815 651; x_wconf 88' lang='lat' dir='ltr'><strong>non</strong></span> 
     </span>
    </p>
   </div>
   <div class='ocr_carea' id='block_1_64' title="bbox 2221 662 3387 730">
    <p class='ocr_par' dir='ltr' id='par_1_64' title="bbox 2221 662 3387 730">
     <span class='ocr_line' id='line_1_64' title="bbox 2221 662 3387 730; baseline 0 -13"><span class='ocrx_word' id='word_1_506' title='bbox 2221 670 2510 730; x_wconf 72' lang='lat' dir='ltr'><strong>cognoscet</strong></span> <span class='ocrx_word' id='word_1_507' title='bbox 2542 676 2637 715; x_wconf 90' lang='lat' dir='ltr'><strong>nos</strong></span> <span class='ocrx_word' id='word_1_508' title='bbox 2663 662 2886 729; x_wconf 88' lang='lat' dir='ltr'><strong>amplius</strong></span> <span class='ocrx_word' id='word_1_509' title='bbox 2916 663 2967 715; x_wconf 91' lang='lat' dir='ltr'><strong>in</strong></span> <span class='ocrx_word' id='word_1_510' title='bbox 2998 665 3204 718; x_wconf 89' lang='lat' dir='ltr'><strong>umbra.</strong></span> <span class='ocrx_word' id='word_1_511' title='bbox 3384 688 3387 693; x_wconf 60' lang='grc' dir='ltr'><strong><em>ν</em></strong></span> 
     </span>
    </p>
   </div>
   <div class='ocr_carea' id='block_1_65' title="bbox 2296 730 3801 805">
    <p class='ocr_par' dir='ltr' id='par_1_65' title="bbox 2296 730 3801 805">
     <span class='ocr_line' id='line_1_65' title="bbox 2296 730 3801 805; baseline 0.005 -20"><span class='ocrx_word' id='word_1_512' title='bbox 2296 732 2562 800; x_wconf 79' lang='lat' dir='ltr'><strong>Usquequo</strong></span> <span class='ocrx_word' id='word_1_513' title='bbox 2608 730 2769 805; x_wconf 85' lang='lat' dir='ltr'><strong>Deus.</strong></span> <span class='ocrx_word' id='word_1_514' title='bbox 2823 732 2947 786; x_wconf 84' lang='lat' dir='ltr'><strong>Dico</strong></span> <span class='ocrx_word' id='word_1_515' title='bbox 2984 736 3137 805; x_wconf 77' lang='lat' dir='ltr'><strong>quia,</strong></span> <span class='ocrx_word' id='word_1_516' title='bbox 3188 737 3358 800; x_wconf 90' lang='lat' dir='ltr'><strong>Deus,</strong></span> <span class='ocrx_word' id='word_1_517' title='bbox 3403 737 3640 805; x_wconf 87' lang='lat' dir='ltr'><strong>amplius</strong></span> <span class='ocrx_word' id='word_1_518' title='bbox 3695 752 3801 793; x_wconf 81' lang='lat' dir='ltr'><strong>non</strong></span> 
     </span>
    </p>
   </div>
   <div class='ocr_carea' id='block_1_66' title="bbox 2221 803 3814 874">
    <p class='ocr_par' dir='ltr' id='par_1_66' title="bbox 2221 803 3814 874">
     <span class='ocr_line' id='line_1_66' title="bbox 2221 803 3814 874; baseline 0.003 -15"><span class='ocrx_word' id='word_1_519' title='bbox 2221 818 2517 873; x_wconf 83' lang='lat' dir='ltr'><strong>cognosces</strong></span> <span class='ocrx_word' id='word_1_520' title='bbox 2548 816 2645 856; x_wconf 88' lang='lat' dir='ltr'><strong>nos</strong></span> <span class='ocrx_word' id='word_1_521' title='bbox 2672 803 2723 855; x_wconf 92' lang='lat' dir='ltr'><strong>in</strong></span> <span class='ocrx_word' id='word_1_522' title='bbox 2751 804 2957 858; x_wconf 90' lang='lat' dir='ltr'><strong>umbra.</strong></span> <span class='ocrx_word' id='word_1_523' title='bbox 2982 804 3272 874; x_wconf 87' lang='lat' dir='ltr'><strong>Usquequo</strong></span> <span class='ocrx_word' id='word_1_524' title='bbox 3315 803 3524 872; x_wconf 71' lang='lat' dir='ltr'><strong>autem,</strong></span> <span class='ocrx_word' id='word_1_525' title='bbox 3558 808 3732 874; x_wconf 88' lang='lat' dir='ltr'><strong>Deus,</strong></span> <span class='ocrx_word' id='word_1_526' title='bbox 3768 811 3814 864; x_wconf 90' lang='lat' dir='ltr'><strong>in</strong></span> 
     </span>
    </p>
   </div>
   <div class='ocr_carea' id='block_1_67' title="bbox 2224 874 3812 947">
    <p class='ocr_par' dir='ltr' id='par_1_67' title="bbox 2224 874 3812 947">
     <span class='ocr_line' id='line_1_67' title="bbox 2224 874 3812 947; baseline 0.004 -21"><span class='ocrx_word' id='word_1_527' title='bbox 2224 876 2324 947; x_wconf 83' lang='lat' dir='ltr'><strong>hac</strong></span> <span class='ocrx_word' id='word_1_528' title='bbox 2352 876 2593 928; x_wconf 62' lang='lat' dir='ltr'><strong>caicitate</strong></span> <span class='ocrx_word' id='word_1_529' title='bbox 2646 874 3089 947; x_wconf 76' lang='lat' dir='ltr'><strong>manebimus,itl</strong></span> <span class='ocrx_word' id='word_1_530' title='bbox 3143 886 3248 942; x_wconf 81' lang='lat' dir='ltr'><strong>est,</strong></span> <span class='ocrx_word' id='word_1_531' title='bbox 3305 892 3595 947; x_wconf 84' lang='lat' dir='ltr'><strong>usquequo,</strong></span> <span class='ocrx_word' id='word_1_532' title='bbox 3644 878 3812 945; x_wconf 80' lang='lat' dir='ltr'><strong>Deus,</strong></span> 
     </span>
    </p>
   </div>
   <div class='ocr_carea' id='block_1_68' title="bbox 2223 944 3813 1018">
    <p class='ocr_par' dir='ltr' id='par_1_68' title="bbox 2223 944 3813 1018">
     <span class='ocr_line' id='line_1_68' title="bbox 2223 944 3813 1018; baseline 0.003 -19"><span class='ocrx_word' id='word_1_533' title='bbox 2223 946 2460 1018; x_wconf 84' lang='lat' dir='ltr'><strong>inimicus</strong></span> <span class='ocrx_word' id='word_1_534' title='bbox 2494 948 2593 999; x_wconf 90' lang='lat' dir='ltr'><strong>iste</strong></span> <span class='ocrx_word' id='word_1_535' title='bbox 2622 944 2849 1018; x_wconf 83' lang='lat' dir='ltr'><strong>populus</strong></span> <span class='ocrx_word' id='word_1_536' title='bbox 2874 945 3134 1000; x_wconf 83' lang='lat' dir='ltr'><strong>Judaicus</strong></span> <span class='ocrx_word' id='word_1_537' title='bbox 3181 944 3559 1018; x_wconf 74' lang='lat' dir='ltr'><strong>improperabit</strong></span> <span class='ocrx_word' id='word_1_538' title='bbox 3586 951 3711 1015; x_wconf 88' lang='lat' dir='ltr'><strong>tibi,</strong></span> <span class='ocrx_word' id='word_1_539' title='bbox 3731 944 3813 1004; x_wconf 55' lang='lat' dir='ltr'><strong>vo?</strong></span> 
     </span>
    </p>
   </div>
   <div class='ocr_carea' id='block_1_69' title="bbox 2230 1016 3811 1091">
    <p class='ocr_par' dir='ltr' id='par_1_69' title="bbox 2230 1016 3811 1091">
     <span class='ocr_line' id='line_1_69' title="bbox 2230 1016 3811 1091; baseline 0.004 -22"><span class='ocrx_word' id='word_1_540' title='bbox 2230 1016 2405 1091; x_wconf 81' lang='lat' dir='ltr'><strong>cando</strong></span> <span class='ocrx_word' id='word_1_541' title='bbox 2432 1016 3082 1091; x_wconf 80' lang='lat' dir='ltr'><strong>temortuumlatronem,</strong></span> <span class='ocrx_word' id='word_1_542' title='bbox 3110 1026 3164 1071; x_wconf 91' lang='lat' dir='ltr'><strong>et</strong></span> <span class='ocrx_word' id='word_1_543' title='bbox 3215 1016 3455 1073; x_wconf 83' lang='lat' dir='ltr'><strong>similia?</strong></span> <span class='ocrx_word' id='word_1_544' title='bbox 3502 1020 3811 1091; x_wconf 86' lang='lat' dir='ltr'><strong>Usquequo.</strong></span> 
     </span>
    </p>
   </div>
   <div class='ocr_carea' id='block_1_70' title="bbox 2226 1087 3810 1161">
    <p class='ocr_par' dir='ltr' id='par_1_70' title="bbox 2226 1087 3810 1161">
     <span class='ocr_line' id='line_1_70' title="bbox 2226 1087 3810 1161; baseline 0.003 -20"><span class='ocrx_word' id='word_1_545' title='bbox 2226 1088 2276 1161; x_wconf 86' lang='lat' dir='ltr'><strong>i_d</strong></span> <span class='ocrx_word' id='word_1_546' title='bbox 2307 1096 2407 1146; x_wconf 88' lang='lat' dir='ltr'><strong>cst,</strong></span> <span class='ocrx_word' id='word_1_547' title='bbox 2439 1087 2762 1161; x_wconf 83' lang='lat' dir='ltr'><strong>adversarius</strong></span> <span class='ocrx_word' id='word_1_548' title='bbox 2795 1088 3027 1161; x_wconf 81' lang='lat' dir='ltr'><strong>irritabit</strong></span> <span class='ocrx_word' id='word_1_549' title='bbox 3063 1103 3163 1161; x_wconf 73' lang='lat' dir='ltr'><strong>per</strong></span> <span class='ocrx_word' id='word_1_550' title='bbox 3196 1106 3389 1145; x_wconf 89' lang='lat' dir='ltr'><strong>nomen</strong></span> <span class='ocrx_word' id='word_1_551' title='bbox 3434 1087 3613 1156; x_wconf 72' lang='lat' dir='ltr'><strong>tuum,</strong></span> <span class='ocrx_word' id='word_1_552' title='bbox 3666 1087 3810 1161; x_wconf 80' lang='lat' dir='ltr'><strong>quod</strong></span> 
     </span>
    </p>
   </div>
   <div class='ocr_carea' id='block_1_71' title="bbox 2224 1156 3816 1219">
    <p class='ocr_par' dir='ltr' id='par_1_71' title="bbox 2224 1156 3816 1219">
     <span class='ocr_line' id='line_1_71' title="bbox 2224 1156 3816 1219; baseline 0.002 -7"><span class='ocrx_word' id='word_1_553' title='bbox 2224 1156 2503 1212; x_wconf 90' lang='lat' dir='ltr'><strong>destruere</strong></span> <span class='ocrx_word' id='word_1_554' title='bbox 2556 1158 2669 1210; x_wconf 83' lang='lat' dir='ltr'><strong>vult</strong></span> <span class='ocrx_word' id='word_1_555' title='bbox 2706 1158 2774 1212; x_wconf 90' lang='lat' dir='ltr'><strong>de</strong></span> <span class='ocrx_word' id='word_1_556' title='bbox 2826 1158 3017 1212; x_wconf 90' lang='lat' dir='ltr'><strong>terra?</strong></span> <span class='ocrx_word' id='word_1_557' title='bbox 3062 1156 3176 1213; x_wconf 86' lang='lat' dir='ltr'><strong>Erit</strong></span> <span class='ocrx_word' id='word_1_558' title='bbox 3228 1162 3327 1216; x_wconf 85' lang='lat' dir='ltr'><strong>hoc</strong></span> <span class='ocrx_word' id='word_1_559' title='bbox 3380 1162 3434 1216; x_wconf 88' lang='lat' dir='ltr'><strong>in</strong></span> <span class='ocrx_word' id='word_1_560' title='bbox 3488 1156 3702 1217; x_wconf 65' lang='lat' dir='ltr'><strong>ﬁnem?</strong></span> <span class='ocrx_word' id='word_1_561' title='bbox 3752 1162 3816 1219; x_wconf 83' lang='lat' dir='ltr'><strong>Ut</strong></span> 
     </span>
    </p>
   </div>
   <div class='ocr_carea' id='block_1_72' title="bbox 2226 1228 3815 1298">
    <p class='ocr_par' dir='ltr' id='par_1_72' title="bbox 2226 1228 3815 1298">
     <span class='ocr_line' id='line_1_72' title="bbox 2226 1228 3815 1298; baseline 0.006 -18"><span class='ocrx_word' id='word_1_562' title='bbox 2226 1229 2369 1296; x_wconf 88' lang='lat' dir='ltr'><strong>quid,</strong></span> <span class='ocrx_word' id='word_1_563' title='bbox 2401 1230 2543 1295; x_wconf 90' lang='lat' dir='ltr'><strong>dico,</strong></span> <span class='ocrx_word' id='word_1_564' title='bbox 2573 1229 2781 1293; x_wconf 88' lang='lat' dir='ltr'><strong>avertis,</strong></span> <span class='ocrx_word' id='word_1_565' title='bbox 2812 1228 2864 1281; x_wconf 92' lang='lat' dir='ltr'><strong>id</strong></span> <span class='ocrx_word' id='word_1_566' title='bbox 2899 1237 3000 1295; x_wconf 90' lang='lat' dir='ltr'><strong>est,</strong></span> <span class='ocrx_word' id='word_1_567' title='bbox 3039 1230 3304 1298; x_wconf 88' lang='lat' dir='ltr'><strong>permittis</strong></span> <span class='ocrx_word' id='word_1_568' title='bbox 3329 1247 3428 1287; x_wconf 90' lang='lat' dir='ltr'><strong>nos</strong></span> <span class='ocrx_word' id='word_1_569' title='bbox 3454 1232 3627 1288; x_wconf 84' lang='lat' dir='ltr'><strong>videri</strong></span> <span class='ocrx_word' id='word_1_570' title='bbox 3666 1249 3815 1289; x_wconf 68' lang='lat' dir='ltr'><strong>avero</strong></span> 
     </span>
    </p>
   </div>
   <div class='ocr_carea' id='block_1_73' title="bbox 2226 1299 3815 1369">
    <p class='ocr_par' dir='ltr' id='par_1_73' title="bbox 2226 1299 3815 1369">
     <span class='ocr_line' id='line_1_73' title="bbox 2226 1299 3815 1369; baseline 0.004 -17"><span class='ocrx_word' id='word_1_571' title='bbox 2226 1312 2315 1352; x_wconf 88' lang='lat' dir='ltr'><strong>sos</strong></span> <span class='ocrx_word' id='word_1_572' title='bbox 2346 1314 2441 1351; x_wconf 92' lang='lat' dir='ltr'><strong>nos</strong></span> <span class='ocrx_word' id='word_1_573' title='bbox 2469 1299 2729 1352; x_wconf 74' lang='lat' dir='ltr'><strong>dexteram</strong></span> <span class='ocrx_word' id='word_1_574' title='bbox 2758 1315 2966 1353; x_wconf 85' lang='lat' dir='ltr'><strong>manum</strong></span> <span class='ocrx_word' id='word_1_575' title='bbox 2997 1310 3140 1353; x_wconf 88' lang='lat' dir='ltr'><strong>tuam</strong></span> <span class='ocrx_word' id='word_1_576' title='bbox 3170 1303 3233 1356; x_wconf 90' lang='lat' dir='ltr'><strong>de</strong></span> <span class='ocrx_word' id='word_1_577' title='bbox 3259 1304 3429 1357; x_wconf 83' lang='lat' dir='ltr'><strong>medio</strong></span> <span class='ocrx_word' id='word_1_578' title='bbox 3454 1304 3603 1367; x_wconf 82' lang='lat' dir='ltr'><strong>sinu,</strong></span> <span class='ocrx_word' id='word_1_579' title='bbox 3635 1305 3685 1357; x_wconf 93' lang='lat' dir='ltr'><strong>id</strong></span> <span class='ocrx_word' id='word_1_580' title='bbox 3715 1315 3815 1369; x_wconf 88' lang='lat' dir='ltr'><strong>est,</strong></span> 
     </span>
    </p>
   </div>
   <div class='ocr_carea' id='block_1_74' title="bbox 2227 1370 3817 1443">
    <p class='ocr_par' dir='ltr' id='par_1_74' title="bbox 2227 1370 3817 1443">
     <span class='ocr_line' id='line_1_74' title="bbox 2227 1370 3817 1443; baseline 0.005 -22"><span class='ocrx_word' id='word_1_581' title='bbox 2227 1370 2427 1443; x_wconf 76' lang='lat' dir='ltr'><strong>deiide</strong></span> <span class='ocrx_word' id='word_1_582' title='bbox 2458 1377 2569 1432; x_wconf 87' lang='lat' dir='ltr'><strong>tua,</strong></span> <span class='ocrx_word' id='word_1_583' title='bbox 2616 1379 2671 1422; x_wconf 92' lang='lat' dir='ltr'><strong>et</strong></span> <span class='ocrx_word' id='word_1_584' title='bbox 2716 1370 3002 1443; x_wconf 56' lang='lat' dir='ltr'><strong>praeceptis</strong></span> <span class='ocrx_word' id='word_1_585' title='bbox 3062 1374 3188 1435; x_wconf 89' lang='lat' dir='ltr'><strong>tuis,</strong></span> <span class='ocrx_word' id='word_1_586' title='bbox 3222 1375 3326 1428; x_wconf 86' lang='lat' dir='ltr'><strong>erit</strong></span> <span class='ocrx_word' id='word_1_587' title='bbox 3378 1375 3485 1429; x_wconf 85' lang='lat' dir='ltr'><strong>hoc</strong></span> <span class='ocrx_word' id='word_1_588' title='bbox 3514 1374 3575 1427; x_wconf 87' lang='lat' dir='ltr'><strong>in</strong></span> <span class='ocrx_word' id='word_1_589' title='bbox 3630 1375 3817 1443; x_wconf 66' lang='lat' dir='ltr'><strong>ﬁnem?</strong></span> 
     </span>
    </p>
   </div>
   <div class='ocr_carea' id='block_1_75' title="bbox 2230 1439 3817 1514">
    <p class='ocr_par' dir='ltr' id='par_1_75' title="bbox 2230 1439 3817 1514">
     <span class='ocr_line' id='line_1_75' title="bbox 2230 1439 3817 1514; baseline 0.005 -22"><span class='ocrx_word' id='word_1_590' title='bbox 2230 1439 2368 1493; x_wconf 89' lang='lat' dir='ltr'><strong>Dens</strong></span> <span class='ocrx_word' id='word_1_591' title='bbox 2395 1450 2567 1514; x_wconf 80' lang='lat' dir='ltr'><strong>autem</strong></span> <span class='ocrx_word' id='word_1_592' title='bbox 2596 1455 2689 1493; x_wconf 77' lang='lat' dir='ltr'><strong>rex</strong></span> <span class='ocrx_word' id='word_1_593' title='bbox 2716 1439 2909 1514; x_wconf 73' lang='lat' dir='ltr'><strong>noster.</strong></span> <span class='ocrx_word' id='word_1_594' title='bbox 2944 1441 3053 1496; x_wconf 87' lang='lat' dir='ltr'><strong>Nos</strong></span> <span class='ocrx_word' id='word_1_595' title='bbox 3081 1444 3294 1512; x_wconf 90' lang='lat' dir='ltr'><strong>quidem</strong></span> <span class='ocrx_word' id='word_1_596' title='bbox 3319 1446 3475 1514; x_wconf 88' lang='lat' dir='ltr'><strong>signa</strong></span> <span class='ocrx_word' id='word_1_597' title='bbox 3498 1439 3817 1500; x_wconf 77' lang='lat' dir='ltr'><strong>visitationis</strong></span> 
     </span>
    </p>
   </div>
   <div class='ocr_carea' id='block_1_76' title="bbox 2232 1510 3818 1583">
    <p class='ocr_par' dir='ltr' id='par_1_76' title="bbox 2232 1510 3818 1583">
     <span class='ocr_line' id='line_1_76' title="bbox 2232 1510 3818 1583; baseline 0.004 -20"><span class='ocrx_word' id='word_1_598' title='bbox 2232 1525 2339 1583; x_wconf 87' lang='lat' dir='ltr'><strong>non</strong></span> <span class='ocrx_word' id='word_1_599' title='bbox 2366 1511 2710 1573; x_wconf 85' lang='lat' dir='ltr'><strong>attendimus,</strong></span> <span class='ocrx_word' id='word_1_600' title='bbox 2746 1510 2908 1583; x_wconf 83' lang='lat' dir='ltr'><strong>Deus</strong></span> <span class='ocrx_word' id='word_1_601' title='bbox 2931 1510 3216 1567; x_wconf 43' lang='lat' dir='ltr'><strong>autem&#39;rea:</strong></span> <span class='ocrx_word' id='word_1_602' title='bbox 3244 1510 3417 1569; x_wconf 71' lang='lat' dir='ltr'><strong>nostEr</strong></span> <span class='ocrx_word' id='word_1_603' title='bbox 3447 1526 3698 1583; x_wconf 79' lang='lat' dir='ltr'><strong>aperatus</strong></span> <span class='ocrx_word' id='word_1_604' title='bbox 3749 1528 3818 1570; x_wconf 81' lang='lat' dir='ltr'><strong>est</strong></span> 
     </span>
    </p>
   </div>
   <div class='ocr_carea' id='block_1_77' title="bbox 2230 1580 3817 1650">
    <p class='ocr_par' dir='ltr' id='par_1_77' title="bbox 2230 1580 3817 1650">
     <span class='ocr_line' id='line_1_77' title="bbox 2230 1580 3817 1650; baseline 0.004 -16"><span class='ocrx_word' id='word_1_605' title='bbox 2230 1580 2448 1634; x_wconf 85' lang='lat' dir='ltr'><strong>salutem</strong></span> <span class='ocrx_word' id='word_1_606' title='bbox 2480 1597 2647 1634; x_wconf 80' lang='lat' dir='ltr'><strong>veram</strong></span> <span class='ocrx_word' id='word_1_607' title='bbox 2674 1583 2727 1634; x_wconf 88' lang='lat' dir='ltr'><strong>in</strong></span> <span class='ocrx_word' id='word_1_608' title='bbox 2775 1582 2942 1636; x_wconf 89' lang='lat' dir='ltr'><strong>medio</strong></span> <span class='ocrx_word' id='word_1_609' title='bbox 2973 1592 3143 1650; x_wconf 68' lang='lat' dir='ltr'><strong>terrm,</strong></span> <span class='ocrx_word' id='word_1_610' title='bbox 3188 1584 3239 1638; x_wconf 94' lang='lat' dir='ltr'><strong>id</strong></span> <span class='ocrx_word' id='word_1_611' title='bbox 3270 1596 3371 1648; x_wconf 89' lang='grc' dir='ltr'><em>εει,</em></span> <span class='ocrx_word' id='word_1_612' title='bbox 3414 1580 3673 1641; x_wconf 67' lang='grc' dir='ltr'><em>ἱιιέοτιιε</em></span> <span class='ocrx_word' id='word_1_613' title='bbox 3701 1602 3817 1650; x_wconf 78' lang='lat' dir='ltr'><strong>gen-</strong></span> 
     </span>
    </p>
   </div>
   <div class='ocr_carea' id='block_1_78' title="bbox 2234 1652 3816 1726">
    <p class='ocr_par' dir='ltr' id='par_1_78' title="bbox 2234 1652 3816 1726">
     <span class='ocr_line' id='line_1_78' title="bbox 2234 1652 3816 1726; baseline 0.004 -21"><span class='ocrx_word' id='word_1_614' title='bbox 2234 1652 2454 1726; x_wconf 63' lang='lat' dir='ltr'><strong>tiliumL</strong></span> <span class='ocrx_word' id='word_1_615' title='bbox 2461 1652 2562 1708; x_wconf 87' lang='lat' dir='ltr'><strong>hoc</strong></span> <span class='ocrx_word' id='word_1_616' title='bbox 2586 1662 2685 1716; x_wconf 91' lang='grc' dir='ltr'><em>εει,</em></span> <span class='ocrx_word' id='word_1_617' title='bbox 2722 1652 2840 1726; x_wconf 72' lang='lat' dir='ltr'><strong>alia:</strong></span> <span class='ocrx_word' id='word_1_618' title='bbox 2868 1654 2971 1707; x_wconf 83' lang='lat' dir='ltr'><strong>illae</strong></span> <span class='ocrx_word' id='word_1_619' title='bbox 2995 1669 3122 1708; x_wconf 88' lang='lat' dir='ltr'><strong>oves</strong></span> <span class='ocrx_word' id='word_1_620' title='bbox 3154 1656 3262 1723; x_wconf 91' lang='lat' dir='ltr'><strong>jam</strong></span> <span class='ocrx_word' id='word_1_621' title='bbox 3305 1659 3539 1726; x_wconf 86' lang='lat' dir='ltr'><strong>gratiam</strong></span> <span class='ocrx_word' id='word_1_622' title='bbox 3568 1672 3816 1726; x_wconf 73' lang='grc' dir='ltr'><em>ειιεεερεο</em></span> 
     </span>
    </p>
   </div>
   <div class='ocr_carea' id='block_1_79' title="bbox 2237 1724 3815 1797">
    <p class='ocr_par' dir='ltr' id='par_1_79' title="bbox 2237 1724 3815 1797">
     <span class='ocr_line' id='line_1_79' title="bbox 2237 1724 3815 1797; baseline 0.005 -23"><span class='ocrx_word' id='word_1_623' title='bbox 2237 1735 2381 1797; x_wconf 75' lang='lat' dir='ltr'><strong>runt.</strong></span> <span class='ocrx_word' id='word_1_624' title='bbox 2416 1724 2577 1797; x_wconf 74' lang='lat' dir='ltr'><strong>Ergo,</strong></span> <span class='ocrx_word' id='word_1_625' title='bbox 2611 1724 2759 1797; x_wconf 80' lang='lat' dir='ltr'><strong>quasi</strong></span> <span class='ocrx_word' id='word_1_626' title='bbox 2788 1724 2931 1797; x_wconf 80' lang='lat' dir='ltr'><strong>dicat</strong></span> <span class='ocrx_word' id='word_1_627' title='bbox 2968 1742 2980 1777; x_wconf 90' lang='lat'><strong>:</strong></span> <span class='ocrx_word' id='word_1_628' title='bbox 3040 1727 3247 1793; x_wconf 87' lang='lat' dir='ltr'><strong>Asapb,</strong></span> <span class='ocrx_word' id='word_1_629' title='bbox 3279 1724 3495 1797; x_wconf 81' lang='lat' dir='ltr'><strong>corrige</strong></span> <span class='ocrx_word' id='word_1_630' title='bbox 3546 1737 3627 1794; x_wconf 89' lang='lat' dir='ltr'><strong>te,</strong></span> <span class='ocrx_word' id='word_1_631' title='bbox 3681 1724 3741 1782; x_wconf 76' lang='lat' dir='ltr'><strong>et</strong></span> <span class='ocrx_word' id='word_1_632' title='bbox 3777 1730 3815 1783; x_wconf 83' lang='lat' dir='ltr'><strong>si</strong></span> 
     </span>
    </p>
   </div>
   <div class='ocr_carea' id='block_1_80' title="bbox 2236 1793 3819 1867">
    <p class='ocr_par' dir='ltr' id='par_1_80' title="bbox 2236 1793 3819 1867">
     <span class='ocr_line' id='line_1_80' title="bbox 2236 1793 3819 1867; baseline 0.003 -20"><span class='ocrx_word' id='word_1_633' title='bbox 2236 1794 2455 1867; x_wconf 80' lang='lat' dir='ltr'><strong>noluisti</strong></span> <span class='ocrx_word' id='word_1_634' title='bbox 2487 1793 2815 1867; x_wconf 72' lang='lat' dir='ltr'><strong>praecedere,</strong></span> <span class='ocrx_word' id='word_1_635' title='bbox 2846 1795 3036 1850; x_wconf 90' lang='lat' dir='ltr'><strong>saltem</strong></span> <span class='ocrx_word' id='word_1_636' title='bbox 3063 1798 3203 1864; x_wconf 92' lang='lat' dir='ltr'><strong>quod</strong></span> <span class='ocrx_word' id='word_1_637' title='bbox 3229 1793 3512 1865; x_wconf 62' lang='lat' dir='ltr'><strong>praeessit</strong></span> <span class='ocrx_word' id='word_1_638' title='bbox 3535 1793 3693 1867; x_wconf 76' lang='grc' dir='ltr'><em>εεηυί</em></span> <span class='ocrx_word' id='word_1_639' title='bbox 3716 1800 3819 1852; x_wconf 83' lang='lat' dir='ltr'><strong>eni-</strong></span> 
     </span>
    </p>
   </div>
   <div class='ocr_carea' id='block_1_81' title="bbox 2240 1863 3819 1939">
    <p class='ocr_par' dir='ltr' id='par_1_81' title="bbox 2240 1863 3819 1939">
     <span class='ocr_line' id='line_1_81' title="bbox 2240 1863 3819 1939; baseline 0.003 -22"><span class='ocrx_word' id='word_1_640' title='bbox 2240 1872 2373 1939; x_wconf 82' lang='lat' dir='ltr'><strong>tere.</strong></span> <span class='ocrx_word' id='word_1_641' title='bbox 2399 1866 2463 1917; x_wconf 91' lang='lat' dir='ltr'><strong>Et</strong></span> <span class='ocrx_word' id='word_1_642' title='bbox 2491 1863 2754 1939; x_wconf 83' lang='lat' dir='ltr'><strong>convertit</strong></span> <span class='ocrx_word' id='word_1_643' title='bbox 2774 1880 2835 1919; x_wconf 89' lang='lat' dir='ltr'><strong>se</strong></span> <span class='ocrx_word' id='word_1_644' title='bbox 2866 1867 2933 1918; x_wconf 89' lang='lat' dir='ltr'><strong>ad</strong></span> <span class='ocrx_word' id='word_1_645' title='bbox 2964 1863 3138 1934; x_wconf 84' lang='lat' dir='ltr'><strong>ipsum</strong></span> <span class='ocrx_word' id='word_1_646' title='bbox 3166 1863 3354 1939; x_wconf 84' lang='lat' dir='ltr'><strong>Deum,</strong></span> <span class='ocrx_word' id='word_1_647' title='bbox 3386 1863 3691 1925; x_wconf 46' lang='lat' dir='ltr'><strong>ostende—ns</strong></span> <span class='ocrx_word' id='word_1_648' title='bbox 3708 1884 3819 1939; x_wconf 72' lang='lat' dir='ltr'><strong>quo</strong></span> 
     </span>
    </p>
   </div>
   <div class='ocr_carea' id='block_1_82' title="bbox 2237 1935 3385 2003">
    <p class='ocr_par' dir='ltr' id='par_1_82' title="bbox 2237 1935 3385 2003">
     <span class='ocr_line' id='line_1_82' title="bbox 2237 1935 3385 2003; baseline 0.003 -14"><span class='ocrx_word' id='word_1_649' title='bbox 2237 1936 2399 1989; x_wconf 89' lang='lat' dir='ltr'><strong>modo</strong></span> <span class='ocrx_word' id='word_1_650' title='bbox 2427 1935 2652 1989; x_wconf 89' lang='lat' dir='ltr'><strong>salutem</strong></span> <span class='ocrx_word' id='word_1_651' title='bbox 2682 1946 2931 2003; x_wconf 88' lang='lat' dir='ltr'><strong>operatus</strong></span> <span class='ocrx_word' id='word_1_652' title='bbox 2958 1940 3047 2002; x_wconf 90' lang='lat' dir='ltr'><strong>sit,</strong></span> <span class='ocrx_word' id='word_1_653' title='bbox 3072 1953 3195 1992; x_wconf 92' lang='lat' dir='ltr'><strong>cum</strong></span> <span class='ocrx_word' id='word_1_654' title='bbox 3218 1938 3349 1993; x_wconf 90' lang='lat' dir='ltr'><strong>dicit</strong></span> <span class='ocrx_word' id='word_1_655' title='bbox 3374 1958 3385 1992; x_wconf 93' lang='lat'>:</span> 
     </span>
    </p>
   </div>
   <div class='ocr_carea' id='block_1_83' title="bbox 2312 2005 3811 2078">
    <p class='ocr_par' dir='ltr' id='par_1_83' title="bbox 2312 2005 3811 2078">
     <span class='ocr_line' id='line_1_83' title="bbox 2312 2005 3811 2078; baseline 0.004 -19"><span class='ocrx_word' id='word_1_656' title='bbox 2312 2005 2388 2059; x_wconf 86' lang='lat' dir='ltr'><strong>Tu</strong></span> <span class='ocrx_word' id='word_1_657' title='bbox 2435 2006 2747 2073; x_wconf 78' lang='lat' dir='ltr'><strong>conﬁrmasti</strong></span> <span class='ocrx_word' id='word_1_658' title='bbox 2784 2006 2838 2059; x_wconf 88' lang='lat' dir='ltr'><strong>in</strong></span> <span class='ocrx_word' id='word_1_659' title='bbox 2869 2008 3050 2062; x_wconf 86' lang='lat' dir='ltr'><strong>virtute</strong></span> <span class='ocrx_word' id='word_1_660' title='bbox 3096 2019 3182 2062; x_wconf 88' lang='lat' dir='ltr'><strong>tua</strong></span> <span class='ocrx_word' id='word_1_661' title='bbox 3230 2026 3391 2063; x_wconf 85' lang='lat' dir='ltr'><strong>mare.</strong></span> <span class='ocrx_word' id='word_1_662' title='bbox 3418 2011 3583 2078; x_wconf 83' lang='lat' dir='ltr'><strong>Quod</strong></span> <span class='ocrx_word' id='word_1_663' title='bbox 3638 2011 3811 2066; x_wconf 87' lang='lat' dir='ltr'><strong>itidem</strong></span> 
     </span>
    </p>
   </div>
   <div class='ocr_carea' id='block_1_84' title="bbox 2239 2078 3821 2151">
    <p class='ocr_par' dir='ltr' id='par_1_84' title="bbox 2239 2078 3821 2151">
     <span class='ocr_line' id='line_1_84' title="bbox 2239 2078 3821 2151; baseline 0.004 -21"><span class='ocrx_word' id='word_1_664' title='bbox 2239 2092 2361 2151; x_wconf 81' lang='lat' dir='ltr'><strong>cum</strong></span> <span class='ocrx_word' id='word_1_665' title='bbox 2392 2085 2445 2130; x_wconf 92' lang='lat' dir='ltr'><strong>et</strong></span> <span class='ocrx_word' id='word_1_666' title='bbox 2465 2078 2702 2151; x_wconf 39' lang='grc' dir='ltr'><strong>Δ-ειιειιειιε</strong></span> <span class='ocrx_word' id='word_1_667' title='bbox 2728 2078 3076 2151; x_wconf 82' lang='lat' dir='ltr'><strong>sequentibus</strong></span> <span class='ocrx_word' id='word_1_668' title='bbox 3106 2080 3158 2134; x_wconf 90' lang='lat' dir='ltr'><strong>in</strong></span> <span class='ocrx_word' id='word_1_669' title='bbox 3208 2080 3308 2136; x_wconf 86' lang='lat' dir='ltr'><strong>hac</strong></span> <span class='ocrx_word' id='word_1_670' title='bbox 3339 2092 3395 2136; x_wconf 94' lang='lat' dir='ltr'><strong>ut</strong></span> <span class='ocrx_word' id='word_1_671' title='bbox 3428 2088 3481 2136; x_wconf 90' lang='lat' dir='ltr'><strong>in</strong></span> <span class='ocrx_word' id='word_1_672' title='bbox 3540 2083 3709 2151; x_wconf 86' lang='lat' dir='ltr'><strong>priori</strong></span> <span class='ocrx_word' id='word_1_673' title='bbox 3754 2084 3821 2138; x_wconf 76' lang='lat' dir='ltr'><strong>lo-</strong></span> 
     </span>
    </p>
   </div>
   <div class='ocr_carea' id='block_1_85' title="bbox 2238 2146 3721 2220">
    <p class='ocr_par' dir='ltr' id='par_1_85' title="bbox 2238 2146 3721 2220">
     <span class='ocr_line' id='line_1_85' title="bbox 2238 2146 3721 2220; baseline 0.004 -19"><span class='ocrx_word' id='word_1_674' title='bbox 2238 2147 2418 2220; x_wconf 83' lang='lat' dir='ltr'><strong>ctioue</strong></span> <span class='ocrx_word' id='word_1_675' title='bbox 2447 2146 2667 2209; x_wconf 89' lang='lat' dir='ltr'><strong>dicitur,</strong></span> <span class='ocrx_word' id='word_1_676' title='bbox 2698 2147 2820 2217; x_wconf 88' lang='lat' dir='ltr'><strong>quia</strong></span> <span class='ocrx_word' id='word_1_677' title='bbox 2852 2163 2997 2203; x_wconf 90' lang='lat' dir='ltr'><strong>mare</strong></span> <span class='ocrx_word' id='word_1_678' title='bbox 3023 2150 3108 2204; x_wconf 86' lang='lat' dir='ltr'><strong>hic</strong></span> <span class='ocrx_word' id='word_1_679' title='bbox 3135 2152 3199 2204; x_wconf 91' lang='lat' dir='ltr'><strong>ad</strong></span> <span class='ocrx_word' id='word_1_680' title='bbox 3234 2160 3425 2220; x_wconf 87' lang='lat' dir='ltr'><strong>gentes</strong></span> <span class='ocrx_word' id='word_1_681' title='bbox 3457 2146 3721 2208; x_wconf 64' lang='lat' dir='ltr'><strong>refertur.</strong></span> 
     </span>
    </p>
   </div>
   <div class='ocr_carea' id='block_1_86' title="bbox 2309 2218 3820 2292">
    <p class='ocr_par' dir='ltr' id='par_1_86' title="bbox 2309 2218 3820 2292">
     <span class='ocr_line' id='line_1_86' title="bbox 2309 2218 3820 2292; baseline 0.007 -23"><span class='ocrx_word' id='word_1_682' title='bbox 2309 2218 2990 2292; x_wconf 59' lang='lat' dir='ltr'><strong>Sciendunrquoquequia</strong></span> <span class='ocrx_word' id='word_1_683' title='bbox 3044 2237 3150 2275; x_wconf 90' lang='lat' dir='ltr'><strong>non</strong></span> <span class='ocrx_word' id='word_1_684' title='bbox 3201 2218 3495 2278; x_wconf 81' lang='lat' dir='ltr'><strong>defuerunt</strong></span> <span class='ocrx_word' id='word_1_685' title='bbox 3545 2225 3639 2292; x_wconf 87' lang='lat' dir='ltr'><strong>qui</strong></span> <span class='ocrx_word' id='word_1_686' title='bbox 3695 2226 3820 2279; x_wconf 87' lang='lat' dir='ltr'><strong>hunc</strong></span> 
     </span>
    </p>
   </div>
   <div class='ocr_carea' id='block_1_87' title="bbox 2239 2287 3819 2365">
    <p class='ocr_par' dir='ltr' id='par_1_87' title="bbox 2239 2287 3819 2365">
     <span class='ocr_line' id='line_1_87' title="bbox 2239 2287 3819 2365; baseline 0.004 -22"><span class='ocrx_word' id='word_1_687' title='bbox 2239 2289 2503 2365; x_wconf 82' lang='lat' dir='ltr'><strong>psalmum</strong></span> <span class='ocrx_word' id='word_1_688' title='bbox 2550 2287 2615 2365; x_wconf 76' lang='lat' dir='ltr'><strong>ad</strong></span> <span class='ocrx_word' id='word_1_689' title='bbox 2670 2287 2991 2365; x_wconf 76' lang='lat' dir='ltr'><strong>primitivam</strong></span> <span class='ocrx_word' id='word_1_690' title='bbox 3038 2293 3337 2365; x_wconf 66' lang='lat' dir='ltr'><strong>Ecclesiam</strong></span> <span class='ocrx_word' id='word_1_691' title='bbox 3372 2287 3669 2359; x_wconf 74' lang='lat' dir='ltr'><strong>reierréut,</strong></span> <span class='ocrx_word' id='word_1_692' title='bbox 3699 2311 3819 2365; x_wconf 79' lang='lat' dir='ltr'><strong>quos</strong></span> 
     </span>
    </p>
   </div>
   <div class='ocr_carea' id='block_1_88' title="bbox 2240 2358 3819 2433">
    <p class='ocr_par' dir='ltr' id='par_1_88' title="bbox 2240 2358 3819 2433">
     <span class='ocr_line' id='line_1_88' title="bbox 2240 2358 3819 2433; baseline 0.005 -22"><span class='ocrx_word' id='word_1_693' title='bbox 2240 2360 2500 2413; x_wconf 89' lang='lat' dir='ltr'><strong>imitando</strong></span> <span class='ocrx_word' id='word_1_694' title='bbox 2556 2358 2833 2433; x_wconf 81' lang='lat' dir='ltr'><strong>Dominus,</strong></span> <span class='ocrx_word' id='word_1_695' title='bbox 2864 2362 2989 2433; x_wconf 85' lang='lat' dir='ltr'><strong>quia</strong></span> <span class='ocrx_word' id='word_1_696' title='bbox 3035 2361 3339 2420; x_wconf 88' lang='lat' dir='ltr'><strong>intellectus</strong></span> <span class='ocrx_word' id='word_1_697' title='bbox 3369 2367 3580 2433; x_wconf 82' lang='lat' dir='ltr'><strong>Asaph,</strong></span> <span class='ocrx_word' id='word_1_698' title='bbox 3633 2366 3684 2419; x_wconf 90' lang='lat' dir='ltr'><strong>id</strong></span> <span class='ocrx_word' id='word_1_699' title='bbox 3718 2358 3819 2429; x_wconf 81' lang='grc' dir='ltr'><em>ἐει,</em></span> 
     </span>
    </p>
   </div>
   <div class='ocr_carea' id='block_1_89' title="bbox 2240 2429 3819 2505">
    <p class='ocr_par' dir='ltr' id='par_1_89' title="bbox 2240 2429 3819 2505">
     <span class='ocr_line' id='line_1_89' title="bbox 2240 2429 3819 2505; baseline 0.003 -21"><span class='ocrx_word' id='word_1_700' title='bbox 2240 2434 2503 2498; x_wconf 82' lang='lat' dir='ltr'><strong>prOpbeta</strong></span> <span class='ocrx_word' id='word_1_701' title='bbox 2566 2429 2823 2505; x_wconf 72' lang='lat' dir='ltr'><strong>deplorat</strong></span> <span class='ocrx_word' id='word_1_702' title='bbox 2858 2432 2909 2505; x_wconf 89' lang='lat' dir='ltr'><strong>in</strong></span> <span class='ocrx_word' id='word_1_703' title='bbox 2961 2431 3063 2505; x_wconf 90' lang='lat' dir='ltr'><strong>h_oc</strong></span> <span class='ocrx_word' id='word_1_704' title='bbox 3135 2435 3340 2505; x_wconf 81' lang='lat' dir='ltr'><strong>psalmo</strong></span> <span class='ocrx_word' id='word_1_705' title='bbox 3397 2429 3819 2505; x_wconf 75' lang='lat' dir='ltr'><strong>perseeutioncm</strong></span> 
     </span>
    </p>
   </div>
   <div class='ocr_carea' id='block_1_90' title="bbox 2242 2500 3821 2576">
    <p class='ocr_par' dir='ltr' id='par_1_90' title="bbox 2242 2500 3821 2576">
     <span class='ocr_line' id='line_1_90' title="bbox 2242 2500 3821 2576; baseline 0.006 -24"><span class='ocrx_word' id='word_1_706' title='bbox 2242 2509 2546 2576; x_wconf 82' lang='lat' dir='ltr'><strong>martyrum</strong></span> <span class='ocrx_word' id='word_1_707' title='bbox 2575 2500 2644 2553; x_wconf 88' lang='lat' dir='ltr'><strong>de</strong></span> <span class='ocrx_word' id='word_1_708' title='bbox 2672 2500 3235 2576; x_wconf 18' lang='lat' dir='ltr'><strong>primitivachclesis,</strong></span> <span class='ocrx_word' id='word_1_709' title='bbox 3264 2500 3426 2576; x_wconf 80' lang='lat' dir='ltr'><strong>quam</strong></span> <span class='ocrx_word' id='word_1_710' title='bbox 3454 2516 3516 2561; x_wconf 88' lang='lat' dir='ltr'><strong>et</strong></span> <span class='ocrx_word' id='word_1_711' title='bbox 3566 2509 3639 2561; x_wconf 87' lang='lat' dir='ltr'><strong>ab</strong></span> <span class='ocrx_word' id='word_1_712' title='bbox 3668 2508 3821 2561; x_wconf 57' lang='lat' dir='ltr'><strong>inter</strong></span> 
     </span>
    </p>
   </div>
   <div class='ocr_carea' id='block_1_91' title="bbox 2242 2570 3821 2645">
    <p class='ocr_par' dir='ltr' id='par_1_91' title="bbox 2242 2570 3821 2645">
     <span class='ocr_line' id='line_1_91' title="bbox 2242 2570 3821 2645; baseline 0.004 -23"><span class='ocrx_word' id='word_1_713' title='bbox 2242 2572 2326 2645; x_wconf 73' lang='lat' dir='ltr'><strong>nis</strong></span> <span class='ocrx_word' id='word_1_714' title='bbox 2355 2570 2409 2625; x_wconf 85' lang='lat' dir='ltr'><strong>et</strong></span> <span class='ocrx_word' id='word_1_715' title='bbox 2436 2570 2505 2624; x_wconf 91' lang='lat' dir='ltr'><strong>ab</strong></span> <span class='ocrx_word' id='word_1_716' title='bbox 2539 2572 2779 2645; x_wconf 74' lang='lat' dir='ltr'><strong>externis</strong></span> <span class='ocrx_word' id='word_1_717' title='bbox 2807 2574 3051 2627; x_wconf 85' lang='lat' dir='ltr'><strong>hostibus</strong></span> <span class='ocrx_word' id='word_1_718' title='bbox 3074 2570 3382 2643; x_wconf 80' lang='lat' dir='ltr'><strong>passisunt,</strong></span> <span class='ocrx_word' id='word_1_719' title='bbox 3437 2593 3545 2632; x_wconf 89' lang='lat' dir='ltr'><strong>non</strong></span> <span class='ocrx_word' id='word_1_720' title='bbox 3598 2588 3709 2631; x_wconf 78' lang='lat' dir='ltr'><strong>tam</strong></span> <span class='ocrx_word' id='word_1_721' title='bbox 3740 2594 3821 2645; x_wconf 84' lang='lat' dir='ltr'><strong>pro</strong></span> 
     </span>
    </p>
   </div>
   <div class='ocr_carea' id='block_1_92' title="bbox 2244 2642 3818 2718">
    <p class='ocr_par' dir='ltr' id='par_1_92' title="bbox 2244 2642 3818 2718">
     <span class='ocr_line' id='line_1_92' title="bbox 2244 2642 3818 2718; baseline 0.003 -23"><span class='ocrx_word' id='word_1_722' title='bbox 2244 2642 2460 2696; x_wconf 89' lang='lat' dir='ltr'><strong>illorum</strong></span> <span class='ocrx_word' id='word_1_723' title='bbox 2494 2642 2863 2718; x_wconf 77' lang='lat' dir='ltr'><strong>tribulatione,</strong></span> <span class='ocrx_word' id='word_1_724' title='bbox 2887 2658 3046 2718; x_wconf 83' lang='lat' dir='ltr'><strong>quam</strong></span> <span class='ocrx_word' id='word_1_725' title='bbox 3076 2642 3176 2715; x_wconf 83' lang='lat' dir='ltr'><strong>pro</strong></span> <span class='ocrx_word' id='word_1_726' title='bbox 3200 2650 3645 2718; x_wconf 88' lang='lat' dir='ltr'><strong>persequentium</strong></span> <span class='ocrx_word' id='word_1_727' title='bbox 3674 2642 3818 2702; x_wconf 57' lang='lat' dir='ltr'><strong>caci-</strong></span> 
     </span>
    </p>
   </div>
   <div class='ocr_carea' id='block_1_93' title="bbox 2242 2712 3820 2781">
    <p class='ocr_par' dir='ltr' id='par_1_93' title="bbox 2242 2712 3820 2781">
     <span class='ocr_line' id='line_1_93' title="bbox 2242 2712 3820 2781; baseline 0.004 -17"><span class='ocrx_word' id='word_1_728' title='bbox 2242 2721 2377 2776; x_wconf 86' lang='lat' dir='ltr'><strong>tate,</strong></span> <span class='ocrx_word' id='word_1_729' title='bbox 2412 2721 2468 2767; x_wconf 91' lang='lat' dir='ltr'><strong>et</strong></span> <span class='ocrx_word' id='word_1_730' title='bbox 2507 2712 2637 2766; x_wconf 91' lang='lat' dir='ltr'><strong>dicit</strong></span> <span class='ocrx_word' id='word_1_731' title='bbox 2666 2712 2735 2765; x_wconf 91' lang='lat' dir='ltr'><strong>ita</strong></span> <span class='ocrx_word' id='word_1_732' title='bbox 2786 2728 2845 2769; x_wconf 88' lang='lat' dir='ltr'><strong>se</strong></span> <span class='ocrx_word' id='word_1_733' title='bbox 2889 2714 2994 2769; x_wconf 91' lang='lat' dir='ltr'><strong>illis</strong></span> <span class='ocrx_word' id='word_1_734' title='bbox 3041 2712 3408 2778; x_wconf 60' lang='lat' dir='ltr'><strong>associando&#39;:</strong></span> <span class='ocrx_word' id='word_1_735' title='bbox 3454 2719 3501 2774; x_wconf 92' lang='grc'>0</span> <span class='ocrx_word' id='word_1_736' title='bbox 3557 2718 3722 2781; x_wconf 80' lang='lat' dir='ltr'><strong>Deus.</strong></span> <span class='ocrx_word' id='word_1_737' title='bbox 3771 2728 3820 2770; x_wconf 72' lang='lat' dir='ltr'><strong>at</strong></span> 
     </span>
    </p>
   </div>
   <div class='ocr_carea' id='block_1_94' title="bbox 2238 2783 3823 2857">
    <p class='ocr_par' dir='ltr' id='par_1_94' title="bbox 2238 2783 3823 2857">
     <span class='ocr_line' id='line_1_94' title="bbox 2238 2783 3823 2857; baseline 0.006 -22"><span class='ocrx_word' id='word_1_738' title='bbox 2238 2784 2364 2857; x_wconf 83' lang='lat' dir='ltr'><strong>quid</strong></span> <span class='ocrx_word' id='word_1_739' title='bbox 2395 2783 2629 2857; x_wconf 84' lang='lat' dir='ltr'><strong>repulisti</strong></span> <span class='ocrx_word' id='word_1_740' title='bbox 2661 2798 2779 2850; x_wconf 86' lang='lat' dir='ltr'><strong>nos,</strong></span> <span class='ocrx_word' id='word_1_741' title='bbox 2812 2785 2862 2857; x_wconf 83' lang='lat' dir='ltr'><strong>id</strong></span> <span class='ocrx_word' id='word_1_742' title='bbox 2886 2796 2992 2857; x_wconf 88' lang='lat' dir='ltr'><strong>est,</strong></span> <span class='ocrx_word' id='word_1_743' title='bbox 3030 2802 3193 2856; x_wconf 86' lang='lat' dir='ltr'><strong>quare</strong></span> <span class='ocrx_word' id='word_1_744' title='bbox 3228 2788 3516 2857; x_wconf 84' lang='lat' dir='ltr'><strong>permisisti</strong></span> <span class='ocrx_word' id='word_1_745' title='bbox 3545 2804 3644 2843; x_wconf 84' lang='lat' dir='ltr'><strong>nos</strong></span> <span class='ocrx_word' id='word_1_746' title='bbox 3677 2789 3823 2845; x_wconf 74' lang='lat' dir='ltr'><strong>vide-</strong></span> 
     </span>
    </p>
   </div>
   <div class='ocr_carea' id='block_1_95' title="bbox 2239 2854 3819 2924">
    <p class='ocr_par' dir='ltr' id='par_1_95' title="bbox 2239 2854 3819 2924">
     <span class='ocr_line' id='line_1_95' title="bbox 2239 2854 3819 2924; baseline 0.003 -17"><span class='ocrx_word' id='word_1_747' title='bbox 2239 2856 2286 2924; x_wconf 83' lang='lat' dir='ltr'><strong>ri</strong></span> <span class='ocrx_word' id='word_1_748' title='bbox 2316 2868 2347 2906; x_wconf 84' lang='lat' dir='ltr'><strong>a</strong></span> <span class='ocrx_word' id='word_1_749' title='bbox 2372 2862 2424 2908; x_wconf 87' lang='lat' dir='ltr'><strong>te</strong></span> <span class='ocrx_word' id='word_1_750' title='bbox 2450 2854 2700 2921; x_wconf 89' lang='lat' dir='ltr'><strong>repulsos</strong></span> <span class='ocrx_word' id='word_1_751' title='bbox 2726 2866 2779 2908; x_wconf 91' lang='lat' dir='ltr'><strong>et</strong></span> <span class='ocrx_word' id='word_1_752' title='bbox 2809 2854 3071 2924; x_wconf 72' lang='lat' dir='ltr'><strong>abiectos,</strong></span> <span class='ocrx_word' id='word_1_753' title='bbox 3103 2854 3243 2913; x_wconf 72' lang='lat' dir='ltr'><strong>dum</strong></span> <span class='ocrx_word' id='word_1_754' title='bbox 3264 2860 3343 2913; x_wconf 88' lang='lat' dir='ltr'><strong>sic</strong></span> <span class='ocrx_word' id='word_1_755' title='bbox 3372 2864 3438 2914; x_wconf 90' lang='lat' dir='ltr'><strong>ab</strong></span> <span class='ocrx_word' id='word_1_756' title='bbox 3470 2860 3700 2914; x_wconf 85' lang='lat' dir='ltr'><strong>inimicis</strong></span> <span class='ocrx_word' id='word_1_757' title='bbox 3728 2858 3819 2912; x_wconf 87' lang='lat' dir='ltr'><strong>tri-</strong></span> 
     </span>
    </p>
   </div>
   <div class='ocr_carea' id='block_1_96' title="bbox 2242 2923 3822 2997">
    <p class='ocr_par' dir='ltr' id='par_1_96' title="bbox 2242 2923 3822 2997">
     <span class='ocr_line' id='line_1_96' title="bbox 2242 2923 3822 2997; baseline 0.004 -21"><span class='ocrx_word' id='word_1_758' title='bbox 2242 2923 2511 2997; x_wconf 84' lang='lat' dir='ltr'><strong>bulamur.</strong></span> <span class='ocrx_word' id='word_1_759' title='bbox 2541 2924 2609 2978; x_wconf 83' lang='lat' dir='ltr'><strong>Et</strong></span> <span class='ocrx_word' id='word_1_760' title='bbox 2632 2932 2689 2977; x_wconf 87' lang='lat' dir='ltr'><strong>ut</strong></span> <span class='ocrx_word' id='word_1_761' title='bbox 2714 2924 2843 2994; x_wconf 91' lang='lat' dir='ltr'><strong>quid</strong></span> <span class='ocrx_word' id='word_1_762' title='bbox 2872 2923 3033 2981; x_wconf 85' lang='lat' dir='ltr'><strong>iratus</strong></span> <span class='ocrx_word' id='word_1_763' title='bbox 3064 2938 3158 2993; x_wconf 90' lang='lat' dir='ltr'><strong>est,</strong></span> <span class='ocrx_word' id='word_1_764' title='bbox 3209 2930 3262 2983; x_wconf 91' lang='lat' dir='ltr'><strong>id</strong></span> <span class='ocrx_word' id='word_1_765' title='bbox 3290 2942 3392 2997; x_wconf 90' lang='lat' dir='ltr'><strong>est,</strong></span> <span class='ocrx_word' id='word_1_766' title='bbox 3425 2931 3625 2986; x_wconf 88' lang='lat' dir='ltr'><strong>videtur</strong></span> <span class='ocrx_word' id='word_1_767' title='bbox 3654 2931 3822 2984; x_wconf 85' lang='lat' dir='ltr'><strong>iratus</strong></span> 
     </span>
    </p>
   </div>
   <div class='ocr_carea' id='block_1_97' title="bbox 2241 2995 3822 3072">
    <p class='ocr_par' dir='ltr' id='par_1_97' title="bbox 2241 2995 3822 3072">
     <span class='ocr_line' id='line_1_97' title="bbox 2241 2995 3822 3072; baseline 0.005 -25"><span class='ocrx_word' id='word_1_768' title='bbox 2241 2995 2387 3063; x_wconf 77' lang='lat' dir='ltr'><strong>furor</strong></span> <span class='ocrx_word' id='word_1_769' title='bbox 2409 3005 2524 3072; x_wconf 71' lang='lat' dir='ltr'><strong>tuus</strong></span> <span class='ocrx_word' id='word_1_770' title='bbox 2546 3012 3071 3072; x_wconf 65' lang='lat' dir='ltr'><strong>superavespascuce</strong></span> <span class='ocrx_word' id='word_1_771' title='bbox 3099 3010 3221 3072; x_wconf 79' lang='lat' dir='ltr'><strong>tute,</strong></span> <span class='ocrx_word' id='word_1_772' title='bbox 3263 3000 3315 3055; x_wconf 91' lang='lat' dir='ltr'><strong>id</strong></span> <span class='ocrx_word' id='word_1_773' title='bbox 3356 2995 3459 3068; x_wconf 89' lang='lat' dir='ltr'><strong>est,</strong></span> <span class='ocrx_word' id='word_1_774' title='bbox 3490 3017 3646 3072; x_wconf 84' lang='lat' dir='ltr'><strong>super</strong></span> <span class='ocrx_word' id='word_1_775' title='bbox 3706 3015 3822 3066; x_wconf 86' lang='lat' dir='ltr'><strong>nos,</strong></span> 
     </span>
    </p>
   </div>
   <div class='ocr_carea' id='block_1_98' title="bbox 2242 3066 3826 3142">
    <p class='ocr_par' dir='ltr' id='par_1_98' title="bbox 2242 3066 3826 3142">
     <span class='ocr_line' id='line_1_98' title="bbox 2242 3066 3826 3142; baseline 0.005 -24"><span class='ocrx_word' id='word_1_776' title='bbox 2242 3080 2380 3135; x_wconf 92' lang='lat' dir='ltr'><strong>quos</strong></span> <span class='ocrx_word' id='word_1_777' title='bbox 2408 3074 2461 3118; x_wconf 89' lang='lat' dir='ltr'><strong>tu</strong></span> <span class='ocrx_word' id='word_1_778' title='bbox 2493 3066 2545 3120; x_wconf 93' lang='lat' dir='ltr'><strong>in</strong></span> <span class='ocrx_word' id='word_1_779' title='bbox 2600 3067 2893 3142; x_wconf 73' lang='lat' dir='ltr'><strong>Scripturis</strong></span> <span class='ocrx_word' id='word_1_780' title='bbox 2924 3070 3027 3123; x_wconf 90' lang='lat' dir='ltr'><strong>tuis</strong></span> <span class='ocrx_word' id='word_1_781' title='bbox 3058 3070 3254 3142; x_wconf 82' lang='lat' dir='ltr'><strong>reﬁcis,</strong></span> <span class='ocrx_word' id='word_1_782' title='bbox 3286 3075 3423 3128; x_wconf 88' lang='lat' dir='ltr'><strong>sicut</strong></span> <span class='ocrx_word' id='word_1_783' title='bbox 3446 3066 3452 3068; x_wconf 56' lang='grc'><em>’</em></span> <span class='ocrx_word' id='word_1_784' title='bbox 3474 3066 3590 3142; x_wconf 67' lang='lat' dir='ltr'><strong>pius</strong></span> <span class='ocrx_word' id='word_1_785' title='bbox 3650 3082 3826 3141; x_wconf 81' lang='lat' dir='ltr'><strong>pastor</strong></span> 
     </span>
    </p>
   </div>
   <div class='ocr_carea' id='block_1_99' title="bbox 2242 3136 3825 3213">
    <p class='ocr_par' dir='ltr' id='par_1_99' title="bbox 2242 3136 3825 3213">
     <span class='ocr_line' id='line_1_99' title="bbox 2242 3136 3825 3213; baseline 0.004 -23"><span class='ocrx_word' id='word_1_786' title='bbox 2242 3150 2372 3191; x_wconf 89' lang='lat' dir='ltr'><strong>oves</strong></span> <span class='ocrx_word' id='word_1_787' title='bbox 2399 3150 2524 3213; x_wconf 78' lang='lat' dir='ltr'><strong>suas</strong></span> <span class='ocrx_word' id='word_1_788' title='bbox 2552 3136 2768 3213; x_wconf 82' lang='lat' dir='ltr'><strong>pascit?</strong></span> <span class='ocrx_word' id='word_1_789' title='bbox 2815 3138 2891 3193; x_wconf 85' lang='grc' dir='ltr'><em>Νε</em></span> <span class='ocrx_word' id='word_1_790' title='bbox 2934 3141 3161 3209; x_wconf 87' lang='lat' dir='ltr'><strong>repellas</strong></span> <span class='ocrx_word' id='word_1_791' title='bbox 3211 3158 3331 3209; x_wconf 87' lang='lat' dir='ltr'><strong>nos,</strong></span> <span class='ocrx_word' id='word_1_792' title='bbox 3375 3136 3607 3213; x_wconf 80' lang='lat' dir='ltr'><strong>inquam,</strong></span> <span class='ocrx_word' id='word_1_793' title='bbox 3654 3136 3825 3207; x_wconf 38' lang='lat' dir='ltr'><strong>‘Deus,</strong></span> 
     </span>
    </p>
   </div>
   <div class='ocr_carea' id='block_1_100' title="bbox 2244 3208 3827 3287">
    <p class='ocr_par' dir='ltr' id='par_1_100' title="bbox 2244 3208 3827 3287">
     <span class='ocr_line' id='line_1_100' title="bbox 2244 3208 3827 3287; baseline 0.006 -26"><span class='ocrx_word' id='word_1_794' title='bbox 2244 3222 2423 3287; x_wconf 80' lang='lat' dir='ltr'><strong>neque</strong></span> <span class='ocrx_word' id='word_1_795' title='bbox 2452 3208 2698 3261; x_wconf 88' lang='lat' dir='ltr'><strong>irascaris</strong></span> <span class='ocrx_word' id='word_1_796' title='bbox 2721 3221 2882 3287; x_wconf 75' lang='lat' dir='ltr'><strong>super</strong></span> <span class='ocrx_word' id='word_1_797' title='bbox 2930 3208 3047 3287; x_wconf 72' lang='lat' dir='ltr'><strong>nos,</strong></span> <span class='ocrx_word' id='word_1_798' title='bbox 3067 3214 3171 3287; x_wconf 81' lang='lat' dir='ltr'><strong>sed</strong></span> <span class='ocrx_word' id='word_1_799' title='bbox 3194 3208 3523 3287; x_wconf 54' lang='lat' dir='ltr'><strong>niemore&#39;sto</strong></span> <span class='ocrx_word' id='word_1_800' title='bbox 3550 3231 3827 3287; x_wconf 76' lang='lat' dir='ltr'><strong>congrega-</strong></span> 
     </span>
    </p>
   </div>
   <div class='ocr_carea' id='block_1_101' title="bbox 2242 3279 3832 3354">
    <p class='ocr_par' dir='ltr' id='par_1_101' title="bbox 2242 3279 3832 3354">
     <span class='ocr_line' id='line_1_101' title="bbox 2242 3279 3832 3354; baseline 0.006 -24"><span class='ocrx_word' id='word_1_801' title='bbox 2242 3279 2920 3354; x_wconf 66' lang='lat' dir='ltr'><strong>tioiiis_tttw,_aggregando</strong></span> <span class='ocrx_word' id='word_1_802' title='bbox 2952 3282 3106 3354; x_wconf 86' lang='lat' dir='ltr'><strong>nobis</strong></span> <span class='ocrx_word' id='word_1_803' title='bbox 3135 3298 3326 3339; x_wconf 90' lang='lat' dir='ltr'><strong>omnes</strong></span> <span class='ocrx_word' id='word_1_804' title='bbox 3378 3286 3493 3339; x_wconf 84' lang='lat' dir='ltr'><strong>illos</strong></span> <span class='ocrx_word' id='word_1_805' title='bbox 3524 3279 3681 3353; x_wconf 57' lang='lat' dir='ltr'><strong>quos</strong></span> <span class='ocrx_word' id='word_1_806' title='bbox 3704 3279 3832 3354; x_wconf 66' lang='lat' dir='ltr'><strong>pra-</strong></span> 
     </span>
    </p>
   </div>
   <div class='ocr_carea' id='block_1_102' title="bbox 2249 3349 3827 3426">
    <p class='ocr_par' dir='ltr' id='par_1_102' title="bbox 2249 3349 3827 3426">
     <span class='ocr_line' id='line_1_102' title="bbox 2249 3349 3827 3426; baseline 0.006 -25"><span class='ocrx_word' id='word_1_807' title='bbox 2249 3349 2432 3403; x_wconf 88' lang='lat' dir='ltr'><strong>vidisti</strong></span> <span class='ocrx_word' id='word_1_808' title='bbox 2484 3349 2639 3404; x_wconf 89' lang='lat' dir='ltr'><strong>nobis</strong></span> <span class='ocrx_word' id='word_1_809' title='bbox 2687 3353 3077 3426; x_wconf 77' lang='lat' dir='ltr'><strong>aggregandos.</strong></span> <span class='ocrx_word' id='word_1_810' title='bbox 3123 3349 3594 3426; x_wconf 12' lang='lat' dir='ltr'><strong>_Congregationisi</strong></span> <span class='ocrx_word' id='word_1_811' title='bbox 3655 3349 3827 3419; x_wconf 84' lang='lat' dir='ltr'><strong>dico,</strong></span> 
     </span>
    </p>
   </div>
   <div class='ocr_carea' id='block_1_103' title="bbox 2241 3419 3833 3497">
    <p class='ocr_par' dir='ltr' id='par_1_103' title="bbox 2241 3419 3833 3497">
     <span class='ocr_line' id='line_1_103' title="bbox 2241 3419 3833 3497; baseline 0.003 -24"><span class='ocrx_word' id='word_1_812' title='bbox 2241 3436 2406 3497; x_wconf 33' lang='lat' dir='ltr'><strong>quam.</strong></span> <span class='ocrx_word' id='word_1_813' title='bbox 2429 3429 2488 3497; x_wconf 81' lang='lat' dir='ltr'><strong>tu</strong></span> <span class='ocrx_word' id='word_1_814' title='bbox 2523 3419 2794 3487; x_wconf 84' lang='lat' dir='ltr'><strong>possedisti</strong></span> <span class='ocrx_word' id='word_1_815' title='bbox 2823 3419 2886 3497; x_wconf 74' lang='lat' dir='ltr'><strong>ab</strong></span> <span class='ocrx_word' id='word_1_816' title='bbox 2919 3422 3087 3497; x_wconf 87' lang='lat' dir='ltr'><strong>initio,</strong></span> <span class='ocrx_word' id='word_1_817' title='bbox 3115 3419 3451 3491; x_wconf 69' lang='lat' dir='ltr'><strong>juxtailltid:</strong></span> <span class='ocrx_word' id='word_1_818' title='bbox 3498 3425 3597 3490; x_wconf 82' lang='lat' dir='ltr'><strong>Qui</strong></span> <span class='ocrx_word' id='word_1_819' title='bbox 3628 3426 3699 3478; x_wconf 81' lang='lat' dir='ltr'><strong>in</strong></span> <span class='ocrx_word' id='word_1_820' title='bbox 3726 3428 3833 3497; x_wconf 80' lang='lat' dir='ltr'><strong>ipso</strong></span> 
     </span>
    </p>
   </div>
   <div class='ocr_carea' id='block_1_104' title="bbox 2242 3490 3829 3564">
    <p class='ocr_par' dir='ltr' id='par_1_104' title="bbox 2242 3490 3829 3564">
     <span class='ocr_line' id='line_1_104' title="bbox 2242 3490 3829 3564; baseline 0.006 -21"><span class='ocrx_word' id='word_1_821' title='bbox 2242 3506 2336 3543; x_wconf 88' lang='lat' dir='ltr'><strong>nos</strong></span> <span class='ocrx_word' id='word_1_822' title='bbox 2358 3490 2509 3564; x_wconf 78' lang='lat' dir='ltr'><strong>elegit</strong></span> <span class='ocrx_word' id='word_1_823' title='bbox 2524 3501 2657 3564; x_wconf 74' lang='lat' dir='ltr'><strong>ante</strong></span> <span class='ocrx_word' id='word_1_824' title='bbox 2684 3493 2863 3564; x_wconf 82' lang='lat' dir='ltr'><strong>mundi</strong></span> <span class='ocrx_word' id='word_1_825' title='bbox 2902 3490 3339 3550; x_wconf 85' lang='lat' dir='ltr'><strong>constitutionem.</strong></span> <span class='ocrx_word' id='word_1_826' title='bbox 3375 3497 3440 3553; x_wconf 86' lang='lat' dir='ltr'><strong>Et</strong></span> <span class='ocrx_word' id='word_1_827' title='bbox 3474 3510 3639 3564; x_wconf 85' lang='lat' dir='ltr'><strong>quam</strong></span> <span class='ocrx_word' id='word_1_828' title='bbox 3672 3490 3829 3551; x_wconf 65' lang='lat' dir='ltr'><strong>etiam</strong></span> 
     </span>
    </p>
   </div>
   <div class='ocr_carea' id='block_1_105' title="bbox 2244 3561 3826 3633">
    <p class='ocr_par' dir='ltr' id='par_1_105' title="bbox 2244 3561 3826 3633">
     <span class='ocr_line' id='line_1_105' title="bbox 2244 3561 3826 3633; baseline 0.004 -19"><span class='ocrx_word' id='word_1_829' title='bbox 2244 3568 2302 3633; x_wconf 86' lang='lat' dir='ltr'><strong>tu</strong></span> <span class='ocrx_word' id='word_1_830' title='bbox 2334 3561 2609 3633; x_wconf 89' lang='lat' dir='ltr'><strong>redemisti</strong></span> <span class='ocrx_word' id='word_1_831' title='bbox 2644 3562 2878 3627; x_wconf 87' lang='lat' dir='ltr'><strong>pretioso</strong></span> <span class='ocrx_word' id='word_1_832' title='bbox 2900 3566 3161 3633; x_wconf 87' lang='lat' dir='ltr'><strong>sanguine</strong></span> <span class='ocrx_word' id='word_1_833' title='bbox 3192 3567 3317 3622; x_wconf 89' lang='lat' dir='ltr'><strong>Filii</strong></span> <span class='ocrx_word' id='word_1_834' title='bbox 3341 3570 3436 3633; x_wconf 90' lang='lat' dir='ltr'><strong>tui,</strong></span> <span class='ocrx_word' id='word_1_835' title='bbox 3467 3561 3525 3619; x_wconf 80' lang='grc' dir='ltr'><strong>ιιι</strong></span> <span class='ocrx_word' id='word_1_836' title='bbox 3555 3577 3711 3621; x_wconf 82' lang='lat' dir='ltr'><strong>esset</strong></span> <span class='ocrx_word' id='word_1_837' title='bbox 3742 3567 3826 3620; x_wconf 84' lang='lat' dir='ltr'><strong>tibi</strong></span> 
     </span>
    </p>
   </div>
   <div class='ocr_carea' id='block_1_106' title="bbox 2242 3631 3830 3707">
    <p class='ocr_par' dir='ltr' id='par_1_106' title="bbox 2242 3631 3830 3707">
     <span class='ocr_line' id='line_1_106' title="bbox 2242 3631 3830 3707; baseline 0.004 -23"><span class='ocrx_word' id='word_1_838' title='bbox 2242 3631 2785 3707; x_wconf 17' lang='lat' dir='ltr'><strong>virgahhzereditatis,</strong></span> <span class='ocrx_word' id='word_1_839' title='bbox 2840 3633 2893 3707; x_wconf 74' lang='lat' dir='ltr'><strong>id</strong></span> <span class='ocrx_word' id='word_1_840' title='bbox 2935 3631 3039 3697; x_wconf 73' lang='lat' dir='ltr'><strong>est,</strong></span> <span class='ocrx_word' id='word_1_841' title='bbox 3091 3637 3295 3693; x_wconf 89' lang='lat' dir='ltr'><strong>directa</strong></span> <span class='ocrx_word' id='word_1_842' title='bbox 3354 3631 3676 3705; x_wconf 47' lang='lat' dir='ltr'><strong>hereditas,</strong></span> <span class='ocrx_word' id='word_1_843' title='bbox 3719 3652 3830 3707; x_wconf 77' lang='lat' dir='ltr'><strong>qua:</strong></span> 
     </span>
    </p>
   </div>
   <div class='ocr_carea' id='block_1_107' title="bbox 2243 3702 3829 3779">
    <p class='ocr_par' dir='ltr' id='par_1_107' title="bbox 2243 3702 3829 3779">
     <span class='ocr_line' id='line_1_107' title="bbox 2243 3702 3829 3779; baseline 0.006 -26"><span class='ocrx_word' id='word_1_844' title='bbox 2243 3702 2534 3779; x_wconf 56' lang='lat' dir='ltr'><strong>itaereditas</strong></span> <span class='ocrx_word' id='word_1_845' title='bbox 2553 3711 2634 3755; x_wconf 87' lang='lat' dir='ltr'><strong>est</strong></span> <span class='ocrx_word' id='word_1_846' title='bbox 2656 3718 2814 3779; x_wconf 83' lang='lat' dir='ltr'><strong>_mons</strong></span> <span class='ocrx_word' id='word_1_847' title='bbox 2843 3705 2991 3779; x_wconf 75' lang='lat' dir='ltr'><strong>Sion,</strong></span> <span class='ocrx_word' id='word_1_848' title='bbox 3020 3717 3077 3779; x_wconf 90' lang='lat' dir='ltr'><strong>ut</strong></span> <span class='ocrx_word' id='word_1_849' title='bbox 3104 3722 3263 3777; x_wconf 89' lang='lat' dir='ltr'><strong>supra</strong></span> <span class='ocrx_word' id='word_1_850' title='bbox 3292 3708 3489 3763; x_wconf 89' lang='lat' dir='ltr'><strong>dictum</strong></span> <span class='ocrx_word' id='word_1_851' title='bbox 3520 3719 3626 3764; x_wconf 85' lang='lat' dir='ltr'><strong>est.</strong></span> <span class='ocrx_word' id='word_1_852' title='bbox 3659 3702 3829 3779; x_wconf 77' lang='lat' dir='ltr'><strong>inquo</strong></span> 
     </span>
    </p>
   </div>
   <div class='ocr_carea' id='block_1_108' title="bbox 2244 3773 3622 3850">
    <p class='ocr_par' dir='ltr' id='par_1_108' title="bbox 2244 3773 3622 3850">
     <span class='ocr_line' id='line_1_108' title="bbox 2244 3773 3622 3850; baseline 0.004 -25"><span class='ocrx_word' id='word_1_853' title='bbox 2244 3773 2499 3850; x_wconf 76' lang='lat' dir='ltr'><strong>habitasti</strong></span> <span class='ocrx_word' id='word_1_854' title='bbox 2523 3786 2621 3826; x_wconf 90' lang='lat' dir='ltr'><strong>ens</strong></span> <span class='ocrx_word' id='word_1_855' title='bbox 2654 3773 2709 3825; x_wconf 93' lang='lat' dir='ltr'><strong>in</strong></span> <span class='ocrx_word' id='word_1_856' title='bbox 2740 3788 2806 3828; x_wconf 90' lang='lat' dir='ltr'><strong>eo</strong></span> <span class='ocrx_word' id='word_1_857' title='bbox 2836 3790 2931 3850; x_wconf 88' lang='lat' dir='ltr'><strong>per</strong></span> <span class='ocrx_word' id='word_1_858' title='bbox 2964 3778 3124 3832; x_wconf 83' lang='lat' dir='ltr'><strong>[idem</strong></span> <span class='ocrx_word' id='word_1_859' title='bbox 3152 3773 3207 3833; x_wconf 87' lang='lat' dir='ltr'><strong>et</strong></span> <span class='ocrx_word' id='word_1_860' title='bbox 3226 3782 3622 3850; x_wconf 84' lang='lat' dir='ltr'><strong>operationem.</strong></span> 
     </span>
    </p>
   </div>
   <div class='ocr_carea' id='block_1_109' title="bbox 2316 3843 3832 3918">
    <p class='ocr_par' dir='ltr' id='par_1_109' title="bbox 2316 3843 3832 3918">
     <span class='ocr_line' id='line_1_109' title="bbox 2316 3843 3832 3918; baseline 0.005 -20"><span class='ocrx_word' id='word_1_861' title='bbox 2316 3843 2452 3898; x_wconf 87' lang='lat' dir='ltr'><strong>Leva</strong></span> <span class='ocrx_word' id='word_1_862' title='bbox 2479 3860 2660 3897; x_wconf 85' lang='lat' dir='ltr'><strong>manus</strong></span> <span class='ocrx_word' id='word_1_863' title='bbox 2689 3843 2989 3912; x_wconf 38' lang='lat' dir='ltr'><strong>tuas.&#39;lloc,</strong></span> <span class='ocrx_word' id='word_1_864' title='bbox 3036 3843 3277 3918; x_wconf 72' lang='lat' dir='ltr'><strong>inquam,</strong></span> <span class='ocrx_word' id='word_1_865' title='bbox 3327 3848 3488 3905; x_wconf 88' lang='lat' dir='ltr'><strong>modo</strong></span> <span class='ocrx_word' id='word_1_866' title='bbox 3518 3852 3645 3905; x_wconf 89' lang='lat' dir='ltr'><strong>dico</strong></span> <span class='ocrx_word' id='word_1_867' title='bbox 3685 3869 3697 3902; x_wconf 90' lang='lat'>:</span> <span class='ocrx_word' id='word_1_868' title='bbox 3732 3849 3832 3905; x_wconf 71' lang='lat' dir='ltr'><strong>He-</strong></span> 
     </span>
    </p>
   </div>
   <div class='ocr_carea' id='block_1_110' title="bbox 2245 3918 3823 3984">
    <p class='ocr_par' dir='ltr' id='par_1_110' title="bbox 2245 3918 3823 3984">
     <span class='ocr_line' id='line_1_110' title="bbox 2245 3918 3823 3984; baseline 0.006 -17"><span class='ocrx_word' id='word_1_869' title='bbox 2245 3930 2357 3967; x_wconf 89' lang='lat' dir='ltr'><strong>mor</strong></span> <span class='ocrx_word' id='word_1_870' title='bbox 2385 3925 2488 3967; x_wconf 89' lang='lat' dir='ltr'><strong>esto</strong></span> <span class='ocrx_word' id='word_1_871' title='bbox 2531 3918 2961 3984; x_wconf 80' lang='lat' dir='ltr'><strong>congregationis,</strong></span> <span class='ocrx_word' id='word_1_872' title='bbox 2993 3928 3053 3972; x_wconf 91' lang='lat' dir='ltr'><strong>ut</strong></span> <span class='ocrx_word' id='word_1_873' title='bbox 3103 3922 3231 3974; x_wconf 85' lang='lat' dir='ltr'><strong>leves</strong></span> <span class='ocrx_word' id='word_1_874' title='bbox 3277 3937 3457 3976; x_wconf 85' lang='lat' dir='ltr'><strong>manus</strong></span> <span class='ocrx_word' id='word_1_875' title='bbox 3484 3933 3602 3975; x_wconf 84' lang='lat' dir='ltr'><strong>tuas</strong></span> <span class='ocrx_word' id='word_1_876' title='bbox 3642 3923 3704 3975; x_wconf 72' lang='lat' dir='ltr'><strong>in</strong></span> <span class='ocrx_word' id='word_1_877' title='bbox 3744 3938 3823 3976; x_wconf 69' lang='lat' dir='ltr'><strong>sl-</strong></span> 
     </span>
    </p>
   </div>
   <div class='ocr_carea' id='block_1_111' title="bbox 2246 3986 3826 4061">
    <p class='ocr_par' dir='ltr' id='par_1_111' title="bbox 2246 3986 3826 4061">
     <span class='ocr_line' id='line_1_111' title="bbox 2246 3986 3826 4061; baseline 0.006 -24"><span class='ocrx_word' id='word_1_878' title='bbox 2246 3986 2447 4061; x_wconf 79' lang='lat' dir='ltr'><strong>perbias</strong></span> <span class='ocrx_word' id='word_1_879' title='bbox 2477 4001 2683 4061; x_wconf 69' lang='lat' dir='ltr'><strong>eorum,</strong></span> <span class='ocrx_word' id='word_1_880' title='bbox 2725 4001 2819 4054; x_wconf 85' lang='lat' dir='ltr'><strong>per</strong></span> <span class='ocrx_word' id='word_1_881' title='bbox 2876 4003 3009 4056; x_wconf 91' lang='lat' dir='ltr'><strong>quos</strong></span> <span class='ocrx_word' id='word_1_882' title='bbox 3068 3991 3267 4046; x_wconf 89' lang='lat' dir='ltr'><strong>videris</strong></span> <span class='ocrx_word' id='word_1_883' title='bbox 3298 4007 3397 4046; x_wconf 86' lang='lat' dir='ltr'><strong>nos</strong></span> <span class='ocrx_word' id='word_1_884' title='bbox 3445 3993 3741 4061; x_wconf 80' lang='lat' dir='ltr'><strong>repulisse,</strong></span> <span class='ocrx_word' id='word_1_885' title='bbox 3780 3991 3826 4047; x_wconf 85' lang='lat' dir='ltr'><strong>id</strong></span> 
     </span>
    </p>
   </div>
   <div class='ocr_carea' id='block_1_112' title="bbox 2246 4057 3829 4131">
    <p class='ocr_par' dir='ltr' id='par_1_112' title="bbox 2246 4057 3829 4131">
     <span class='ocr_line' id='line_1_112' title="bbox 2246 4057 3829 4131; baseline 0.005 -22"><span class='ocrx_word' id='word_1_886' title='bbox 2246 4068 2353 4131; x_wconf 82' lang='lat' dir='ltr'><strong>est,</strong></span> <span class='ocrx_word' id='word_1_887' title='bbox 2388 4057 2751 4131; x_wconf 68' lang='lat' dir='ltr'><strong>insuperbias</strong></span> <span class='ocrx_word' id='word_1_888' title='bbox 2798 4069 3222 4131; x_wconf 85' lang='lat' dir='ltr'><strong>persecutorum,</strong></span> <span class='ocrx_word' id='word_1_889' title='bbox 3276 4057 3635 4131; x_wconf 77' lang='lat' dir='ltr'><strong>perducendo</strong></span> <span class='ocrx_word' id='word_1_890' title='bbox 3666 4080 3759 4119; x_wconf 77' lang='lat' dir='ltr'><strong>eos</strong></span> <span class='ocrx_word' id='word_1_891' title='bbox 3780 4064 3829 4117; x_wconf 76' lang='lat' dir='ltr'><strong>iis</strong></span> 
     </span>
    </p>
   </div>
   <div class='ocr_carea' id='block_1_113' title="bbox 2248 4127 3829 4204">
    <p class='ocr_par' dir='ltr' id='par_1_113' title="bbox 2248 4127 3829 4204">
     <span class='ocr_line' id='line_1_113' title="bbox 2248 4127 3829 4204; baseline 0.008 -26"><span class='ocrx_word' id='word_1_892' title='bbox 2248 4130 2421 4194; x_wconf 78' lang='lat' dir='ltr'><strong>ﬁnem.</strong></span> <span class='ocrx_word' id='word_1_893' title='bbox 2456 4127 2549 4204; x_wconf 69' lang='lat' dir='ltr'><strong>Yet</strong></span> <span class='ocrx_word' id='word_1_894' title='bbox 2581 4127 2689 4179; x_wconf 87' lang='lat' dir='ltr'><strong>leva</strong></span> <span class='ocrx_word' id='word_1_895' title='bbox 2721 4128 2790 4204; x_wconf 67' lang='lat' dir='ltr'><strong>in</strong></span> <span class='ocrx_word' id='word_1_896' title='bbox 2828 4130 2989 4204; x_wconf 79' lang='lat' dir='ltr'><strong>tinem</strong></span> <span class='ocrx_word' id='word_1_897' title='bbox 3021 4127 3323 4197; x_wconf 79' lang='lat' dir='ltr'><strong>levationis,</strong></span> <span class='ocrx_word' id='word_1_898' title='bbox 3384 4144 3653 4204; x_wconf 87' lang='lat' dir='ltr'><strong>quantum</strong></span> <span class='ocrx_word' id='word_1_899' title='bbox 3710 4147 3829 4204; x_wconf 84' lang='lat' dir='ltr'><strong>opus</strong></span> 
     </span>
    </p>
   </div>
   <div class='ocr_carea' id='block_1_114' title="bbox 2246 4197 3830 4274">
    <p class='ocr_par' dir='ltr' id='par_1_114' title="bbox 2246 4197 3830 4274">
     <span class='ocr_line' id='line_1_114' title="bbox 2246 4197 3830 4274; baseline 0.003 -22"><span class='ocrx_word' id='word_1_900' title='bbox 2246 4210 2353 4261; x_wconf 86' lang='grc' dir='ltr'><em>εει,</em></span> <span class='ocrx_word' id='word_1_901' title='bbox 2384 4207 2443 4250; x_wconf 86' lang='grc' dir='ltr'><strong>ιιι</strong></span> <span class='ocrx_word' id='word_1_902' title='bbox 2472 4197 2904 4274; x_wconf 75' lang='lat' dir='ltr'><strong>leves,__scilice_t,</strong></span> <span class='ocrx_word' id='word_1_903' title='bbox 2936 4200 3171 4269; x_wconf 85' lang='lat' dir='ltr'><strong>interim,</strong></span> <span class='ocrx_word' id='word_1_904' title='bbox 3206 4214 3263 4257; x_wconf 93' lang='lat' dir='ltr'><strong>ut</strong></span> <span class='ocrx_word' id='word_1_905' title='bbox 3299 4197 3579 4274; x_wconf 65' lang='lat' dir='ltr'><strong>qui&#39;prius</strong></span> <span class='ocrx_word' id='word_1_906' title='bbox 3636 4197 3830 4260; x_wconf 45' lang='lat' dir='ltr'><strong>[aer-ant</strong></span> 
     </span>
    </p>
   </div>
   <div class='ocr_carea' id='block_1_115' title="bbox 2248 4269 3830 4343">
    <p class='ocr_par' dir='ltr' id='par_1_115' title="bbox 2248 4269 3830 4343">
     <span class='ocr_line' id='line_1_115' title="bbox 2248 4269 3830 4343; baseline 0.004 -22"><span class='ocrx_word' id='word_1_907' title='bbox 2248 4281 2606 4343; x_wconf 82' lang='lat' dir='ltr'><strong>praecessores</strong></span> <span class='ocrx_word' id='word_1_908' title='bbox 2637 4269 2765 4343; x_wconf 83' lang='lat' dir='ltr'><strong>liant</strong></span> <span class='ocrx_word' id='word_1_909' title='bbox 2786 4270 3187 4343; x_wconf 88' lang='lat' dir='ltr'><strong>subsecutores,</strong></span> <span class='ocrx_word' id='word_1_910' title='bbox 3220 4285 3273 4328; x_wconf 91' lang='lat' dir='ltr'><strong>et</strong></span> <span class='ocrx_word' id='word_1_911' title='bbox 3303 4269 3685 4343; x_wconf 74' lang='lat' dir='ltr'><strong>persecutores</strong></span> <span class='ocrx_word' id='word_1_912' title='bbox 3714 4279 3830 4329; x_wconf 81' lang='lat' dir='ltr'><strong>nant</strong></span> 
     </span>
    </p>
   </div>
   <div class='ocr_carea' id='block_1_116' title="bbox 2249 4339 3831 4416">
    <p class='ocr_par' dir='ltr' id='par_1_116' title="bbox 2249 4339 3831 4416">
     <span class='ocr_line' id='line_1_116' title="bbox 2249 4339 3831 4416; baseline 0.006 -25"><span class='ocrx_word' id='word_1_913' title='bbox 2249 4339 2656 4416; x_wconf 71' lang='lat' dir='ltr'><strong>prazdicatores.</strong></span> <span class='ocrx_word' id='word_1_914' title='bbox 2713 4341 2778 4393; x_wconf 72' lang='lat' dir='ltr'><strong>Et</strong></span> <span class='ocrx_word' id='word_1_915' title='bbox 2810 4342 2929 4395; x_wconf 89' lang='lat' dir='ltr'><strong>ideo</strong></span> <span class='ocrx_word' id='word_1_916' title='bbox 2978 4344 3099 4397; x_wconf 91' lang='lat' dir='ltr'><strong>dico</strong></span> <span class='ocrx_word' id='word_1_917' title='bbox 3127 4346 3238 4398; x_wconf 86' lang='lat' dir='ltr'><strong>leva</strong></span> <span class='ocrx_word' id='word_1_918' title='bbox 3288 4339 3338 4399; x_wconf 71' lang='lat' dir='ltr'><strong>in</strong></span> <span class='ocrx_word' id='word_1_919' title='bbox 3380 4348 3677 4416; x_wconf 79' lang='lat' dir='ltr'><strong>superbias,</strong></span> <span class='ocrx_word' id='word_1_920' title='bbox 3719 4346 3831 4416; x_wconf 73' lang='lat' dir='ltr'><strong>quia</strong></span> 
     </span>
    </p>
   </div>
   <div class='ocr_carea' id='block_1_117' title="bbox 2251 4410 3834 4486">
    <p class='ocr_par' dir='ltr' id='par_1_117' title="bbox 2251 4410 3834 4486">
     <span class='ocr_line' id='line_1_117' title="bbox 2251 4410 3834 4486; baseline 0.006 -26"><span class='ocrx_word' id='word_1_921' title='bbox 2251 4419 2465 4486; x_wconf 79' lang='lat' dir='ltr'><strong>quanta,</strong></span> <span class='ocrx_word' id='word_1_922' title='bbox 2499 4410 2548 4463; x_wconf 91' lang='lat' dir='ltr'><strong>id</strong></span> <span class='ocrx_word' id='word_1_923' title='bbox 2579 4417 2681 4486; x_wconf 82' lang='lat' dir='ltr'><strong>est,</strong></span> <span class='ocrx_word' id='word_1_924' title='bbox 2716 4426 2874 4486; x_wconf 88' lang='lat' dir='ltr'><strong>quam</strong></span> <span class='ocrx_word' id='word_1_925' title='bbox 2905 4416 3159 4486; x_wconf 89' lang='lat' dir='ltr'><strong>superba,</strong></span> <span class='ocrx_word' id='word_1_926' title='bbox 3189 4425 3243 4470; x_wconf 91' lang='lat' dir='ltr'><strong>et</strong></span> <span class='ocrx_word' id='word_1_927' title='bbox 3269 4433 3427 4486; x_wconf 89' lang='lat' dir='ltr'><strong>quam</strong></span> <span class='ocrx_word' id='word_1_928' title='bbox 3448 4410 3703 4473; x_wconf 71' lang='lat' dir='ltr'><strong>crudelia</strong></span> <span class='ocrx_word' id='word_1_929' title='bbox 3735 4410 3834 4469; x_wconf 70' lang='lat' dir='ltr'><strong>ina-</strong></span> 
     </span>
    </p>
   </div>
   <div class='ocr_carea' id='block_1_118' title="bbox 2254 4482 3834 4558">
    <p class='ocr_par' dir='ltr' id='par_1_118' title="bbox 2254 4482 3834 4558">
     <span class='ocr_line' id='line_1_118' title="bbox 2254 4482 3834 4558; baseline 0.004 -25"><span class='ocrx_word' id='word_1_930' title='bbox 2254 4482 2478 4550; x_wconf 80' lang='lat' dir='ltr'><strong>lignutus</strong></span> <span class='ocrx_word' id='word_1_931' title='bbox 2506 4491 2577 4533; x_wconf 89' lang='lat' dir='ltr'><strong>est</strong></span> <span class='ocrx_word' id='word_1_932' title='bbox 2606 4482 2862 4558; x_wconf 79' lang='lat' dir='ltr'><strong>inimicus,</strong></span> <span class='ocrx_word' id='word_1_933' title='bbox 2916 4482 3102 4558; x_wconf 78' lang='lat' dir='ltr'><strong>idest,</strong></span> <span class='ocrx_word' id='word_1_934' title='bbox 3158 4482 3478 4558; x_wconf 78' lang='lat' dir='ltr'><strong>persecutor</strong></span> <span class='ocrx_word' id='word_1_935' title='bbox 3528 4490 3764 4558; x_wconf 89' lang='lat' dir='ltr'><strong>populus</strong></span> <span class='ocrx_word' id='word_1_936' title='bbox 3788 4490 3834 4541; x_wconf 77' lang='lat' dir='ltr'><strong>in</strong></span> 
     </span>
    </p>
   </div>
   <div class='ocr_carea' id='block_1_119' title="bbox 576 4553 3830 4628">
    <p class='ocr_par' dir='ltr' id='par_1_119' title="bbox 576 4553 3830 4628">
     <span class='ocr_line' id='line_1_119' title="bbox 576 4553 3830 4628; baseline 0.001 -22"><span class='ocrx_word' id='word_1_937' title='bbox 576 4560 733 4628; x_wconf 76' lang='lat' dir='ltr'><strong>cavat</strong></span> <span class='ocrx_word' id='word_1_938' title='bbox 755 4554 1059 4616; x_wconf 90' lang='lat' dir='ltr'><strong>blanditias,</strong></span> <span class='ocrx_word' id='word_1_939' title='bbox 1083 4554 1201 4621; x_wconf 85' lang='lat' dir='ltr'><strong>quia</strong></span> <span class='ocrx_word' id='word_1_940' title='bbox 1233 4568 1377 4619; x_wconf 62' lang='lat' dir='ltr'><strong>saepe</strong></span> <span class='ocrx_word' id='word_1_941' title='bbox 1408 4554 1525 4628; x_wconf 87' lang='lat' dir='ltr'><strong>plus</strong></span> <span class='ocrx_word' id='word_1_942' title='bbox 1564 4566 1720 4628; x_wconf 75' lang='lat' dir='ltr'><strong>nocet</strong></span> <span class='ocrx_word' id='word_1_943' title='bbox 1753 4553 1926 4622; x_wconf 82' lang='lat' dir='ltr'><strong>lingua</strong></span> <span class='ocrx_word' id='word_1_944' title='bbox 1964 4558 2149 4607; x_wconf 82' lang='lat' dir='ltr'><strong>:uluta-</strong></span> <span class='ocrx_word' id='word_1_945' title='bbox 2178 4555 2231 4615; x_wconf 84' lang='grc'><strong>,1)</strong></span> <span class='ocrx_word' id='word_1_946' title='bbox 2256 4564 2446 4628; x_wconf 68' lang='lat' dir='ltr'><strong>sancte</strong></span> <span class='ocrx_word' id='word_1_947' title='bbox 2468 4553 2660 4628; x_wconf 85' lang='lat' dir='ltr'><strong>populo</strong></span> <span class='ocrx_word' id='word_1_948' title='bbox 2690 4562 2777 4605; x_wconf 93' lang='lat' dir='ltr'><strong>tuo</strong></span> <span class='ocrx_word' id='word_1_949' title='bbox 2817 4553 3201 4611; x_wconf 86' lang='lat' dir='ltr'><strong>demoliendo!</strong></span> <span class='ocrx_word' id='word_1_950' title='bbox 3235 4557 3301 4611; x_wconf 81' lang='lat' dir='ltr'><strong>Et</strong></span> <span class='ocrx_word' id='word_1_951' title='bbox 3331 4553 3547 4628; x_wconf 81' lang='lat' dir='ltr'><strong>gloriati</strong></span> <span class='ocrx_word' id='word_1_952' title='bbox 3599 4553 3743 4623; x_wconf 65' lang='lat' dir='ltr'><strong>Sunt,</strong></span> <span class='ocrx_word' id='word_1_953' title='bbox 3788 4559 3830 4611; x_wconf 86' lang='lat' dir='ltr'><strong>id</strong></span> 
     </span>
    </p>
   </div>
   <div class='ocr_carea' id='block_1_120' title="bbox 571 4623 2150 4691">
    <p class='ocr_par' dir='ltr' id='par_1_120' title="bbox 571 4623 2150 4691">
     <span class='ocr_line' id='line_1_120' title="bbox 571 4623 2150 4691; baseline 0.001 -14"><span class='ocrx_word' id='word_1_954' title='bbox 571 4623 727 4684; x_wconf 89' lang='lat' dir='ltr'><strong>toris,</strong></span> <span class='ocrx_word' id='word_1_955' title='bbox 757 4639 915 4691; x_wconf 82' lang='lat' dir='ltr'><strong>quam</strong></span> <span class='ocrx_word' id='word_1_956' title='bbox 948 4639 1136 4677; x_wconf 89' lang='lat' dir='ltr'><strong>manus</strong></span> <span class='ocrx_word' id='word_1_957' title='bbox 1161 4626 1535 4691; x_wconf 88' lang='lat' dir='ltr'><strong>persecutoris.</strong></span> <span class='ocrx_word' id='word_1_958' title='bbox 1568 4626 1935 4679; x_wconf 83' lang='lat' dir='ltr'><strong>Sanctuarium</strong></span> <span class='ocrx_word' id='word_1_959' title='bbox 1976 4638 2150 4679; x_wconf 78' lang='lat' dir='ltr'><strong>autem</strong></span> 
     </span>
    </p>
   </div>
   <div class='ocr_carea' id='block_1_121' title="bbox 571 4695 2156 4767">
    <p class='ocr_par' dir='ltr' id='par_1_121' title="bbox 571 4695 2156 4767">
     <span class='ocr_line' id='line_1_121' title="bbox 571 4695 2156 4767; baseline 0.001 -18"><span class='ocrx_word' id='word_1_960' title='bbox 571 4704 739 4758; x_wconf 88' lang='lat' dir='ltr'><strong>tuum,</strong></span> <span class='ocrx_word' id='word_1_961' title='bbox 774 4695 826 4747; x_wconf 90' lang='lat' dir='ltr'><strong>id</strong></span> <span class='ocrx_word' id='word_1_962' title='bbox 872 4704 976 4767; x_wconf 90' lang='lat' dir='ltr'><strong>est,</strong></span> <span class='ocrx_word' id='word_1_963' title='bbox 1004 4764 1016 4767; x_wconf 91' lang='lat'>_</span> <span class='ocrx_word' id='word_1_964' title='bbox 1040 4695 1539 4767; x_wconf 83' lang='lat' dir='ltr'><strong>ipsumCIiristum,</strong></span> <span class='ocrx_word' id='word_1_965' title='bbox 1582 4698 1918 4749; x_wconf 86' lang='lat' dir='ltr'><strong>incenderunt</strong></span> <span class='ocrx_word' id='word_1_966' title='bbox 1945 4697 2071 4767; x_wconf 84' lang='lat' dir='ltr'><strong>igni,</strong></span> <span class='ocrx_word' id='word_1_967' title='bbox 2103 4698 2156 4751; x_wconf 92' lang='lat' dir='ltr'><strong>id</strong></span> 
     </span>
    </p>
   </div>
   <div class='ocr_carea' id='block_1_122' title="bbox 572 4764 2158 4833">
    <p class='ocr_par' dir='ltr' id='par_1_122' title="bbox 572 4764 2158 4833">
     <span class='ocr_line' id='line_1_122' title="bbox 572 4764 2158 4833; baseline 0.001 -14"><span class='ocrx_word' id='word_1_968' title='bbox 572 4774 677 4829; x_wconf 83' lang='lat' dir='ltr'><strong>est,</strong></span> <span class='ocrx_word' id='word_1_969' title='bbox 713 4764 1108 4820; x_wconf 81' lang='lat' dir='ltr'><strong>ferventissima</strong></span> <span class='ocrx_word' id='word_1_970' title='bbox 1142 4766 1506 4833; x_wconf 86' lang='lat' dir='ltr'><strong>tribulatione,</strong></span> <span class='ocrx_word' id='word_1_971' title='bbox 1538 4775 1591 4819; x_wconf 90' lang='lat' dir='ltr'><strong>et</strong></span> <span class='ocrx_word' id='word_1_972' title='bbox 1649 4764 2034 4819; x_wconf 78' lang='lat' dir='ltr'><strong>tabernaculum</strong></span> <span class='ocrx_word' id='word_1_973' title='bbox 2066 4784 2158 4821; x_wconf 90' lang='lat' dir='ltr'><strong>no-</strong></span> 
     </span>
    </p>
   </div>
   <div class='ocr_carea' id='block_1_123' title="bbox 571 4837 2157 4904">
    <p class='ocr_par' dir='ltr' id='par_1_123' title="bbox 571 4837 2157 4904">
     <span class='ocr_line' id='line_1_123' title="bbox 571 4837 2157 4904; baseline 0.001 -15"><span class='ocrx_word' id='word_1_974' title='bbox 571 4837 729 4890; x_wconf 86' lang='lat' dir='ltr'><strong>minis</strong></span> <span class='ocrx_word' id='word_1_975' title='bbox 753 4838 847 4901; x_wconf 87' lang='lat' dir='ltr'><strong>tui,</strong></span> <span class='ocrx_word' id='word_1_976' title='bbox 876 4837 1016 4904; x_wconf 90' lang='lat' dir='ltr'><strong>quod</strong></span> <span class='ocrx_word' id='word_1_977' title='bbox 1045 4837 1215 4889; x_wconf 87' lang='lat' dir='ltr'><strong>solum</strong></span> <span class='ocrx_word' id='word_1_978' title='bbox 1240 4846 1355 4890; x_wconf 89' lang='lat' dir='ltr'><strong>erat</strong></span> <span class='ocrx_word' id='word_1_979' title='bbox 1384 4838 1438 4888; x_wconf 88' lang='lat' dir='ltr'><strong>in</strong></span> <span class='ocrx_word' id='word_1_980' title='bbox 1472 4846 1629 4899; x_wconf 86' lang='lat' dir='ltr'><strong>terra,</strong></span> <span class='ocrx_word' id='word_1_981' title='bbox 1661 4838 1712 4891; x_wconf 93' lang='lat' dir='ltr'><strong>id</strong></span> <span class='ocrx_word' id='word_1_982' title='bbox 1752 4849 1855 4899; x_wconf 86' lang='lat' dir='ltr'><strong>est,</strong></span> <span class='ocrx_word' id='word_1_983' title='bbox 1912 4840 2157 4891; x_wconf 87' lang='lat' dir='ltr'><strong>taberna-</strong></span> 
     </span>
    </p>
   </div>
   <div class='ocr_carea' id='block_1_124' title="bbox 574 4906 2158 4977">
    <p class='ocr_par' dir='ltr' id='par_1_124' title="bbox 574 4906 2158 4977">
     <span class='ocr_line' id='line_1_124' title="bbox 574 4906 2158 4977; baseline 0.003 -16"><span class='ocrx_word' id='word_1_984' title='bbox 574 4908 821 4961; x_wconf 90' lang='lat' dir='ltr'><strong>culautes</strong></span> <span class='ocrx_word' id='word_1_985' title='bbox 854 4908 945 4961; x_wconf 89' lang='lat' dir='ltr'><strong>tibi</strong></span> <span class='ocrx_word' id='word_1_986' title='bbox 972 4908 1040 4960; x_wconf 90' lang='lat' dir='ltr'><strong>de</strong></span> <span class='ocrx_word' id='word_1_987' title='bbox 1065 4906 1227 4974; x_wconf 89' lang='lat' dir='ltr'><strong>priori</strong></span> <span class='ocrx_word' id='word_1_988' title='bbox 1263 4908 1460 4976; x_wconf 90' lang='lat' dir='ltr'><strong>populo</strong></span> <span class='ocrx_word' id='word_1_989' title='bbox 1490 4909 1785 4977; x_wconf 81' lang='lat' dir='ltr'><strong>polluerunt</strong></span> <span class='ocrx_word' id='word_1_990' title='bbox 1817 4911 2158 4975; x_wconf 84' lang='lat' dir='ltr'><strong>reputatione</strong></span> 
     </span>
    </p>
   </div>
   <div class='ocr_carea' id='block_1_125' title="bbox 576 4980 2157 5045">
    <p class='ocr_par' dir='ltr' id='par_1_125' title="bbox 576 4980 2157 5045">
     <span class='ocr_line' id='line_1_125' title="bbox 576 4980 2157 5045; baseline 0.001 -12"><span class='ocrx_word' id='word_1_991' title='bbox 576 4993 694 5041; x_wconf 81' lang='lat' dir='ltr'><strong>sua,</strong></span> <span class='ocrx_word' id='word_1_992' title='bbox 726 4993 884 5045; x_wconf 88' lang='lat' dir='ltr'><strong>quam</strong></span> <span class='ocrx_word' id='word_1_993' title='bbox 908 4992 1133 5045; x_wconf 90' lang='lat' dir='ltr'><strong>corpora</strong></span> <span class='ocrx_word' id='word_1_994' title='bbox 1152 4992 1336 5031; x_wconf 91' lang='lat' dir='ltr'><strong>eorum</strong></span> <span class='ocrx_word' id='word_1_995' title='bbox 1356 4980 1664 5032; x_wconf 86' lang='lat' dir='ltr'><strong>devoranda</strong></span> <span class='ocrx_word' id='word_1_996' title='bbox 1686 4981 1870 5034; x_wconf 86' lang='lat' dir='ltr'><strong>bestiis</strong></span> <span class='ocrx_word' id='word_1_997' title='bbox 1894 4990 1948 5032; x_wconf 90' lang='lat' dir='ltr'><strong>et</strong></span> <span class='ocrx_word' id='word_1_998' title='bbox 1969 4981 2157 5034; x_wconf 89' lang='lat' dir='ltr'><strong>avibus</strong></span> 
     </span>
    </p>
   </div>
   <div class='ocr_carea' id='block_1_126' title="bbox 575 5048 2157 5118">
    <p class='ocr_par' dir='ltr' id='par_1_126' title="bbox 575 5048 2157 5118">
     <span class='ocr_line' id='line_1_126' title="bbox 575 5048 2157 5118; baseline 0.001 -15"><span class='ocrx_word' id='word_1_999' title='bbox 575 5051 942 5118; x_wconf 72' lang='lat' dir='ltr'><strong>proiecerunt,</strong></span> <span class='ocrx_word' id='word_1_1000' title='bbox 977 5048 1060 5101; x_wconf 84' lang='lat' dir='ltr'><strong>vel</strong></span> <span class='ocrx_word' id='word_1_1001' title='bbox 1086 5049 1392 5115; x_wconf 90' lang='lat' dir='ltr'><strong>polluerunt</strong></span> <span class='ocrx_word' id='word_1_1002' title='bbox 1438 5049 1747 5116; x_wconf 86' lang='lat' dir='ltr'><strong>dejiciendo</strong></span> <span class='ocrx_word' id='word_1_1003' title='bbox 1777 5050 1908 5103; x_wconf 88' lang='lat' dir='ltr'><strong>illud</strong></span> <span class='ocrx_word' id='word_1_1004' title='bbox 1942 5052 1992 5104; x_wconf 91' lang='lat' dir='ltr'><strong>in</strong></span> <span class='ocrx_word' id='word_1_1005' title='bbox 2047 5061 2157 5105; x_wconf 90' lang='lat' dir='ltr'><strong>ter-</strong></span> 
     </span>
    </p>
   </div>
   <div class='ocr_carea' id='block_1_127' title="bbox 577 5119 2160 5188">
    <p class='ocr_par' dir='ltr' id='par_1_127' title="bbox 577 5119 2160 5188">
     <span class='ocr_line' id='line_1_127' title="bbox 577 5119 2160 5188; baseline 0 -14"><span class='ocrx_word' id='word_1_1006' title='bbox 577 5135 716 5183; x_wconf 90' lang='lat' dir='ltr'><strong>ram,</strong></span> <span class='ocrx_word' id='word_1_1007' title='bbox 742 5129 996 5187; x_wconf 86' lang='lat' dir='ltr'><strong>quantum</strong></span> <span class='ocrx_word' id='word_1_1008' title='bbox 1044 5119 1109 5172; x_wconf 89' lang='lat' dir='ltr'><strong>ad</strong></span> <span class='ocrx_word' id='word_1_1009' title='bbox 1140 5120 1420 5188; x_wconf 86' lang='lat' dir='ltr'><strong>quosdam,</strong></span> <span class='ocrx_word' id='word_1_1010' title='bbox 1450 5134 1585 5188; x_wconf 91' lang='lat' dir='ltr'><strong>quos</strong></span> <span class='ocrx_word' id='word_1_1011' title='bbox 1635 5121 2057 5185; x_wconf 88' lang='lat' dir='ltr'><strong>devocaverunt,</strong></span> <span class='ocrx_word' id='word_1_1012' title='bbox 2103 5130 2160 5177; x_wconf 89' lang='lat' dir='ltr'><strong>et</strong></span> 
     </span>
    </p>
   </div>
   <div class='ocr_carea' id='block_1_128' title="bbox 576 5189 2155 5258">
    <p class='ocr_par' dir='ltr' id='par_1_128' title="bbox 576 5189 2155 5258">
     <span class='ocr_line' id='line_1_128' title="bbox 576 5189 2155 5258; baseline 0.002 -15"><span class='ocrx_word' id='word_1_1013' title='bbox 576 5192 815 5243; x_wconf 76' lang='lat' dir='ltr'><strong>dixerunt</strong></span> <span class='ocrx_word' id='word_1_1014' title='bbox 839 5192 891 5242; x_wconf 90' lang='lat' dir='ltr'><strong>in</strong></span> <span class='ocrx_word' id='word_1_1015' title='bbox 921 5189 1072 5243; x_wconf 88' lang='lat' dir='ltr'><strong>corde</strong></span> <span class='ocrx_word' id='word_1_1016' title='bbox 1094 5206 1184 5243; x_wconf 88' lang='lat' dir='ltr'><strong>suo</strong></span> <span class='ocrx_word' id='word_1_1017' title='bbox 1216 5205 1233 5242; x_wconf 89' lang='lat'><strong><em>:</em></strong></span> <span class='ocrx_word' id='word_1_1018' title='bbox 1266 5189 1511 5258; x_wconf 86' lang='lat' dir='ltr'><strong>Cognatio</strong></span> <span class='ocrx_word' id='word_1_1019' title='bbox 1544 5206 1722 5243; x_wconf 88' lang='lat' dir='ltr'><strong>eorum</strong></span> <span class='ocrx_word' id='word_1_1020' title='bbox 1743 5193 1916 5257; x_wconf 87' lang='lat' dir='ltr'><strong>simul,</strong></span> <span class='ocrx_word' id='word_1_1021' title='bbox 1972 5194 2022 5246; x_wconf 89' lang='lat' dir='ltr'><strong>id</strong></span> <span class='ocrx_word' id='word_1_1022' title='bbox 2050 5203 2155 5258; x_wconf 84' lang='lat' dir='ltr'><strong>est,</strong></span> 
     </span>
    </p>
   </div>
   <div class='ocr_carea' id='block_1_129' title="bbox 581 5262 2155 5322">
    <p class='ocr_par' dir='ltr' id='par_1_129' title="bbox 581 5262 2155 5322">
     <span class='ocr_line' id='line_1_129' title="bbox 581 5262 2155 5322; baseline 0.001 -7"><span class='ocrx_word' id='word_1_1023' title='bbox 581 5276 769 5315; x_wconf 89' lang='lat' dir='ltr'><strong>omnes</strong></span> <span class='ocrx_word' id='word_1_1024' title='bbox 798 5263 850 5315; x_wconf 92' lang='lat' dir='ltr'><strong>in</strong></span> <span class='ocrx_word' id='word_1_1025' title='bbox 877 5262 977 5316; x_wconf 88' lang='lat' dir='ltr'><strong>hoc</strong></span> <span class='ocrx_word' id='word_1_1026' title='bbox 1005 5271 1389 5322; x_wconf 85' lang='lat' dir='ltr'><strong>convenerunt,</strong></span> <span class='ocrx_word' id='word_1_1027' title='bbox 1441 5270 1499 5312; x_wconf 91' lang='lat' dir='ltr'><strong>ut</strong></span> <span class='ocrx_word' id='word_1_1028' title='bbox 1547 5262 1909 5315; x_wconf 76' lang='lat' dir='ltr'><strong>Christianum</strong></span> <span class='ocrx_word' id='word_1_1029' title='bbox 1960 5277 2155 5317; x_wconf 90' lang='lat' dir='ltr'><strong>nomen</strong></span> 
     </span>
    </p>
   </div>
   <div class='ocr_carea' id='block_1_130' title="bbox 584 5329 2157 5402">
    <p class='ocr_par' dir='ltr' id='par_1_130' title="bbox 584 5329 2157 5402">
     <span class='ocr_line' id='line_1_130' title="bbox 584 5329 2157 5402; baseline 0.001 -17"><span class='ocrx_word' id='word_1_1030' title='bbox 584 5346 809 5400; x_wconf 80' lang='lat' dir='ltr'><strong>prorsus</strong></span> <span class='ocrx_word' id='word_1_1031' title='bbox 848 5331 1219 5394; x_wconf 87' lang='lat' dir='ltr'><strong>destruerent,</strong></span> <span class='ocrx_word' id='word_1_1032' title='bbox 1266 5334 1539 5384; x_wconf 67' lang='lat' dir='ltr'><strong>dicentes:</strong></span> <span class='ocrx_word' id='word_1_1033' title='bbox 1574 5329 1849 5385; x_wconf 85' lang='lat' dir='ltr'><strong>Faciamus</strong></span> <span class='ocrx_word' id='word_1_1034' title='bbox 1903 5335 2157 5402; x_wconf 85' lang='lat' dir='ltr'><strong>quiescere</strong></span> 
     </span>
    </p>
   </div>
   <div class='ocr_carea' id='block_1_131' title="bbox 581 5403 2157 5473">
    <p class='ocr_par' dir='ltr' id='par_1_131' title="bbox 581 5403 2157 5473">
     <span class='ocr_line' id='line_1_131' title="bbox 581 5403 2157 5473; baseline 0.003 -19"><span class='ocrx_word' id='word_1_1035' title='bbox 581 5417 751 5455; x_wconf 84' lang='lat' dir='ltr'><strong>omnes</strong></span> <span class='ocrx_word' id='word_1_1036' title='bbox 776 5404 886 5457; x_wconf 88' lang='lat' dir='ltr'><strong>dies</strong></span> <span class='ocrx_word' id='word_1_1037' title='bbox 918 5404 1068 5473; x_wconf 78' lang='lat' dir='ltr'><strong>festos</strong></span> <span class='ocrx_word' id='word_1_1038' title='bbox 1100 5403 1196 5455; x_wconf 86' lang='lat' dir='ltr'><strong>Dei</strong></span> <span class='ocrx_word' id='word_1_1039' title='bbox 1225 5420 1255 5473; x_wconf 73' lang='grc' dir='ltr'><em>(ι</em></span> <span class='ocrx_word' id='word_1_1040' title='bbox 1277 5410 1429 5454; x_wconf 85' lang='lat' dir='ltr'><strong>terra.</strong></span> <span class='ocrx_word' id='word_1_1041' title='bbox 1464 5403 1587 5457; x_wconf 88' lang='lat' dir='ltr'><strong>Dies</strong></span> <span class='ocrx_word' id='word_1_1042' title='bbox 1614 5405 1805 5473; x_wconf 82' lang='lat' dir='ltr'><strong>acetpit</strong></span> <span class='ocrx_word' id='word_1_1043' title='bbox 1836 5405 2157 5473; x_wconf 63' lang='lat' dir='ltr'><strong>evangelicae</strong></span> 
     </span>
    </p>
   </div>
   <div class='ocr_carea' id='block_1_132' title="bbox 581 5470 2154 5543">
    <p class='ocr_par' dir='ltr' id='par_1_132' title="bbox 581 5470 2154 5543">
     <span class='ocr_line' id='line_1_132' title="bbox 581 5470 2154 5543; baseline 0.004 -19"><span class='ocrx_word' id='word_1_1044' title='bbox 581 5474 821 5543; x_wconf 83' lang='lat' dir='ltr'><strong>veritatis</strong></span> <span class='ocrx_word' id='word_1_1045' title='bbox 852 5470 969 5528; x_wconf 86' lang='lat' dir='ltr'><strong>luce</strong></span> <span class='ocrx_word' id='word_1_1046' title='bbox 992 5476 1199 5537; x_wconf 86' lang='lat' dir='ltr'><strong>claros;</strong></span> <span class='ocrx_word' id='word_1_1047' title='bbox 1233 5470 1401 5526; x_wconf 82' lang='lat' dir='ltr'><strong>festos</strong></span> <span class='ocrx_word' id='word_1_1048' title='bbox 1439 5490 1565 5526; x_wconf 75' lang='lat' dir='ltr'><strong>vero</strong></span> <span class='ocrx_word' id='word_1_1049' title='bbox 1593 5476 1643 5527; x_wconf 91' lang='lat' dir='ltr'><strong>in</strong></span> <span class='ocrx_word' id='word_1_1050' title='bbox 1671 5470 1865 5543; x_wconf 79' lang='lat' dir='ltr'><strong>quibus</strong></span> <span class='ocrx_word' id='word_1_1051' title='bbox 1896 5470 2035 5529; x_wconf 78' lang='lat' dir='ltr'><strong>Deus</strong></span> <span class='ocrx_word' id='word_1_1052' title='bbox 2084 5477 2154 5530; x_wconf 83' lang='lat' dir='ltr'><strong>ita</strong></span> 
     </span>
    </p>
   </div>
   <div class='ocr_carea' id='block_1_133' title="bbox 584 5542 2157 5608">
    <p class='ocr_par' dir='ltr' id='par_1_133' title="bbox 584 5542 2157 5608">
     <span class='ocr_line' id='line_1_133' title="bbox 584 5542 2157 5608; baseline 0.003 -13"><span class='ocrx_word' id='word_1_1053' title='bbox 584 5542 901 5608; x_wconf 87' lang='lat' dir='ltr'><strong>delectatur,</strong></span> <span class='ocrx_word' id='word_1_1054' title='bbox 936 5548 1075 5598; x_wconf 89' lang='lat' dir='ltr'><strong>sicut</strong></span> <span class='ocrx_word' id='word_1_1055' title='bbox 1098 5543 1342 5597; x_wconf 83' lang='lat' dir='ltr'><strong>homines</strong></span> <span class='ocrx_word' id='word_1_1056' title='bbox 1370 5545 1625 5598; x_wconf 79' lang='lat' dir='ltr'><strong>deleCtari</strong></span> <span class='ocrx_word' id='word_1_1057' title='bbox 1664 5542 1837 5598; x_wconf 80' lang='lat' dir='ltr'><strong>solcut</strong></span> <span class='ocrx_word' id='word_1_1058' title='bbox 1869 5547 1921 5599; x_wconf 88' lang='lat' dir='ltr'><strong>in</strong></span> <span class='ocrx_word' id='word_1_1059' title='bbox 1954 5547 2157 5600; x_wconf 76' lang='lat' dir='ltr'><strong>festivi-</strong></span> 
     </span>
    </p>
   </div>
   <div class='ocr_carea' id='block_1_134' title="bbox 585 5614 1982 5684">
    <p class='ocr_par' dir='ltr' id='par_1_134' title="bbox 585 5614 1982 5684">
     <span class='ocr_line' id='line_1_134' title="bbox 585 5614 1982 5684; baseline 0.001 -16"><span class='ocrx_word' id='word_1_1060' title='bbox 585 5615 804 5679; x_wconf 82' lang='lat' dir='ltr'><strong>tatibus,</strong></span> <span class='ocrx_word' id='word_1_1061' title='bbox 830 5616 912 5667; x_wconf 89' lang='lat' dir='ltr'><strong>vel</strong></span> <span class='ocrx_word' id='word_1_1062' title='bbox 937 5614 1122 5679; x_wconf 78' lang='lat' dir='ltr'><strong>festos,</strong></span> <span class='ocrx_word' id='word_1_1063' title='bbox 1149 5615 1200 5667; x_wconf 92' lang='lat' dir='ltr'><strong>id</strong></span> <span class='ocrx_word' id='word_1_1064' title='bbox 1228 5624 1329 5676; x_wconf 87' lang='lat' dir='ltr'><strong>est,</strong></span> <span class='ocrx_word' id='word_1_1065' title='bbox 1363 5614 1521 5684; x_wconf 88' lang='lat' dir='ltr'><strong>digne</strong></span> <span class='ocrx_word' id='word_1_1066' title='bbox 1555 5618 1810 5671; x_wconf 83' lang='lat' dir='ltr'><strong>leriautes</strong></span> <span class='ocrx_word' id='word_1_1067' title='bbox 1854 5620 1982 5671; x_wconf 86' lang='lat' dir='ltr'><strong>Deo.</strong></span> 
     </span>
    </p>
   </div>
   <div class='ocr_carea' id='block_1_135' title="bbox 656 5684 2153 5759">
    <p class='ocr_par' dir='ltr' id='par_1_135' title="bbox 656 5684 2153 5759">
     <span class='ocr_line' id='line_1_135' title="bbox 656 5684 2153 5759; baseline 0.003 -20"><span class='ocrx_word' id='word_1_1068' title='bbox 656 5684 820 5759; x_wconf 86' lang='lat' dir='ltr'><strong>Signa</strong></span> <span class='ocrx_word' id='word_1_1069' title='bbox 845 5694 1031 5759; x_wconf 83' lang='lat' dir='ltr'><strong>nostra</strong></span> <span class='ocrx_word' id='word_1_1070' title='bbox 1050 5701 1151 5759; x_wconf 84' lang='lat' dir='ltr'><strong>non</strong></span> <span class='ocrx_word' id='word_1_1071' title='bbox 1180 5685 1414 5759; x_wconf 76' lang='lat' dir='ltr'><strong>vidimus.</strong></span> <span class='ocrx_word' id='word_1_1072' title='bbox 1450 5686 1516 5741; x_wconf 89' lang='lat' dir='ltr'><strong>Ut</strong></span> <span class='ocrx_word' id='word_1_1073' title='bbox 1544 5689 1686 5757; x_wconf 86' lang='lat' dir='ltr'><strong>quid,</strong></span> <span class='ocrx_word' id='word_1_1074' title='bbox 1722 5690 1959 5757; x_wconf 88' lang='lat' dir='ltr'><strong>inquam,</strong></span> <span class='ocrx_word' id='word_1_1075' title='bbox 1993 5686 2153 5759; x_wconf 85' lang='lat' dir='ltr'><strong>Deus,</strong></span> 
     </span>
    </p>
   </div>
   <div class='ocr_carea' id='block_1_136' title="bbox 581 5756 2155 5826">
    <p class='ocr_par' dir='ltr' id='par_1_136' title="bbox 581 5756 2155 5826">
     <span class='ocr_line' id='line_1_136' title="bbox 581 5756 2155 5826; baseline 0.004 -17"><span class='ocrx_word' id='word_1_1076' title='bbox 581 5758 819 5826; x_wconf 85' lang='lat' dir='ltr'><strong>reputisti</strong></span> <span class='ocrx_word' id='word_1_1077' title='bbox 848 5758 987 5811; x_wconf 72' lang='lat' dir='ltr'><strong>nos?</strong></span> <span class='ocrx_word' id='word_1_1078' title='bbox 1018 5757 1165 5820; x_wconf 89' lang='lat' dir='ltr'><strong>Ideo,</strong></span> <span class='ocrx_word' id='word_1_1079' title='bbox 1196 5756 1420 5821; x_wconf 88' lang='lat' dir='ltr'><strong>scilicet,</strong></span> <span class='ocrx_word' id='word_1_1080' title='bbox 1478 5756 1599 5826; x_wconf 90' lang='lat' dir='ltr'><strong>quia</strong></span> <span class='ocrx_word' id='word_1_1081' title='bbox 1641 5772 1737 5812; x_wconf 89' lang='lat' dir='ltr'><strong>nos</strong></span> <span class='ocrx_word' id='word_1_1082' title='bbox 1793 5756 1893 5813; x_wconf 84' lang='lat' dir='ltr'><strong>non</strong></span> <span class='ocrx_word' id='word_1_1083' title='bbox 1936 5756 2155 5815; x_wconf 78' lang='lat' dir='ltr'><strong>vidimus</strong></span> 
     </span>
    </p>
   </div>
   <div class='ocr_carea' id='block_1_137' title="bbox 584 5828 2153 5899">
    <p class='ocr_par' dir='ltr' id='par_1_137' title="bbox 584 5828 2153 5899">
     <span class='ocr_line' id='line_1_137' title="bbox 584 5828 2153 5899; baseline 0.001 -14"><span class='ocrx_word' id='word_1_1084' title='bbox 584 5828 727 5897; x_wconf 70' lang='lat' dir='ltr'><strong>signa</strong></span> <span class='ocrx_word' id='word_1_1085' title='bbox 750 5838 922 5883; x_wconf 81' lang='lat' dir='ltr'><strong>nostra</strong></span> <span class='ocrx_word' id='word_1_1086' title='bbox 976 5838 1033 5884; x_wconf 91' lang='lat' dir='ltr'><strong>ut</strong></span> <span class='ocrx_word' id='word_1_1087' title='bbox 1061 5841 1222 5896; x_wconf 87' lang='lat' dir='ltr'><strong>supra</strong></span> <span class='ocrx_word' id='word_1_1088' title='bbox 1251 5828 1448 5881; x_wconf 88' lang='lat' dir='ltr'><strong>dictum</strong></span> <span class='ocrx_word' id='word_1_1089' title='bbox 1473 5840 1584 5893; x_wconf 89' lang='lat' dir='ltr'><strong>est;</strong></span> <span class='ocrx_word' id='word_1_1090' title='bbox 1614 5845 1730 5899; x_wconf 75' lang='lat' dir='ltr'><strong>qua:</strong></span> <span class='ocrx_word' id='word_1_1091' title='bbox 1764 5838 1936 5887; x_wconf 85' lang='lat' dir='ltr'><strong>tamen</strong></span> <span class='ocrx_word' id='word_1_1092' title='bbox 1971 5832 2153 5887; x_wconf 79' lang='lat' dir='ltr'><strong>videre</strong></span> 
     </span>
    </p>
   </div>
   <div class='ocr_carea' id='block_1_138' title="bbox 2264 4623 3833 4701">
    <p class='ocr_par' dir='ltr' id='par_1_138' title="bbox 2264 4623 3833 4701">
     <span class='ocr_line' id='line_1_138' title="bbox 2264 4623 3833 4701; baseline 0.005 -26"><span class='ocrx_word' id='word_1_1093' title='bbox 2264 4634 2366 4685; x_wconf 88' lang='lat' dir='ltr'><strong>est,</strong></span> <span class='ocrx_word' id='word_1_1094' title='bbox 2398 4623 2661 4701; x_wconf 74' lang='lat' dir='ltr'><strong>gloriosos</strong></span> <span class='ocrx_word' id='word_1_1095' title='bbox 2690 4639 2749 4701; x_wconf 82' lang='lat' dir='ltr'><strong>se</strong></span> <span class='ocrx_word' id='word_1_1096' title='bbox 2770 4636 3108 4701; x_wconf 80' lang='lat' dir='ltr'><strong>putaverunt,</strong></span> <span class='ocrx_word' id='word_1_1097' title='bbox 3133 4631 3277 4683; x_wconf 88' lang='lat' dir='ltr'><strong>unde</strong></span> <span class='ocrx_word' id='word_1_1098' title='bbox 3294 4623 3472 4696; x_wconf 80' lang='lat' dir='ltr'><strong>potius</strong></span> <span class='ocrx_word' id='word_1_1099' title='bbox 3493 4629 3833 4701; x_wconf 79' lang='lat' dir='ltr'><strong>ignominiosi</strong></span> 
     </span>
    </p>
   </div>
   <div class='ocr_carea' id='block_1_139' title="bbox 2263 4694 3838 4763">
    <p class='ocr_par' dir='ltr' id='par_1_139' title="bbox 2263 4694 3838 4763">
     <span class='ocr_line' id='line_1_139' title="bbox 2263 4694 3838 4763; baseline 0.003 -16"><span class='ocrx_word' id='word_1_1100' title='bbox 2263 4705 2417 4747; x_wconf 91' lang='lat' dir='ltr'><strong>erant</strong></span> <span class='ocrx_word' id='word_1_1101' title='bbox 2445 4694 2522 4748; x_wconf 93' lang='lat' dir='ltr'><strong>illi</strong></span> <span class='ocrx_word' id='word_1_1102' title='bbox 2554 4696 2639 4761; x_wconf 89' lang='lat' dir='ltr'><strong>qui</strong></span> <span class='ocrx_word' id='word_1_1103' title='bbox 2670 4698 2885 4748; x_wconf 88' lang='lat' dir='ltr'><strong>oderunt</strong></span> <span class='ocrx_word' id='word_1_1104' title='bbox 2917 4707 2982 4762; x_wconf 91' lang='lat' dir='ltr'><strong>te,</strong></span> <span class='ocrx_word' id='word_1_1105' title='bbox 3012 4698 3065 4752; x_wconf 92' lang='lat' dir='ltr'><strong>id</strong></span> <span class='ocrx_word' id='word_1_1106' title='bbox 3097 4708 3204 4763; x_wconf 88' lang='lat' dir='ltr'><strong>est,</strong></span> <span class='ocrx_word' id='word_1_1107' title='bbox 3250 4694 3431 4755; x_wconf 87' lang='lat' dir='ltr'><strong>odium</strong></span> <span class='ocrx_word' id='word_1_1108' title='bbox 3479 4694 3838 4757; x_wconf 68' lang='lat' dir='ltr'><strong>eiercuerunt</strong></span> 
     </span>
    </p>
   </div>
   <div class='ocr_carea' id='block_1_140' title="bbox 2263 4765 3839 4836">
    <p class='ocr_par' dir='ltr' id='par_1_140' title="bbox 2263 4765 3839 4836">
     <span class='ocr_line' id='line_1_140' title="bbox 2263 4765 3839 4836; baseline 0.004 -18"><span class='ocrx_word' id='word_1_1109' title='bbox 2263 4765 2316 4818; x_wconf 88' lang='lat' dir='ltr'><strong>in</strong></span> <span class='ocrx_word' id='word_1_1110' title='bbox 2350 4772 2403 4819; x_wconf 91' lang='lat' dir='ltr'><strong>te</strong></span> <span class='ocrx_word' id='word_1_1111' title='bbox 2430 4770 2484 4818; x_wconf 85' lang='lat' dir='ltr'><strong>in</strong></span> <span class='ocrx_word' id='word_1_1112' title='bbox 2512 4766 2676 4817; x_wconf 85' lang='lat' dir='ltr'><strong>medio</strong></span> <span class='ocrx_word' id='word_1_1113' title='bbox 2706 4766 3177 4833; x_wconf 72' lang='lat' dir='ltr'><strong>solemnitatistuar,</strong></span> <span class='ocrx_word' id='word_1_1114' title='bbox 3213 4770 3265 4825; x_wconf 91' lang='lat' dir='ltr'><strong>id</strong></span> <span class='ocrx_word' id='word_1_1115' title='bbox 3319 4780 3423 4836; x_wconf 83' lang='lat' dir='ltr'><strong>est,</strong></span> <span class='ocrx_word' id='word_1_1116' title='bbox 3456 4772 3510 4825; x_wconf 89' lang='lat' dir='ltr'><strong>in</strong></span> <span class='ocrx_word' id='word_1_1117' title='bbox 3563 4772 3676 4826; x_wconf 77' lang='lat' dir='ltr'><strong>illis</strong></span> <span class='ocrx_word' id='word_1_1118' title='bbox 3721 4770 3839 4825; x_wconf 85' lang='lat' dir='ltr'><strong>viris</strong></span> 
     </span>
    </p>
   </div>
   <div class='ocr_carea' id='block_1_141' title="bbox 2263 4837 3839 4903">
    <p class='ocr_par' dir='ltr' id='par_1_141' title="bbox 2263 4837 3839 4903">
     <span class='ocr_line' id='line_1_141' title="bbox 2263 4837 3839 4903; baseline 0.004 -14"><span class='ocrx_word' id='word_1_1119' title='bbox 2263 4837 2352 4903; x_wconf 91' lang='lat' dir='ltr'><strong>qui</strong></span> <span class='ocrx_word' id='word_1_1120' title='bbox 2378 4847 2528 4890; x_wconf 89' lang='lat' dir='ltr'><strong>erant</strong></span> <span class='ocrx_word' id='word_1_1121' title='bbox 2554 4840 2910 4892; x_wconf 89' lang='lat' dir='ltr'><strong>communiter</strong></span> <span class='ocrx_word' id='word_1_1122' title='bbox 2940 4851 3065 4893; x_wconf 89' lang='lat' dir='ltr'><strong>nota</strong></span> <span class='ocrx_word' id='word_1_1123' title='bbox 3087 4844 3335 4896; x_wconf 87' lang='lat' dir='ltr'><strong>oumibus</strong></span> <span class='ocrx_word' id='word_1_1124' title='bbox 3378 4843 3704 4899; x_wconf 82' lang='lat' dir='ltr'><strong>solemnitas</strong></span> <span class='ocrx_word' id='word_1_1125' title='bbox 3736 4852 3839 4897; x_wconf 77' lang='lat' dir='ltr'><strong>tua.</strong></span> 
     </span>
    </p>
   </div>
   <div class='ocr_carea' id='block_1_142' title="bbox 2262 4905 3841 4983">
    <p class='ocr_par' dir='ltr' id='par_1_142' title="bbox 2262 4905 3841 4983">
     <span class='ocr_line' id='line_1_142' title="bbox 2262 4905 3841 4983; baseline 0.004 -24"><span class='ocrx_word' id='word_1_1126' title='bbox 2262 4905 2494 4983; x_wconf 80' lang='lat' dir='ltr'><strong>Medium</strong></span> <span class='ocrx_word' id='word_1_1127' title='bbox 2542 4909 2685 4961; x_wconf 90' lang='lat' dir='ltr'><strong>enim</strong></span> <span class='ocrx_word' id='word_1_1128' title='bbox 2736 4909 2996 4983; x_wconf 87' lang='lat' dir='ltr'><strong>accipitur</strong></span> <span class='ocrx_word' id='word_1_1129' title='bbox 3052 4928 3146 4978; x_wconf 89' lang='lat' dir='ltr'><strong>pro</strong></span> <span class='ocrx_word' id='word_1_1130' title='bbox 3198 4916 3489 4979; x_wconf 88' lang='lat' dir='ltr'><strong>communi,</strong></span> <span class='ocrx_word' id='word_1_1131' title='bbox 3522 4916 3654 4983; x_wconf 83' lang='lat' dir='ltr'><strong>quia</strong></span> <span class='ocrx_word' id='word_1_1132' title='bbox 3703 4912 3841 4983; x_wconf 88' lang='lat' dir='ltr'><strong>quod</strong></span> 
     </span>
    </p>
   </div>
   <div class='ocr_carea' id='block_1_143' title="bbox 2262 4978 3843 5049">
    <p class='ocr_par' dir='ltr' id='par_1_143' title="bbox 2262 4978 3843 5049">
     <span class='ocr_line' id='line_1_143' title="bbox 2262 4978 3843 5049; baseline 0.005 -18"><span class='ocrx_word' id='word_1_1133' title='bbox 2262 4978 2496 5049; x_wconf 85' lang='lat' dir='ltr'><strong>medium</strong></span> <span class='ocrx_word' id='word_1_1134' title='bbox 2528 4987 2631 5041; x_wconf 92' lang='lat' dir='ltr'><strong>est,</strong></span> <span class='ocrx_word' id='word_1_1135' title='bbox 2664 4982 2943 5048; x_wconf 63' lang='lat' dir='ltr'><strong>aequaliter</strong></span> <span class='ocrx_word' id='word_1_1136' title='bbox 2968 4984 3234 5038; x_wconf 88' lang='lat' dir='ltr'><strong>accedunt</strong></span> <span class='ocrx_word' id='word_1_1137' title='bbox 3260 4984 3329 5037; x_wconf 88' lang='lat' dir='ltr'><strong>ad</strong></span> <span class='ocrx_word' id='word_1_1138' title='bbox 3358 4978 3571 5049; x_wconf 81' lang='lat' dir='ltr'><strong>omnes,</strong></span> <span class='ocrx_word' id='word_1_1139' title='bbox 3606 4994 3667 5039; x_wconf 87' lang='lat' dir='ltr'><strong>et</strong></span> <span class='ocrx_word' id='word_1_1140' title='bbox 3693 4978 3843 5039; x_wconf 62' lang='grc' dir='ltr'><strong>νεω-</strong></span> 
     </span>
    </p>
   </div>
   <div class='ocr_carea' id='block_1_144' title="bbox 2262 5048 3847 5111">
    <p class='ocr_par' dir='ltr' id='par_1_144' title="bbox 2262 5048 3847 5111">
     <span class='ocr_line' id='line_1_144' title="bbox 2262 5048 3847 5111; baseline 0.004 -11"><span class='ocrx_word' id='word_1_1141' title='bbox 2262 5049 2398 5100; x_wconf 88' lang='lat' dir='ltr'><strong>duut</strong></span> <span class='ocrx_word' id='word_1_1142' title='bbox 2424 5048 2491 5102; x_wconf 91' lang='lat' dir='ltr'><strong>ab</strong></span> <span class='ocrx_word' id='word_1_1143' title='bbox 2516 5048 2789 5103; x_wconf 87' lang='lat' dir='ltr'><strong>omnibus.</strong></span> <span class='ocrx_word' id='word_1_1144' title='bbox 2821 5050 3147 5107; x_wconf 79' lang='lat' dir='ltr'><strong>Solemnitus</strong></span> <span class='ocrx_word' id='word_1_1145' title='bbox 3196 5066 3372 5109; x_wconf 90' lang='lat' dir='ltr'><strong>autem</strong></span> <span class='ocrx_word' id='word_1_1146' title='bbox 3404 5055 3500 5110; x_wconf 87' lang='lat' dir='ltr'><strong>Dei</strong></span> <span class='ocrx_word' id='word_1_1147' title='bbox 3543 5048 3679 5111; x_wconf 85' lang='lat' dir='ltr'><strong>vere</strong></span> <span class='ocrx_word' id='word_1_1148' title='bbox 3730 5063 3847 5110; x_wconf 87' lang='lat' dir='ltr'><strong>sunt</strong></span> 
     </span>
    </p>
   </div>
   <div class='ocr_carea' id='block_1_145' title="bbox 2262 5117 3840 5189">
    <p class='ocr_par' dir='ltr' id='par_1_145' title="bbox 2262 5117 3840 5189">
     <span class='ocr_line' id='line_1_145' title="bbox 2262 5117 3840 5189; baseline 0.004 -18"><span class='ocrx_word' id='word_1_1149' title='bbox 2262 5118 2351 5189; x_wconf 89' lang='lat' dir='ltr'><strong>illi</strong></span> <span class='ocrx_word' id='word_1_1150' title='bbox 2372 5117 2459 5185; x_wconf 91' lang='lat' dir='ltr'><strong>qui</strong></span> <span class='ocrx_word' id='word_1_1151' title='bbox 2486 5134 2591 5172; x_wconf 89' lang='lat' dir='ltr'><strong>non</strong></span> <span class='ocrx_word' id='word_1_1152' title='bbox 2620 5120 2791 5173; x_wconf 88' lang='lat' dir='ltr'><strong>solum</strong></span> <span class='ocrx_word' id='word_1_1153' title='bbox 2825 5124 3153 5187; x_wconf 74' lang='lat' dir='ltr'><strong>pra-teritum</strong></span> <span class='ocrx_word' id='word_1_1154' title='bbox 3186 5132 3346 5179; x_wconf 87' lang='lat' dir='ltr'><strong>vitam</strong></span> <span class='ocrx_word' id='word_1_1155' title='bbox 3374 5142 3527 5180; x_wconf 88' lang='lat' dir='ltr'><strong>suam</strong></span> <span class='ocrx_word' id='word_1_1156' title='bbox 3553 5126 3840 5189; x_wconf 81' lang='lat' dir='ltr'><strong>damnant,</strong></span> 
     </span>
    </p>
   </div>
   <div class='ocr_carea' id='block_1_146' title="bbox 2261 5188 3847 5267">
    <p class='ocr_par' dir='ltr' id='par_1_146' title="bbox 2261 5188 3847 5267">
     <span class='ocr_line' id='line_1_146' title="bbox 2261 5188 3847 5267; baseline 0.003 -24"><span class='ocrx_word' id='word_1_1157' title='bbox 2261 5188 2357 5243; x_wconf 85' lang='lat' dir='ltr'><strong>sed</strong></span> <span class='ocrx_word' id='word_1_1158' title='bbox 2385 5203 2599 5267; x_wconf 78' lang='lat' dir='ltr'><strong>semper</strong></span> <span class='ocrx_word' id='word_1_1159' title='bbox 2639 5204 2699 5245; x_wconf 88' lang='lat' dir='ltr'><strong>se</strong></span> <span class='ocrx_word' id='word_1_1160' title='bbox 2731 5202 3041 5267; x_wconf 83' lang='lat' dir='ltr'><strong>peccatores</strong></span> <span class='ocrx_word' id='word_1_1161' title='bbox 3090 5196 3255 5251; x_wconf 79' lang='lat' dir='ltr'><strong>fuisse</strong></span> <span class='ocrx_word' id='word_1_1162' title='bbox 3307 5198 3631 5267; x_wconf 84' lang='lat' dir='ltr'><strong>recogitant,</strong></span> <span class='ocrx_word' id='word_1_1163' title='bbox 3667 5208 3727 5252; x_wconf 85' lang='lat' dir='ltr'><strong>et</strong></span> <span class='ocrx_word' id='word_1_1164' title='bbox 3776 5198 3847 5250; x_wconf 84' lang='lat' dir='ltr'><strong>sic</strong></span> 
     </span>
    </p>
   </div>
   <div class='ocr_carea' id='block_1_147' title="bbox 2261 5258 3845 5334">
    <p class='ocr_par' dir='ltr' id='par_1_147' title="bbox 2261 5258 3845 5334">
     <span class='ocr_line' id='line_1_147' title="bbox 2261 5258 3845 5334; baseline 0.005 -23"><span class='ocrx_word' id='word_1_1165' title='bbox 2261 5258 2402 5312; x_wconf 89' lang='lat' dir='ltr'><strong>cauti</strong></span> <span class='ocrx_word' id='word_1_1166' title='bbox 2429 5260 2494 5334; x_wconf 86' lang='lat' dir='ltr'><strong>ad</strong></span> <span class='ocrx_word' id='word_1_1167' title='bbox 2520 5262 2693 5314; x_wconf 78' lang='lat' dir='ltr'><strong>futura</strong></span> <span class='ocrx_word' id='word_1_1168' title='bbox 2723 5272 2867 5327; x_wconf 89' lang='lat' dir='ltr'><strong>sunt,</strong></span> <span class='ocrx_word' id='word_1_1169' title='bbox 2900 5272 2956 5317; x_wconf 91' lang='lat' dir='ltr'><strong>et</strong></span> <span class='ocrx_word' id='word_1_1170' title='bbox 2979 5265 3139 5334; x_wconf 86' lang='lat' dir='ltr'><strong>digne</strong></span> <span class='ocrx_word' id='word_1_1171' title='bbox 3177 5268 3288 5322; x_wconf 89' lang='lat' dir='ltr'><strong>Deo</strong></span> <span class='ocrx_word' id='word_1_1172' title='bbox 3318 5258 3845 5323; x_wconf 32' lang='lat' dir='ltr'><strong>feria&#39;ntural’osu-</strong></span> 
     </span>
    </p>
   </div>
   <div class='ocr_carea' id='block_1_148' title="bbox 2260 5332 3851 5410">
    <p class='ocr_par' dir='ltr' id='par_1_148' title="bbox 2260 5332 3851 5410">
     <span class='ocr_line' id='line_1_148' title="bbox 2260 5332 3851 5410; baseline 0.007 -27"><span class='ocrx_word' id='word_1_1173' title='bbox 2260 5332 2586 5410; x_wconf 42' lang='lat' dir='ltr'><strong>rungetiam</strong></span> <span class='ocrx_word' id='word_1_1174' title='bbox 2617 5334 2765 5410; x_wconf 86' lang='lat' dir='ltr'><strong>signa</strong></span> <span class='ocrx_word' id='word_1_1175' title='bbox 2790 5350 2906 5410; x_wconf 83' lang='lat' dir='ltr'><strong>sua,</strong></span> <span class='ocrx_word' id='word_1_1176' title='bbox 2940 5332 3085 5401; x_wconf 85' lang='lat' dir='ltr'><strong>dico,</strong></span> <span class='ocrx_word' id='word_1_1177' title='bbox 3137 5340 3304 5409; x_wconf 87' lang='lat' dir='ltr'><strong>signa,</strong></span> <span class='ocrx_word' id='word_1_1178' title='bbox 3338 5339 3568 5403; x_wconf 87' lang='lat' dir='ltr'><strong>scilicet,</strong></span> <span class='ocrx_word' id='word_1_1179' title='bbox 3604 5338 3851 5394; x_wconf 77' lang='lat' dir='ltr'><strong>diversos</strong></span> 
     </span>
    </p>
   </div>
   <div class='ocr_carea' id='block_1_149' title="bbox 2260 5408 3848 5475">
    <p class='ocr_par' dir='ltr' id='par_1_149' title="bbox 2260 5408 3848 5475">
     <span class='ocr_line' id='line_1_149' title="bbox 2260 5408 3848 5475; baseline 0.005 -19"><span class='ocrx_word' id='word_1_1180' title='bbox 2260 5408 2551 5469; x_wconf 86' lang='lat' dir='ltr'><strong>cruciatus,</strong></span> <span class='ocrx_word' id='word_1_1181' title='bbox 2586 5411 2641 5457; x_wconf 91' lang='lat' dir='ltr'><strong>et</strong></span> <span class='ocrx_word' id='word_1_1182' title='bbox 2672 5408 2907 5458; x_wconf 88' lang='lat' dir='ltr'><strong>inaudita</strong></span> <span class='ocrx_word' id='word_1_1183' title='bbox 2929 5421 3125 5475; x_wconf 86' lang='lat' dir='ltr'><strong>genera</strong></span> <span class='ocrx_word' id='word_1_1184' title='bbox 3173 5408 3566 5464; x_wconf 85' lang='lat' dir='ltr'><strong>tormentorum</strong></span> <span class='ocrx_word' id='word_1_1185' title='bbox 3623 5412 3848 5466; x_wconf 80' lang='lat' dir='ltr'><strong>adiuve-</strong></span> 
     </span>
    </p>
   </div>
   <div class='ocr_carea' id='block_1_150' title="bbox 2260 5481 3849 5551">
    <p class='ocr_par' dir='ltr' id='par_1_150' title="bbox 2260 5481 3849 5551">
     <span class='ocr_line' id='line_1_150' title="bbox 2260 5481 3849 5551; baseline 0.002 -23"><span class='ocrx_word' id='word_1_1186' title='bbox 2260 5484 2456 5551; x_wconf 75' lang='lat' dir='ltr'><strong>neruut</strong></span> <span class='ocrx_word' id='word_1_1187' title='bbox 2480 5483 2675 5551; x_wconf 78' lang='lat' dir='ltr'><strong>contra</strong></span> <span class='ocrx_word' id='word_1_1188' title='bbox 2696 5486 2926 5551; x_wconf 77' lang='lat' dir='ltr'><strong>sanctos</strong></span> <span class='ocrx_word' id='word_1_1189' title='bbox 2949 5492 3236 5550; x_wconf 89' lang='lat' dir='ltr'><strong>martyres,</strong></span> <span class='ocrx_word' id='word_1_1190' title='bbox 3272 5482 3322 5534; x_wconf 91' lang='lat' dir='ltr'><strong>in</strong></span> <span class='ocrx_word' id='word_1_1191' title='bbox 3353 5481 3547 5550; x_wconf 85' lang='lat' dir='ltr'><strong>quibus</strong></span> <span class='ocrx_word' id='word_1_1192' title='bbox 3568 5482 3647 5534; x_wconf 84' lang='lat' dir='ltr'><strong>ita</strong></span> <span class='ocrx_word' id='word_1_1193' title='bbox 3702 5481 3849 5551; x_wconf 76' lang='lat' dir='ltr'><strong>quasi</strong></span> 
     </span>
    </p>
   </div>
   <div class='ocr_carea' id='block_1_151' title="bbox 2259 5544 3851 5623">
    <p class='ocr_par' dir='ltr' id='par_1_151' title="bbox 2259 5544 3851 5623">
     <span class='ocr_line' id='line_1_151' title="bbox 2259 5544 3851 5623; baseline 0.003 -25"><span class='ocrx_word' id='word_1_1194' title='bbox 2259 5544 2312 5598; x_wconf 88' lang='lat' dir='ltr'><strong>in</strong></span> <span class='ocrx_word' id='word_1_1195' title='bbox 2344 5545 2618 5615; x_wconf 82' lang='lat' dir='ltr'><strong>prophetis</strong></span> <span class='ocrx_word' id='word_1_1196' title='bbox 2658 5547 3045 5623; x_wconf 81' lang='lat' dir='ltr'><strong>gloriabantur,</strong></span> <span class='ocrx_word' id='word_1_1197' title='bbox 3090 5544 3143 5605; x_wconf 75' lang='lat' dir='ltr'><strong>et</strong></span> <span class='ocrx_word' id='word_1_1198' title='bbox 3190 5567 3289 5605; x_wconf 86' lang='lat' dir='ltr'><strong>non</strong></span> <span class='ocrx_word' id='word_1_1199' title='bbox 3339 5544 3851 5623; x_wconf 56' lang='lat' dir='ltr'><strong>cognoverunt&#39;boc</strong></span> 
     </span>
    </p>
   </div>
   <div class='ocr_carea' id='block_1_152' title="bbox 2256 5619 3854 5692">
    <p class='ocr_par' dir='ltr' id='par_1_152' title="bbox 2256 5619 3854 5692">
     <span class='ocr_line' id='line_1_152' title="bbox 2256 5619 3854 5692; baseline 0.003 -21"><span class='ocrx_word' id='word_1_1200' title='bbox 2256 5630 2559 5692; x_wconf 28' lang='lat' dir='ltr'><strong>esse‘super</strong></span> <span class='ocrx_word' id='word_1_1201' title='bbox 2578 5634 2795 5692; x_wconf 86' lang='lat' dir='ltr'><strong>summa,</strong></span> <span class='ocrx_word' id='word_1_1202' title='bbox 2827 5619 2879 5673; x_wconf 90' lang='lat' dir='ltr'><strong>id</strong></span> <span class='ocrx_word' id='word_1_1203' title='bbox 2906 5631 3010 5685; x_wconf 88' lang='lat' dir='ltr'><strong>est,</strong></span> <span class='ocrx_word' id='word_1_1204' title='bbox 3034 5624 3101 5676; x_wconf 87' lang='lat' dir='ltr'><strong>de</strong></span> <span class='ocrx_word' id='word_1_1205' title='bbox 3122 5624 3297 5677; x_wconf 83' lang='lat' dir='ltr'><strong>divina</strong></span> <span class='ocrx_word' id='word_1_1206' title='bbox 3328 5619 3709 5692; x_wconf 73' lang='lat' dir='ltr'><strong>dispositione,</strong></span> <span class='ocrx_word' id='word_1_1207' title='bbox 3737 5636 3854 5692; x_wconf 82' lang='lat' dir='ltr'><strong>qua:</strong></span> 
     </span>
    </p>
   </div>
   <div class='ocr_carea' id='block_1_153' title="bbox 2256 5687 3847 5763">
    <p class='ocr_par' dir='ltr' id='par_1_153' title="bbox 2256 5687 3847 5763">
     <span class='ocr_line' id='line_1_153' title="bbox 2256 5687 3847 5763; baseline 0.004 -24"><span class='ocrx_word' id='word_1_1208' title='bbox 2256 5687 2425 5741; x_wconf 87' lang='lat' dir='ltr'><strong>voluit</strong></span> <span class='ocrx_word' id='word_1_1209' title='bbox 2456 5699 2511 5741; x_wconf 92' lang='lat' dir='ltr'><strong>ut</strong></span> <span class='ocrx_word' id='word_1_1210' title='bbox 2541 5690 3096 5763; x_wconf 84' lang='lat' dir='ltr'><strong>sanguissauctorum</strong></span> <span class='ocrx_word' id='word_1_1211' title='bbox 3126 5687 3429 5763; x_wconf 75' lang='lat' dir='ltr'><strong>martyrum</strong></span> <span class='ocrx_word' id='word_1_1212' title='bbox 3449 5687 3847 5762; x_wconf 59' lang='lat' dir='ltr'><strong>ell’uuderet&#39;ur,</strong></span> 
     </span>
    </p>
   </div>
   <div class='ocr_carea' id='block_1_154' title="bbox 2256 5761 3853 5836">
    <p class='ocr_par' dir='ltr' id='par_1_154' title="bbox 2256 5761 3853 5836">
     <span class='ocr_line' id='line_1_154' title="bbox 2256 5761 3853 5836; baseline 0.001 -24"><span class='ocrx_word' id='word_1_1213' title='bbox 2256 5770 2365 5836; x_wconf 78' lang='lat' dir='ltr'><strong>quo</strong></span> <span class='ocrx_word' id='word_1_1214' title='bbox 2391 5761 2831 5836; x_wconf 62' lang='lat' dir='ltr'><strong>seges_Ecc’lesiaa</strong></span> <span class='ocrx_word' id='word_1_1215' title='bbox 2850 5764 3201 5836; x_wconf 25' lang='lat' dir='ltr'><strong>Hitnpinguata</strong></span> <span class='ocrx_word' id='word_1_1216' title='bbox 3238 5761 3545 5834; x_wconf 81' lang='lat' dir='ltr'><strong>pullularet,</strong></span> <span class='ocrx_word' id='word_1_1217' title='bbox 3566 5775 3620 5818; x_wconf 88' lang='lat' dir='ltr'><strong>et</strong></span> <span class='ocrx_word' id='word_1_1218' title='bbox 3653 5776 3853 5819; x_wconf 85' lang='lat' dir='ltr'><strong>centu-</strong></span> 
     </span>
    </p>
   </div>
   <div class='ocr_carea' id='block_1_155' title="bbox 2259 5830 3847 5907">
    <p class='ocr_par' dir='ltr' id='par_1_155' title="bbox 2259 5830 3847 5907">
     <span class='ocr_line' id='line_1_155' title="bbox 2259 5830 3847 5907; baseline 0.008 -25"><span class='ocrx_word' id='word_1_1219' title='bbox 2259 5830 2511 5900; x_wconf 89' lang='lat' dir='ltr'><strong>plicatum</strong></span> <span class='ocrx_word' id='word_1_1220' title='bbox 2542 5831 2770 5888; x_wconf 80' lang='lat' dir='ltr'><strong>fructum</strong></span> <span class='ocrx_word' id='word_1_1221' title='bbox 2802 5830 3212 5903; x_wconf 46' lang='lat' dir='ltr'><strong>all‘errﬂfsicut</strong></span> <span class='ocrx_word' id='word_1_1222' title='bbox 3238 5830 3307 5891; x_wconf 69' lang='grc' dir='ltr'><em>ἰη</em></span> <span class='ocrx_word' id='word_1_1223' title='bbox 3354 5830 3538 5907; x_wconf 59' lang='lat' dir='ltr'><strong>exitu,</strong></span> <span class='ocrx_word' id='word_1_1224' title='bbox 3569 5838 3620 5891; x_wconf 86' lang='lat' dir='ltr'><strong>id</strong></span> <span class='ocrx_word' id='word_1_1225' title='bbox 3653 5850 3767 5902; x_wconf 80' lang='grc' dir='ltr'><em>εει,</em></span> <span class='ocrx_word' id='word_1_1226' title='bbox 3802 5838 3847 5889; x_wconf 77' lang='lat' dir='ltr'><strong>in</strong></span> 
     </span>
    </p>
   </div>
  </div>
