3984 6362
218 236 324 297 881

910 236 975 293 IN
1015 232 1429 295 PSALMOBUM
1468 236 1726 294 LIBRUM
1765 233 2125 294 EXEGESIS.
2167 265 2236 278 ——
2276 235 2521 295 PSALM.
2565 236 2805 295 LXXIV.

3384 236 3491 295 883

211 353 578 431 conversione
627 359 683 408 et
745 352 1179 423 incorporatione
1232 364 1649 431 persecutorum'
1708 371 1803 427 ap-
1833 355 1883 411 A
1914 349 2084 431 dium,
2113 351 2213 406 nisi
2244 352 2294 407 in
2320 351 2595 421 promissis
2635 353 2772 431 ejus.
2805 350 2968 431 Cujus
3016 350 3307 431 titulus_est
3339 373 3350 409 ;
3392 356 3481 431 Δ1η

212 435 459 562 inguini
485 496 540 570 in
582 495 709 570 silua
738 496 1017 570 lignorum.
1069 497 1392 570 Exsequitur
1420 508 1611 570 quanta
1642 500 1797 553 mali-

211 578 406 637 gnatus
427 577 500 621 est
524 566 780 633 inimicus,
813 568 954 622 sicut
974 576 1029 623 et
1050 566 1451 637 prius,isci|iee't
1471 610 1486 635 ,
1514 571 1633 637 quia
1664 573 1803 625 exci-

214 640 619 709 deruntjanuas
667 640 775 709 ejus
825 640 994 710 sancti
1049 638 1252 708 templi,
1286 639 1337 693 id
1395 650 1496 702 est,
1540 641 1660 696 illos
1710 658 1802 710 per

216 725 358 782 quos
391 711 827 782 ingressusrerat
868 709 918 763 in
966 710 1098 782 illud
1141 711 1502 782 consortium,
1550 709 1797 782 quasiin

212 781 349 851 silva
374 782 651 851 lignorum,
684 781 734 834 id
766 788 869 842 est,
918 781 1068 849 quasi
1102 781 1309 850 aliquos
1344 781 1569 838 inutiles
1603 794 1657 838 et
1714 783 1800 839 iu-

213 850 541 907 fructuosos.
576 852 639 906 Et
669 853 956 922 dejecerunt
984 867 1065 919 ea,
1098 851 1149 906 id
1174 861 1274 917 est,
1307 855 1684 922 appendentia,
1715 856 1797 911 vel

212 938 331 976 eam
360 924 629 978 civitatem
659 923 711 977 in
743 924 908 977 securi
936 933 980 976 et
1007 924 1164 978 ascia.
1190 923 1320 990 Quia
1343 928 1711 992 sanctuarium,
1746 927 1799 982 id

211 1003 320 1055 est,
352 994 701 1062 perfectiores
731 995 1061 1048 incenderunt
1108 995 1235 1064 igni.
1268 994 1336 1049 Et
1368 1005 1533 1050 totum
1564 998 1801 1051 taberna-

212 1066 394 1137 culum
424 1066 643 1119 nominis
690 1067 765 1118 tui
806 1066 1097 1133 polluerunt
1146 1067 1199 1119 in
1249 1075 1407 1133 terra,
1449 1067 1587 1123 sicut
1633 1068 1799 1137 prius.

215 1135 468 1204 Sequens
499 1151 711 1204 quoque
738 1151 926 1190 versus
957 1151 1063 1189 non
1098 1145 1353 1191 mutatur.

287 1208 454 1277 Signa
488 1215 791 1280 nostr-anon
829 1208 1074 1280 _vidimus.
1106 1209 1267 1280 Quasi
1297 1208 1473 1263 dicat:
1524 1209 1591 1263 Ut
1640 1212 1797 1280 quid,

214 1276 389 1342 Deus,
444 1278 677 1346 repulisti
706 1278 847 1332 nos?
882 1280 1027 1345 Ideo,
1074 1279 1299 1345 scilicet,
1331 1287 1387 1333 ut
1419 1281 1577 1348 capiti
1612 1276 1798 1336 nostro

214 1349 662 1421 assimilaremur.
695 1349 827 1416 Quia
850 1363 1027 1403 nonne
1055 1349 1288 1403 vidimus
1315 1351 1468 1421 signa
1506 1362 1712 1417 nostra,
1743 1363 1797 1408 et

210 1420 367 1487 signa
403 1420 763 1475 tribulationis
810 1428 865 1473 et
896 1421 1285 1488 persecutionis
1311 1420 1507 1477 nostra:
1541 1423 1593 1477 in
1622 1426 1797 1490 capite

213 1500 409 1545 nostro
430 1492 451 1545 ?
472 1490 601 1560 Ejus
620 1491 763 1545 enim
790 1490 1064 1545 tribulatio
1093 1492 1303 1560 signum
1351 1493 1450 1548 fuit
1475 1503 1670 1548 nostrae
1699 1496 1798 1548 tri-

217 1561 532 1632 bulationis.
582 1561 711 1615 Nam
744 1576 1078 1631 quaecunque
1120 1570 1329 1617 restant
1383 1565 1691 1632 passionum
1742 1564 1796 1621 in

212 1647 448 1701 corpore
472 1631 669 1687 Christi
692 1641 907 1701 oportet
928 1632 1131 1702 perﬁci.
1182 1633 1251 1688 Et
1287 1631 1394 1687 non
1422 1635 1594 1690 solum
1624 1636 1798 1690 tribu-

212 1703 471 1759 lationem
503 1712 743 1757 nostram
776 1704 830 1758 in
875 1704 991 1772 ipso
1034 1704 1215 1773 capite
1270 1704 1537 1769 videmus,
1592 1708 1685 1761 sed
1740 1720 1796 1762 et

212 1776 543 1847 mercedem,
572 1775 691 1844 quia
725 1773 985 1846 Propheta
1000 1774 1283 1843 singularis
1313 1784 1366 1829 et
1392 1777 1710 1847 praecipuus,
1744 1778 1796 1833 id

207 1854 319 1913 est,
347 1846 743 1915 Cbristus,jam
783 1861 884 1899 non
908 1854 981 1899 est
1010 1854 1067 1899 ut
1098 1848 1265 1915 prius,
1314 1846 1433 1916 quia
1466 1846 1796 1903 estimmor-

211 1918 335 1970 talis
366 1928 419 1971 et
468 1915 813 1983 impassihiiis
842 1916 1036 1971 factus.
1084 1916 1237 1971 Unde
1282 1915 1572 1985 Apostolus
1606 1937 1617 1973 :
1652 1918 1720 1973 Et
1750 1921 1796 1975 si

207 1985 474 2042 Christum
500 1990 825 2057 cognovimus
839 1991 954 2059 jam
982 1988 1259 2059 secundum
1305 2006 1529 2058 carnem,
1579 2008 1680 2045 non
1709 2008 1796 2045 co-

207 2062 505 2132 gnovimus.
528 2059 593 2132 Et
621 2057 852 2132 quiaet‘
873 2057 1157 2132 quidspati,
1191 2059 1399 2132 etquid
1447 2057 1666 2132 sperare
1696 2064 1794 2119 de-

211 2129 457 2197 beamus,
492 2130 543 2184 in
577 2130 692 2193 ipso
715 2130 968 2195 vidimus,
996 2128 1105 2199 jam
1128 2131 1357 2195 amplius
1381 2128 1794 2200 non'cognoscet

208 2215 311 2255 nos
339 2202 391 2256 in
424 2201 765 2271 discipliuatu
790 2202 981 2271 Moysi,
1022 2216 1127 2255 non
1158 2202 1304 2256 enim
1336 2214 1543 2259 terrena
1574 2206 1791 2261 insista-

208 2288 353 2338 mus,
383 2281 438 2327 et
468 2272 520 2326 iu
547 2271 754 2327 deliciis
795 2271 1100 2327 carnalibus
1144 2273 1333 2327 simus.

284 2342 556 2417 Usqueun
598 2342 758 2417 Deus.
812 2343 952 2417 Ecce
980 2344 1249 2409 quomodo
1272 2345 1574 2417 intelligens
1610 2349 1793 2417 Asaph

215 2416 394 2487 magis
424 2414 676 2469 condolet
730 2414 955 2471 etecitati
1011 2414 1469 2487 persequentium,
1504 2435 1662 2487 quam
1698 2414 1791 2474 tri-

213 2485 474 2540 bulationi
514 2496 821 2541 sanctorum
868 2494 1183 2555 martyrum.
1238 2485 1399 2552 Quasi
1430 2485 1611 2544 diciit:
1664 2491 1790 2547 Dico

207 2556 333 2624 quia
352 2572 458 2611 non
482 2571 774 2633 cognosces
806 2572 902 2613 nos
926 2556 1155 2633 amplius
1182 2555 1487 2633 indeliciis.
1518 2560 1790 2633 Usqut’qua

208 2635 414 2703 autem,
447 2644 480 2682 ο
531 2626 704 2703 Deus,
751 2628 1134 2703 improperab_it_
1161 2627 1265 2703 tibi
1306 2631 1561 2697 inimicus,
1592 2626 1643 2687 id
1686 2626 1789 2703 est,

208 2700 450 2774 quandiu
484 2699 703 2774 patieris
732 2702 1031 2774 etccitatem
1063 2699 1300 2757 inimicis
1331 2719 1428 2756 nos
1466 2699 1793 2774 persequenti-

209 2768 377 2845 tibus,
408 2780 463 2845 e_t
493 2778 549 2845 ut
577 2770 702 2845 quid
733 2772 1176 2845 avertismanum
1203 2779 1366 2845 tuam,
1401 2774 1453 2827 id
1469 2768 1591 2841 'est,
1623 2768 1792 2845 quan-

206 2840 301 2917 diu
334 2841 552 2917 patieris
582 2842 748 2917 etiam
774 2858 878 2917 nos
906 2841 1072 2896 videri
1096 2843 1416 2917 immundos
1442 2854 1496 2899 et
1524 2840 1788 2917 alije'ctos,

206 2911 337 2964 dum
370 2911 438 2989 ab
452 2912 569 2989 illis
591 2982 603 2989 _
628 2913 980 2989 tribulsmur,
1009 2922 1065 2968 et
1094 2913 1169 2968 illi
1200 2914 1353 2970 nobis
1399 2933 1507 2971 non
1536 2911 1790 2989 incorpo-l

204 2981 427 3035 rantur?
450 2978 563 3037 Erit
591 2982 689 3038 hoc
706 2984 757 3038 in
784 2984 984 3040 ﬁnem?

280 3052 419 3147 Deus
464 3062 676 3137 autem.’
712 3055 840 3147 l‘iosL
874 3057 1089 3147 quidem
1147 3056 1397 3147 dicimus,
1417 3145 1424 3147 Α
1452 3061 1595 3129 quod
1649 3062 1789 3147 Deus
1819 3084 1864 3147 ρ

203 3126 709 3201 avertitnos,_quia
742 3125 1092 3201 tribulamur;
1148 3128 1265 3197 ipse
1310 3125 1488 3186 autem
1543 3148 1636 3201 per
1687 3134 1788 3189 hoc

204 3195 385 3264 potius
415 3195 614 3265 recipit
628 3212 746 3263 nos,
776 3198 895 3268 quia
914 3200 1025 3274 jam
1054 3195 1307 3274 operatus
1332 3210 1416 3255 est
1436 3195 1661 3259 salutem
1691 3220 1788 3274 per

204 3276 425 3342 sanctos
472 3278 921 3342 ma_rtyres_s_uos
974 3269 1026 3324 in
1060 3272 1236 3325 medio
1286 3282 1463 3340 terrae,
1497 3275 1547 3328 id
1599 3269 1707 3342 est,
1735 3277 1785 3331 in

204 3338 374 3391 corde
421 3338 684 3408 gentium.
742 3338 929 3412 Eﬂ'uso
975 3342 1118 3396 enim
1147 3338 1788 3412 rsanguine’sanctor’um

206 3418 528 3484 martyrum,
564 3426 717 3481 seges
745 3411 999 3466 Ecclesia:
1030 3411 1355 3484 impinguata
1386 3417 1687 3484 pullulavit,
1734 3428 1792 3474 et

204 3481 624 3549 centuplicatum
650 3486 898 3556 structum
944 3481 1222 3556 fecitIEt
1252 3481 1489 3541 ostendit
1519 3491 1790 3556 quomodo

205 3561 454 3628 aperatus
487 3560 559 3606 est
579 3554 794 3628 salutem
826 3570 918 3622 per
941 3555 1079 3621 illos,
1112 3555 1294 3628 dicens
1327 3573 1341 3610 :
1368 3556 1445 3609 Tu
1472 3554 1792 3628 conﬁrmasti

205 3636 302 3689 per
327 3623 448 3676 illos
477 3639 637 3690 mare,
694 3625 764 3679 ita
797 3634 974 3680 tamen
1008 3634 1069 3679 ut
1098 3624 1432 3683 conﬁrmatio
1460 3629 1549 3683 illa
1571 3623 1695 3686 'non
1724 3648 1791 3686 ex

201 3694 283 3767 eis
305 3704 477 3767 esset,
523 3695 619 3767 sed
642 3696 698 3767 in
730 3705 818 3750 tua
847 3697 1052 3763 virtute,
1072 3698 1159 3766 qui
1187 3698 1363 3752 dixisti
1392 3717 1404 3752 :
1430 3700 1560 3767 Quia
1577 3702 1685 3757 sine
1712 3719 1791 3758 me

202 3764 337 3818 nihil
365 3765 573 3834 potestis
620 3766 805 3836 facere.
835 3768 1043 3823 Caetera
1075 3764 1180 3823 non
1213 3764 1504 3827 mutantur.

640 3904 707 3961 IN
756 3904 1079 3962 PSALMUM
1130 3905 1367 3961 LXXIV.

240 3997 299 4053 ιιι
331 3999 518 4067 ﬁnem,
551 4015 618 4056 ne
655 4013 992 4069 corrumpas,
1034 4001 1269 4069 psalmus
1306 4002 1504 4058 cantici
1547 4003 1747 4075 Asapb.
1778 4008 1785 4063 ἴ

806 4108 1187 4149 ARGUMENTUM.

287 4184 417 4239 Post
442 4183 723 4261 victoriam
748 4184 813 4240 de
842 4185 1232 4261 Setpnaclierib,
1280 4202 1348 4241 ex
1378 4187 1561 4261 Atotius
1612 4189 1791 4261 populi

211 4270 448 4325 persona
472 4256 769 4312 redduntur
803 4257 976 4312 ofﬁcia
1000 4268 1230 4327 votaque
1257 4258 1548 4329 gratiarum

832 4366 1186 4406 EXPLANATIO.

276 4421 481 4509 Asapb,
512 4430 569 4477 ut
599 4436 743 4491 saepe
771 4422 1029 4509 disimus,
1058 4424 1781 4509 interpretatpr__Synagoga,
1812 4449 1866 4509 D

201 4491 299 4547 illa
330 4495 534 4564 utique,
565 4508 685 4563 quas
738 4492 989 4558 credidit,
1023 4508 1129 4547 non
1174 4509 1295 4563 qua:
1349 4491 1785 4564 obstinata'per-

201 4563 424 4618 mansit.
452 4564 584 4621 Nam
618 4573 740 4633 post
772 4566 1223 4619 resurrectionem
1271 4564 1480 4619 Domini
1538 4563 1786 4621 confessa

202 4633 441 4706 legimus
462 4636 628 4690 multa
671 4636 838 4690 millia
887 4633 1217 4699 Judazorum,
1268 4651 1403 4704 quos
1452 4638 1633 4706 Asapli
1686 4638 1788 4693 iste

204 4721 349 4759 nunc
379 4704 651 4773 admonet,
680 4722 748 4762 ne
778 4707 936 4762 ﬁdem
960 4720 1110 4760 suam
1138 4716 1483 4772 corrumpant
1514 4704 1577 4761 in‘
1602 4710 1783 4773 linem,

200 4776 389 4849 idest,
432 4777 513 4849 in,
561 4776 848 4832 Dominum
886 4776 1247 4849 Salvatoreni.
1310 4778 1492 4832 Primo
1543 4781 1787 4849 ingressu

204 4845 393 4902 ﬁdeles
418 4848 588 4903 Judaei
617 4849 858 4904 dicturos
887 4863 946 4904 se
976 4848 1156 4903 omnia
1188 4848 1303 4917 ejus
1323 4849 1590 4904 mirabilia
1603 4845 1786 4917 'proﬁ-

200 4926 403 4991 tentur.
440 4919 693 4991 Secundo
722 4920 838 4976 Rex
886 4921 1001 4989 ipse
1033 4918 1265 4988 loquitur
1314 4920 1578 4985 Christus,
1621 4921 1785 4991 justi-

200 4989 331 5063 tiam
360 5004 420 5045 se
444 4989 803 5063 judicaturum
840 4994 1176 5061 promittens,
1225 5008 1344 5046 cum
1380 5002 1591 5059 tempus
1621 4989 1784 5063 gene-

205 5060 338 5113 ralis
365 5062 776 5117 resurrectionis
802 5060 1102 5117 advenerit.
1146 5063 1465 5118 Commonet
1506 5060 1667 5118 etiam
1718 5081 1786 5120 ue

199 5129 325 5200 quis
349 5132 541 5187 audeat
569 5134 771 5201 aliquid
794 5143 979 5188 contra
1008 5134 1186 5189 divina
1220 5134 1466 5190 mandata
1493 5150 1787 5206 praesume-

200 5216 286 5269 re,
308 5210 499 5259 etcum
524 5206 691 5275 possit
713 5216 911 5260 acterna
940 5220 1093 5274 poena
1121 5214 1386 5276 torquere.

777 5314 1209 5356 COHIENTARIUS.

279 5390 645 5464 Conﬁtebimur
691 5394 822 5461 tibi,
882 5395 1020 5449 Deus
1050 5436 1067 5461 ,
1125 5394 1495 5463 conﬁtebimur.
1547 5395 1790 5453 Psalmus

205 5465 312 5521 iste
335 5467 489 5521 affert
531 5467 852 5521 medicinam
916 5466 1229 5521 humilitatis
1287 5475 1471 5520 contra
1527 5477 1786 5522 tumorem

205 5538 476 5599 elationis,
509 5538 606 5591 hoc
633 5554 814 5607 agens,
847 5550 901 5593 ut
926 5538 1599 5606 necquisquamsuperbus
1628 5538 1695 5594 de
1728 5556 1786 5593 se

202 5617 516 5678 pra-sinuat,
550 5627 643 5663 uec
678 5612 871 5677 aliquis
898 5610 1112 5662 humilis
1142 5608 1210 5662 de
1241 5608 1469 5663 Domino
1497 5610 1783 5678 desperet;

199 5680 372 5735 sedili
408 5696 730 5750 quocmrque
759 5691 896 5735 statu
934 5695 1111 5734 rerum
1164 5681 1323 5733 homo
1353 5679 1407 5732 in
1438 5680 1537 5735 hac
1588 5684 1690 5735 vita
1723 5697 1781 5737 se

197 5751 392 5823 egerit,
428 5767 529 5809 non
555 5756 616 5808 sit
645 5756 690 5810 ci
722 5754 982 5824 refugium
1009 5750 1111 5809 uisi
1140 5751 1301 5824 Deus,
1330 5766 1427 5809 nec
1472 5752 1543 5809 sit
1569 5754 1617 5811 ei
1639 5767 1775 5825 gau-

1910 421 2072 495 finem
2094 440 2153 476 ne
2179 439 2499 489 corrumpas,
2535 425 2761 492 psalmus
2796 424 3083 489 canticum,
3133 426 3220 481 vel
3265 428 3474 495 cantici,

1910 492 2109 560 Asaph.
2141 495 2383 568 Psalmus
2412 494 2509 549 istc
2538 496 2733 568 relatus
2755 496 2808 551 in
2838 494 2999 568 ﬁnem
3028 504 3351 565 temporum,
3382 492 3477 568 qui

1908 571 1992 617 est
2014 564 2299 638 canticum,
2321 568 2445 635 quia
2486 566 2646 638 talem
2676 567 2872 621 insistit
2916 564 3300 636 operationem,
3336 564 3475 638 quas

1911 636 2140 702 pertinet
2167 636 2234 690 ad
2283 636 2559 708 spirituale
2586 638 2857 708 gaudium,
2906 639 3145 707 scilicet,
3182 636 3475 695 confessio-

1907 719 2029 759 nem
2062 722 2263 773 veram,
2291 707 2343 762 in
2375 707 2707 764 vocationem
2750 719 2805 765 et
2843 709 3221 765 narrationem.
3270 710 3466 767 Canti-

1906 778 2189 854 cum_d_i_eo
2232 780 2547 854 attributum
2574 782 2800 854 _As_aph,
2855 780 2905 835 id
2953 790 3054 854 est,
3086 797 3219 854 vere
3243 797 3470 854 congre-

1906 847 2450 922 ganti,illi,sseilicet,
2499 851 2601 922 qui
2632 847 2903 921 dispersos
2956 852 3115 908 Israel
3176 869 3269 922 per
3314 847 3478 910 ﬁdem

1905 920 2269 994 congregavit,
2296 920 2395 975 hoc
2427 920 2731 994 intenditet
2758 925 3022 986 hortatur,
3046 938 3114 979 ne
3135 920 3476 994 corrumpas.

1906 987 2043 1053 Quid
2065 987 2265 1067 est,_ne
2286 1007 2582 1067 corrumpas
2597 993 2636 1067 ?_
2652 992 2765 1067 [loc
2791 1002 2893 1067 est,
2926 1003 2983 1067 ut
3008 1003 3063 1049 tu
3080 994 3310 1067 quisque
3332 987 3479 1067 quod

1905 1060 2196 1135 promisisti
2230 1064 2428 1135 solvas.
2460 1064 2755 1119 Promisisti
2777 1064 2920 1120 enim
2945 1065 3054 1121 Deo
3076 1060 3127 1119 in
3156 1060 3477 1135 baptismate

1903 1131 2045 1206 quod
2069 1131 2285 1187 diabolo
2308 1141 2362 1188 et
2383 1136 2631 1189 omnibus
2656 1136 2865 1206 pompis
2894 1137 3012 1205 ejus
3042 1131 3438 1192 abrenuntiaris
3462 1156 3480 1206 ;

1901 1210 1954 1253 et
1984 1200 2085 1274 hoc
2112 1220 2176 1256 ne
2200 1219 2504 1272 corrumpas
2534 1200 2709 1260 eundo
2733 1200 2798 1260 ini
2836 1200 3016 1274 ﬁnem,
3050 1216 3106 1262 ut
3130 1208 3317 1263 beatus
3371 1200 3481 1265 Au:-

1901 1273 2142 1347 gustinus
2166 1274 2295 1339 vult,
2330 1274 2380 1328 id
2408 1288 2510 1340 est,
2542 1278 2865 1332 attendendo
2897 1277 3012 1347 ejus
3040 1277 3478 1347 promissionem.

1903 1342 2029 1396 llluc
2053 1345 2194 1419 enim
2225 1348 2435 1399 animus
2464 1347 2737 1416 dirigitur,
2771 1358 2826 1402 et
2855 1342 3111 1419 quidquid
3142 1350 3193 1403 in
3225 1352 3480 1419 praesenti

1900 1415 2154 1487 occurrit,
2178 1424 2356 1487 totum
2390 1415 2738 1484 transiliatur,
2761 1428 2814 1473 ut
2836 1415 2899 1473 ad
2927 1415 3084 1475 linem
3110 1415 3476 1487 perveniatur.

1900 1482 2007 1539 Nec
2039 1496 2123 1561 est
2151 1486 2447 1561 timendum
2503 1507 2569 1543 ne
2616 1482 2807 1557 aliquis
2854 1482 3129 1559 potentum
3174 1500 3485 1561 corrumpat

1902 1558 2165 1621 promissa
2197 1557 2334 1632 ejus,
2366 1559 2409 1612 si
2445 1568 2500 1613 tu
2546 1568 2632 1614 tua
2679 1576 2783 1614 non
2835 1557 3157 1631 corrumpis.
3189 1562 3306 1632 Ipse
3335 1557 3482 1620 enim

1902 1640 2008 1679 non
2033 1630 2346 1697 corrumpit,
2380 1632 2498 1699 quia
2538 1645 2731 1695 verax;
2767 1634 3036 1700 potentior
3060 1630 3186 1687 inon
3216 1630 3483 1689 'corrum-

1827 1716 1871 1778 B
1903 1707 2011 1777 pet,
2038 1700 2172 1778 quia
2204 1700 2380 1754 nullus
2422 1701 2685 1768 potentior
2730 1713 2858 1778 est;
2900 1704 3030 1778 certi
3080 1720 3207 1778 ergo
3246 1704 3314 1760 de
3342 1721 3480 1778 p50-

1902 1768 2083 1843 missis
2121 1767 2258 1843 ejus,
2319 1767 2596 1827 cantemus
2655 1773 2795 1828 unde
2835 1767 3033 1843 incipit
3069 1767 3482 1843 psalmum-Pro

1900 1837 2054 1914 nobis
2069 1841 2212 1914 enim
2226 1851 2391 1914 caput
2413 1852 2655 1897 nostrum
2680 1844 2793 1899 haec
2816 1837 3048 1914 loquitur
3071 1837 3083 1897 Ξ
3106 1847 3150 1900 0
3178 1846 3334 1912 Deus,
3354 1862 3481 1899 con-

1899 1908 2420 1998 ﬁtebimur-nubiliue
2444 1922 2551 1993 est,
2584 1908 2987 1998 humiliabimus
3014 1930 3134 1983 nos,
3166 1925 3222 1998 et
3246 1908 3481 1998 peccata

1900 1990 2083 2055 nostra
2115 1980 2211 2036 tibi
2236 1983 2456 2055 perfecti
2482 1985 2854 2053 conﬁtebimur,
2900 1987 3021 2055 quia
3071 1980 3341 2043 multoties
3372 1987 3476 2041 hoc

1899 2050 2177 2126 faciemus,
2209 2062 2282 2126 _et
2310 2054 2385 2113 sic
2416 2050 2601 2109 nomen
2642 2066 2785 2109 tuum
2821 2050 3181 2114 im'o'cabimus.
3215 2058 3375 2126 Quasi
3400 2058 3483 2113 di-

1898 2132 1985 2175 cat
2016 2139 2030 2176 :
2063 2122 2181 2197 Noli
2208 2124 2457 2197 invocare
2488 2126 2593 2197 nisi
2614 2128 2949 2197 conﬁtearis,
3000 2130 3093 2184 sed
3126 2122 3275 2197 prius
3301 2128 3477 2184 conli-

1901 2201 2033 2259 tere,
2067 2200 2121 2248 et
2144 2196 2220 2267 sic
2251 2196 2460 2267 invoca.
2487 2196 2766 2252 Confessio
2789 2200 2931 2254 enim
2958 2201 3179 2255 mundat
3199 2201 3477 2267 templum,

1899 2277 2006 2345 quo
2023 2265 2216 2345 ycniat
2260 2266 2562 2345 inyocatus,
2612 2268 2765 2335 Quod
2811 2279 2987 2345 autem
3042 2271 3238 2326 iterato
3276 2265 3426 2345 ponit
3462 2265 3489 2325 ξ

1899 2332 2287 2409 Conﬁtebimur,
2320 2337 2439 2391 ideo
2464 2337 2609 2404 facit,
2636 2332 2726 2395 'ue
2757 2350 2806 2396 te
2835 2342 3091 2409 pmniteat
3117 2357 3236 2396 esse
3265 2332 3481 2397 confes-

1898 2419 2033 2459 sum.
2081 2405 2479 2483 Saepiusenim
2532 2410 2789 2483 confiteri
2821 2405 2983 2480 j'udiei
3038 2414 3261 2480 homini,
3318 2422 3475 2483 parat

1900 2483 2155 2555 mortem,
2188 2480 2381 2546 szepius
2402 2494 2530 2534 vero
2552 2481 2795 2555 conﬁteri
2851 2484 2959 2537 Deo
2997 2483 3183 2552 judici,
3216 2480 3365 2555 parat
3392 2498 3481 2539 sa-

1903 2546 2099 2622 lutem;
2133 2563 2350 2622 securus
2372 2565 2500 2619 ergo
2527 2552 2805 2618 conﬁtere,
2862 2546 3011 2622 quia'
3037 2546 3231 2610 bonus'
3253 2564 3335 2611 est
3390 2556 3479 2611 cui

1895 2618 2197 2693 conﬁteris,
2238 2628 2294 2674 ut
2338 2618 2617 2677 Psalmista
2662 2625 2739 2679 ait
2779 2642 2791 2677 :
2849 2618 3175 2693 Canﬁtemini
3233 2626 3476 2692 Domino,

1896 2690 2137 2768 quoniam
2180 2690 2342 2746 bonus
2371 2702 2494 2768 est.‘
2518 2694 2692 2768 Bonus
2723 2704 2823 2762 est,
2854 2690 2978 2765 quia
3008 2698 3287 2753 conﬁtenti
3318 2690 3477 2768 igne;

1896 2760 2017 2814 scit.
2034 2759 2155 2839 _Fa_c
2182 2777 2333 2839 ergo_
2361 2764 2667 2839 confitendo
2714 2759 3023 2835 propitium,
3054 2784 3212 2839 quem
3248 2759 3477 2825 tacéndo

1896 2845 2001 2908 non
2032 2832 2158 2908 facis
2188 2834 2455 2908 nescium.
2489 2834 2681 2908 Venire
2709 2832 2839 2892 vero
2864 2854 2967 2894 non
2996 2832 3110 2893 vult
3152 2848 3397 2908 vocatus,
3428 2841 3478 2895 si

1896 2910 1951 2979 tu
1982 2903 2143 2979 fueris
2171 2905 2375 2979 elatus.
2399 2906 2583 2961 Elatus
2610 2907 2654 2961 si
2686 2907 2875 2977 fueris,
2899 2910 3145 2965 conﬁteri
3168 2925 3274 2965 non
3324 2903 3477 2979 pote-

1897 2972 1990 3027 ris.
2024 2973 2164 3042 Ergo
2196 2976 2476 3031 humiliare
2496 2988 2549 3031 et
2577 2980 2841 3044 conﬁteri,
2863 2972 2929 3035 'et
2950 2980 3028 3035 sic
3049 2996 3177 3037 vere
3198 2972 3479 3037 invocabis

1897 3058 2093 3122 {tanien
2123 3045 2258 3115 ejus,
2287 3048 2704 3122 quia‘faciendo
2738 3060 2789 3122 te
2818 3066 3034 3106 servum
3067 3053 3481 3122 repraesentabit

1894 3112 1949 3168 in
1983 3122 2034 3169 te
2064 3112 2165 3193 hoc
2188 3112 2384 3193 nomen
2409 3119 2697 3193 Dominus.
2727 3121 2827 3188 Qui
2881 3138 3011 3193 vero
3059 3112 3328 3193 superbit,
3373 3123 3478 3178 hoc

1894 3200 2092 3265 nomen
2122 3187 2459 3265 Dominusin
2488 3205 2548 3246 se
2578 3205 2682 3247 non
2713 3187 2966 3260 ostendit,
3000 3191 3108 3249 imo
3127 3187 3360 3265 'mqualis
3388 3194 3477 3250 vel

1893 3258 2066 3325 major
2089 3259 2198 3313 vult
2226 3259 2417 3315 videri.

1967 3328 2307 3407 lVarrabimus
2360 3331 2621 3407 mirabilia
2643 3342 2752 3388 tua.
2783 3334 3194 3407 Conﬁtebimur,
3231 3335 3473 3407 inquam,

1893 3407 1948 3452 et
1969 3399 2355 3465 invocabimus,
2384 3411 2438 3456 et
2466 3403 2658 3459 deinde
2698 3406 3024 3459 narrabimus
3073 3399 3332 3461 mirabilia
3361 3399 3473 3463 tua'.

1892 3470 2024 3534 Qua:
2056 3470 2368 3547 mirabilia?
2414 3474 2662 3547 Scilicet,
2707 3477 3118 3546 dispositionem
3163 3478 3474 3547 antiquam,

1894 3543 2284 3616 reparationem
2316 3558 2529 3612 novam,
2557 3543 2865 3603 felicitatem
2894 3558 3172 3603 aeternam.
3197 3543 3335 3616 Quid
3374 3543 3476 3604 mi:-

1895 3612 2117 3666 rabilius
2146 3628 2306 3682 quam
2357 3626 2695 3671 mortuorum
2746 3620 3023 3674 suscitatio
3052 3621 3074 3673 ?
3103 3612 3301 3675 Omnes
3329 3622 3477 3677 enim

1894 3681 2211 3756 i_n_iqui,_etsi
2236 3684 2418 3740 vivunt
2447 3702 2697 3756 corpore,
2724 3691 2865 3744 exuti
2900 3702 3079 3745 tamen
3106 3702 3232 3746 sunt
3263 3700 3465 3746 mente.

1893 3752 2143 3834 Alioquin
2174 3770 2281 3810 non
2310 3756 2509 3814 diceret
2541 3752 2619 3834 eis
2650 3752 2935 3834 Apostolus
2968 3780 2979 3814 :
3014 3762 3183 3834 Surge
3231 3764 3319 3834 qui
3348 3763 3473 3817 dor-

1894 3825 2009 3890 mis,
2040 3834 2086 3879 et
2114 3842 2327 3900 exsurge
2348 3846 2379 3881 a
2406 3832 2638 3892 mortuis,
2668 3825 2713 3883 ei
2740 3834 3049 3887 illuminabit
3081 3825 3170 3887 tibi
3215 3825 3472 3900 Christus,

1894 3903 1949 3951 et
1978 3906 2061 3952 est
2089 3898 2221 3974 ordo
2243 3898 2528 3974 videndus.
2562 3900 2837 3958 Conﬁtens
2877 3920 3138 3974 namque,
3193 3898 3474 3961 evacuavit

1894 3982 1954 4022 se
1984 3984 2013 4020 a
2036 3969 2206 4034 malis,
2242 3969 2495 4026 invocans
2524 3976 2745 4041 replevit
2796 3990 2853 4029 se
2884 3969 3054 4039 bonis,
3090 3969 3313 4029 narrans
3343 3992 3471 4030 eru-

1893 4042 2284 4127 etuas-quibus“
2277 4056 2336 4097 se
2382 4044 2637 4111 implevit.
2676 4043 3040 4123 Narrabimus,
3075 4047 3312 4127 inquam,
3367 4048 3466 4127 mi.

1893 4110 2082 4183 rabilia
2110 4122 2213 4164 tua.
2245 4112 2309 4165 Et
2331 4110 2469 4182 post,
2492 4114 2847 4168 narrationem
2880 4130 2978 4183 ego
3012 4110 3329 4183 praecipuus,
3359 4117 3470 4171 sci-

1896 4182 2040 4246 licet,
2066 4182 2205 4236 inter
2235 4187 2568 4248 conﬁtentes,
2596 4185 2904 4240 invocantes
2926 4182 2985 4241 et
3014 4182 3325 4251 narrantes,
3388 4189 3471 4242 in-

1893 4251 2036 4326 juste
2060 4254 2328 4326 judicatus
2353 4254 2603 4323 judicabo
2626 4256 2883 4323 justitias,
2932 4257 3131 4326 gratias
3162 4259 3471 4312 misericor-

1896 4324 1995 4398 dim
2028 4325 2164 4398 ejus,
2195 4325 2280 4398 qui
2307 4330 2452 4398 prius
2482 4328 2648 4379 voluit
2670 4343 2909 4391 narrare,
2937 4324 3092 4397 uuam
3112 4328 3377 4398 judicare.
3406 4330 3465 4385 Si

1897 4394 2042 4447 enim
2077 4395 2219 4461 prius
2250 4395 2537 4463 judicaret,
2590 4399 2790 4452 nullum
2832 4394 3135 4455 liberandus
3182 4401 3468 4456 inveniret.

1892 4466 2186 4540 Audiamus
2214 4481 2341 4535 ergo
2366 4482 2487 4521 cum
2520 4480 2848 4533 narrantem,
2899 4472 3021 4540 quia
3052 4473 3187 4526 sicut
3238 4483 3470 4539 tempse-

1891 4538 2072 4610 rimus
2113 4548 2415 4593 narrantem
2442 4579 2474 4610 ,ν
2516 4542 2855 4608 experiemur
2902 4538 3250 4610 iudicantem.
3313 4538 3467 4597 Nune

1891 4608 2124 4680 enimin
2148 4618 2386 4677 tempore
2410 4609 2791 4665 misericordiae
2837 4608 3000 4667 donat
3031 4621 3293 4680 prtecepta
3334 4628 3465 4667 con-

1893 4678 2429 4752 ﬁtenti,intempore
2450 4696 2577 4735 vero
2616 4682 2802 4749 judicii
2836 4684 2961 4737 nulli
2996 4678 3176 4752 parcet
3208 4678 3465 4737 contem-

1892 4750 2060 4802 nenti.
2090 4748 2339 4820 Quisquis
2371 4768 2497 4823 ergo
2525 4748 2636 4807 vult
2689 4770 2791 4807 non
2844 4748 3029 4809 timere
3061 4765 3185 4809 tunc
3239 4756 3464 4823 punito-

1893 4836 2031 4906 rem,
2053 4831 2195 4875 atuet
2234 4838 2375 4876 nunc
2402 4824 2733 4879 donatorem.
2772 4826 3022 4906 Sequitur
3056 4845 3067 4878 :

1962 4892 2089 4944 Cum
2139 4908 2383 4961 accepero
2415 4904 2630 4965 tempus.
2681 4892 2902 4962 Accepit
2942 4906 3149 4963 tempus
3186 4910 3291 4951 non
3321 4893 3410 4950 ille
3437 4911 3466 4950 a

1890 4978 1996 5037 quo
2021 4977 2206 5017 sumus
2230 4967 2420 5030 creati,
2452 4968 2547 5020 sed
2578 4968 2668 5021 ille
2697 4982 2789 5034 per
2820 4982 2975 5034 quem
3000 4982 3184 5022 sumus
3205 4970 3461 5037 reparati.

1894 5035 2120 5088 lllenon
2174 5037 2383 5105 accepit
2437 5048 2649 5103 tempus
2704 5054 2733 5090 a
2786 5052 2893 5106 quo
2941 5042 3101 5093 homo
3154 5035 3462 5104 assumptus

1891 5115 2246 5179 commutatus
2268 5120 2345 5160 est
2374 5110 2423 5160 in
2459 5108 2670 5173 melius,
2714 5111 2920 5176 accepit
2952 5120 3160 5179 tempus
3208 5120 3263 5164 ut
3294 5108 3462 5162 Filius

1892 5178 2143 5241 horniuis,
2174 5181 2435 5246 gubernat
2462 5190 2721 5247 tempora,
2761 5190 2818 5234 ut
2869 5180 3033 5234 Filius
3068 5178 3191 5234 Dei.
3230 5180 3294 5234 Et
3324 5179 3464 5233 sicut

1893 5250 2097 5316 accepit
2124 5259 2330 5318 tempus
2362 5252 2636 5313 nascendi,
2660 5262 2713 5305 et
2743 5252 3003 5306 moriendi
3039 5261 3093 5305 et
3120 5249 3465 5321 resurgendi,

1896 5321 1965 5374 ita
1989 5322 2313 5390 accepitjam
2332 5322 2701 5389 dispositione,
2726 5330 3109 5391 etaccepturus
3136 5332 3218 5378 est
3243 5322 3463 5376 tandem

1895 5403 2103 5459 tempus
2136 5392 2445 5463 iudicandi.
2501 5393 2837 5461 Aecipiamus
2890 5409 3019 5463 ergo
3070 5404 3124 5449 et
3180 5408 3278 5449 nos
3318 5404 3462 5448 nunc

1895 5475 2104 5531 tempus
2128 5462 2361 5531 jusutias
2408 5462 2659 5530 faciendi,
2690 5477 2745 5518 ut
2788 5481 2890 5518 non
2923 5462 3205 5519 timeamus
3234 5466 3287 5520 in
3314 5473 3458 5519 tem-

1896 5534 2336 5609 porejudicandi.
2372 5533 2726 5609 Quodautcm
2757 5536 2914 5609 dicit:
2934 5535 3188 5590 Judicabo
3203 5536 3459 5609 justitias,

1898 5607 2171 5677 triplieitcr
2198 5604 2409 5677 dicitur,
2444 5606 2669 5672 scilicet,
2702 5609 2783 5662 vel
2829 5608 3077 5675 iudicabo
3120 5604 3376 5677 jus'titias,
3406 5605 3461 5659 id

1894 5686 1995 5743 est,
2026 5676 2169 5745 juste
2194 5675 2461 5749 judicabo,
2498 5678 2576 5749 vel
2608 5677 2725 5732 illos
2765 5682 2853 5748 qui
2884 5675 3185 5749 emphatice
3220 5686 3345 5734 sunt
3373 5676 3459 5729 di-

1895 5750 2045 5808 cendi
2075 5750 2183 5820 ipsa
2229 5747 2450 5818 justitia,
2479 5746 2635 5821 digne
2660 5746 2934 5822 iudicabo,
2974 5746 3031 5811 id
3071 5762 3175 5822 est,
3208 5760 3457 5810 seorsum
