3984 6362
162 253 277 314 893

847 247 914 308 IN
953 250 1377 310 PSALMORUM
1416 252 1673 311 LIBRUM
1712 255 2064 316 EXEGESIS.
2107 289 2176 301 —-
2212 256 2453 317 PSALM.
2495 256 2733 317 LXXVII

3333 269 3439 327 895
3482 274 3495 280 “

172 361 833 449 ειυωιίὴθιρροίρίιξηιιιν.
858 448 861 449 ν
889 362 947 419 Si
978 378 1114 449 vero
1137 366 1283 449 prius
1314 380 1411 449 per
1443 367 1581 421 viam
1614 382 1752 435 prtc-
1782 372 1827 431 Α
1857 379 2118 449 etaperta
2144 374 2458 449 videantur:
2485 385 2660 433 tamen
2698 377 2819 443 quia
2849 377 3033 434 titulus
3069 380 3189 449 ejus
3211 390 3312 449 est,
3345 384 3437 439 ln-

160 436 325 506 cepta
375 436 627 502 accipias,
663 441 793 506 tunc
841 448 936 503 per
962 437 1184 491 semitas
1234 438 1497 492 strictiora
1548 450 1751 494 tantum

162 503 434 581 praecepta
468 505 727 581 accipias.
766 503 832 581 lu
857 508 1008 569 mari,
1049 508 1284 575 inquam,
1327 510 1534 573 cognita
1565 519 1647 565 est
1676 512 1757 563 via

164 576 284 645 tua,
317 590 371 634 et
401 590 574 631 tamen
598 576 817 646 vestigia
847 585 935 631 tua
963 593 1065 630 non
1092 590 1480 648 eugnosceutur
1512 582 1563 634 in
1593 592 1753 636 terra.

161 653 223 708 In
276 662 415 705 terra
466 649 609 703 enim
653 649 871 717 vestigia
925 662 1212 717 apparent,
1246 653 1294 703 in
1328 653 1457 704 mari
1489 667 1619 706 vero
1648 669 1754 707 non

161 730 452 792 apparent.
516 720 581 773 Et
627 734 723 787 per
742 719 937 773 cultam
968 730 1160 774 terram
1216 721 1395 776 Iudaea
1428 723 1752 789 designatur,

158 810 286 864 qum
317 795 482 864 legem
514 800 789 864 acceperat
821 806 834 841 :
867 805 957 858 per
985 806 1150 864 mare_
1156 807 1282 846 vero
1330 793 1619 859 gentilitas,
1670 796 1755 849 eui

160 862 348 920 nullus
378 862 563 917 cultus
621 862 891 930 impensus
944 871 1077 915 erat.
1113 862 1181 916 Et
1222 865 1272 917 in
1317 864 1493 919 Iudaea
1543 865 1754 932 quidem

158 937 388 1003 vestigia
413 934 622 1005 luerunt
644 970 660 996 ,
681 932 822 1005 quia
862 932 935 1005 ibi
958 933 1197 1005 Christus
1225 936 1568 1003 corporaliter
1594 950 1755 1005 appa-

158 1008 295 1073 ruit,
326 1016 379 1060 et
410 1004 718 1076 praedicavit
744 1020 758 1056 :
790 1003 883 1056 sed
915 1003 1083 1057 Judaei
1107 1006 1323 1076 vestigia
1351 1021 1454 1058 non
1484 1003 1749 1076 cognove-

157 1088 313 1141 runt,
341 1076 462 1143 quia
490 1074 761 1127 Christum
783 1088 964 1129 verum
989 1074 1267 1145 vestigium
1294 1077 1387 1131 Dei
1418 1074 1589 1131 Patris
1616 1087 1751 1143 erat,

156 1165 270 1204 non
295 1149 667 1201 adoravernnt.

234 1218 509 1273 Deduxisti
532 1218 660 1269 sicut
691 1231 802 1269 om
825 1216 1067 1286 populum
1096 1224 1261 1270 tuum.
1287 1216 1403 1273 Non
1431 1231 1757 1285 cognoscen-

158 1300 271 1355 tur,
310 1292 547 1359 inquam,
579 1287 811 1359 vestigia
840 1298 959 1359 tua
986 1289 1036 1339 in
1072 1296 1233 1353 terra,
1265 1289 1358 1343 sed
1388 1300 1567 1344 tamen
1594 1290 1755 1345 debe-

158 1376 283 1417 rent
309 1357 396 1415 ibi
420 1359 689 1421 cognosci,
728 1357 851 1426 quid
880 1358 1136 1413 deberent
1166 1374 1433 1414 memores
1475 1375 1597 1415 esse
1635 1372 1755 1415 tuo-

158 1449 285 1486 rum
338 1430 733 1485 beneﬁciorum.
794 1429 924 1482 Nam
980 1439 1035 1481 tu
1080 1430 1371 1495 deduxisti,
1423 1431 1474 1484 id
1516 1439 1628 1496 est,
1686 1432 1755 1487 de

157 1503 403 1573 Egypto
431 1501 482 1555 in
516 1511 711 1573 terram
766 1500 1136 1573 promissionis
1192 1500 1388 1573 duxisti
1434 1516 1529 1571 per
1569 1504 1755 1557 deser-

160 1566 288 1628 tunvt'
312 1566 461 1627 illum
503 1571 747 1641 papulum
771 1581 909 1623 tuum
932 1571 984 1624 in
1017 1585 1195 1635 manu,
1228 1572 1279 1626 id
1307 1582 1409 1637 est,
1436 1566 1506 1627 vin
1553 1573 1750 1629 ducatu

156 1645 333 1714 Moysi
360 1656 411 1697 et
442 1647 640 1704 Aaron,
670 1643 799 1714 sicut
845 1642 1065 1710 quilibet
1094 1642 1210 1709 pius
1237 1651 1422 1711 pastor
1450 1660 1565 1697 oves
1624 1660 1751 1700 suas

1863 444 2091 498 tellectus
2139 447 2348 513 Asaph,
2405 457 2651 516 quaerunt
2706 450 2947 505 fortassis
3014 444 3265 507 leciorem
3299 444 3435 512 'non

1861 516 2197 587 superficiem
2227 519 2586 575 intendentem
2609 562 2622 584 ,
2658 523 2750 575 sed
2780 523 3001 578 interius
3031 522 3432 587 intelligentem.

1861 584 2124 641 Praeterea
2150 588 2272 663 ideo
2302 590 2459 663 etiam
2493 594 2652 646 talem
2680 594 2933 648 lectorem
2963 584 3223 663 quaerere
3243 598 3432 651 viden-

1864 665 1963 721 tur,
1997 672 2117 735 cum
2149 659 2200 713 in
2233 662 2438 730 psalmo
2464 664 2671 718 dicatur
2700 680 2711 716 :
2746 659 2993 735 Aper-iani
3014 666 3065 718 in
3095 667 3349 735 parabolis
3374 685 3430 723 os

1862 728 2250 807 meum,_loquar
2304 735 2694 807 propositiones.
2730 728 3005 791 Parabolas
3036 728 3175 791 enim
3209 747 3333 793 sunt
3361 740 3437 794 si-

1860 799 2184 879 militudines
2217 799 2415 869 rerum,
2448 821 2565 879 quas
2595 805 2676 879 his
2720 807 2881 860 rebus
2909 808 2975 862 de
3016 810 3204 876 quibus
3230 811 3424 879 agitur,

1858 867 2054 938 aliquid
2076 867 2433 947 comparatur.
2462 873 2529 929 Ut
2556 877 2637 931 hic
2664 881 2840 947 agitur
2862 878 2930 933 de
2960 867 3176 941 manna,
3206 867 3434 936 etumaul

1859 952 2308 1021 nzecomparatur
2337 946 2424 1021 ille
2452 948 2598 1021 panis
2624 946 2762 1021 uiuus
2788 950 2873 1017 qui
2902 950 2967 1003 de
2992 950 3125 1021 coelo
3148 952 3428 1018 descendit,

1859 1022 1909 1092 ei
1925 1018 1999 1064 sic
2027 1028 2119 1077 per
2139 1024 2350 1092 _c_:etera.
2383 1018 2782 1086 Propositiones
2802 1035 2929 1092 vero
2952 1020 3278 1092 qureGraace
3308 1041 3427 1091 pro-

1859 1083 2074 1162 blemata
2122 1086 2407 1162 dicantur,
2479 1083 2605 1162 sunt
2646 1083 2985 1162 quaestiones
3019 1093 3215 1162 aliquid
3260 1083 3315 1147 in'
3367 1111 3423 1149 sc

1857 1151 2071 1233 dignum
2099 1158 2363 1233 solutione
2393 1151 2745 1216 Continentes.
2778 1161 3034 1231 Loquitur
3060 1151 3186 1233 ergo
3224 1166 3423 1218 inti-lli-

1853 1238 1982 1304 gens
2013 1224 2191 1304 Asaph
2231 1229 2307 1304 in_
2329 1229 2428 1304 hoc
2460 1234 2707 1304 psalmo,
2735 1224 2885 1304 quia
2917 1249 3019 1287 non
3053 1224 3334 1289 defuerunt
3365 1234 3433 1291 dc

1854 1294 1945 1347 illo
1995 1298 2191 1365 pepqu
2209 1300 2309 1375 qui
2346 1294 2703 1375 intelligerent
2734 1294 2991 1375 habentes
3049 1305 3206 1359 fidem
3232 1347 3244 1368 ,
3301 1322 3422 1375 ane

1856 1376 2038 1447 postea
2080 1371 2306 1447 revelata
2338 1381 2420 1425 est
2470 1387 2572 1447 non
2622 1374 2686 1428 ad
2740 1373 2869 1447 legis
2914 1375 3170 1447 litteram,
3212 1371 3419 1430 sed'ad

1853 1441 2069 1504 Spiritus
2096 1441 2316 1508 gratiam
2350 1442 2722 1510 pertinentem.
2753 1441 2864 1498 Non
2887 1447 3026 1498 enim
3052 1441 3166 1500 sine
3197 1448 3299 1502 tide
3324 1447 3431 1501 lue-

1853 1516 2016 1589 runt,
2049 1511 2136 1577 qui
2163 1510 2279 1579 ejus
2321 1513 2372 1589 in
2402 1512 2616 1568 Christo
2646 1516 3025 1589 revelatiouem
3054 1526 3107 1570 et
3132 1518 3426 1586 pr:cvidere

1853 1588 1907 1630 et
1927 1579 2043 1631 aliis
2072 1585 2429 1647 praenuntiare
2455 1594 2764 1657 potuerunt.
2793 1586 3083 1640 Audiamus
3116 1579 3241 1656 ergo
3275 1589 3423 1657 psal-

1854 1663 1997 1702 mum
2031 1661 2418 1725 noirtanquam
2444 1654 2675 1724 Judazis,
2710 1657 2801 1712 sed
2836 1668 3084 1725 tanquam
3128 1654 3288 1714 nobis
3306 1674 3433 1714 can-

152 1712 418 1771 deducet.
447 1786 457 1795 ‘
483 1714 661 1795 Potest
706 1712 878 1798 etiam.
915 1728 1105 1798 versos
1152 1714 1251 1798 iste
1280 1715 1346 1768 ad
1391 1716 1748 1798 praecedentis
1782 1738 1827 1798 Β
1860 1726 2046 1798 latum.
2068 1712 2455 1798 __l‘iobls‘_enim
2485 1712 2675 1794 potius,
2693 1728 2790 1781 ista
2821 1712 3087 1794 cantatur,
3122 1712 3426 1797 cumiApo—e

155 1802 352 1841 versus
384 1785 695 1852 principium
737 1783 1034 1857 continuari
1068 1784 1137 1857 ita
1173 1783 1280 1837 ειη
1316 1787 1471 1850 mari,
1508 1786 1745 1857 inquam,

153 1860 375 1924 Cognita
404 1866 485 1911 est
506 1858 587 1909 via
617 1864 704 1927 tua
728 1864 774 1908 et
791 1855 982 1909 semita:
1001 1864 1100 1908 tua:
1115 1856 1168 1909 in
1185 1857 1348 1925 aquis,
1369 1857 1489 1927 quia
1514 1866 1567 1911 tu
1586 1855 1746 1912 dedu-

150 1930 304 1995 aisti,
340 1928 393 1981 id
421 1936 519 1991 est,
558 1926 744 2000 pavisti
789 1927 918 1979 sicut
948 1927 1062 2000 pius
1089 1936 1266 1990 pastor
1294 1944 1417 2000 oves
1441 1944 1563 1982 suas
1586 1946 1749 2000 popu-

153 2000 268 2053 lum
303 2015 426 2052 vere
456 2008 620 2061 ttmm,
669 1998 720 2068 id
750 2006 851 2060 est,
888 1998 1138 2065 populum
1169 1998 1353 2068 gratia:
1374 2000 1427 2051 in
1475 1998 1661 2065 nzanu,
1698 2000 1749 2053 id

152 2082 261 2135 est,
299 2072 350 2124 in
386 2069 618 2135 potentia
666 2067 835 2138 Moysi
884 2077 930 2123 et
958 2070 1130 2121 Aaron
1165 2067 1269 2123 non
1299 2070 1606 2135 historialis,
1653 2070 1748 2125 sed

152 2144 273 2196 veri
304 2140 474 2211 Moysi
494 2148 540 2193 et
574 2140 766 2193 Aaron.
799 2138 1005 2208 Moyses
1024 2141 1164 2212 enim
1184 2140 1567 2210 interpretatur
1589 2159 1747 2212 aqua-

154 2214 311 2276 ticus,
350 2209 524 2265 Aaron
557 2226 697 2281 ivero
724 2220 1014 2264 montanus.
1062 2209 1230 2281 Verus
1278 2227 1407 2280 ergo
1447 2209 1662 2281 Moyses
1692 2221 1746 2267 et

156 2299 321 2339 verus
345 2286 524 2337 Aaron
552 2280 641 2336 ille
669 2291 771 2346 est,
800 2282 889 2350 qui
925 2290 979 2335 et
1006 2282 1161 2335 saluti
1190 2279 1465 2352 fera'aqua
1489 2279 1750 2338 doctrinae

155 2370 259 2409 nos
290 2356 510 2425 potavit,
544 2362 599 2407 et
620 2353 779 2425 corda
808 2360 990 2408 nostra
1018 2352 1085 2408 ad
1111 2367 1322 2410 summa
1345 2353 1537 2422 erexit,
1565 2354 1618 2411 id
1639 2363 1744 2425 est,

155 2426 406 2482 Christus
428 2424 594 2481 Filius
622 2424 737 2479 Dei.

586 2513 654 2570 IN
695 2513 1017 2571 PSALMUM
1055 2513 1316 2571 LXXVII.

687 2607 993 2663 Intellectus
1020 2607 1221 2677 Asaph.

756 2715 1134 2758 ARGUMENTUI.

227 2790 458 2867 Virtutis
502 2790 695 2867 studia,
729 2792 968 2867 legisque
1012 2792 1313 2867 custodiam
1344 2794 1607 2867 propheta
1649 2808 1749 2867 po-

152 2863 287 2933 pulo
316 2864 727 2928 commendans,
783 2863 927 2918 hunc
982 2863 1241 2932 psalmum
1291 2863 1749 2936 composuitfin

155 2950 266 3008 quo
297 2944 517 3008 monet,
546 2943 602 2989 ut
634 2935 796 3008 Deum
843 2944 1157 3008 reverenter
1188 2935 1444 3007 metuant,
1476 2953 1583 3008 quo
1631 2951 1748 2994 san-

153 3007 367 3061 ctiones
400 3006 532 3076 legis
560 3020 669 3061 suae
698 3005 1079 3077 beneficiorum
1111 3006 1358 3077 largitate
1403 3005 1744 3077 praéveuerit,

154 3086 212 3130 nt
246 3080 297 3131 hi
328 3077 419 3145 qui
445 3081 555 3147 jam
601 3085 757 3132 erant
800 3076 1057 3143 obnoxii,
1108 3076 1316 3147 facilius
1357 3076 1739 3136 subderentur.

154 3146 455 3203 Postremo
491 3148 767 3213 hortatur,
799 3155 857 3202 ut
884 3157 1102 3203 servent
1144 3146 1349 3205 intenta
1390 3160 1569 3208 mento
1610 3166 1741 3208 con-

154 3220 419 3275 cordiam.
448 3219 617 3275 Aliter
643 3234 747 3275 vos
767 3218 963 3276 Christi
995 3219 1061 3275 de
1084 3220 1302 3277 Judueis.

773 3327 1125 3368 EXPLANATIO.

228 3403 415 3473 Asaph
460 3404 691 3459 diximus
732 3404 1090 3475 Synagogam,
1133 3404 1186 3459 id
1218 3414 1321 3470 est,
1363 3404 1741 3461 collectionem

155 3476 529 3541 interpretari;
561 3475 653 3530 sed
685 3477 805 3543 quia
838 3477 1165 3531 intellectum
1204 3477 1492 3544 prmmisit,
1526 3476 1743 3532 ﬁdelem

156 3545 243 3602 hic
269 3548 609 3618 Synagogam
630 3546 772 3616 loqui
797 3561 952 3615 posse
976 3547 1286 3601 declaravit.
1312 3546 1366 3599 In
1396 3547 1565 3618 prima
1590 3557 1741 3613 parte

154 3617 346 3688 psalmi
377 3620 482 3673 duo
512 3627 718 3673 tantum
750 3618 995 3673 versiculi
1029 3631 1272 3686 personae
1306 3617 1513 3671 Domini
1542 3618 1745 3674 manci-

155 3697 373 3758 pantur,
398 3697 455 3743 ut
482 3689 780 3745 reverentia
801 3698 1066 3743 cresceret
1086 3689 1387 3754 doctorum,
1407 3688 1601 3757 quibus
1630 3689 1744 3758 ipse

154 3774 255 3815 rex
291 3760 559 3828 posuisset
586 3760 815 3815 initium.
867 3759 1109 3815 Secunda
1141 3769 1293 3829 parte
1322 3760 1479 3813 latius
1511 3759 1746 3828 loquitur

155 3832 361 3897 Asapb,
393 3832 660 3900 impotens
682 3830 881 3886 ludatis
910 3831 1054 3900 quod
1084 3830 1295 3885 Domini
1344 3830 1618 3884 beneltciis
1651 3831 1740 3885 in-

154 3904 293 3971 grati
324 3904 486 3957 corde
529 3917 694 3972 pravo
733 3902 851 3971 ejus
874 3901 1023 3971 jussa
1066 3901 1509 3970 contempserint.
1557 3902 1741 3958 Tertia

159 3985 440 4029 enumerat
469 3981 669 4045 quanta
700 3989 923 4045 munera
955 3973 1135 4045 lsraeii
1168 3972 1502 4045 praestiterit,
1532 3986 1631 4045 nec
1663 3984 1740 4027 ta-

155 4061 284 4099 men
329 4045 419 4099 ille
446 4043 782 4100 murmurare
810 4044 1049 4100 desierit.
1091 4044 1288 4110 Quarta
1313 4043 1640 4112 dicitqualis
1685 4046 1737 4099 in

154 4116 503 4171 eis.vindicta
535 4116 878 4183 provenerit,
920 4115 1250 4185 qualiterque
1296 4115 1368 4169 sit
1400 4114 1740 4172 miseratione

157 4187 373 4242 Domini
406 4188 612 4242 mollita
643 4188 927 4242 sententia.
961 4187 1156 4252 Quinta
1186 4194 1403 4254 propter
1432 4201 1737 4242 murmura-

160 4257 331 4313 tiones
375 4274 561 4313 eorum
590 4259 916 4312 vindicatum
945 4258 998 4311 iu
1025 4259 1105 4312 eis
1132 4266 1248 4323 est,
1280 4259 1374 4312 sed
1431 4260 1624 4312 iterum
1670 4257 1737 4313 ad

154 4329 603 4397 supplicationem
637 4330 883 4393 Domini,
914 4340 1298 4398 cognoscentes
1324 4328 1443 4400 ejus
1473 4330 1735 4397 magnalia

153 4401 451 4457 redierunt.
481 4402 639 4455 Sexta
670 4400 844 4455 denuo
870 4400 948 4454 illi
978 4402 1161 4456 dolose
1210 4402 1369 4454 locuti
1396 4444 1409 4464 ,
1444 4409 1499 4454 et
1525 4414 1737 4454 errores

1771 3114 1819 3178 C

1852 1792 2019 1872 stolus
2050 1791 2152 1846 dici
2183 1795 2323 1861 quod
2361 1812 2450 1849 nec
2486 1791 2657 1872 onmia
2682 1800 2932 1872 inﬁgura
2954 1791 3275 1870 contingebat
3300 1791 3427 1863 illis,

1851 1868 2197 1946 scriptausnnt
2229 1874 2399 1919 autem
2439 1868 2507 1920 ad
2543 1868 2906 1946 surreptionem
2928 1868 3172 1946 nostram.
3227 1874 3359 1946 Quia
3386 1872 3433 1946 si

1853 1945 2026 2011 pretia:
2056 1933 2162 1989 illa:
2186 1938 2635 2011 eran_t__eavend:e,
2663 1941 2831 2011 multo
2858 1940 3047 2010 majori
3072 1933 3341 2011 diligentia
3367 1944 3437 1997 vi-

1855 2004 2181 2083 tatidzesunt
2222 2007 2287 2083 ab
2312 2006 2414 2083 iliis
2442 2009 2774 2077 signiticatze.
2805 2004 3265 2083 Qttetnadtttodittn
3293 2015 3436 2068 enim

1853 2074 1905 2125 in
1934 2074 2086 2155 bonis
2107 2092 2210 2157 qua
2235 2074 2620 2157 significantur,
2648 2083 2806 2157 multa
2829 2074 3242 2157 digniorasunt,
3276 2100 3434 2153 quam

1853 2160 1972 2225 quae
1999 2149 2299 2225 siguiiicant
2326 2167 2337 2203 :
2371 2151 2444 2204 ita
2476 2149 3134 2225 etiamalisne'cessario
3164 2149 3436 2225 sunt'gra-

1852 2217 2000 2295 viora
2020 2217 2315 2295 signiﬁcata
2334 2236 2491 2289 quam
2510 2222 2887 2295 significantia.
2914 2224 3067 2288 Quod
3090 2234 3267 2279 autem
3295 2217 3437 2295 Apo-

1850 2287 2019 2363 stolas
2070 2300 2222 2363 vocat
2251 2287 2478 2363 ligo—ras,
2510 2287 2790 2348 Psalmista
2815 2287 2969 2349 vocat
2992 2295 3288 2363 parabolas,
3323 2287 3429 2351 non

1852 2357 2111 2433 habentes
2133 2357 2364 2416 lidem'in
2395 2377 2458 2417 eo
2479 2365 2620 2433 quod
2643 2357 3015 2433 cantigcrunt';
3047 2366 3138 2421 sed
3164 2367 3214 2419 in
3239 2357 3323 2423 his
3349 2382 3434 2424 res

1850 2427 1971 2505 bus
2008 2430 2199 2499 quibus
2243 2427 2543 2490 rationabili
2598 2427 3011 2505 comparatione
3054 2437 3426 2492 conferuntur.

1851 2496 2125 2555 Psalm'um
2151 2517 2277 2577 ergo
2314 2506 2591 2577 audiamus
2616 2549 2628 2573 ,
2664 2496 2737 2562 et'
2765 2508 2936 2577 legem
2970 2508 3061 2563 Dei
3093 2509 3433 2563 attendamus

1850 2573 2290 2653 nonisecuudum
2343 2576 2580 2653 quodjn
2623 2573 2905 2653 superlicie
2947 2589 3141 2653 sonat,
3170 2579 3431 2653 sedquod

1848 2645 2069 2721 myStica
2113 2646 2322 2721 actione
2354 2645 2756 2721 significataad
2810 2649 2912 2703 hoc
2940 2651 3093 2721 enim
3127 2645 3435 2721 intelligens

1849 2714 2151 2796 Asaplinos
2171 2716 2357 2796 invitat
2378 2714 2477 2773 ita:
2501 2717 2735 2789 Populus
2752 2735 2913 2785 meus,
2937 2720 2987 2776 id
3000 2732 3109 2796 est,
3128 2734 3224 2796 vos
3244 2714 3433 2775 omnes

1849 2787 2084 2861 quimihi
2110 2788 2270 2843 vultis
2289 2803 2411 2844 esse
2435 2787 2736 2855 consertes,
2762 2802 2814 2845 et
2834 2805 2953 2846 esse
2981 2791 3050 2846 de
3068 2792 3263 2861 populo
3286 2805 3426 2845 meo.

1848 2852 2015 2938 Cujus
2040 2873 2177 2938 pars
2215 2874 2499 2938 ego_sum,_
2510 2861 2589 2938 _id_
2605 2870 2687 2915 est
2707 2852 2732 2928 ,’
2742 2860 2816 2938 de
2851 2852 3185 2938 intelligente
3207 2863 3429 2938 populo,

1849 2927 2002 2994 quasi
2023 2927 2165 2983 dicat
2196 2948 2208 2983 :
2239 2927 2331 3002 qui
2355 2941 2436 2986 est
2461 2927 2715 2986 Christus
2737 2932 2989 3002 jungatur
3019 2927 3170 2986 mihi.
3207 2927 3315 2987 Vo's
3342 2927 3432 2987 iui-

1848 3011 2010 3066 quam
2054 3001 2319 3077 attendite,
2374 3002 2429 3056 id
2473 3013 2594 3067 est,
2626 3001 2853 3077 interius
2879 3003 3429 3077 consideratelegem,

1850 3083 2007 3147 quam
2039 3085 2138 3138 ego
2165 3073 2306 3147 iacio
2330 3087 2449 3147 esse
2478 3090 2673 3141 meam,
2702 3073 3057 3147 spiritualiter
3077 3089 3194 3129 eam
3226 3073 3425 3130 intelli-

1847 3141 2022 3206 gendo
2051 3150 2104 3196 et
2134 3144 2476 3210 complenda,
2509 3154 2565 3198 ut
2594 3153 2649 3199 et
2678 3141 2771 3197 vos
2799 3146 3002 3200 faciatis
3027 3161 3144 3201 eam
3168 3154 3423 3200 vestram.

1852 3210 2045 3286 begem
2067 3220 2252 3286 accipe
2275 3216 2603 3281 Scriptorum
2620 3215 2827 3270 Veteris
2845 3216 3195 3271 Testameuti.
3217 3217 3282 3271 Et
3299 3231 3431 3286 qua-

1851 3281 2513 3353 ilterdebeat‘attendere,
2531 3287 2677 3349 dicit,
2702 3288 2926 3349 scilicet,
2953 3288 3213 3352 inclinate,
3235 3288 3288 3343 id
3316 3281 3425 3353 est,

1850 3351 2123 3425 humiliate
2143 3371 2315 3409 aurem
2336 3351 2552 3409 uestram
2574 3359 2626 3410 in
2650 3357 2799 3412 verba
2840 3358 2942 3411 oris
2965 3358 3082 3421 mei,
3114 3358 3166 3412 id
3204 3351 3295 3411 est
3318 3401 3332 3425 ,
3360 3351 3429 3415 ad

1850 3421 2253 3499 intelligendum
2292 3427 2424 3496 legis
2466 3428 2662 3494 verba,
2712 3443 2831 3499 qua:
2876 3429 3121 3496 loquetur
3171 3421 3329 3483 vobis
3367 3443 3429 3484 os

1849 3509 2048 3567 meum,
2075 3496 2123 3549 id
2154 3508 2255 3564 est,
2283 3513 2343 3551 os
2371 3496 2743 3567 intelligentis.
2766 3500 2862 3553 ltle
2884 3502 3026 3553 enim
3050 3513 3176 3555 vero
3205 3500 3428 3556 attendit

1846 3564 2041 3635 legem,
2060 3570 2147 3635 qui
2166 3583 2223 3623 se
2243 3568 2485 3624 humiliat
2508 3564 2697 3624 uteam
2715 3579 2770 3625 et
2793 3570 3052 3635 intelligat
3069 3580 3124 3625 et
3140 3571 3426 3637 compleat.

1917 3639 2158 3713 Aperiunt
2180 3640 2237 3713 in
2264 3639 2541 3713 parabolis.
2578 3641 2701 3696 Ideo
2740 3642 2915 3713 (quasi
2945 3641 3109 3710 dicat)
3142 3656 3325 3695 aurem
3370 3642 3427 3699 in

1847 3712 2003 3784 verba
2031 3724 2148 3784 mea
2177 3712 2433 3784 inclinare
2461 3712 2699 3776 debetis,
2730 3716 2851 3784 quia
2878 3728 2983 3767 non
3016 3714 3132 3767 sine
3156 3729 3214 3767 re
3240 3713 3436 3782 loquar

1844 3779 2012 3855 vobis.
2044 3780 2173 3855 Nam
2204 3783 2430 3855 aperiam
2457 3800 2511 3837 os
2552 3799 2716 3838 meum
2737 3779 2791 3837 in
2830 3784 3120 3855 parabolis,
3170 3779 3324 3838 aliud
3343 3784 3426 3838 di-

1843 3851 2017 3905 cendo
2041 3861 2100 3927 et
2129 3851 2269 3908 aliud
2313 3854 2534 3910 interius
2561 3851 2914 3923 signiﬁcando
2938 3872 2953 3922 ;
2987 3864 3039 3910 et
3069 3855 3248 3927 loquar
3269 3855 3424 3927 vobis

1842 3923 2238 3996 propositiones,
2265 3940 2384 3995 quze
2411 3926 2803 3996 propositiones
2826 3936 2878 3981 ot
2912 3923 3177 3994 parabolae
3204 3936 3328 3996 sunt
3356 3924 3421 3978 ab

1841 3993 2007 4064 initio,
2039 3994 2089 4048 id
2111 4005 2193 4050 est
2217 3993 2546 4051 suinuntura
2582 3996 2754 4053 Veteri
2774 3993 3139 4059 Testamento,
3167 3995 3305 4064 quod
3334 4003 3419 4050 est

1843 4063 2055 4138 initium
2106 4068 2337 4136 ipsarum
2408 4067 2779 4138 parabolarum
2836 4075 2889 4119 et
2944 4063 3417 4138 propositionum:

1843 4135 1965 4205 linis
1997 4135 2137 4192 vero
2164 4148 2246 4192 est
2286 4135 2487 4192 Novum
2520 4135 2960 4191 Testamentumf
2990 4136 3150 4191 Vetus
3198 4136 3416 4205 quidem

1840 4204 2237 4262 Testamentum
2268 4210 2472 4264 initium
2500 4217 2582 4261 est
2605 4247 2618 4272 ,
2670 4208 2791 4275 quia
2840 4208 2910 4261 ibi
2950 4215 3076 4262 sunt
3103 4204 3281 4277 signa;
3313 4206 3418 4261 No-

1840 4292 1965 4350 vum
1994 4293 2121 4334 vero
2150 4279 2295 4347 linis,
2328 4279 2451 4350 quia
2483 4278 2553 4334 ibi
2585 4286 2711 4332 sunt
2740 4278 3056 4348 signiﬁcata.
3089 4277 3182 4333 Vel
3215 4280 3371 4350 aliter
3399 4292 3417 4333 :

1841 4348 2026 4419 loquar
2050 4351 2329 4418 parabolas
2348 4348 2403 4405 et
2425 4351 2814 4419 propositiones
2839 4352 3129 4405 existentes
3153 4350 3219 4404 ah
3242 4348 3416 4418 initio,

1844 4435 1947 4474 non
1972 4421 2038 4475 ab
2062 4422 2149 4474 l||0
2180 4423 2353 4487 initio,
2379 4437 2481 4490 quo
2504 4423 2695 4476 cretum
2724 4432 2778 4475 et
2803 4430 2943 4476 terra
2973 4423 3107 4476 facta
3134 4430 3293 4487 sunt;
3325 4421 3422 4476 sed

155 4471 369 4563 solitos,
386 4481 512 4526 sunt
537 4472 728 4563 secuti,
754 4480 1070 4563 gestamen.
1090 4470 1581 4563 eostisericordiJa
1612 4470 1725 4563 Dei,

1850 4470 2476 4563 {satiassatiasnais
2494 4470 3119 4563 satismagismagis,
3134 4470 3423 4563 333.1,};

153 4552 212 4596 ut
240 4558 485 4597 meruere
505 4584 518 4603 .
559 4543 894 4611 disperdidit.
927 4542 1162 4608 Septima
1185 4542 1318 4595 dicit
1334 4542 1600 4609 quomodo
1622 4540 1733 4595 Do~

153 4615 362 4668 minum
401 4615 720 4668 concitarint
771 4614 823 4667 in
856 4614 1106 4678 deserto,
1138 4628 1258 4665 cum
1312 4623 1487 4666 tamen
1520 4621 1737 4680 propter

152 4685 302 4754 ipsos
331 4684 591 4754 [Egyptus
630 4686 785 4739 fuerit
814 4684 1032 4738 afﬂicta.
1096 4684 1290 4738 Octava
1323 4684 1611 4754 beneﬁciis
1636 4684 1738 4736 Do-

155 4752 285 4809 mini
316 4752 497 4810 relatis
524 4755 758 4810 Judaicte
788 4755 1160 4809 obstinationis
1189 4754 1347 4822 culpa
1368 4752 1731 4820 subjungitur.

152 4826 302 4881 Nona
334 4827 465 4881 ultio
486 4828 798 4897 gravissima
824 4826 1184 4895 subsequitur,
1208 4826 1279 4879 ita
1316 4832 1383 4897 ut
1424 4824 1617 4893 populo
1644 4838 1734 4877 ca-

153 4899 361 4968 ptivato
408 4896 809 4955 labet-mentum
862 4898 1040 4953 Selom
1098 4896 1408 4968 abiecerit,_
1445 4902 1737 4962 posteaque

151 4965 394 5023 iacntem
454 4968 580 5023 Sion
639 4979 694 5022 et
747 4968 909 5022 David
953 4965 1174 5036 regem,
1205 4967 1274 5022 de
1327 4965 1481 5035 cujus
1532 4970 1738 5021 serniue

151 5039 404 5097 Christus
423 5041 670 5096 salutaris
698 5040 937 5095 medicus
960 5039 1255 5103 adveniret,
1282 5038 1521 5107 elegerit.

737 5144 1165 5187 COMMENTAMUS.

224 5224 503 5291 Attendite,
536 5224 758 5295 populus
786 5242 944 5289 meus,
974 5222 1134 5293 legem
1152 5237 1342 5295 meam.
1369 5219 1609 5276 Psalmus
1638 5219 1738 5275 iste

152 5300 398 5352 continet
442 5315 504 5353 ea
538 5294 663 5364 quae
702 5298 753 5350 in
804 5295 973 5350 veteri
1006 5294 1199 5362 populo
1229 5302 1376 5363 gesta
1424 5301 1728 5345 narrantur.

151 5368 443 5424 Recentior
488 5378 666 5423 autem
719 5376 774 5423 et
823 5365 1088 5435 posterior
1125 5364 1348 5435 populus
1393 5364 1731 5435 admonetur,

152 5452 215 5495 ut
246 5449 439 5495 caveat
465 5457 535 5513 ne
563 5441 795 5513 ingratus
824 5434 896 5492 sit
942 5435 1217 5513 beneﬁciis
1248 5434 1361 5513 Dei,
1406 5436 1628 5513 ejusque
1671 5434 1736 5513 in

149 5525 214 5567 se
249 5522 501 5580 provocet
527 5504 853 5569 iracundiam
878 5548 893 5573 ,
936 5507 1095 5580 cujus
1127 5506 1445 5580 obedienter
1474 5516 1526 5580 et
1560 5504 1735 5580 tideli-

151 5576 429 5639 ter'debet
466 5584 737 5651 suscipere
769 5579 1184 5651 misericordiam
1212 5595 1228 5645 ;
1268 5591 1330 5630 ne
1360 5576 1576 5651 (inquit)
1608 5576 1736 5651 [iant

150 5655 287 5712 sicut
321 5665 490 5722 patres
518 5646 693 5707 eorum
720 5650 978 5722 generatio
1030 5664 1217 5722 prava,
1250 5658 1353 5703 etc.
1399 5646 1523 5722 lla-c
1546 5647 1733 5722 psalmi

150 5718 331 5795 hujus
361 5726 583 5781 intentio
607 5764 622 5789 ,
652 5718 766 5795 huic
793 5722 1009 5795 utilitas,
1034 5718 1139 5775 hic
1172 5720 1373 5795 fructus
1404 5718 1727 5795 uberrimus.

150 5789 289 5870 Quae
318 5805 498 5857 autem
521 5796 576 5855 in
600 5794 813 5857 Psalmo
840 5794 1087 5851 dicuntur
1110 5832 1128 5863 ,
1158 5791 1400 5865 quamvis
1445 5789 1725 5861 perspicua

1839 4562 1944 4633 quo
1990 4563 2258 4617 Abraham
2299 4563 2365 4617 de
2414 4562 2487 4619 Ur
2526 4562 2897 4619 Chaldaeorum
2930 4566 3151 4618 eductus
3191 4573 3293 4633 est.
3342 4562 3418 4616 lbi

1838 4632 1983 4688 enim
2014 4636 2230 4699 incaepit
2261 4636 2375 4689 haec
2421 4635 2789 4702 congregatio,
2820 4644 2875 4689 et
2924 4650 2994 4689 ex
3029 4642 3155 4687 tunc
3203 4632 3421 4687 fuerunt

1840 4707 2229 4773 propositiones
2258 4716 2313 4760 et
2344 4708 2642 4774 parabolas.
2671 4706 2804 4773 Quid
2834 4716 3010 4760 autem
3044 4704 3153 4758 siut
3185 4702 3418 4773 parabo-

1840 4776 1903 4830 la:
1930 4784 1985 4829 et
2034 4776 2445 4845 propositiones,
2493 4776 2605 4846 jam
2649 4790 2813 4845 supra
2861 4775 3059 4830 dictum
3092 4784 3192 4829 est.
3231 4774 3417 4829 Scien-

1840 4847 1964 4901 dum
1988 4858 2161 4901 autem
2191 4850 2329 4915 quod
2359 4848 2497 4902 idem
2525 4856 2836 4916 potestesse
2866 4847 3115 4915 parabole
3142 4853 3196 4899 et
3225 4860 3413 4914 propo-

1845 4917 1969 4972 sitio
2016 4919 2231 4972 divcrso
2262 4930 2529 4987 respectu.
2580 4917 2710 4972 Nam
2742 4917 2943 4972 scilicet
2983 4917 3311 4984 comparatio
3333 4924 3417 4972 est

1840 4989 2110 5057 parabolu,
2140 4992 2431 5044 secundum
2457 5003 2583 5043 vero
2615 4988 2756 5059 quod
2781 4988 2978 5055 aliquid
3004 4988 3058 5042 in
3085 5000 3144 5042 se
3169 4988 3409 5042 continet

1840 5062 2058 5129 dignum
2078 5060 2363 5128 solutione,
2395 5069 2479 5115 est
2504 5059 2816 5129 propositio.
2855 5059 2919 5113 Et
2940 5060 3133 5129 dicitur
3160 5059 3409 5128 parabole

1838 5143 1892 5184 et
1910 5128 2032 5203 ires,
2063 5146 2181 5203 qua:
2210 5132 2300 5187 alii
2336 5132 2413 5187 rei
2452 5128 2756 5197 cunlertur,
2790 5146 2883 5198 per
2910 5128 3191 5203 quamdam
3220 5128 3410 5184 simili-

1843 5200 2102 5268 tudinem,
2135 5213 2188 5256 et
2216 5206 2387 5257 oratio
2407 5218 2525 5273 qua:
2556 5204 2695 5270 ipsas
2721 5218 2806 5255 res
2834 5200 3061 5256 confert.
3112 5271 3122 5273 _
3410 5228 3411 5237 ι

1914 5273 2118 5337 Quanta
2145 5271 2438 5327 audivimus
2455 5282 2501 5327 et
2522 5274 2847 5343 cognovimus
2870 5288 2950 5325 ea.
2966 5273 3087 5326 Ideo
3112 5271 3298 5338 loquar
3312 5284 3411 5343 pa-

1839 5344 2049 5399 rabolas
2079 5355 2133 5400 et
2164 5342 2595 5412 prepositiones,
2627 5349 2746 5409 quia
2779 5358 2876 5398 nos
2907 5344 3067 5396 multa
3098 5343 3148 5396 in
3176 5342 3403 5412 parabo-

1842 5416 1908 5470 lis
1932 5426 1986 5470 et
2014 5417 2469 5487 propositionibus
2500 5414 2787 5467 audivimus
2810 5414 3121 5483 prophetam
3148 5414 3411 5481 prioribus

1837 5497 1885 5542 et
1910 5491 2235 5559 cognovimus
2265 5504 2323 5541 ea
2366 5488 2627 5559 completa
2668 5487 3074 5559 posterioribus,
3126 5495 3181 5559 et
3220 5492 3411 5555 quanta

1838 5556 2042 5615 iuliuita
2072 5560 2293 5615 scilicet.
2324 5559 2385 5611 Et
2418 5558 2540 5612 ideo
2568 5558 2686 5611 dico
2716 5557 3033 5624 audivimus,
3064 5556 3185 5625 quia
3212 5566 3401 5625 patres,

1837 5632 1889 5684 id
1919 5639 2021 5695 est,
2055 5631 2260 5698 priores
2290 5631 2447 5681 nostri
2479 5638 2813 5681 narraueram
2854 5630 2997 5682 uoltis
3028 5642 3091 5682 ea
3130 5628 3298 5691 lactis,
3334 5625 3411 5678 di-

1838 5704 1936 5759 ctis
1968 5714 2021 5756 et
2050 5701 2276 5771 scriptis.
2301 5699 2497 5761 Factis,
2524 5701 2663 5753 sicut
2690 5702 2956 5754 Abraham
2990 5700 3039 5753 in
3062 5699 3179 5771 lilii
3197 5698 3403 5771 Slli‘iln-

1838 5767 2312 5843 mutatione,'.\bet
2332 5773 2386 5827 in
2408 5780 2580 5830 morte
2603 5786 2700 5829 sua
2723 5812 2739 5842 ,
2764 5778 2821 5828 et
2843 5772 3000 5830 multi
3027 5769 3121 5829 alii
3138 5767 3411 5830 similiter.
