3984 6362
514 228 620 287 895

521 418 735 484 quidam
766 418 924 473 etiam
948 414 1419 470 'annuntiaverunt
1449 415 1601 469 nobis
1625 414 1789 468 multa
1832 428 1929 483 per
1956 429 2108 473 suam

518 489 933 545 damnationem.

598 561 718 615 Non
739 570 853 615 sunt
884 560 1181 613 occultatae
1205 557 1330 627 ﬁliis
1351 575 1542 613 eorum.
1575 556 1735 624 Quasi
1765 557 1903 612 dicat
1932 576 1943 610 :
1975 560 2108 625 Quia

524 632 621 697 ipsi
655 640 983 686 narrarerunt
1010 631 1183 693 nobis,
1218 630 1335 684 ideo
1362 647 1461 683 non
1502 643 1618 683 sunt
1648 628 1867 689 occulta,
1894 631 1987 684 sed
2017 645 2109 686 co-

525 706 669 775 gnita
693 720 709 768 ;
740 704 857 770 quia
881 702 1038 775 etiam
1072 701 1333 775 completa
1365 716 1394 753 a
1417 700 1568 756 nobis
1593 700 1714 775 ﬁliis
1739 740 1753 761 ,
1790 700 1848 775 id
1876 709 2107 775 esthpo-

526 771 682 829 steris
712 790 883 826 eorum
920 772 1273 827 existentibus
1300 772 1351 825 in
1385 772 1706 841 generatione
1748 771 1929 823 altera.
1980 772 2107 839 Quae

524 853 609 899 est
650 845 922 912 generatio
951 846 1150 909 altera,
1199 843 1298 897 nisi
1339 845 1422 896 cui
1466 853 1545 896 est
1572 843 1905 906 regeneratio
1934 842 2108 897 facta?

526 914 700 969 Altera
736 931 962 985 namque
1006 915 1072 967 de
1106 914 1307 968 duabus
1356 912 1568 985 dicitur.
1623 913 1690 965 Et
1721 914 2106 985 limereSpectu

526 987 755 1041 carnalis
777 982 893 1053 quae
917 987 1191 1053 praecessit
1209 993 1353 1039 recte
1381 984 1576 1039 dicitur
1598 986 1787 1037 altera.
1814 982 1940 1036 Nota
1964 985 2106 1053 quod

526 1055 706 1124 Asaph
740 1058 1037 1125 intelligens
1057 1056 1183 1109 dicit
1214 1070 1273 1111 se
1301 1071 1421 1109 esse
1464 1056 1515 1108 in
1543 1055 1884 1123 generatione
1915 1056 2100 1110 altera.

524 1127 839 1197 Quicunque
869 1144 1097 1197 namque
1126 1127 1192 1181 de
1220 1127 1378 1193 priori
1411 1128 1605 1195 popqu
1633 1127 1801 1193 legem
1820 1126 2106 1193 spirituali-

525 1206 608 1253 ter
631 1198 1003 1255 intellexerunt
1040 1208 1093 1253 et
1123 1199 1509 1263 impleverunt,
1544 1197 1594 1250 in
1640 1197 1737 1250 hac
1762 1198 2105 1265 generatione

526 1268 714 1335 altera,
744 1287 861 1339 qua:
889 1285 1028 1324 nunc
1059 1280 1139 1324 est
1164 1285 1255 1336 per
1281 1267 1457 1339 Iidem,
1490 1268 1723 1323 luerunt.

600 1337 885 1396 Narrantes
914 1340 1091 1395 laudes
1118 1340 1348 1393 Domini.
1376 1337 1577 1401 Patres,
1597 1339 1831 1403 inquam,
1858 1356 2104 1394 narrave—

529 1422 648 1466 runt
677 1414 842 1479 nobis,
868 1413 965 1480 ipsi
999 1411 1118 1465 dico
1140 1419 1407 1464 narrantes
1454 1410 1632 1463 laudes
1662 1408 1889 1473 Domini,
1915 1410 1965 1480 id
1996 1421 2099 1479 est,

534 1483 621 1538 illa
648 1484 699 1537 in
731 1479 920 1552 quibus
943 1483 1133 1537 merito
1163 1482 1416 1535 Dominus
1444 1480 1739 1534 laudandus
1765 1490 1865 1535 est.
1902 1479 1970 1533 Et
2002 1483 2103 1535 vir-

532 1564 663 1609 tutes
685 1557 814 1619 eius,
839 1554 888 1608 id
911 1563 1014 1617 εει,
1031 1564 1083 1608 ει
1101 1554 1152 1607 in
1174 1553 1365 1622 quibus
1386 1562 1606 1620 apparet
1632 1554 1863 1621 potentia
1887 1553 2024 1619 ejus,
2049 1560 2103 1608 ει

533 1625 793 1679 mirabilia
816 1628 946 1693 ejus,
977 1624 1028 1679 id
1056 1635 1156 1689 est,
1189 1632 1242 1677 et
1267 1638 1383 1689 qua:
1410 1623 1583 1690 digna:
1614 1631 1738 1675 sunt
1765 1622 2097 1677 admiranda.

983 231 1187 290 BEDE
1229 228 1679 289 VENERABILIS
1715 227 1865 286 OPP.
1908 226 2085 283 PARS
2122 226 2185 284 Il.
2226 226 2419 288 SEC'I‘.
2462 227 2527 285 ll.
2569 260 2639 271 -——
2678 228 2885 288 DUBIA
2926 229 3013 287 ET
3055 196 3355 289 spuma.—

518 347 682 402 Dictts
736 354 790 402 et
829 343 1074 415 scriptis,
1117 344 1254 398 sicut
1296 343 1495 407 Isaias,
1528 352 1580 397 et
1638 342 1727 415 alii
1780 342 2085 411 prophetae;
2115 341 2164 400 Α
2193 347 2653 412 interpretatione.
2714 345 2901 400 Posuit
2951 354 3127 401 tamen
3180 347 3264 402 hic
3293 347 3451 403 etiam
3498 362 3576 405 no

3695 233 3804 293 896

3689 360 3796 418 ter.

2212 418 2415 491 scilicet
2441 421 2560 489 quia
2593 433 2753 491 grave
2778 420 2962 491 jugum
2988 460 3004 483 ,
3031 418 3199 491 legem
3234 420 3503 491 rvidelicet
3533 434 3803 491 peccato-

2211 489 2357 545 ribus
2386 489 2657 558 imposuit.
2692 489 2798 543 Lex
2849 490 3004 554 enim,
3038 496 3096 544 ut
3120 490 3194 543 ait
3217 489 3549 557 Apostolus.‘
3570 510 3681 548 non
3738 502 3817 549 est

2210 564 2376 627 posita
2408 563 2588 635 justis,
2619 564 2704 615 εει-ι
2736 561 2944 633 injustis
2972 604 2986 628 ,
3031 562 3156 631 quia
3180 561 3354 632 justus
3384 578 3489 619 non
3523 564 3627 620 sub
3681 564 3808 635 lege

2209 641 2309 693 est.
2345 636 2437 689 sed
2463 633 2513 687 in
2538 634 2673 703 lege.

2282 705 2484 770 Quanta
2504 704 2761 759 mandavit
2775 705 3023 770 patribus.
3051 704 3347 771 Suscilavit,
3373 707 3612 776 inquam,
3655 710 3809 762 testia

2209 778 2434 831 monium
2461 784 2509 830 et
2546 777 2713 847 posuit
2744 776 2921 846 legem,
2985 784 3039 831 et
3068 776 3120 830 in
3172 778 3285 845 lege
3331 788 3528 847 quanta
3564 778 3803 843 inﬁnita,

2207 846 2411 902 scilicet
2444 848 2701 901 mandauit
2730 846 2959 919 patribus
3012 850 3218 909 nostris.
3274 846 3479 913 idest,
3528 850 3806 915 prioribus

2207 919 2402 973 nostris
2429 928 2547 972 nota
2570 918 2753 988 facere,
2779 918 2828 971 id
2847 927 2950 979 est,
2971 926 3026 971 ut
3044 929 3166 973 nota
3184 934 3248 973 ea
3263 919 3500 974 facerent
3526 921 3651 988 filiis
3674 924 3807 985 suis.

2206 988 2388 1056 idest,
2440 991 2663 1057 posteris
2718 989 2849 1044 suis.
2907 990 3127 1056 Quidam
3168 1004 3295 1044 vero
3351 998 3477 1046 nota
3526 992 3804 1058 fecerunt,

2205 1060 2418 1126 quidam
2448 1077 2572 1114 non.
2594 1060 2669 1115 Illi
2693 1076 2921 1128 namque
2942 1063 3027 1129 qui
3054 1060 3401 1128 spiritualiter
3424 1078 3487 1117 ea
3516 1063 3807 1117 intellexe-

2206 1140 2349 1196 runt,
2382 1142 2434 1185 et
2459 1133 2811 1197 impleverunt
2854 1131 2927 1185 illi
2980 1134 3114 1186 bene
3164 1142 3285 1186 nota
3318 1148 3379 1187 ea
3413 1132 3686 1196 fecerunt,
3712 1136 3806 1189 alii

2202 1216 2331 1255 vero
2361 1218 2458 1258 nec
2502 1210 2884 1271 cognoverunt,
2932 1218 3031 1256 nec
3062 1213 3185 1258 nota
3219 1219 3281 1258 ea
3336 1203 3606 1259 fecerunt.
3641 1205 3803 1270 Nota,

2204 1272 2437 1341 inquam,
2462 1272 2711 1339 lacerent,
2730 1273 2795 1327 ad
2815 1274 2915 1327 huc
2939 1283 2990 1326 ut
3016 1291 3199 1342 genera
3222 1277 3408 1341 altera.
3438 1276 3488 1328 id
3522 1284 3627 1336 est,
3647 1277 3809 1343 spiri-

2204 1343 2319 1398 talis
2366 1354 2653 1415 cognoscat,
2707 1345 2847 1409 quod
2876 1360 2980 1415 non
3028 1347 3274 1413 cognovit
3330 1346 3477 1414 prior
3518 1348 3806 1415 generatio

2201 1414 2443 1469 carnalis.
2468 1416 2530 1469 Et
2560 1425 2615 1468 ut
2644 1416 2875 1470 sciamus
2892 1414 3017 1484 quid
3042 1426 3195 1471 vocet
3221 1414 3631 1486 generationem
3658 1418 3801 1471 alte-

2201 1500 2338 1548 ram,
2381 1486 2509 1540 dicit
2541 1504 2552 1537 :
2588 1488 2708 1551 quia
2740 1486 2825 1540 illa
2856 1488 3130 1555 generatio
3151 1498 3302 1542 erunt
3327 1487 3428 1556 filii
3459 1488 3536 1541 illi
3560 1490 3653 1556 qui
3683 1505 3805 1542 nas-

2198 1567 2398 1619 centur,
2418 1574 2519 1613 non
2530 1557 2637 1625 jam
2653 1557 3019 1625 corporaliter,
3036 1558 3128 1611 sed
3142 1558 3488 1625 spiritualiter
3502 1568 3559 1612 et
3574 1561 3647 1613 ita
3665 1560 3803 1625 quod

2200 1639 2524 1697 exsorgeret,
2546 1630 2594 1681 id
2619 1637 2721 1692 est,
2743 1628 2878 1693 quod
2896 1629 3058 1681 corda
3081 1644 3293 1683 sursum
3313 1629 3378 1683 ad
3400 1640 3610 1683 :eterna
3630 1632 3805 1699 erige-

534 1696 790 1770 h_lirab_ilia
809 1697 925 1750 dico
946 1713 1059 1770 qua,"
1081 1697 1218 1770 fecit,
1247 1694 1300 1770 id
1328 1702 1429 1755 est,
1450 1709 1567 1770 qua:
1595 1694 1707 1770 ipse
1723 1703 1973 1762 operatus
1996 1704 2099 1770 est.
2136 1706 2181 1766 Β
2209 1708 2309 1765 ret,
2334 1694 2436 1753 non
2470 1714 2598 1752 vero
2620 1699 2684 1770 ad
2716 1708 2924 1752 terrena
2979 1698 3139 1753 veluti
3170 1700 3242 1753 illi
3289 1701 3498 1767 priores
3528 1715 3595 1754 se
3623 1694 3807 1770 dep'rio

536 1767 792 1821 Eamdem
816 1782 928 1821 rem
950 1764 1145 1835 accipit
1169 1781 1261 1834 per
1288 1764 1402 1819 haec
1426 1766 1543 1830 tria,
1572 1765 1798 1826 scilicet,
1827 1768 2105 1819 scrutatio-

539 1853 661 1891 nem
692 1838 981 1892 testimonii
1009 1848 1062 1891 et
1087 1835 1517 1892 consecutionem
1566 1835 1719 1905 legis,
1754 1836 1835 1889 vel
1880 1837 2109 1903 positio-

538 1924 683 1973 nem,
715 1909 852 1963 sicut
881 1924 1109 1976 sequens
1140 1921 1325 1962 versus
1356 1906 1547 1960 innuit.
1580 1905 1707 1976 Qua:
1739 1906 1821 1960 lex
1853 1906 2109 1961 mirabilis

539 1988 643 2044 est,
672 1971 717 2033 si
746 1995 848 2033 non
872 1971 1159 2034 secundum
1185 1978 1357 2047 signa,
1381 1977 1473 2032 sed
1495 1971 1786 2031 secundum
1812 1977 2109 2047 signiﬁcata

542 2050 852 2115 accipiatur.
882 2052 943 2104 Et
966 2050 1084 2104 ideo
1106 2052 1264 2104 etiam
1288 2047 1570 2112 mirabilis,
1593 2050 1714 2115 quia
1742 2048 1861 2103 illos
1880 2049 1969 2119 qui
1992 2064 2110 2103 eam

538 2121 787 2187 implent,
812 2122 1080 2175 mirabiles
1113 2120 1255 2174 facit.
1331 2164 1341 2175 .

614 2190 680 2243 Et
709 2193 964 2246 suscitavit
989 2192 1329 2246 testimonium
1358 2192 1411 2245 in
1433 2190 1611 2245 Iacob.
1648 2188 1779 2244 Dico
1802 2190 1920 2259 quia
1955 2190 2114 2244 mira-

541 2262 665 2314 hllia
695 2262 838 2325 fecit,
870 2276 922 2315 et
950 2264 1051 2316 hoc
1072 2262 1193 2316 dico
1218 2273 1435 2331 propter
1465 2260 1846 2317 scrutationem
1874 2262 2116 2316 testimo-

542 2332 617 2386 nii
648 2332 698 2386 in
727 2333 912 2397 Jacob,
956 2344 1005 2387 et
1040 2334 1355 2401 positionem
1388 2333 1516 2403 legis
1556 2334 1608 2387 in
1642 2332 1827 2403 Israel.
1874 2332 1980 2385 Lex
2015 2349 2114 2386 na-

547 2405 791 2458 turaliter
836 2404 952 2457 data
979 2405 1061 2459 est
1090 2406 1259 2473 primo
1290 2402 1516 2469 homini,
1543 2402 1756 2473 quando
1803 2404 2005 2456 dictum
2037 2412 2120 2458 est

543 2475 592 2528 ei
624 2492 634 2525 :
665 2473 737 2528 De
758 2476 854 2528 isto
876 2479 1128 2540 comedas,
1163 2476 1224 2528 de
1247 2477 1340 2529 isto
1370 2492 1473 2528 non
1505 2474 1777 2538 comedas;
1808 2474 1899 2527 sed
1926 2474 2007 2527 lex
2032 2474 2116 2527 illa

549 2546 721 2613 sopita
754 2545 847 2600 luit
888 2546 939 2599 in
988 2563 1053 2602 eo
1105 2562 1195 2615 per
1232 2545 1646 2600 inobedientiam
1676 2586 1692 2611 ,
1740 2545 1989 2599 suscitata
2040 2555 2121 2599 est

544 2627 723 2671 autem
777 2626 981 2685 postea,
1043 2617 1092 2671 id
1140 2627 1221 2672 εει
1275 2618 1585 2671 conlirmata
1624 2631 1721 2685 per
1768 2616 2118 2683 Scripturam.

552 2685 733 2741 Potest
756 2690 916 2742 etiam
948 2691 1057 2756 ipsa
1088 2688 1363 2756 Scriptura
1395 2686 1789 2755 quodammodo
1810 2686 1912 2740 dici
1938 2686 2119 2740 susci-

550 2764 676 2817 tata,
710 2759 831 2824 quia
856 2759 991 2813 sicut
1040 2773 1182 2813 mors
1211 2760 1402 2813 dicitur
1434 2758 1647 2826 pallida,
1702 2773 1766 2812 eo
1795 2758 1933 2827 quod
1967 2758 2123 2811 iaciat

550 2828 803 2894 pallidum
831 2848 841 2881 :
879 2833 947 2883 ita
975 2829 1319 2897 etScriptura
1356 2838 1533 2899 potest
1559 2830 1660 2885 dici
1689 2830 1965 2894 suscitata,
1997 2831 2119 2898 quia

552 2899 828 2967 suscitavit
855 2910 1150 2967 peccatum.
1180 2901 1329 2965 Quod
1357 2912 1575 2957 testatur
1596 2901 1881 2966 Apostolus
1902 2900 2117 2953 dicens:

558 2966 799 3023 Veniente
826 2966 1079 3035 mandato,
1112 2973 1288 3025 revixit
1328 2983 1604 3041 peccatum.
1658 2969 1961 3025 Nesciebum
1987 2972 2123 3025 enim

550 3042 1009 3111 concupiscentiam
1041 3059 1147 3097 esse
1174 3052 1451 3113 peccatum,
1486 3044 1582 3097 nisi
1612 3042 1694 3096 lea:
1724 3043 1907 3096 diceret
1932 3057 1951 3095 :
2000 3041 2123 3096 Non

550 3113 897 3184 concupisces.
939 3114 1007 3167 Et
1037 3114 1245 3169 videtur
1294 3116 1508 3184 exigere
1573 3114 1764 3177 littera,
1805 3114 1924 3180 quia
1947 3114 2071 3166 dicit
2103 3128 2123 3169 :

557 3181 834 3255 Suscitavit
854 3186 1221 3239 testimonium.
1273 3181 1561 3255 Ipsa—enim
1607 3184 1877 3252 Scriptura
1931 3185 2125 3239 dicitur

555 3254 941 3326 testimonium,
969 3257 1019 3308 in
1048 3254 1311 3325 quantum,
1334 3256 1531 3326 aliquid
1556 3255 1781 3324 probat;
1820 3255 1901 3308 his
1923 3255 2124 3326 quippe

553 3325 763 3390 quando
784 3341 845 3380 ea
875 3327 1110 3395 legitime
1138 3336 1379 3393 utuntur,
1404 3325 1486 3382 est
1514 3325 1874 3381 testimonium
1903 3325 2123 3381 damna-

552 3395 734 3467 tionis.
786 3397 852 3450 Et
888 3399 1129 3467 quamvis
1176 3399 1335 3453 etiam
1390 3398 1623 3467 legitime
1673 3397 2121 3452 utentihustesti-

554 3465 792 3543 monium
826 3465 921 3543 sit'
946 3469 1294 3543 liberationis,
1337 3465 1513 3543 tamen
1541 3476 1795 3536 quantum
1837 3469 1901 3543 ad
1933 3468 2122 3543 malos,

553 3533 750 3590 dicitur
773 3541 947 3605 potius
973 3533 1333 3595 testimonium
1367 3558 1380 3595 :
1414 3540 1536 3609 quia
1557 3533 1749 3609 contra
1778 3538 1947 3593 malos
1974 3533 2123 3594 testi;

556 3609 793 3660 monium
844 3611 1203 3665 maxime'est
1256 3607 1640 3666 necessarium.
1690 3607 1893 3663 Dicitur
1937 3610 2122 3666 eadem

555 3675 825 3751 §criptura
857 3679 964 3744 lex,
993 3679 1047 3736 in
1065 3693 1318 3749 quantum
1338 3682 1582 3751 prohibet
1601 3680 1819 3747 aliquid,
1844 3681 1922 3735 vel
1949 3679 2120 3748 jubet.

556 3747 627 3823 Et
646 3759 821 3815 potest
843 3751 913 3803 ita
941 3747 1254 3823 legi‘versus
1276 3747 1471 3819 iste,ut
1500 3768 1593 3823 per
1612 3751 1776 3823 Jacob
1801 3747 2123 3819 accipiamus

559 3818 733 3873 minus
757 3836 915 3893 quam
940 3818 1032 3888 per
1055 3821 1217 3876 Israel
1252 3840 1266 3876 :
1297 3818 1516 3878 scilicet'
1542 3838 1636 3892 per
1662 3821 1824 3893 Jacob
1856 3818 2121 3893 intelliga-

558 3905 691 3960 mus
722 3890 1141 3959 proﬁciscentes,
1195 3902 1249 3948 et
1297 3890 1584 3948 carnaliter
1635 3890 2124 3960 intelligentesfet

557 3959 791 4033 nondum
822 3962 1061 4017 videntes
1088 3981 1101 4017 :
1135 3979 1230 4033 per
1259 3964 1417 4019 Israel
1448 3979 1598 4029 vero,
1629 3962 1767 4030 quod
1804 3959 2124 4031 interpreta-

556 4041 643 4085 tur
688 4032 763 4104 vir
790 4033 966 4089 videns
996 4032 1181 4101 Deum,
1231 4035 1590 4104 intelligamus
1638 4034 2025 4099 pervenientes,
2067 4032 2121 4089 id

553 4112 659 4175 est,
691 4103 848 4157 saluti
902 4105 1212 4173 viciniores,
1243 4115 1298 4161 et
1345 4103 1691 4175 spiritualiter
1742 4104 2116 4174 intelligentes.

553 4172 683 4246 Item
718 4190 810 4242 per
840 4177 1201 4232 testimonium
1244 4172 1420 4232 minus
1447 4192 1603 4246 quam
1638 4190 1731 4243 per
1760 4172 1934 4244 legem
1970 4177 2120 4230 acci-

557 4244 781 4316 piamus,
814 4249 935 4310 quia
955 4248 1142 4302 eadem
1179 4250 1448 4315 Scriptura
1464 4244 1672 4316 dignior
1699 4256 1780 4301 est
1810 4249 1859 4300 in
1887 4261 1951 4300 eo
1981 4246 2119 4315 quod

555 4314 640 4388 lex
663 4322 763 4377 est,
793 4329 951 4382 quam
971 4318 1043 4388 _in
1074 4334 1139 4372 eo
1168 4314 1308 4388 quod
1337 4314 1720 4375 testimonium.
1772 4317 1873 4373 Per
1898 4314 2115 4372 suscita-

552 4384 1087 4459 aitquoque_minus
1144 4384 1297 4458 quam
1330 4407 1424 4459 per
1486 4389 1689 4443 Posuit.
1745 4389 1811 4443 Et
1864 4390 2115 4443 dicatur:

2213 1782 2438 1825 merent.
2470 1771 2532 1823 Et
2562 1768 2647 1823 isti
2672 1770 2831 1823 etiam
2883 1772 3163 1824 narrabant
3204 1771 3340 1825 veris
3391 1771 3521 1838 ﬁliis
3574 1768 3708 1837 suis,
3752 1770 3803 1826 id

2210 1851 2312 1903 est,
2357 1841 2710 1894 imitatorihus
2764 1839 2885 1911 ﬁdei
2916 1856 3056 1900 suat.
3093 1842 3192 1895 hoc
3241 1842 3466 1904 scilicet,
3500 1851 3554 1894 ut
3618 1849 3806 1911 ponent

2213 1912 2297 1964 isti
2329 1912 2464 1966 sicut
2490 1923 2544 1965 et
2572 1912 2644 1965 illi
2672 1913 2725 1965 in
2784 1909 2889 1964 Deo
2910 1927 3050 1980 spem
3095 1929 3263 1974 suam,
3292 1912 3340 1965 id
3385 1923 3491 1978 est,
3529 1921 3591 1966 ut
3621 1909 3808 1970 nolint

2212 1991 2432 2057 statuere
2449 1983 2703 2057 justitiam
2726 1999 2892 2044 suam,
2918 1992 2963 2035 et
2980 1982 3434 2057 justititeDeinon
3488 1986 3803 2057 esseab}:-

2214 2055 2320 2117 cti;
2373 2055 2466 2108 sed
2501 2063 2699 2107 tantum
2737 2065 2952 2119 sperent
2983 2052 3047 2107 'in
3092 2052 3295 2122 justitia
3347 2055 3463 2117 Dei,
3530 2055 3662 2123 quia
3721 2052 3805 2121 per

2210 2123 2469 2190 justitiam
2510 2123 2773 2195 factorum
2818 2124 2993 2177 nullus
3031 2126 3337 2191 salvabitur,
3370 2127 3469 2181 sed
3515 2141 3618 2195 per
3642 2128 3803 2181 solam

2213 2195 2467 2263 justitiam
2496 2194 2652 2249 fidein
2686 2195 2751 2248 Et
2789 2195 3079 2249 narrabant
3129 2197 3287 2249 etiam
3335 2197 3412 2251 eis
3440 2207 3502 2250 ut
3524 2194 3528 2195 ί
3554 2215 3667 2251 non
3686 2198 3804 2251 obli-

2216 2266 2476 2319 t'iscanlur
2505 2281 2715 2333 operum
2743 2264 2858 2328 Dei,
2901 2265 2953 2319 id
2981 2274 3083 2330 est,
3115 2281 3183 2321 ne
3228 2267 3332 2321 sint
3375 2269 3577 2336 ingrati
3610 2267 3803 2323 beneﬁo

2218 2338 2312 2392 ciis
2372 2337 2498 2405 Dei,
2555 2346 2611 2390 et
2665 2352 2761 2391 sua
2814 2351 2975 2403 Opera
3028 2338 3404 2407 magniﬁcent.
3458 2339 3571 2393 imo
3625 2340 3808 2393 oblivi-

2219 2419 2435 2461 scantur
2500 2423 2721 2462 suorum
2786 2422 3008 2475 operum
3045 2447 3059 2473 ,
3126 2419 3179 2463 et
3242 2409 3591 2478 magniﬁcent
3654 2425 3805 2476 opera

2224 2480 2313 2532 Dei
2345 2489 2401 2533 ut
2422 2494 2526 2533 non
2561 2487 2853 2547 provocent
2882 2479 2997 2545 ejus
3020 2479 3369 2547 iracundiam,
3400 2481 3497 2536 sed
3526 2482 3807 2536 concilient

2223 2549 2665 2604 misericordiam.
2722 2547 2785 2602 Et
2825 2550 3091 2615 exquirant
3122 2551 3243 2604 data
3265 2551 3383 2621 ejus
3407 2552 3798 2616 misericordia,

2222 2635 2326 2673 non
2359 2629 2559 2676 tantum
2603 2622 2670 2675 ad
2743 2621 3037 2685 sciendum,
3066 2622 3157 2675 sed
3187 2621 3252 2676 ad
3302 2623 3629 2678 faciendum.
3665 2621 3802 2687 Hac,

2222 2689 2459 2759 inquam,
2489 2693 2665 2746 omnia
2711 2691 2932 2753 faciant,
2983 2708 3044 2745 ne
3080 2692 3205 2760 ﬁant
3252 2692 3651 2749 abominabiles
3682 2694 3801 2756 Deo,

2222 2762 2353 2834 sicut
2394 2763 2635 2818 carnales
2682 2773 2847 2830 patres
2894 2778 3093 2816 eorum.
3146 2763 3281 2830 Qui,
3329 2765 3583 2829 scilicet,
3632 2774 3804 2834 patres

2224 2831 2435 2888 fuerunt
2466 2836 2722 2904 generatio
2764 2851 2918 2901 prava
2963 2844 3011 2887 et
3060 2850 3368 2904 exasperans
3420 2831 3724 2897 Deumfet
3750 2835 3803 2889 in

2264 2919 2331 2959 uo
2355 2915 2531 2960 essent
2562 2907 2817 2975 generatio
2840 2921 2999 2975 prava
3022 2906 3170 2971 dicit,
3204 2906 3435 2972 scilicet,
3468 2907 3525 2959 in
3554 2910 3647 2959 hoc
3674 2906 3795 2973 quia

2252 2985 2440 3057 tierunt
2466 2977 2689 3057 distorta
2713 2976 3006 3057 generatio,
3037 2991 3148 3044 qua:
3173 2992 3273 3057 non
3298 2978 3489 3057 direxit
3517 2993 3599 3030 cor
3622 2993 3796 3057 suum.

2149 3074 2198 3139 ε
2230 3045 2817 3139 insectante:aliis“
2838 3048 3419 3139 °°f.5“1‘_'.'12.q“‘.9l‘9“
3442 3048 3801 3139 estsine}:

2227 3115 2341 3185 ligit
2403 3133 2508 3172 non
2573 3118 2834 3188 corrigit,
2898 3125 2953 3172 et
3014 3115 3190 3188 quod‘
3238 3118 3375 3173 bene
3442 3119 3694 3186 intelligit
3751 3117 3804 3173 in

2224 3195 2401 3260 actum
2468 3206 2571 3243 non
2637 3188 2895 3256 perducit.
2964 3188 3030 3242 Et
3102 3190 3153 3243 in
3209 3189 3311 3244 hoc
3367 3188 3468 3244 fuit
3529 3191 3809 3260 generatio

2226 3258 2316 3313 illa
2361 3274 2705 3329 exasperans,
2758 3260 2885 3328 quia
2914 3260 3121 3327 spiritus
3161 3261 3270 3328 ejus
3324 3276 3425 3315 non
3453 3258 3551 3315 est'
3576 3261 3810 3314 creditus

2224 3344 2339 3401 cum
2373 3329 2493 3393 Deo,
2528 3330 2703 3396 idest,
2743 3331 2862 3401 quia
2895 3346 3001 3384 non
3052 3331 3234 3384 habuit
3283 3330 3455 3397 ﬁdem,
3485 3346 3604 3400 qua:
3663 3330 3811 3386 ﬁdes

2225 3399 2450 3469 imperat
2473 3402 2611 3470 quod
2645 3404 2723 3456 lex
2760 3399 3020 3469 'imperat.
3079 3403 3211 3456 Cum
3243 3404 3381 3456 enim
3428 3399 3644 3467 Spiritus
3704 3402 3811 3457 Dei

2224 3481 2539 3539 cooperator
2559 3472 2765 3541 spiritui
2793 3483 2995 3534 nostro,
3029 3480 3153 3526 tunc
3190 3473 3331 3541 quod
3362 3474 3438 3526 les
3471 3472 3645 3540 jubet,
3694 3474 3813 3527 im-

2224 3541 2399 3614 pletur
2426 3560 2440 3608 ;
2484 3544 2622 3607 quod
2652 3541 2765 3598 ﬁeri
2815 3544 2996 3609 nequit
3029 3544 3126 3597 nisi
3156 3542 3424 3599 credendo
3454 3542 3504 3598 in
3531 3558 3659 3614 eum
3711 3545 3805 3614 qui

2222 3611 2481 3682 justilicat
2507 3614 2748 3679 impium.
2803 3613 3010 3667 [Iabere
3057 3621 3233 3668 autem
3262 3614 3500 3683 spiritum
3528 3611 3801 3671 creditum

2225 3699 2346 3736 cum
2382 3685 2509 3751 Deo,
2543 3694 2623 3739 est
2651 3685 2873 3739 credere
2896 3685 2963 3738 ad
2990 3684 3199 3754 aliquod
3224 3685 3419 3739 bonum
3447 3700 3581 3753 opus
3599 3698 3662 3739 se
3697 3700 3806 3741 non

2225 3754 2474 3809 sullicere
2502 3758 2617 3810 sine
2648 3755 2837 3823 spiritu
2869 3756 2958 3810 Dei
2981 3766 3317 3823 cooperante.
3351 3756 3417 3809 Et
3446 3755 3546 3810 hoc
3569 3764 3653 3810 est
3677 3772 3798 3811 cre—

2224 3824 2351 3880 dere
2376 3825 2428 3879 in
2459 3827 2643 3891 Deum,
2665 3828 2764 3880 hoc
2781 3835 2863 3881 est
2890 3825 3046 3880 ﬁdem
3072 3826 3286 3891 habere,
3320 3828 3371 3881 id
3393 3838 3496 3896 εει,
3526 3826 3804 3882 credendo

2227 3896 2333 3967 Deo
2362 3896 2635 3952 adhaerere
2655 3938 2668 3959 ,
2699 3897 2833 3951 bona
2863 3899 3105 3964 aperanti
3126 3898 3191 3951 ad
3224 3900 3357 3953 bene
3382 3898 3808 3967 cooperandum.

2224 3965 2335 4039 Illi‘
2354 3979 2530 4022 autem
2575 3983 2678 4021 non
2709 3967 3007 4022 habuerunt
3035 3968 3279 4038 spiritum
3306 3983 3458 4023 suum
3486 3965 3808 4035 creditum,

2224 4037 2401 4108 idest,
2431 4040 2775 4093 commissum
2820 4054 2939 4093 cum
2968 4037 3098 4100 Deo,
3150 4056 3271 4095 cum
3315 4055 3419 4108 quo
3459 4041 3713 4108 quiSquis
3762 4042 3807 4095 ei

2204 4107 2457 4180 adhzeret
2488 4125 2623 4166 unus
2652 4111 2870 4177 spiritus
2916 4110 3165 4172 efﬁcitur.
3214 4107 3344 4179 quia
3389 4107 3721 4180 putaverunt
3749 4127 3808 4166 se

2222 4178 2285 4231 ad
2339 4179 2593 4246 justitiam
2624 4182 2890 4246 sullicere,
2947 4182 3064 4235 sine
3093 4178 3284 4248 spiritu
3320 4178 3412 4235 Dei
3446 4192 3799 4249 coeperante.

2294 4248 2419 4303 Filii
2446 4251 2686 4314 Ephrem.
2712 4252 2871 4317 Quasi
2898 4252 3040 4306 dicat
3068 4270 3079 4303 :
3111 4251 3223 4306 Non
3250 4253 3424 4306 solum
3450 4248 3695 4306 minores
3725 4254 3804 4308 iu-

2223 4330 2305 4394 ter
2326 4322 2444 4375 illos
2471 4324 2679 4377 luerunt
2701 4324 3159 4394 pravageneratio
3180 4366 3194 4387 ,
3222 4324 3315 4377 sed
3341 4333 3394 4394 et
3412 4323 3510 4391 ﬁlii
3542 4321 3801 4394 Ephrem,

2224 4392 2278 4445 id
2307 4402 2419 4458 est,
2450 4407 2479 4445 a
2512 4394 2702 4459 quibus
2744 4393 2973 4448 maxime
3003 4394 3317 4463 sperabatur
3345 4393 3545 4448 bonum
3573 4392 3601 4459 ,“
3629 4404 3689 4448 ει
3719 4395 3807 4463 qui

554 4440 852 4534 Suscitavit.
873 4440 1521 4534 Dominus_‘sciipiu'r}.ni_
1539 4440 1692 4534 ista;
1723 4440 2123 4534 sissesisse;
2151 4440 2198 4499 D
2227 4440 2973 4533 sitassaesanitati;
2986 4440 3808 4534 causa;'ﬁsisihsiiiat'fgéi

557 4526 790 4597 monium
822 4525 1201 4594 damnationis,
1252 4525 1457 4591 scilicet
1510 4531 1562 4584 in
1594 4525 1780 4595 Iacob,
1829 4531 1878 4583 id
1933 4540 2034 4597 est,
2068 4533 2121 4587 in

555 4596 956 4671 proficientibus
984 4608 1212 4663 tantum,
1239 4618 1341 4656 non
1374 4602 1823 4671 pervenientibus.
1849 4600 1914 4654 Et
1943 4596 2123 4670 posuit

553 4668 793 4739 eatndem
825 4668 1149 4738 Scripturam
1180 4671 1233 4726 in
1271 4668 1436 4739 legem
1468 4673 1649 4736 Israel,
1687 4672 1738 4726 id
1770 4681 1870 4739 est,
1904 4668 1959 4725 ut
1984 4683 2127 4728 esset

555 4737 659 4802 lex,
681 4738 739 4812 id
769 4750 891 4812 est,
912 4737 1220 4810 prohibitio.
1272 4737 1501 4798 Attende
1549 4745 1686 4811 quod
1717 4743 1803 4797 hic
1834 4737 2019 4812 posuit,
2052 4745 2124 4801 ibi

552 4809 834 4865 suscitavit.
872 4809 1047 4869 Pesita
1073 4815 1301 4883 est,quia
1325 4814 1375 4868 in
1402 4814 1517 4867 istis
1548 4809 1767 4868 lirmiter
1782 4809 1865 4869 est
1897 4831 1909 4864 ε
1937 4815 2007 4869 ibi
2031 4830 2123 4870 ve-

554 4890 830 4956 rutantum
845 4886 1119 4951 suscitata,
1150 4886 1198 4939 id
1226 4895 1330 4947 cst,
1354 4899 1537 4956 parum
1567 4895 1833 4939 commota
1863 4886 1980 4951 fuit,
2004 4889 2123 4956 quia

552 4965 659 5005 non
682 4952 903 5009 ﬁrmiter
928 4958 1006 5010 eis
1029 4956 1259 5010 inhaesit.
1289 4952 1431 5010 Et'in
1477 4954 1592 5009 istis
1615 4956 1773 5023 digne
1813 4966 1894 5010 est
1920 4952 2041 5021 lex,
2073 4958 2126 5012 id

549 5030 655 5097 est,
684 5022 988 5093 prohibitio,
1022 5029 1144 5097 quia
1193 5044 1296 5082 non
1336 5034 1540 5081 tantum
1571 5022 1811 5097 cessatur
1834 5042 1862 5080 a
1895 5029 2127 5095 peccatis

551 5092 741 5169 timore
777 5092 981 5163 patum,
1016 5092 1109 5154 sed
1151 5114 1334 5154 amore
1357 5097 1597 5169 justitizc.
1626 5096 1859 5166 Uterque
1895 5092 2046 5152 enim
2075 5109 2128 5153 ει

549 5164 641 5242 qui
672 5166 861 5242 timore
892 5184 1084 5242 ροειιςε,
1133 5181 1199 5242 et
1250 5164 1570 5242 qui'amore
1604 5164 1821 5242 iustitia:
1847 5184 1874 5221 a
1910 5170 2047 5242 furto
2070 5184 2127 5224 εε

551 5233 799 5306 abstinet,
843 5233 999 5295 habet
1024 5233 1283 5297 similem'
1310 5256 1547 5306 manum,
1577 5233 1673 5295 sed
1738 5255 1841 5294 non
1897 5240 2126 5296 similem

547 5305 799 5381 animum.
831 5310 1039 5367 Similes
1062 5315 1204 5369 enim
1223 5324 1342 5369 sunt
1365 5314 1416 5367 in
1446 5305 1741 5381 opere,sed
1755 5310 2044 5365 dissimiles
2074 5314 2128 5367 in

548 5375 838 5458 voluntate.
861 5383 1215 5458 I’o_testetiam
1243 5388 1331 5458 hic,
1351 5375 1690 5458 ident'versus
1718 5382 2027 5458 simpliciter
2044 5397 2127 5437 ex-

548 5454 696 5525 νρηί,
716 5460 780 5525 Ill
797 5467 890 5519 per
914 5454 1078 5510 Jacob
1107 5466 1160 5511 et
1180 5456 1335 5510 Israel
1365 5465 1417 5510 et
1458 5470 1551 5522 per
1596 5455 1763 5522 legem
1794 5462 1847 5506 ct
1878 5455 2128 5525 testimo-

548 5521 713 5597 nium,
736 5521 870 5597 idem
896 5529 1215 5594 accipiamus
1238 5529 1335 5582 hoc
1360 5521 1544 5580 modo:
1568 5521 1843 5580 Suscitavit
1874 5524 2127 5597 Dominus

548 5594 885 5664 [fillntonium
903 5607 958 5649 ut
975 5610 1117 5654 esset
1143 5603 1193 5653 in
1215 5598 1391 5664 Iacob,
1416 5598 1465 5652 id
1479 5607 1581 5661 est,
1604 5598 1653 5650 in
1675 5597 1866 5663 potiqu
1884 5594 1910 5649 .l
1921 5596 2124 5654 udaico.

546 5658 764 5743 E‘h‘lljld
798 5676 945 5743 Vocet
980 5673 1337 5743 testimonium
1379 5658 1622 5743 exponit
1654 5658 1837 5743 dicens
1872 5686 1907 5743 :_
1932 5664 2000 5719 Et
2030 5685 2126 5743 po-

542 5732 644 5788 suit
678 5732 837 5806 legem
888 5737 940 5793 in
994 5742 1181 5800 Israel.
1232 5738 1399 5799 Israel
1450 5732 1765 5813 Simpliciter
1796 5738 1980 5811 accipe
2008 5732 2124 5800 sine

2228 4548 2325 4605 suo
2352 4534 2539 4604 majori
2566 4536 2616 4589 in
2640 4535 3013 4590 benedictione
3032 4535 3118 4589 avi
3144 4536 3229 4589 sui
3253 4535 3439 4590 Iacob.
3465 4536 3518 4589 In
3540 4550 3646 4605 qua
3677 4553 3810 4605 pre-

2228 4604 2425 4659 Iatione
2465 4607 2589 4672 quid
2630 4606 2771 4660 aliud
2809 4605 3087 4662 videbatur
3115 4606 3185 4661 de
3227 4607 3343 4673 ipso
3372 4604 3633 4676 Ephraim
3682 4604 3812 4676 pro-

2230 4676 2443 4731 mittere
2467 4676 2654 4743 Jacoh,
2683 4693 2840 4745 quam
2867 4679 3116 4734 virtutem
3141 4684 3198 4733 et
3216 4693 3375 4732 omne
3400 4678 3640 4733 bonum?
3668 4679 3812 4732 Nihil

2231 4748 2428 4816 utique.
2461 4747 2526 4801 Et
2551 4746 2669 4802 ideo
2706 4748 2802 4815 [itii
2836 4748 3086 4818 Ephraim
3118 4749 3348 4815 positum
3376 4757 3459 4803 est
3489 4748 3577 4804 hic
3606 4750 3673 4804 ad
3717 4751 3809 4804 de-

2228 4818 2544 4884 signandum
2578 4820 2695 4872 illos
2740 4818 2807 4873 de
2848 4820 3042 4888 quibus
3089 4819 3280 4874 melius
3317 4820 3673 4888 sperabatur,
3720 4823 3805 4888 qui

2230 4898 2406 4961 tamen
2448 4890 2569 4943 facti
2601 4900 2724 4943 sunt
2772 4905 2927 4957 prava
2973 4893 3285 4959 generatio;
3334 4891 3477 4961 quod
3519 4900 3632 4946 tam
3678 4892 3813 4947 acci-

2230 4959 2597 5031 piendumicst
2638 4963 2689 5014 in
2722 4961 2822 5015 hoc
2867 4962 3190 5027 posteriori,
3220 4959 3378 5028 quam
3417 4963 3471 5017 in
3503 4962 3602 5017 illo
3650 4962 3813 5031 priori

2232 5032 2448 5103 populo.
2484 5030 2551 5084 Et
2578 5032 2627 5084 in
2655 5046 2759 5100 quo
2791 5032 2950 5103 etiam
2983 5032 3036 5086 hi
3066 5032 3176 5086 sint
3215 5047 3376 5101 prava
3405 5030 3693 5103 generatio
3723 5048 3814 5087 os—

2233 5101 2403 5154 tendit
2434 5118 2444 5151 :
2478 5103 2599 5169 quia
2650 5103 2798 5170 quasi
2843 5102 3160 5157 intendentes
3192 5119 3370 5156 arcum
3393 5101 3430 5169 ,“
3461 5114 3511 5159 et
3557 5107 3815 5160 mittentes

2232 5186 2339 5224 non
2368 5187 2547 5244 arcum
2576 5216 2589 5239 ,
2622 5172 2713 5244 sed
2741 5188 2800 5226 ea
2832 5189 2951 5242 qua:
2982 5175 3359 5241 promittuntur
3389 5190 3520 5228 arcu
3542 5217 3558 5238 ,
3606 5175 3659 5229 id
3691 5186 3813 5244 est,

2232 5243 2381 5310 quasi
2409 5243 2570 5295 armis
2598 5243 2664 5296 ad
2697 5243 2890 5297 bellmn
2921 5244 3275 5312 prmludentes
3300 5284 3316 5309 ,
3341 5246 3392 5297 in
3420 5245 3503 5298 die
3530 5246 3659 5299 belli
3690 5263 3816 5300 con-

2230 5313 2359 5385 versi
2392 5322 2548 5381 sunt,
2577 5313 2632 5385 id
2664 5322 2744 5368 est
2770 5354 2785 5379 ,
2817 5325 3058 5383 tempore
3097 5316 3405 5369 certaminis
3444 5318 3497 5369 in
3546 5319 3719 5385 pedes
3762 5332 3821 5371 se

2230 5383 2508 5457 dederunt.
2560 5383 2710 5457 Quod
2740 5395 2821 5440 est
2861 5386 3041 5440 dicere
3074 5403 3087 5438 :
3119 5385 3451 5457 Simulabant
3492 5383 3635 5457 opus
3686 5386 3820 5457 legis

2230 5456 2490 5522 exterius,
2515 5455 2654 5525 quod
2679 5470 2782 5509 non
2808 5457 3055 5510 amabant
3081 5457 3323 5518 interius,
3350 5455 3606 5512 dixerunt
3632 5455 3813 5513 enim:

2234 5526 2558 5595 Qumunque
2587 5527 2883 5598 praeceperit
2928 5527 3069 5581 nobis
3098 5527 3379 5593 Dominus,
3426 5528 3703 5598 faciemus.
3756 5529 3823 5583 Et

2233 5598 2365 5669 nihil
2397 5606 2570 5651 tamen
2603 5597 2724 5650 inde
2754 5599 3011 5661 l'eceruut,
3042 5606 3098 5653 et
3126 5598 3203 5652 sic
3238 5602 3389 5668 quasi
3421 5597 3668 5669 tempore
3702 5615 3823 5654 cer-

2234 5668 2444 5724 taminis
2478 5679 2773 5724 cesserunt.
2819 5668 3076 5725 Similiter
3104 5670 3345 5739 quisquis
3375 5686 3515 5725 nunc
3540 5668 3675 5726 dicit
3713 5670 3825 5723 Do-

2233 5741 2390 5813 mine,
2410 5739 2647 5810 Domine,
2662 5740 2781 5801 etin
2799 5741 3357 5817 temporeitentationis
3369 5743 3597 5813 recedit,
3622 5757 3725 5800 nec
3744 5742 3822 5800 la-
