3984 6362
254 372 364 435 897

889 374 958 432 IN
993 373 1416 434 PSALMORUM
1458 371 1717 432 LIBRUM
1762 367 2120 428 EXEGESIS.
2160 396 2230 414 -
2268 369 2515 431 PSALM.
2557 373 2815 433 LXXVII.

3404 382 3509 440 898

248 500 324 555 cit
352 511 478 567 qua:
499 494 1060 567 prtecipiuntur,quasi
1084 494 1138 549 in
1158 494 1245 550 die
1268 494 1392 567 belli
1419 492 1579 567 cedit.
1593 490 1830 567 Promis:
1859 488 1911 549 Α
1936 496 1993 543 ει
2027 488 2196 567 ﬁdem
2239 491 2597 567 suscipimus,
2648 495 2878 550 traducit
2926 508 3023 550 nos
3069 496 3124 552 in
3165 497 3505 559 securitatem

248 561 461 625 sionem
503 561 1014 623 enim'obedientia:
1064 582 1168 621 non
1216 566 1406 637 probat
1453 566 1692 631 auditio,
1738 561 1832 618 sed

251 641 501 695 tcntatio.

326 710 453 765 Non
478 708 825 765 custodierunt
852 717 1209 763 testamentum
1232 708 1348 765 Dei.
1369 708 1538 763 Causa
1568 714 1648 763 est
1673 720 1834 777 quare

247 781 305 835 in
338 782 425 834 die
450 781 569 835 belli
591 782 819 834 conversi
848 790 988 846 sunt,
1019 780 1161 843 ideo,
1188 781 1414 844 scilicet,
1449 780 1568 850 quia
1592 794 1694 833 non
1720 795 1836 833 cus-

248 852 867 906 todierunt'testamentnm
880 850 996 915 Dei,
1015 852 1065 906 id
1081 861 1182 919 est,
1200 868 1301 905 non
1327 850 1663 905 attendernnt
1681 864 1837 905 veras

252 932 312 977 ει
340 934 566 976 aeternas
595 922 979 991 promissiones
1009 924 1122 987 Dei,
1158 938 1255 977 nec
1277 923 1694 977 observaverunt
1718 935 1830 987 eas,

250 995 349 1047 sed
382 994 535 1047 vilius
561 992 918 1065 quiddam,id
936 1001 1029 1065 est
1057 1004 1265 1065 terrena
1296 993 1607 1065 elegerunt,
1640 1000 1685 1045 et
1712 992 1835 1065 quia

250 1066 525 1119 noluerunt
555 1064 815 1135 ambulare
839 1064 895 1117 in
924 1064 1033 1134 tege
1058 1066 1189 1135 ejus,
1225 1064 1276 1117 id
1309 1062 1412 1127 est,
1442 1072 1497 1118 et
1522 1064 1565 1117 si
1596 1062 1832 1135 quando-

251 1150 360 1204 que
390 1135 587 1202 aliquid
619 1135 687 1189 de
724 1134 839 1203 lege
867 1133 1219 1189 servaverunt
1244 1176 1261 1200 ,
1306 1150 1410 1189 non
1457 1136 1557 1204 hoc
1588 1133 1828 1188 fecerunt

251 1202 323 1260 ex
354 1205 625 1259 voluntate
654 1202 813 1271 bona,
833 1204 927 1259 sed
961 1206 1162 1260 timoris
1188 1208 1483 1261 coactione.
1510 1202 1577 1257 Et
1608 1214 1830 1273 praeter—

248 1290 319 1331 ea
376 1275 516 1329 obliti
562 1286 678 1329 sunt
703 1276 1085 1347 benefactorum
1110 1278 1222 1347 ejus
1242 1318 1256 1341 ,
1289 1278 1338 1331 id
1367 1284 1448 1331 est
1470 1316 1485 1341 ,
1522 1276 1712 1347 ingrati
1742 1291 1834 1329 ex—

248 1347 509 1401 Slilel'llnt
551 1344 835 1400 beneficiis
867 1346 957 1400 Dei
1002 1349 1100 1401 sibi
1132 1344 1391 1412 collatis;
1435 1356 1483 1401 et
1521 1346 1670 1401 obliti
1712 1353 1835 1399 sunt

250 1418 737 1499 mirabiliumejus,
765 1432 878 1498 qua;
907 1419 1137 1499 _ostent_lit
1167 1420 1237 1472 eis
1262 1464 1276 1485 ,
1306 1419 1517 1499 idest,
1549 1432 1728 1471 coram
1754 1418 1833 1472 eis

248 1487 401 1543 fecit.
450 1486 711 1541 Mirabilia
752 1486 944 1556 accipit
981 1489 1119 1542 mala
1145 1531 1159 1555 ,
1204 1505 1319 1555 quae
1361 1489 1601 1542 hostibus
1646 1503 1831 1541 eorum

248 1558 517 1613 exhibuit.
550 1558 675 1613 Ideo
702 1558 824 1612 dico
849 1559 997 1613 obliti
1024 1568 1141 1612 sunt
1176 1560 1507 1624 mirabilium,
1541 1558 1660 1626 quia
1687 1559 1831 1613 fece-

248 1639 382 1683 runt
407 1628 651 1698 quaedam
696 1628 955 1683 mirabilia
986 1644 1166 1683 coram
1205 1632 1444 1699 patribus
1474 1644 1679 1683 eorum.
1726 1629 1830 1682 Pa-

251 1708 367 1753 tres
391 1699 583 1766 accipit
614 1699 696 1754 hic
724 1714 828 1753 non
859 1699 979 1754 illos
1005 1699 1113 1772 qui»
1143 1701 1355 1772 fuerunt
1386 1701 1646 1772 generatio
1673 1715 1829 1772 prava

249 1779 301 1823 et
328 1786 675 1842 exasperans,
720 1779 780 1823 ut
807 1771 983 1839 prius;
1025 1770 1116 1842 scd
1152 1770 1366 1842 Moysen
1388 1770 1451 1826 et
1492 1771 1668 1842 Aaron
1695 1771 1828 1842 ,qui

252 1851 435 1908 patres
451 1841 744 1917 dicuntur.
775 1854 827 1917 e_t
892 1840 1309 1917 causahortoris
1338 1850 1448 1917 ,_et
1477 1840 1829 1917 similitudine
1858 1858 1906 1917 Β

256 1926 425 1965 cum.
451 1910 598 1965 Licet
620 1911 762 1965 enim
786 1910 1041 1965 Dominus
1067 1912 1117 1965 in
1152 1912 1438 1981 Evangelio
1460 1912 1653 1965 dixerit
1682 1929 1694 1964 :
1721 1909 1774 1964 Ν
1780 1928 1830 1965 o-

251 1981 345 2034 lite
371 1983 506 2035 robis
532 1999 707 2036 vocare
735 1992 929 2052 patrem
956 1999 1108 2051 super
1138 1993 1346 2046 terram,
1388 1996 1493 2036 non
1525 1992 1700 2037 tamen
1731 1997 1829 2037 vo-

250 2052 355 2107 luit
406 2053 616 2107 auferre
668 2056 767 2106 hoc
826 2067 1021 2107 nomen
1067 2068 1096 2105 a
1144 2053 1530 2108 consuetudine
1584 2054 1831 2107 humanae

246 2122 561 2191 locutionis,
593 2123 686 2178 sed
728 2122 783 2177 id
809 2124 979 2177 voluit
1006 2133 1065 2177 ut
1096 2125 1317 2193 gratiam
1358 2123 1649 2191 spiritualis
1679 2139 1831 2192 rege-

261 2193 559 2248 nerationis
583 2208 687 2248 non
720 2192 1117 2248 ascriberemus
1139 2192 1292 2248 alicui
1322 2195 1586 2248 sanctitati
1620 2195 1705 2249 vel
1735 2210 1828 2261 po-

252 2265 461 2328 testati,
490 2263 582 2320 sed
605 2264 654 2319 ei
681 2265 781 2335 soli
809 2280 906 2334 per
932 2264 1084 2335 cujus
1111 2264 1529 2319 misericordiam
1555 2263 1633 2317 fit.
1659 2266 1833 2330 Quare

255 2350 369 2390 non
400 2334 690 2405 incongrue
718 2334 927 2404 Moyses
955 2347 1007 2390 et
1038 2336 1216 2390 Aaron
1243 2336 1328 2390 hic
1356 2344 1537 2403 patres
1561 2335 1828 2389 dicuntur.

249 2405 322 2460 Et
348 2421 522 2460 coram
552 2406 636 2459 his
664 2405 894 2475 patribus
920 2449 934 2470 ,
968 2406 1019 2459 id
1047 2415 1152 2469 est,
1185 2405 1313 2472 ipsis
1342 2405 1639 2459 astantibus
1662 2445 1676 2465 ,
1705 2405 1836 2475 ipsis

250 2477 417 2531 etiam
451 2475 770 2532 facientibus
793 2485 847 2531 et
874 2476 1271 2541 attestantibus,
1301 2477 1419 2546 fecit
1461 2476 1734 2541 mirabilia,
1765 2476 1833 2531 de

251 2548 451 2616 quibus
482 2548 568 2602 hic
591 2548 844 2616 agiturin
876 2556 1009 2601 terra
1038 2546 1255 2617 Egypti
1280 2591 1295 2616 ,
1327 2554 1381 2602 et
1409 2547 1725 2601 determinat
1750 2546 1832 2600 lo-

248 2632 376 2690 cum
402 2658 418 2682 ,
461 2618 667 2690 scilicet
690 2660 706 2683 ,
754 2619 809 2671 in
836 2634 1018 2690 campo
1055 2617 1313 2690 Thaneos.
1343 2617 1546 2690 fl‘hanis
1582 2618 1722 2690 enim
1753 2625 1835 2672 est

246 2688 444 2742 civitas
473 2687 690 2761 Egypti
712 2728 727 2751 ,
760 2689 901 2755 apud
924 2686 1100 2761 quam
1127 2689 1312 2761 decem
1342 2687 1444 2761 illae
1484 2688 1651 2761 plaga:
1680 2686 1835 2761 facta

248 2768 379 2830 sunt
402 2800 426 2830 ,ί
450 2758 594 2827 quas
628 2760 888 2815 Dominus
923 2760 1188 2815 Pharaoni
1221 2774 1314 2827 per
1339 2759 1555 2830 Moysen
1590 2758 1833 2830 immisit.

248 2816 517 2885 Similiter
546 2840 598 2885 et
626 2845 811 2885 coram
840 2830 1079 2899 patribus
1123 2816 1318 2884 nosiris
1345 2816 1709 2897 spiritualibus
1732 2871 1747 2895 ,
1772 2816 1833 2884 id

246 2909 354 2965 est,
390 2900 518 2970 ipsis
544 2901 847 2955 videntibus
871 2909 926 2955 et
950 2903 1112 2957 etiam
1142 2899 1477 2965 facientibus,
1512 2900 1635 2970 facit
1662 2900 1837 2955 Domi-

251 2984 359 3025 nus
388 2969 652 3026 mirabilia
693 2970 1041 3039 spiritualiter
1069 2972 1122 3025 in
1150 2971 1345 3036 :nohis,
1375 2979 1430 3024 et
1457 2973 1509 3024 in
1552 2969 1748 3025 bonum
1780 2980 1834 3026 et

247 3042 306 3095 in
340 3044 536 3113 malum
570 3044 621 3096 in
646 3041 912 3113 Egypto,
944 3043 998 3113 id
1023 3051 1126 3105 est,
1159 3042 1211 3095 in
1246 3041 1345 3096 hac
1374 3041 1504 3113 v_ita,
1533 3056 1653 3111 qua:
1683 3040 1835 3110 igno-

248 3112 425 3183 rantia
459 3122 541 3168 εει
578 3122 634 3168 ει
664 3111 905 3168 tentatio.
957 3112 1025 3167 Et
1063 3112 1182 3167 ideo
1226 3126 1321 3181 per
1359 3111 1645 3183 IEgyptum
1689 3123 1835 3168 recte

247 3182 590 3254 designatur,
619 3185 745 3254 quia
775 3184 1037 3254 Aigyptns
1067 3182 1451 3251 interpretatur
1475 3182 1709 3238 tenebrae
1748 3184 1833 3239 vel

256 3252 556 3319 tribulatio,
588 3252 716 3309 dum
747 3252 1224 3309 adhucexistimus
1254 3254 1308 3307 in
1344 3268 1534 3322 campo
1565 3254 1832 3321 Thaneos,

252 3323 311 3377 id
333 3332 435 3391 est,
468 3323 519 3377 in
543 3325 764 3394 planitie
790 3324 1006 3379 humilis
1029 3323 1287 3379 mandati.
1309 3324 1542 3392 Campus
1562 3324 1702 3378 enim
1730 3326 1838 3393 pla-

252 3394 443 3466 nitiem
481 3395 743 3466 significat
770 3436 786 3461 ,
817 3395 1181 3451 Thanisvero
1218 3395 1600 3462 interpretatur
1640 3394 1837 3466 humile

246 3465 563 3535 mandatum
590 3484 603 3529 ;
634 3475 688 3521 et
718 3468 770 3520 in
802 3466 899 3521 hac
928 3467 1034 3520 vita
1064 3466 1221 3520 datur
1253 3466 1609 3535 nobis‘plane,
1638 3465 1690 3519 id
1731 3474 1834 3530 est,

246 3534 539 3591 manifeste
566 3536 766 3592 humile
793 3537 1118 3601 mandatum,
1144 3535 1369 3603 scilicet,
1389 3534 1730 3591 utdiscamus
1751 3535 1837 3591 hic

248 3605 547 3672 humiliari,
574 3618 629 3662 ut
654 3608 867 3663 tandem
889 3622 1192 3662 mereamur
1212 3622 1334 3661 cum
1362 3608 1453 3660 illo
1473 3608 1719 3672 exaltari,
1742 3608 1833 3677 qui

248 3691 357 3748 pro
376 3679 531 3732 nobis
549 3688 601 3733 et
629 3693 723 3747 per
745 3693 845 3733 nos
881 3678 931 3732 in
965 3679 1065 3732 hac
1090 3677 1326 3748 Egypto
1354 3678 1521 3731 voluit
1546 3677 1835 3733 humiliari.

328 3745 807 3818 Interrupit‘mare.
832 3749 1117 3804 Sciendum
1144 3745 1286 3817 quod
1316 3748 1598 3810 mirabilia,
1628 3748 1694 3803 de
1720 3751 1834 3817 qni-

252 3818 358 3873 bus
390 3822 621 3875 maxime
650 3821 855 3875 locutus
880 3831 981 3885 est,
1008 3820 1072 3873 ad
1109 3833 1343 3887 praesens
1374 3818 1574 3881 dill'ert,
1602 3828 1655 3872 et
1681 3820 1838 3874 bene-

259 3888 385 3943 ficia
410 3891 676 3958 posterius
698 3892 746 3946 ei
768 3891 959 3945 collata
988 3890 1140 3960 prius
1163 3888 1341 3944 refert.
1369 3890 1518 3956 Quod
1546 3889 1665 3943 ideo
1689 3888 1832 3959 facit,

262 3968 323 4012 ut
342 3974 529 4031 eorum
559 3962 995 4030 iugratitudinem
1023 3969 1293 4031 aggravet.
1325 3961 1557 4027 quicum
1587 3974 1682 4028 pro
1704 3962 1833 4015 solis

255 4030 593 4086 mirabilibus
616 4047 733 4101 quae
758 4033 809 4086 in
841 4033 1021 4086 hostes
1044 4030 1227 4085 eorum
1257 4033 1381 4085 fecit
1401 4032 1531 4084 satis
1557 4031 1688 4099 grati
1714 4046 1835 4085 esse

250 4101 541 4167 deberent,
568 4114 643 4157 t0t
670 4104 889 4171 insuper
920 4102 1177 4157 beneficia
1198 4110 1539 4168 acceperunt,
1562 4110 1617 4155 et
1646 4102 1835 4169 ingrati

247 4181 432 4227 tamen
464 4173 702 4229 fuerunt.
733 4175 798 4228 Et
827 4172 872 4227 si
899 4172 1017 4227 haec
1045 4180 1169 4226 sunt
1197 4172 1483 4241 parabolas,
1514 4181 1571 4226 ut
1599 4175 1836 4239 psalmus

246 4250 479 4313 testatur
522 4245 804 4313 superius,
848 4243 1105 4298 debemus
1151 4244 1425 4297 attendere
1476 4258 1579 4297 non
1629 4252 1832 4298 tantum

244 4312 381 4381 quid
411 4314 465 4368 in
495 4312 780 4383 superficie
808 4323 1038 4380 sonant,
1081 4314 1175 4368 sed
1204 4313 1331 4383 quid
1364 4315 1588 4383 mystica
1624 4316 1834 4369 actione

245 4383 571 4453 significant.
616 4384 960 4455 Quaecunque
1001 4385 1142 4440 enim
1192 4384 1331 4438 bona
1361 4385 1441 4437 vel
1489 4385 1629 4455 mala
1672 4385 1723 4438 in
1755 4388 1834 4438 eis

246 4456 337 4509 vel
368 4456 420 4509 in
461 4470 645 4510 eorum
681 4454 922 4511 hostibds
968 4456 1283 4525 contigerint
1322 4454 1701 4518 historialiter,
1744 4470 1833 4508 ea-

244 4526 373 4580 dem
418 4526 467 4579 in
514 4528 668 4581 nobis
712 4530 841 4580 liunt
878 4526 1246 4592 spiritualiter,
1294 4525 1429 4578 bona
1474 4526 1688 4593 quidem
1738 4540 1830 4592 per

1938 560 2172 616 cmlestis
2201 560 2397 640 patriai
2427 565 2715 640 Dominus,
2743 568 2788 621 si
2821 582 2923 622 non
2947 581 3008 622 re
3033 610 3047 633 ,
3077 578 3253 625 tamen
3285 572 3336 625 in
3367 589 3461 639 spe
3492 618 3506 640 ,

1938 641 2098 711 atque
2126 647 2312 688 omnes
2340 636 2518 711 hostes
2546 637 2889 711 insequentes
2919 653 3018 711 nos
3038 680 3053 704 ,
3097 640 3149 711 id
3177 650 3260 696 est
3284 684 3298 708 ,
3328 636 3507 703 omnia

1938 706 2064 756 vitia
2100 712 2203 756 tam
2235 707 2458 760 actualia
2491 706 2665 779 priora
2695 724 2855 779 quam
2885 708 3160 779 originalia
3204 706 3508 770 ibi-exstin-

1938 782 2208 841 guuntur;
2256 785 2310 830 et
2350 792 2445 845 per
2472 778 2726 834 eamdem
2763 778 3208 837 renuntiationem
3256 793 3311 839 et
3349 785 3509 842 fidem

1938 857 2104 916 aquas
2131 847 2679 916 concupiscentiarum
2711 859 2767 905 ct
2808 852 3055 906 vitiorum
3103 852 3293 909 ﬂuidas
3329 866 3385 911 et
3428 858 3509 912 la-

1938 914 2124 998 bentes
2158 914 2375 998 stabiles
2421 920 2562 998 fa_cit,
2610 922 2845 998 scilicet,
2891 932 2949 978 ut
2987 937 3114 988 non,
3163 924 3303 981 sicut
3342 928 3510 998 prius,

1936 987 2164 1069 amplius
2191 988 2437 1069 difllnant
2465 991 2719 1069 in_nol_iis.

1960 1056 2077 1138 LEt
2106 1060 2462 1138 deduaIit__eos_.
2505 1063 2756 1138 Pet-duxit
2788 1079 2910 1132 eos,
2953 1065 3166 1135 inquam
3193 1108 3208 1133 ,
3253 1068 3319 1123 ad
3366 1069 3509 1127 aliud

1937 1126 2103 1209 littus,
2135 1140 2192 1209 et
2216 1132 2283 1186 de
2309 1129 2397 1185 illo
2426 1134 2722 1209 locoduxit
2749 1151 2834 1189 eos
2866 1126 2960 1205 per
2999 1126 3269 1195 desertum
3299 1141 3353 1193 in
3377 1142 3513 1198 nube

1938 1198 2059 1280 diei,
2085 1210 2141 1280 et_
2163 1208 2267 1256 tota
2296 1198 2912 1280 nocteinilluminatione
2933 1210 3086 1280 ignis,
3114 1209 3214 1264 hoc
3242 1220 3342 1276 est,
3372 1228 3509 1280 prae—

1937 1269 2181 1351 cedendo
2207 1287 2307 1351 eos
2331 1274 2499 1328 in-die
2529 1275 2580 1351 in
2611 1278 2856 1351 columna
2887 1269 3083 1351 nobis,
3114 1296 3231 1350 qmc
3257 1269 3351 1336 eos
3372 1269 3506 1351 ἰπο-

1938 1348 2141 1422 tegeret
2168 1358 2197 1395 a
2229 1343 2406 1422 calore
2428 1358 2527 1422 ;_et
2556 1346 2613 1422 in
2640 1355 2795 1422 nocte
2826 1347 2877 1401 in
2908 1343 3150 1405 columna
3178 1352 3315 1421 ignis
3338 1394 3352 1417 ,
3383 1343 3508 1422 qua:

1937 1413 2037 1465 iter
2078 1413 2400 1490 ostenderet
2420 1416 2518 1490 eis.
2548 1417 2816 1490 Similiter
2853 1428 2907 1473 et
2949 1436 3045 1475 nos
3076 1413 3510 1490 post'transit'um

1936 1494 2097 1550 supra
2128 1485 2324 1551 dictum
2372 1488 2583 1542 deducit
2611 1489 2662 1542 in
2696 1489 2796 1543 hoc
2835 1485 3156 1555 desertofet
3186 1494 3237 1546 in
3280 1492 3383 1549 hoc
3414 1494 3510 1551 de-

1936 1564 2081 1633 serto
2107 1564 2205 1633 ,_et
2232 1555 2283 1633 in
2314 1556 2414 1633 linac
2434 1558 2548 1633 _vita
2572 1598 2589 1625 ,
2626 1560 2679 1612 in
2711 1561 3039 1627 protectione
3064 1564 3220 1617 nubis
3245 1603 3258 1625 ,
3291 1564 3340 1618 id
3382 1577 3466 1621 est
3492 1608 3508 1633 ,

1936 1622 2281 1705 humanitatis
2323 1626 2539 1705 Christi,
2569 1622 2663 1697 per
2688 1622 2845 1705 quam
2870 1633 2995 1705 quid
3026 1633 3167 1705 aliud
3198 1622 3395 1689 factum
3426 1622 3509 1691 esi

1936 1694 2111 1774 nobis,
2153 1711 2309 1774 quam
2356 1694 2620 1774 quoddam
2653 1694 3017 1758 umbrticulum
3057 1704 3124 1759 ab
3152 1716 3284 1760 aestu
3328 1706 3511 1762 incen-

1936 1767 2204 1844 tivorum?
2228 1767 2346 1835 Ipse
2369 1770 2514 1823 enim
2542 1770 2686 1844 prior
2714 1787 2901 1840 passus
2922 1781 3025 1837 est,
3054 1782 3114 1828 ut
3143 1790 3239 1831 nos
3267 1777 3371 1844 pati
3400 1792 3508 1832 non

1938 1834 2295 1901 haberemus;
2324 1846 2376 1913 et
2405 1834 2728 1913 resurrexit,
2759 1851 2819 1896 ut
2866 1834 3106 1900 eamdem
3151 1834 3299 1913 spem
3338 1848 3505 1903 habe-

1935 1921 2163 1985 remus;_
2199 1916 2258 1985 et_
2300 1909 2378 1963 sic
2418 1908 2604 1985 factus
2637 1922 2719 1985 est
2766 1912 2918 1969 nobis
2967 1908 3406 1985 obunibraculum
3453 1926 3509 1973 et

1938 1978 2098 2029 turris
2140 1977 2329 2045 fortis,
2378 1988 2435 2032 ut
2480 1979 2605 2034 alibi
2651 1982 2871 2040 dictum.
2918 1983 3118 2040 Dicitur
3155 1996 3331 2041 autem
3381 2001 3511 2044 caro

1936 2046 2131 2127 plirisu
2166 2048 2288 2104 ideo
2303 2050 2506 2127 pubes,
2530 2051 2737 2127 qui_a_in
2763 2068 2822 2127 ea
2855 2057 3027 2109 malos
3056 2056 3306 2111 divinitas
3334 2058 3506 2123 latuit,

1934 2116 2090 2200 bonis
2112 2134 2237 2200 vero
2264 2118 2463 2200 aliulsit
2487 2116 2582 2200 ;_et
2610 2122 2716 2200 fuit
2730 2125 2851 2179 talis
2877 2127 3046 2200 nubes
3072 2139 3355 2200 quaeesset
3377 2116 3506 2198 diei,

1938 2189 1989 2241 id
2020 2190 2444 2266 esr,-tties,_quia
2473 2192 2614 2248 clara
2648 2195 2765 2258 fuit,
2798 2206 2854 2250 et
2884 2199 3001 2251 sine
3048 2189 3237 2252 nebula
3273 2189 3509 2266 peccato:

1935 2273 2074 2313 rum.
2108 2259 2258 2315 Unde
2291 2260 2493 2315 dictum
2525 2273 2606 2317 est
2639 2282 2650 2317 ε
2686 2266 2926 2319 Ascendit
2956 2266 3205 2322 Dominus
3236 2259 3389 2323 (etiam
3415 2287 3512 2323 nrt-

1935 2328 2074 2409 bent,
2121 2340 2172 2409 et
2211 2331 2517 2409 ingredietur
2554 2331 2844 2409 Egyptum
2869 2374 2886 2401 ,
2927 2347 2976 2390 et
3018 2340 3301 2409 confringet
3341 2342 3511 2396 omnia

1934 2399 2077 2482 idola
2098 2399 2339 2482 xliggpti.
2362 2402 2429 2456 Et
2450 2411 2557 2482 tota
2580 2399 2755 2482 nocte,
2788 2399 2965 2482 idest,
2977 2409 3041 2482 _in
3069 2399 3337 2482 ta'nta'bac
3360 2413 3509 2482 igno-

1929 2472 2114 2560 raptia
2132 2471 3143 2560 deducitnoshinilluminatipneignii,
3176 2480 3228 2560 id
3254 2490 3356 2547 est,
3377 2471 3509 2537 illu-

1941 2543 2197 2622 minanda
2228 2558 2327 2597 nos
2354 2544 2717 2622 spiritualibus
2741 2546 2894 2622 donis
2922 2543 3055 2604 suis.
3085 2543 3186 2622 Per
3208 2543 3382 2622 ignem
3414 2569 3509 2608 au-

1940 2618 2048 2693 tem
2085 2614 2274 2693 inquo
2315 2623 2386 2693 e_t_
2413 2615 2665 2693 splendor
2692 2619 2936 2693 e_t_calor
2961 2629 3045 2693 est
3067 2663 3082 2686 ,
3132 2614 3254 2677 hoc"
3274 2632 3507 2691 notatur,

1935 2683 2059 2750 quia
2093 2683 2416 2757 illuminabit
2441 2686 2613 2742 bonos
2640 2696 2694 2743 et
2722 2686 2808 2744 hic
2831 2700 2885 2745 et
2913 2690 2967 2745 in
2991 2683 3188 2757 futuro,
3218 2702 3271 2748 et
3298 2683 3509 2750 tandem

1934 2754 2196 2809 cremabit
2222 2756 2410 2810 malos.

1940 2893 1953 2906 θ
2008 2823 2293 2906 Interrupit
2322 2836 2539 2906 petram.
2570 2827 2735 2906 Aliud.
2769 2828 3106 2906 beneficium,
3134 2832 3508 2906 scilicet,quia

1934 2898 1989 2976 in
2017 2911 2183 2975 eremo
2206 2898 2461 2965 inaquosa
2486 2899 2757 2967 interrupit
2777 2912 2973 2970 petram
2998 2898 3254 2957 Dominus
3278 2921 3307 2959 a
3326 2898 3510 2976 Moyse

1934 2963 2019 3042 bis
2038 2968 2199 3042 .virga
2229 2963 2559 3042 percussam,
2588 2978 2641 3042 et
2667 2963 2923 3039 aquarum
2956 2981 3097 3027 tanta
3126 2975 3276 3042 copia
3306 2963 3510 3032 allhixit

1933 3035 2106 3114 (velut
2133 3035 2193 3114 in
2215 3035 2376 3114 multa
2404 3038 2662 3114 abysso),
2682 3035 2740 3095 ut
2766 3043 3016 3114 adaquari
3047 3035 3280 3114 possent.
3314 3046 3382 3100 Et
3412 3050 3511 3103 hoc

1935 3107 2096 3161 modo
2126 3109 2397 3177 adaquavit
2426 3107 2510 3163 eos
2533 3150 2547 3175 ,
2578 3112 2701 3187 quia
2732 3107 2907 3187 eduxit
2944 3107 3131 3177 aquam
3158 3118 3222 3169 de
3254 3127 3426 3187 petra,
3460 3128 3516 3173 et

1938 3192 2044 3259 non
2085 3194 2300 3259 parvam
2340 3195 2534 3259 aquam
2552 3220 2568 3246 ,
2600 3181 2697 3259 sed
2738 3184 2910 3236 eduxit
2940 3200 3097 3259 aquas
3130 3181 3382 3259 tanquam
3410 3181 3512 3259 ﬂu-
3576 3186 3581 3193 ’

1940 3251 2077 3322 mina
2103 3293 2117 3316 ,
2161 3250 2333 3322 idiest
2357 3293 2371 3316 ,
2394 3250 2734 3319 largissimas
2773 3267 2955 3321 aquas.
2986 3250 3146 3322 Quod
3176 3250 3253 3311 sic
3301 3259 3364 3313 ad
3410 3250 3510 3313 nos

1941 3321 2372 3395 pertinet.__Petra
2399 3322 2452 3374 in
2479 3336 2661 3376 eremo
2681 3322 2761 3377 bis
2781 3325 2924 3394 virga
2948 3321 3223 3395 percussa,
3246 3336 3329 3382 εει
3351 3329 3509 3385 Chri-

1938 3399 2053 3469 stus
2084 3390 2282 3469 duplici
2322 3392 2678 3469 ligno_crucis
2720 3390 3004 3469 crucifixus
3028 3436 3042 3461 ,
3086 3399 3139 3450 in
3179 3390 3332 3466 cujus
3378 3415 3506 3469 pas-

1939 3461 2093 3539 sione
2122 3462 2287 3515 relum
2315 3461 2488 3533 templi
2515 3464 2731 3539 scissum
2751 3476 2845 3532 est,
2875 3467 2998 3535 quia
3020 3469 3195 3522 omnia
3219 3461 3339 3538 qua:
3361 3461 3507 3539 prius

1937 3533 2142 3610 occulta
2186 3542 2335 3610 erant
2362 3574 2378 3599 ,
2422 3535 2652 3610 revelata
2683 3544 2842 3601 sunt;
2875 3533 2921 3590 et
2958 3546 3115 3607 petra:
3153 3533 3324 3594 sciiste
3348 3533 3468 3596 s'unt
3493 3584 3510 3610 ,

1944 3601 2067 3683 quia
2106 3603 2310 3683 lapidea
2347 3604 2508 3659 corda
2539 3604 2697 3659 fidem
2725 3601 3116 3683 susceperunt,
3162 3601 3508 3683 quamhdem

1942 3670 2238 3750 largissime
2262 3689 2450 3750 _aqu:e__
2472 3683 2679 3750 secth
2699 3685 2842 3731 sunt.
2884 3670 3001 3735 illa:
3040 3670 3192 3749 aquai
3215 3724 3231 3750 ,
3263 3681 3508 3750 scilicet,

1937 3742 2006 3822 de
2035 3743 2229 3822 quibus
2259 3742 2371 3815 ipse
2402 3745 2530 3801 dicit
2559 3747 2610 3801 in
2639 3744 2929 3822 Evangelia
2960 3768 2973 3804 :
3009 3742 3111 3817 Qui
3137 3752 3191 3805 in
3216 3742 3297 3806 ine
3326 3742 3508 3822 credit,

1936 3815 2151 3883 ﬂumina
2181 3816 2244 3891 de
2287 3826 2454 3891 ventre
2481 3821 2592 3891 ejus
2634 3815 2824 3891 ﬂuent,
2855 3828 2962 3877 etc.
2989 3862 3004 3888 ,
3032 3815 3156 3877 hoc
3182 3831 3301 3891 est,
3330 3815 3512 3882 secuta

1937 3894 2063 3959 sunt
2090 3900 2151 3941 ea
2182 3886 2646 3945 abundantis'sima
2676 3890 2967 3959 spiritualia
2992 3886 3160 3948 dona.

2009 3955 2076 4009 Et
2114 3968 2460 4031 apposuerunt
2488 3960 2659 4012 adhuc
2698 3955 2907 4031 peccare
2930 3963 2995 4025 ei,
3026 3964 3077 4015 in
3122 3966 3253 4016 iram
3280 3966 3511 4020 concita-

1935 4035 2116 4099 uerunt
2143 4030 2396 4082 excelsum
2434 4031 2487 4082 in
2518 4030 2783 4097 inaquoso.
2818 4030 2919 4084 Tot
2947 4033 3160 4099 quidem
3196 4034 3452 4090 beneﬁcia
3478 4052 3510 4093 a

1936 4096 2161 4172 Domino
2191 4100 2426 4167 prmstita
2464 4108 2588 4172 sunt
2616 4096 2733 4172 eis,
2766 4110 2823 4156 et
2851 4096 3025 4155 tamen
3063 4102 3162 4171 ipsi
3193 4105 3365 4158 adhuc
3392 4124 3509 4172 pec-

1934 4182 2052 4221 care
2077 4170 2122 4222 ei
2149 4179 2518 4245 opposuerunt.
2548 4169 2612 4222 Et
2650 4171 2769 4245 ideo
2802 4171 2975 4240 (quasi
3006 4169 3168 4245 dicat)
3196 4176 3317 4230 dico
3347 4169 3511 4245 appo-

1932 4247 2143 4311 suernnt
2170 4256 2397 4309 peccare,
2432 4240 2554 4311 quia
2588 4240 2734 4309 prius
2775 4255 3081 4311 posuerant.
3114 4244 3244 4299 Nam
3273 4240 3395 4302 cum
3416 4240 3513 4302 ’ρετ-

1932 4310 2214 4384 citaverunt
2244 4310 2689 4384 prius_excelsum,
2715 4310 2915 4384 fidisest,
2963 4313 3243 4370 Dominum
3273 4318 3326 4371 in
3351 4320 3503 4384 iram,

1933 4379 2224 4456 dubitando
2258 4380 2326 4434 de
2359 4380 2485 4456 ejus
2528 4383 2759 4456 potentia
2794 4383 2847 4437 in
2894 4386 3139 4453 inaquoso
3162 4428 3176 4450 ,
3210 4387 3262 4441 id
3305 4399 3423 4456 est,
3456 4379 3509 4445 in

1933 4450 2253 4529 arido_locno_,
2296 4451 2522 4529 scilicet,
2556 4453 2723 4521 magis
2755 4455 2807 4507 in
2837 4450 3085 4512 ariditate
3129 4460 3324 4514 mentis
3353 4450 3507 4529 quam

1934 4521 2155 4591 ventris.
2181 4521 2328 4575 Pleni
2351 4523 2492 4577 enim
2519 4536 2672 4577 erant
2699 4536 2935 4591 ventres,
2961 4529 3056 4583 sed
3081 4544 3256 4584 vacum
3282 4521 3509 4587 mentes.

244 4596 474 4667 gratiam
496 4637 511 4661 ,
548 4598 687 4671 mala
718 4612 845 4671 vero
876 4585 971 4671 per
996 4596 1278 4671 justitiam.
1312 4585 1662 4649 Attendamus
1701 4585 1828 4663 ergo
1857 4585 1908 4645 D
1936 4589 2003 4643 Et
2028 4591 2080 4643 in
2107 4606 2211 4671 quo
2237 4603 2603 4671 opposuerunt,
2632 4595 2811 4671 subdit
2839 4615 2851 4650 :
2879 4585 3101 4663 scilicet,
3126 4602 3192 4671 in
3232 4599 3358 4669 hoc,
3388 4585 3513 4671 quia

243 4665 337 4728 ea.
366 4681 433 4722 ne
464 4671 632 4722 simus
657 4668 849 4738 ingrati
878 4665 1147 4723 beneficiis
1171 4665 1287 4731 Dei,
1314 4674 1368 4720 et
1400 4681 1656 4734 ponamus
1677 4679 1828 4733 Spem

247 4748 489 4793 nostram
518 4754 623 4793 non
656 4739 707 4793 in
740 4738 913 4801 nobis,
947 4738 1041 4792 sed
1072 4739 1128 4792 in
1169 4752 1272 4801 eo;
1301 4745 1357 4790 et
1399 4738 1679 4789 timeamus
1707 4751 1829 4791 eum

244 4819 401 4863 casto
429 4824 613 4864 amore
634 4849 653 4874 ,
705 4825 809 4864 non
840 4809 1019 4864 servili
1043 4850 1062 4875 ,
1092 4822 1161 4863 ne
1190 4808 1283 4860 ﬁat
1312 4809 1363 4861 in
1397 4807 1550 4860 nobis
1578 4807 1717 4875 quod
1750 4807 1829 4861 fa-

244 4891 394 4933 ctum
423 4890 504 4934 est
547 4881 599 4934 in
629 4882 729 4943 eis,
758 4882 994 4944 scilicet,
1025 4888 1085 4934 ut
1110 4878 1278 4932 simus
1313 4878 1567 4947 generatio
1598 4890 1753 4946 prava
1781 4888 1827 4933 et

242 4966 578 5017 eaasperans.
612 4951 869 5006 Litteram
898 4952 976 5007 sic
1000 4948 1333 5006 continuabis
1360 4966 1372 5000 :
1401 4950 1556 5012 Ecce,
1587 4949 1824 5017 inquam,

243 5022 301 5073 in
332 5021 566 5093 Λίδη)ιο
598 5022 889 5089 mirabilia,
922 5031 976 5093 et
1003 5031 1182 5089 postea
1222 5021 1447 5093 contulit
1483 5022 1560 5093 eis
1591 5017 1826 5093 haeche-

243 5090 489 5157 nelicia',
512 5093 716 5147 scilicet
738 5132 755 5159 ,
796 5092 935 5161 quod
965 5108 1083 5146 cum
1128 5091 1400 5146 venissent
1430 5090 1496 5144 ad
1540 5104 1688 5144 mare
1717 5090 1828 5145 Ru-

244 5161 427 5226 brum,
459 5174 513 5219 et
543 5172 761 5233 propter
789 5173 1073 5233 sequentes
1100 5162 1283 5217 hostes
1310 5163 1645 5233 dubitarent,
1676 5162 1827 5216 inter-

243 5239 409 5303 rupit,
442 5234 492 5288 id
525 5230 627 5299 est,
645 5230 840 5289 divisit
865 5230 941 5289 eis
966 5250 1139 5297 mare,
1168 5244 1215 5287 et
1250 5233 1485 5303 perduxit
1511 5248 1597 5284 eos
1620 5230 1732 5300 jam
1759 5234 1823 5286 ad

242 5302 391 5357 aliud
418 5306 562 5358 littus
588 5320 809 5360 securos
832 5304 899 5360 ab
925 5306 1206 5369 hostibus;
1229 5302 1275 5356 et
1298 5306 1376 5357 eis
1404 5304 1819 5367 transeuntibus,

239 5376 460 5439 statuit,
492 5376 541 5429 id
588 5386 699 5442 est,
743 5376 962 5431 stabiles
1004 5376 1125 5431 fecit
1167 5390 1325 5443 aquas
1366 5374 1561 5437 maris,
1594 5376 1743 5441 quasi
1774 5377 1821 5429 vi

241 5446 507 5502 collectas
537 5464 550 5499 :
584 5447 685 5502 hoc
714 5446 1060 5502 historialiter
1088 5442 1217 5502 illis.
1246 5444 1329 5499 Fit
1356 5444 1516 5497 etiam
1546 5442 1686 5497 idem
1717 5446 1825 5513 spi-

240 5517 510 5572 ritualiter
542 5518 713 5572 nobis.
755 5521 905 5586 Aqua
953 5520 1094 5573 enim
1139 5517 1471 5585 baptismatis
1516 5515 1779 5586 rubricata
1805 5555 1822 5581 ,

241 5587 299 5642 id
312 5599 418 5652 est,
438 5588 583 5643 velut
610 5604 759 5645 mare
780 5584 1018 5643 Rubrum
1046 5589 1183 5642 facta
1212 5584 1471 5655 sanguine
1500 5584 1823 5653 Christi,qut

238 5658 576 5713 admiscetur
602 5662 650 5714 ei
682 5677 776 5728 per
802 5660 1071 5729 signacula
1102 5660 1297 5723 crucis,
1327 5656 1581 5709 dividitur
1607 5657 1673 5709 ab
1702 5656 1824 5729 aliis

239 5728 579 5797 simplicibus
610 5733 783 5799 aquis,
812 5728 934 5801 quia
962 5730 1071 5799 jam
1103 5740 1185 5783 est
1214 5743 1348 5797 aqua
1382 5743 1485 5781 non
1517 5736 1717 5779 tantum
1749 5728 1825 5780 la-

241 5802 435 5855 vandis
465 5803 779 5872 corporibus
804 5800 943 5866 ,sed
972 5801 1239 5855 mentibus
1275 5810 1417 5869 apta.
1456 5800 1519 5852 lit
1563 5812 1657 5866 per
1691 5802 1827 5853 hanc

239 5884 438 5942 aquam
464 5873 515 5929 in
541 5890 642 5944 qua
670 5876 883 5932 Satanae
910 5884 963 5930 et
990 5874 1197 5947 pompis
1226 5873 1340 5943 ejus
1364 5872 1821 5937 abrenuntiamus,

1932 4674 2050 4715 cum
2083 4662 2353 4741 venissent
2382 4665 2446 4717 ad
2479 4664 2653 4719 locum
2686 4667 2775 4721 ubi
2807 4682 2905 4741 nec
2954 4672 3059 4724 seri
3088 4670 3286 4738 aliquid
3320 4662 3509 4741 potuit,

1930 4746 2030 4811 nec
2058 4742 2230 4811 satum
2276 4734 2372 4787 fuit
2395 4779 2409 4799 ,
2444 4744 2762 4811 tentaverunt
2800 4737 2965 4811 Deum
3008 4741 3061 4794 in
3101 4734 3337 4796 cordibus
3364 4734 3510 4811 suis,

1928 4804 2051 4879 quia
2091 4805 2341 4879 petebant
2371 4821 2476 4879 non
2507 4808 2777 4879 credendo
2801 4849 2818 4875 ,
2846 4810 2943 4879 sed
2988 4812 3244 4867 tentando
3267 4853 3280 4876 ,
3314 4814 3456 4868 aliud
3489 4804 3504 4879 ζ

1927 4873 2152 4954 scilicet,
2181 4878 2230 4927 in
2256 4890 2371 4954 ore,
2390 4877 2533 4931 aliud
2558 4872 2814 4932 habentes
2838 4878 2891 4933 in
2921 4882 3101 4936 corde.
3129 4883 3239 4947 Sic,
3268 4872 3511 4954 inquam,

1928 4946 2436 5021 tentaveruutdico,
2468 4958 2539 5021 ut
2550 4958 2774 5021 peterent
2814 4966 2955 5004 escas
2982 4946 3255 5008 animabus
3277 4946 3383 5009 suis
3409 4997 3426 5021 ,
3460 4946 3511 5010 id

1926 5026 2007 5069 est
2032 5056 2047 5080 ,
2082 5018 2296 5070 utilitati
2326 5032 2431 5071 non
2464 5019 2830 5087 spiritualitati
2860 5034 2992 5075 sum.
3039 5022 3103 5075 Et
3137 5040 3235 5077 nos
3266 5018 3516 5082 similiter

1926 5090 2245 5164 apponinins
2272 5089 2579 5164 peccare‘in
2609 5090 2888 5164 inaquoso,
2921 5093 2965 5145 si
2999 5104 3276 5164 postquam
3303 5112 3397 5163 per
3420 5097 3516 5150 mi-

1924 5158 2273 5233 sericordiam
2307 5158 2401 5213 Dei
2433 5158 2729 5229 spiritualia
2758 5162 2897 5215 dona
2930 5158 3251 5233 accepimus,
3282 5158 3354 5221 ita
3384 5168 3515 5223 aridi

1928 5242 2134 5291 smnus,
2164 5241 2217 5283 ut
2244 5230 2389 5305 bona
2418 5247 2536 5305 qua;
2555 5246 2848 5305 possemus
2879 5230 3072 5302 agere,
3104 5251 3323 5305 prorsus
3351 5240 3511 5295 omit-

1928 5305 2137 5375 tamus;
2165 5311 2218 5355 et
2244 5302 2296 5355 in
2327 5302 2425 5355 hac
2453 5302 2701 5355 ariditate
2730 5304 2795 5356 ad
2822 5304 2956 5375 iram
2988 5302 3119 5359 eum’
3135 5321 3508 5375 provocamus.

1925 5370 2258 5452 Apponimus
2289 5381 2471 5442 postea
2500 5387 2762 5452 peccare,_
2788 5374 2833 5452 si
2868 5370 3156 5452 _tent_amus
3182 5393 3328 5447 eum,
3361 5397 3520 5452 qna:-

1927 5451 2104 5520 rcntes
2135 5443 2204 5498 ab
2232 5458 2297 5520 eo
2327 5460 2450 5520 non_
2474 5457 2597 5497 vera
2622 5484 2648 5520 ,_
2672 5450 2766 5499 sed
2814 5444 2953 5520 falsa
2989 5448 3123 5501 bona
3149 5488 3163 5512 ,
3194 5443 3344 5520 quasi
3378 5443 3509 5519 ipse

1926 5511 2047 5579 quid
2092 5514 2375 5582 petendum
2409 5513 2477 5567 sit
2506 5516 2744 5581 nesciat,
2775 5530 2896 5571 cum
2927 5518 2993 5572 de
3030 5511 3163 5575 solis
3190 5511 3333 5579 veris
3362 5511 3518 5579 bonis

1924 5582 2067 5636 dicat
2098 5602 2107 5635 :
2144 5583 2307 5636 Petite
2334 5591 2382 5636 et
2410 5585 2687 5653 accipietis,
2718 5598 2821 5641 etc.

2000 5653 2228 5735 Etntahle
2276 5655 2430 5706 locuti
2472 5666 2591 5709 sunt
2626 5658 2689 5710 de
2733 5657 2881 5735 Deo;
2928 5662 3165 5735 dixerunt
3205 5678 3226 5720 .'
3262 5662 3517 5735 Nunquid

1926 5726 2106 5795 poterit
2143 5726 2286 5804 ΔΙρειιε
2332 5742 2517 5792 parare
2554 5744 2779 5804 mensam
2817 5732 2870 5784 in
2910 5734 3153 5789 deserto?
3194 5726 3516 5804 Exsequ'itur

1926 5811 2031 5876 quo
2062 5798 2219 5876 modo
2254 5806 2588 5876 tentaverunt
2622 5801 2807 5876 Deum,
2840 5805 3065 5876 scilicet,
3097 5806 3238 5876 quia,
3272 5798 3405 5860 male
3436 5812 3513 5860 Io-

1928 5868 2033 5921 cuti
2059 5870 2121 5923 de
2148 5868 2273 5935 Deo,
2310 5868 2655 5931 detrahentes
2680 5873 2727 5928 ei
2751 5914 2765 5941 ,
2794 5868 2916 5951 quia
2947 5868 3185 5933 dixerunt
3212 5868 3233 5932 ,ί
3262 5877 3513 5955 Nunquid
