3984 6362
166 323 252 382 ιλιι

798 325 872 381 -ΙΝ
909 325 1328 386 PSALMORUM
1367 327 1625 385 LIBRUM
1670 327 2033 389 EXEGESIS.
2079 360 2148 375 --
2184 322 2428 389 PSALM.
2470 316 2736 386 LXXVII.

3273 320 3380 389 902

167 459 268 498 cum
295 442 801 523 intelligeterventes
830 449 883 523 et
914 441 1153 523 lucentes
1183 443 1403 513 spiritus
1434 446 1696 523 prtcdica-
1728 449 1774 506 Α
1803 457 1917 501 erat
1947 448 2013 505 de
2041 451 2245 505 semine
2275 463 2459 523 eorum
2491 447 2750 523 Christus.
2783 446 2847 503 Et
2873 446 3127 519 propitius
3153 450 3239 520 ﬁet
3261 472 3381 523 pec-

168 526 337 581 torum,
363 513 605 584 quiultra
637 514 851 566 veniunt
898 514 961 565 ad
996 528 1111 579 nos,
1144 525 1198 568 et
1227 526 1511 583 apportaut
1538 518 1697 570 verba

166 588 379 640 divinitus
407 586 590 650 missa,
623 592 679 636 tit
708 584 930 651 quisque
969 586 1181 653 colligat
1226 602 1311 651 ea,
1355 596 1409 640 et
1447 591 1497 640 in
1529 588 1703 642 taber-

169 660 331 712 nacalo
357 666 403 712 et
425 657 562 711 circa
595 656 992 709 tabernaculum
1035 670 1213 720 suum,
1241 666 1293 711 et
1317 658 1505 713 adoret
1534 659 1699 714 Deum

168 732 212 783 in
239 730 341 782 loco
367 744 471 783 suo.

228 798 288 853 Et
317 801 477 853 occidit
506 800 718 868 pingues
743 814 943 851 eorum.
976 797 1136 862 Quasi
1169 798 1311 852 dicat
1347 817 1357 852 :
1395 800 1503 853 lloc
1535 802 1697 854 modo

167 873 374 925 ascendit
418 886 575 939 super
607 869 745 933 illos,
802 871 923 938 quia
954 868 1242 941 occidith
1273 871 1351 924 eis
1400 872 1704 941 impingite-

170 954 259 1004 tos,
285 943 327 996 id
356 950 443 1003 est,
490 941 647 993 nimis
675 951 945 994 saturatos
978 940 1322 995 historialiter
1366 941 1417 995 in
1450 940 1703 1010 corpore.

168 1015 347 1067 Uccidit
372 1014 516 1065 nimis
560 1011 799 1064 doctrina
846 1011 961 1081 ejus
994 1012 1355 1079 impinguatos
1404 1015 1454 1065 in
1504 1027 1703 1079 mente,

172 1095 208 1139 et
235 1085 395 1139 electos
421 1081 585 1136 Israel
613 1082 893 1149 impedivit,
930 1083 996 1135 ita
1028 1084 1230 1136 scilicet
1265 1094 1320 1136 ut
1352 1099 1455 1137 non
1488 1094 1709 1152 poswnt

171 1156 265 1211 illis
295 1156 545 1223 prodesse,
579 1156 771 1222 quibus
814 1162 1035 1221 paterno
1068 1154 1257 1207 aliectu
1308 1157 1553 1209 volebant
1582 1171 1705 1209 suc-

168 1241 375 1281 currere.
404 1223 535 1291 Quid
565 1225 708 1278 enim
758 1224 976 1291 prodest
1025 1225 1255 1276 httmana
1308 1228 1703 1292 misericordia,

1809 523 1936 572 catis
1974 537 2165 586 eorum,
2211 536 2315 574 non
2363 522 2575 575 illorum
2606 522 2817 590 quidem
2858 523 3193 589 peccantium
3241 522 3294 581 et
3328 529 3383 586 in

1809 590 2119 646 inlidelitate
2144 594 2557 659 persistentium,
2586 592 2679 646 sed
2708 593 3057 660 quorumdam
3095 599 3181 663 qui
3205 611 3271 652 ex
3299 600 3384 657 eis

1806 673 2185 716 eanvvrtentnr
2210 705 2223 727 ,
2260 673 2316 717 ut
2366 664 2749 730 praediximus:
2785 673 2830 717 et
2871 674 3087 730 prooter
3124 666 3232 721 hoc
3276 686 3380 726 non

1810 735 2019 799 penitus
2058 735 2310 803 disperde!
2349 735 2486 788 illos.
2520 734 2807 790 Sciendum
2840 735 2979 804 quod
3020 750 3082 789 ex
3112 732 3217 792 hoc
3264 740 3382 799 loco

1811 814 2148 871 peceatores,
2184 806 2396 875 quidam
2444 806 2815 883 impunitatem
2860 814 3213 883 peccatorum
3240 826 3383 883 prae-

1809 886 2149 942 snmpserunt
2189 872 2447 935 asserere.
2481 872 2718 931 dicentes
2750 872 3081 947 quodetiam
3119 880 3215 947 ipsi
3240 872 3385 939 tales

1809 956 1986 1000 essent
2010 989 2022 1009 ,
2055 947 2240 1016 quales
2282 949 2366 1000 isti
2400 949 2614 1001 luerunt
2643 963 2654 999 :
2682 942 2866 1001 tamen
2912 942 3054 1003 Deus
3103 942 3387 1011 miseretur

1812 1030 2021 1081 eorum,
2050 1018 2171 1085 quia
2203 1019 2285 1070 liie
2312 1019 2504 1072 dicitur
2534 1038 2544 1071 :
2576 1016 2695 1088 Ipse
2734 1028 2901 1071 autent
2937 1026 3009 1072 cst
3032 1020 3318 1077 misericors
3341 1031 3388 1081 et

1810 1090 2065 1163 propitius
2094 1089 2177 1163 [iet
2198 1092 2414 1163 peccatis
2439 1106 2634 1163 eorum,
2656 1104 2759 1142 non
2782 1090 3122 1163 attendentes
3143 1095 3263 1163 quia
3295 1112 3387 1163 pa-

1818 1158 2005 1211 tientia
2040 1160 2130 1213 Dei
2163 1161 2227 1213 ad
2270 1161 2635 1225 paenitentiam
2670 1174 2811 1215 nunc
2848 1161 3092 1228 adducit,
3122 1158 3174 1217 in
3207 1158 3388 1222 futuro

1814 1243 1939 1282 vero
1967 1231 2160 1283 nullius
2189 1230 2310 1283 mali
2344 1232 2703 1286 miserebitur.

174 1298 251 1351 ubi
290 1312 506 1366 prtcsens
537 1305 617 1350 est
645 1294 823 1349 divina
849 1296 1116 1348 vindicta?
1158 1294 1250 1349 Vel
1282 1298 1443 1351 etiam
1496 1300 1566 1351 ita
1616 1314 1711 1354 eos

172 1369 433 1437 impedivit,
466 1370 585 1436 quia
618 1366 774 1421 nimis
815 1366 1190 1435 compaticndo
1235 1384 1339 1421 non
1374 1369 1475 1421 hoc
1501 1378 1713 1424 vertant

172 1440 523 1494 districtionem
568 1436 725 1503 vitiis,
775 1448 830 1492 ιιι
872 1448 925 1491 et
966 1437 1063 1505 ipsi
1093 1452 1215 1490 cum
1255 1438 1332 1492 eis
1380 1450 1709 1507 paterentur.

172 1510 313 1564 Velut
338 1525 469 1579 saepe
510 1510 783 1578 prophetae
813 1524 934 1563 cum
976 1508 1093 1561 aliis
1124 1510 1175 1562 in
1214 1510 1575 1577 captivitatem
1606 1514 1709 1566 du-

1888 1300 1952 1352 Et
1993 1302 2289 1355 abundauit.
2322 1302 2375 1355 ltt
2425 1303 2524 1356 hoc
2557 1300 2770 1370 quidem
2806 1303 3115 1360 misericors
3146 1304 3222 1360 eis
3254 1306 3389 1372 fuit.

1813 1372 1960 1437 quia.
1991 1387 2095 1425 non
2139 1374 2348 1441 penitus
2389 1388 2483 1428 eos
2524 1374 2873 1440 disperdidit;
2927 1384 2973 1428 et
3013 1376 3289 1433 abundarit
3337 1380 3388 1436 iu

1816 1443 2205 1506 miS‘,‘I'ICOI'tII:l,
2235 1444 2283 1496 id
2305 1454 2408 1509 est,
2427 1444 2601 1498 adhuc
2623 1443 3062 1501 abtmdantiorein
3087 1448 3393 1506 miscricorv

828 1524 934 1590 gutn
976 1514 1093 1561 aliis
1120 1514 1175 1590 in
1214 1514 1575 1590 captivitatem
1606 1514 1709 1590 du-
1818 1514 1957 1590 diam
1990 1515 2069 1567 eis
2112 1514 2355 1568 exhibuit
2380 1555 2393 1577 ,
2426 1517 2630 1590 Scilicet
2659 1524 2721 1590 ut
2761 1525 3024 1590 (nierteretj
3052 1519 3180 1572 iram
3212 1536 3390 1587 suam,

168 1584 397 1659 cti_snn_t,
442 1596 547 1659 non
574 1581 879 1659 tantum‘in
924 1581 1489 1659 exemplumjustitiae,
1532 1583 1625 1636 sed
1660 1592 1715 1659 et
1822 1585 2029 1659 scilicet
2048 1594 2117 1638 'ut
2142 1591 2303 1659 etiam
2347 1586 2723 1659 eisunigeniti
2775 1584 2895 1659 Filii
2946 1588 3027 1643 sui
3078 1581 3393 1659 sanguinem

169 1653 425 1729 patictttirc.
466 1652 541 1729 _Itt
593 1652 929 1729 exetttplunt_
962 1651 1171 1729 (ιιι-ἱρείη
1222 1652 1467 1721 ,justititc,
1525 1663 1580 1707 ιιι
1624 1654 1714 1729 alii
1819 1656 2146 1729 condonarct
2172 1698 2185 1722 ,
2221 1658 2363 1729 velut
2403 1658 2505 1712 illis
2548 1651 2639 1729 qui
2665 1654 2982 1714 accedentes
3011 1661 3076 1714 ad
3108 1651 3395 1729 Apvostolos

168 1726 366 1801 scirent,
393 1724 511 1801 quia
562 1724 605 1777 si
637 1738 763 1801 non.
787 1722 957 1790 parcit
985 1721 1126 1787 liliis,
1168 1738 1289 1801 non
1334 1732 1527 1801 parcet
1541 1726 1716 1801 servis
1816 1726 2062 1801 dixerunt
2090 1746 2101 1780 :
2135 1721 2271 1791 Quid
2297 1721 2689 1801 rudentum—viri
2714 1729 2934 1796 fratres?
2969 1721 3397 1801 Quibus'respon-

168 1795 405 1885 fugitivis.
456 1794 859 1885 ltrexemplum
904 1808 1031 1885 vero
1076 1795 1364 1885 patientiae,
1398 1805 1453 1885 ut
1494 1797 1711 1885 'illorttm
1743 1824 1790 1885 Β
1818 1798 1941 1879 deus
1965 1796 2149 1851 Petrus
2172 1800 2245 1850 ait
2269 1794 2673 1885 {Paenitentiam
2700 1794 2834 1880 agile
2864 1794 3215 1885 ci‘bdtilizelltr
3241 1794 3399 1859 unus-

168 1869 393 1935 exemplo
437 1868 700 1933 patienter
728 1866 866 1937 mala
915 1866 1141 1937 tolerare
1169 1866 1457 1937 discerent.
1494 1866 1548 1920 ltt
1592 1882 1712 1918 otn-
1743 1866 1790 1885 "
1820 1870 2027 1937 quisque
2048 1880 2267 1923 vestrum
2296 1872 2347 1923 in
2387 1871 2593 1923 nomine
2629 1868 2855 1922 Domini.
2878 1866 3145 1937 Quocirca
3178 1891 3279 1927 non
3312 1891 3401 1928 ac-

152 1933 444 2010 inibushtec
474 1936 725 2010 praedicta
754 1936 891 2010 mala
920 1933 1116 2010 intulit._
1145 1936 1221 1991 eis
1263 1936 1553 2005 Dominus,
1576 1946 1630 1992 et
1662 1938 1715 1993 in
1820 1933 2001 1993 condet
2046 1940 2204 1995 etiam
2254 1950 2451 1995 omnem
2495 1940 2627 1993 iram
2679 1954 2845 2010 etiam,
2880 1933 2945 1995 tit
2977 1946 3194 1998 omnino
3226 1946 3403 2003 deleat

168 2009 243 2084 his
287 2008 519 2084 omnibus
563 2022 592 2061 a
626 2008 850 2061 Domino
893 2006 1131 2084 correcti
1154 2017 1713 2084 peccaverunttamen
1821 2013 2075 2081 populum
2134 2014 2283 2065 illum
2320 2021 2564 2084 “propter
2620 2012 2785 2080 prolis
2832 2006 3238 2070 successionem
3267 2058 3282 2084 ,
3342 2022 3400 2075 ut

167 2079 327 2156 adhuc
351 2097 363 2135 :
391 2091 440 2134 et
470 2080 588 2132 ideo
618 2088 1002 2156 peccaverunt,
1045 2077 1181 2156 quia.
1225 2094 1345 2156 nou_
1378 2080 1719 2156 crediderunt
1821 2077 1984 2156 supra
2017 2084 2273 2156 diximus.
2319 2077 2385 2136 Et
2417 2083 2536 2137 ideo
2561 2077 2772 2151 quoque
2802 2098 2906 2136 non
2937 2086 3231 2151 accendet,
3262 2077 3399 2156 quo:

169 2155 225 2228 in_
258 2152 435 2218 Deum,
466 2148 901 2228 attendentes_in
935 2149 1266 2228 mirabilibus
1296 2149 1435 2228 ejus,
1466 2153 1715 2228 quoniam
1822 2155 1982 2228 niam
2003 2154 2420 2228 recordatusrcst
2454 2148 2595 2228 nunc
2625 2148 2741 2220 quia
2770 2169 2889 2228 caro
2920 2164 3035 2207 sunt
3059 2172 3079 2221 ;
3126 2148 3228 2211 non
3257 2148 3402 2228 quod

166 2222 436 2304 admonere
476 2223 768 2312 deberent.
817 2220 1077 2312 ilirabilia
1128 2230 1285 2275 vocat
1340 2224 1619 2312 betielicia,
1665 2233 1718 2312 et
1822 2225 2201 2312 obliviocadat
2221 2227 2273 2279 in
2304 2225 2567 2312 Deumin
2592 2237 2755 2305 quem
2779 2225 2990 2312 nullum,
3008 2220 3149 2312 cadit
3173 2220 3398 2312 vitium,

169 2295 443 2371 ptati-escis
474 2294 958 2371 illatastquanttim
989 2292 1053 2345 ad
1077 2306 1293 2371 eaquae
1321 2292 1715 2371 signiﬁcabant.
1822 2298 1924 2371 sed,
1942 2297 2235 2371 quiaprius
2252 2297 2471 2371 quando
2496 2292 2783 2371 prostravit
2805 2310 2917 2363 eos,
2946 2296 3225 2352 videbatur
3246 2292 3400 2371 quasi

242 2365 639 2440 Etdefecerunt.
665 2364 829 2440 Quasi
856 2362 1031 2440 dicat:
1064 2363 1203 2440 Quia
1246 2379 1351 2417 non
1380 2365 1721 2440 crediderunt
1823 2362 2394 2440 oblitusinlirmit‘atis
2442 2362 2650 2440 eorum.
2693 2366 2844 2421 Nunc
2892 2362 3020 2422 vero
3058 2383 3179 2424 cum
3231 2362 3402 2440 parcit

175 2439 225 2493 in
252 2437 591 2501 mirabilibus,
624 2436 744 2490 ideo
775 2434 994 2509 vanitati
1018 2435 1355 2509 studuerunt,
1398 2436 1576 2509 idest,
1609 2447 1721 2490 ter-
1824 2439 1930 2503 eis,
1969 2438 2178 2493 videtur
2205 2439 2353 2508 quasi
2400 2438 2711 2493 recordatus
2761 2453 2914 2501 esse,
2943 2440 3081 2509 ,quia
3111 2434 3402 2509 caro'sunt,

168 2509 308 2565 renis
333 2511 521 2582 rebus.
554 2509 615 2560 Et
657 2509 710 2561 in
742 2522 805 2582 ea
836 2507 1058 2582 uanitate
1092 2506 1383 2582 defecerunt
1410 2508 1518 2562 dies
1545 2522 1722 2582 eorum
1829 2510 1881 2563 id
1905 2518 1986 2564 est
2008 2510 2129 2581 quia
2154 2506 2455 2582 deinlirma
2479 2510 2700 2563 materia
2725 2520 2882 2582 sunt;
2910 2506 2962 2564 et
2981 2512 3099 2565 ideo
3121 2512 3262 2581 quod
3287 2506 3405 2582 pec-1

162 2592 208 2636 et
226 2580 343 2635 anni
369 2594 541 2652 eorum
569 2595 685 2632 cum
734 2579 1089 2652 festinatione,
1138 2580 1262 2647 quia
1317 2580 1569 2645 prostrati
1596 2588 1724 2652 sunt
1826 2590 1947 2635 cant
1975 2579 2039 2634 cii
2077 2581 2383 2634 inﬁrmitate
2412 2589 2513 2647 est,
2545 2590 2593 2652 et
2622 2581 2923 2635 recordatus
2962 2593 3034 2635 est
3063 2579 3245 2649 etiam,
3279 2579 3405 2652 quia

163 2668 269 2706 una
297 2652 380 2705 die
399 2651 589 2725 viginti
612 2652 720 2725 tria
755 2650 941 2725 millia,
977 2656 1031 2725 et
1066 2652 1343 2725 perierunt
1379 2651 1719 2725 abserpenti-
1830 2660 1951 2706 sunt
1980 2653 2188 2721 spiritus
2214 2653 2403 2706 radens
2427 2694 2443 2721 ,
2503 2651 2692 2725 idest,
2722 2666 2923 2725 pronus
2949 2652 3013 2706 ad
3047 2650 3407 2725 peccandum,

162 2725 259 2778 bus
289 2734 340 2777 et
366 2722 480 2775 aliis
508 2722 672 2793 variis
720 2720 1149 2793 morbisauuod
1172 2732 1367 2793 autem
1399 2720 1547 2783 dicit,
1592 2721 1725 2776 Cum
1829 2733 1875 2776 et
1905 2720 2011 2777 non
2033 2724 2234 2778 rediens
2264 2739 2360 2793 per
2396 2720 2455 2778 se
2493 2720 2734 2787 scilicet,
2771 2722 2863 2777 sed
2911 2738 3005 2791 per
3049 2720 3147 2777 Dei
3196 2720 3404 2782 tantuui

161 2795 494 2864 festinatione,
545 2792 666 2846 ideo
717 2791 1001 2864 nondicit
1043 2790 1185 2858 quod
1240 2792 1366 2846 anni
1398 2793 1463 2845 ad
1496 2804 1725 2848 mortem
1830 2790 2278 2849 misericordiam.
2321 2794 2555 2851 Perdere
2600 2797 2743 2847 enim
2786 2809 2843 2847 se
2874 2790 3039 2847 homo
3079 2802 3275 2863 potest,
3301 2794 3411 2851 sal-

159 2862 488 2930 festinarent,
536 2865 631 2918 sed
673 2864 795 2932 quia
841 2862 962 2935 ipsi
991 2878 1095 2916 non
1146 2864 1573 2932 corrigebantur,
1631 2864 1724 2919 sed
1832 2879 1959 2919 vare
1983 2878 2111 2920 vero
2135 2882 2192 2921 se
2232 2880 2336 2935 non
2380 2873 2578 2935 potest.
2614 2864 2769 2919 Unde
2798 2864 3055 2921 Salomon
3084 2862 3152 2921 de
3186 2867 3273 2920 via
3305 2866 3412 2921 ini-

160 2952 373 3005 semper
421 2938 473 2989 in
529 2935 678 3004 pejus
724 2933 1166 3006 detrudebantur,
1226 2935 1352 2989 ideo
1406 2935 1728 2989 videbantur
1831 2936 2047 3005 quitatis
2076 2936 2207 2991 dicit
2233 2953 2246 2989 :
2277 2933 2459 2991 Omnis
2486 2937 2573 3006 qui
2601 2939 2828 2989 ambulat
2862 2939 2913 2989 in
2943 2953 3022 3003 ea,
3064 2954 3165 2991 non
3193 2947 3412 2994 reverte-

161 3008 314 3078 quasi
344 3006 598 3062 festinare
619 3007 685 3079 ad
716 3006 1009 3079 interitum.
1041 3005 1299 3079 Similiter
1327 3020 1448 3061 cum
1479 3008 1592 3061 dies
1614 3020 1730 3060 om-
1832 3017 1932 3062 tur.
1968 3008 2034 3061 Et
2079 3010 2355 3063 sciendum
2379 3049 2394 3074 ,
2445 3005 2569 3078 quia
2616 3010 2756 3061 sicut
2787 3022 2852 3062 ex
2899 3008 3160 3077 superiori
3193 3008 3412 3079 quidam

157 3076 306 3135 nium
337 3087 571 3132 nostrum
600 3076 665 3131 ad
692 3076 1043 3131 aeternitatem
1072 3077 1237 3131 creati
1258 3090 1402 3145 sunt,
1436 3080 1480 3133 si
1502 3092 1603 3131 nos
1630 3092 1730 3133 γε·
1831 3090 2239 3147 assumpserunt
2268 3076 2606 3135 Occasionem
2640 3076 3001 3147 impunitatis,
3049 3081 3119 3133 ita
3148 3076 3310 3134 etiam
3341 3095 3410 3136 ex

162 3153 316 3207 nitati
345 3151 641 3222 studemus,
672 3149 774 3222 ipsi
803 3159 947 3203 certe
996 3147 1063 3201 ab
1107 3148 1406 3203 aeternitate
1453 3148 1727 3216 deliciunt,
1761 3157 1805 3222 λς
1839 3148 1941 3222 hoc
1967 3150 2112 3205 dicto
2139 3151 2226 3205 alii
2256 3150 2473 3222 quidam
2500 3159 2910 3220 assumpserunt
2938 3148 3044 3205 sibi
3073 3152 3414 3209 occasionem

158 3196 215 3278 ei
246 3196 373 3277 cuni
393 3221 459 3275 de
484 3221 569 3274 die
592 3196 642 3273 ili
665 3196 805 3291 diem
838 3233 1139 3286 peccamus,
1172 3228 1225 3273 et
1253 3234 1357 3273 non
1389 3196 1731 3291 corrigimus:
1759 3196 1808 3262 δ
1840 3196 2290 3289 desperationis-.1
2334 3196 2401 3291 ων
2535 3196 2597 3291 "7
2688 3196 2716 3220 Γ
2755 3196 2779 3205 ν
2894 3196 2910 3205 ⁷
2938 3196 3044 3291 in
3075 3196 3285 3255 "vn"-

156 3303 287 3348 tunc
328 3292 492 3346 animi
534 3293 711 3345 nostri
739 3290 806 3343 ad
854 3294 1211 3344 {eternitatem
1263 3293 1430 3346 creati
1480 3286 1737 3348 festinant
1908 3286 2160 3358 Quotiens
2203 3290 2539 3347 exacerbavit.
2585 3290 2799 3361 Repetit
2835 3286 3078 3346 eamdem
3116 3290 3414 3361 infidelita-

154 3364 311 3434 quasi
342 3363 407 3417 ad
439 3364 712 3416 interitqu
737 3362 821 3416 vel
844 3361 911 3415 ad
948 3362 1192 3434 nihilum.
1457 3402 1465 3410 .
1651 3432 1660 3434 Α
1841 3356 1951 3416 tem
1976 3374 2184 3429 eorum,
2228 3374 2385 3434 quam
2415 3374 2575 3431 supra
2604 3356 3047 3434 commemoravit
3080 3379 3098 3434 ι
3126 3372 3180 3417 et
3214 3363 3314 3418 hac
3342 3356 3413 3420 de

226 3434 360 3489 Cum
389 3434 767 3507 occidentem,
797 3430 1089 3507 qurerebant
1132 3448 1273 3507 eum.
1302 3431 1618 3488 Defecerunt
1648 3432 1734 3488 in-
1840 3446 1999 3507 causa
2042 3430 2261 3507 repetit,
2286 3434 2409 3507 quia
2458 3430 2570 3487 vult
2616 3433 2813 3488 addere
2855 3436 3040 3507 plagas
3086 3431 3227 3500 illas,
3276 3450 3415 3507 quas

1844 3502 2397 3576 Dotninus'ASgyptiis
2428 3512 2645 3573 propter
2668 3517 2763 3558 eos
2794 3502 3005 3571 inflixit,
3038 3514 3094 3559 ut
3126 3515 3273 3560 tanto
3293 3502 3416 3562 ina-

1841 3575 1920 3644 gis
1950 3575 2250 3645 appareant
2284 3577 2510 3645 ingrati;
2543 3577 2664 3645 quia
2695 3576 2952 3630 deberent
3000 3578 3275 3646 utriusque
3313 3591 3404 3633 re-

1842 3648 2070 3713 cordari,
2098 3649 2301 3702 scilicet
2332 3655 2385 3700 et
2417 3647 2796 3702 beneliciOrum
2825 3661 3047 3701 suorum
3070 3658 3123 3703 et
3149 3650 3410 3703 malorum

1846 3728 2060 3787 prOpIer
2086 3730 2180 3773 eos
2222 3719 2464 3773 hostibus
2508 3718 2797 3773 iilatorum.
2832 3717 2900 3773 Et
2926 3720 3005 3773 sic
3029 3720 3411 3775 continuatur:

1843 3787 1983 3843 Vere
2010 3799 2126 3844 sunt
2156 3806 2273 3844 caro
2313 3800 2360 3843 et
2403 3789 2613 3857 spiritus
2652 3791 2859 3856 vadem,
2894 3791 3017 3857 quia
3058 3795 3103 3845 si
3149 3790 3268 3846 talis
3312 3805 3422 3846 non

1844 3871 2007 3926 esset,
2038 3863 2235 3916 totiens
2258 3860 2541 3915 Dominum
2571 3872 2675 3915 non
2705 3863 3117 3916 exacerbarent.
3140 3860 3274 3915 Nam
3295 3877 3424 3929 quo-

1847 3933 1992 3997 tiens,
2027 3947 2197 4003 usque
2242 3935 2294 3986 in
2339 3934 2600 3986 inlinitum
2634 3935 3200 4003 exacerbaveruntreum
3244 3932 3297 3984 in
3336 3932 3426 3989 do-

1846 4013 2008 4068 serto;
2044 4002 2143 4057 hoc
2171 4013 2252 4058 est
2282 4006 2657 4057 concitaverunt
2687 4019 2799 4055 eum
2828 4003 2882 4055 itt
2914 4004 3044 4055 iram
3068 4002 3119 4055 in
3153 4003 3424 4072 inaquosa,

1852 4086 1957 4127 non
1990 4075 2179 4129 tamin
2214 4076 2414 4129 ventris
2445 4074 2703 4137 siccitate,
2737 4088 2895 4141 quam
2926 4074 2979 4127 in
3012 4073 3209 4127 mentis
3248 4072 3428 4127 aridi-

1850 4152 1977 4200 tate.
2014 4146 2077 4199 Et
2122 4148 2222 4200 hoc
2260 4148 2418 4198 modo
2450 4147 2819 4196 concitaverunt
2856 4160 3008 4213 eunt,
3037 4144 3158 4213 quia
3200 4144 3425 4200 conversi

1848 4226 1964 4269 sunt
1998 4217 2063 4270 ad
2094 4230 2214 4271 eum
2255 4217 2493 4270 dicentes
2529 4232 2542 4268 :
2579 4214 2907 4284 Qttwcunque
2957 4217 3255 4285 prwceperit
3282 4216 3427 4273 nobis

1850 4286 2102 4340 Dominus
2135 4288 2379 4355 faciemus
2404 4301 2421 4339 :
2447 4294 2499 4339 et
2526 4295 2702 4339 tamen
2733 4287 2915 4340 statim
2947 4295 3265 4341 tentaverunt
3290 4303 3427 4355 eum,

1856 4360 1906 4410 in
1931 4373 2036 4427 quo
2066 4366 2307 4427 apparet,
2336 4357 2458 4427 quia
2490 4372 2614 4412 vere
2638 4372 2741 4411 non
2780 4365 2906 4412 sunt
2928 4358 3197 4414 conversi.
3230 4356 3428 4416 Milites

1302 3431 1618 3488 Deiecerunl
1648 3432 1734 3488 in-

152 3521 316 3576 quam
349 3505 478 3559 anni
507 3519 716 3569 eorum,
738 3509 858 3573 quia
899 3503 1039 3557 Deus
1070 3504 1352 3558 occidebat
1378 3518 1471 3558 eos
1495 3522 1507 3557 :
1529 3513 1595 3576 et
1621 3520 1737 3558 cum

151 3574 411 3631 occideret
459 3591 566 3641 eos,
599 3577 751 3644 quasi
794 3575 1085 3645 quarrebartt
1119 3589 1253 3640 eum,
1289 3590 1393 3628 non
1427 3574 1612 3645 occisi,
1642 3576 1737 3630 sed

149 3648 246 3702 alii
285 3649 543 3701 timentes
571 3647 763 3701 occidi.
801 3644 869 3699 Et
905 3644 1007 3700 hoc
1036 3646 1197 3699 modo
1244 3647 1575 3714 quaerebant,
1617 3650 1739 3713 quia

151 3720 539 3773 revertebantur
569 3734 673 3773 non
702 3720 885 3781 corde,
945 3716 1040 3770 sed
1090 3732 1184 3770 ore
1234 3717 1300 3770 ad
1333 3718 1522 3784 Deum,
1575 3734 1741 3786 aquo

148 3793 307 3859 prius
335 3790 601 3853 abierant,
627 3799 675 3843 et
704 3788 953 3851 diluculo,
980 3788 1031 3842 id
1062 3798 1165 3854 est,
1198 3791 1346 3857 quasi
1379 3792 1617 3844 studiose
1643 3805 1731 3842 re-

146 3862 573 3915 vertebantur-ad
604 3877 717 3914 eum
749 3876 767 3913 :
816 3869 871 3914 et
903 3870 1026 3913 tunc
1070 3861 1395 3913 rememorati
1444 3872 1586 3925 sunt,
1636 3875 1739 3915 non

147 3943 336 3986 tamen
371 3948 524 3997 vere,
556 3933 679 3999 quia
712 3934 812 3985 hoc
844 3939 1047 3984 tantum
1078 3932 1236 3984 modo
1279 3942 1368 3983 aut
1398 3942 1616 3999 propter
1646 3936 1742 3986 alt-

147 4019 259 4074 qua
310 4005 601 4057 commoda
652 4002 1014 4071 adipiscenda,
1070 4012 1161 4054 aut
1210 4004 1545 4056 incommoda
1595 4003 1744 4056 devi-

146 4076 321 4144 tanda
382 4074 648 4128 fecerunt.
699 4074 1043 4128 [iamemorati
1096 4082 1248 4138 sunt,
1301 4076 1560 4141 inquam,
1625 4080 1746 4144 quia

140 4143 299 4200 Dem
329 4147 548 4214 adjutor
570 4155 869 4210 esteorum,
920 4144 969 4197 id
1010 4153 1115 4206 est,
1147 4146 1269 4211 quia
1313 4147 1430 4198 sine
1462 4144 1571 4197 Deo
1613 4143 1746 4202 nihil

137 4220 343 4272 valens
404 4219 582 4271 facere
608 4226 846 4286 possent,
874 4225 929 4269 et
951 4218 1073 4283 quia
1102 4215 1415 4284 Redemptor
1441 4231 1616 4270 eorum
1646 4228 1742 4286 est,

138 4290 195 4342 id
227 4299 344 4352 est,
378 4290 504 4357 quia
533 4289 761 4343 redemit
785 4303 881 4342 eos
910 4288 975 4340 de
1000 4286 1314 4356 [Egyptiaca
1345 4290 1636 4355 servitute;
1691 4298 1746 4343 et

137 4362 278 4414 ideo
304 4361 738 4413 dilexeruuteum
765 4368 964 4411 tantum
990 4360 1046 4411 in
1076 4372 1181 4425 ore,
1208 4371 1313 4411 non
1342 4360 1394 4412 in
1424 4360 1608 4414 corde.
1641 4359 1748 4426 Ore

133 4434 297 4484 enim
358 4432 721 4495 honorabant,
770 4444 929 4499 quem
983 4432 1143 4482 corde
1187 4430 1621 4484 contemnebant.
1680 4429 1747 4483 Et
1850 4426 1992 4483 cuitu
2022 4426 2213 4483 Christi
2246 4426 2707 4483 nonsuntorarii.
2742 4427 2807 4483 Et
2837 4428 2939 4483 hoc
2968 4426 3127 4484 modo
3154 4429 3429 4483 exacerba-

130 4504 337 4572 lingua
364 4518 465 4573 sua
501 4502 696 4555 mentiti
720 4511 839 4554 sunt
867 4501 932 4565 ei,
958 4500 1195 4554 dicentes
1226 4517 1237 4552 :
1275 4502 1596 4568 Qtla’cunqttt’
1618 4518 1750 4573 prrea
1778 4564 1817 4573 ᾴ
1856 4508 2061 4573 tierunt,
2092 4500 2143 4554 id
2166 4511 2266 4567 est,
2297 4499 2673 4573 exacerbatum
2696 4501 2796 4573 sibi
2824 4501 3169 4573 reddiderunt
3195 4510 3431 4573 sanctum

127 4564 349 4641 crp'erit
398 4572 679 4639 Dominus,
732 4564 1005 4642 faciemus,
1052 4573 1159 4626 cito
1187 4564 1367 4627 autem
1406 4564 1669 4640 iecerunt,
1704 4581 1757 4629 et
1778 4564 1833 4631 Β
1862 4564 2055 4639 Israel,
2086 4573 2136 4625 id
2159 4564 2263 4638 est,
2296 4572 2438 4625 illum
2467 4572 2557 4641 qui
2583 4572 2879 4627 sanctilicat
2906 4586 3122 4627 omnem
3153 4570 3423 4639 Israelem,

124 4645 304 4697 obiiti
331 4654 483 4698 sunt.
1627 4693 1648 4714 ,
1865 4646 1917 4699 id
1951 4654 2053 4710 est,
2086 4654 2300 4696 omnem
2334 4643 2501 4696 virum
2544 4642 2809 4697 videntem
2840 4643 3032 4713 Deum,
3074 4642 3155 4697 vel
3183 4651 3431 4714 sanctum

211 4715 333 4769 Cor
375 4725 547 4769 autem
589 4731 788 4769 eorum.
843 4715 1152 4770 Dilexerutt‘t
1179 4728 1294 4767 eum
1326 4714 1593 4785 (inquam)
1634 4713 1759 4772 tan-
1864 4715 2049 4782 Israel,
2083 4714 2134 4769 id
2166 4724 2270 4779 est,
2302 4728 2457 4783 quem
2493 4715 2589 4784 ipsi
2623 4713 2880 4769 deberent
2908 4715 3243 4770 sanctiﬁcata
3270 4713 3324 4768 in
3352 4730 3433 4781 se,

123 4796 260 4842 tum
292 4788 359 4855 in
387 4803 502 4851 ore,
535 4803 622 4841 cor
647 4798 816 4841 autem
848 4790 1072 4857 ipsorum
1118 4801 1219 4839 non
1261 4784 1370 4840 erat
1420 4784 1613 4842 rectum
1644 4804 1761 4843 cum
1865 4789 1909 4841 si
1939 4798 2115 4840 essent
2148 4801 2305 4857 verus
2338 4784 2520 4840 Israel.
2564 4786 2822 4857 Similiter
2852 4793 2907 4840 et
2944 4801 3042 4844 nos
3066 4785 3435 4841 convertimur

123 4874 223 4913 eo.
260 4858 426 4913 Illius
459 4869 638 4914 autem
666 4873 764 4913 cor
794 4854 999 4912 rectum
1030 4864 1115 4913 est
1146 4871 1265 4911 cum
1292 4858 1429 4924 Deo,
1464 4862 1552 4929 qui
1588 4860 1759 4916 Deum
1864 4858 2123 4927 dicentes,
2158 4854 2404 4923 Domine,
2435 4865 2489 4913 et
2530 4858 2706 4911 statim
2753 4856 2919 4911 Deum
2968 4866 3233 4929 tentantus
3266 4872 3278 4910 :
3310 4857 3437 4927 quia

116 4933 356 5001 quaerit
402 4940 613 4984 tantum
645 4941 863 4999 propter
904 4932 1093 4985 Deum.
1122 4930 1368 4984 ‘ISIiVBI'O
1401 4925 1505 4984 non
1540 4941 1762 5001 propter
1865 4925 2440 5001 tenipore‘tentationis
2490 4929 2786 4985 recedimus
2817 4945 2830 4979 :
2859 4928 3022 5001 etsic
3060 4925 3237 5001 Deum
3274 4925 3437 5001 quem

118 4997 361 5071 ipsum,
392 5002 497 5056 sed
545 4997 765 5070 propter
806 5003 909 5056 alia
957 5002 1269 5071 quaerebant
1302 5001 1493 5055 Deum.
1528 4997 1595 5056 Et
1627 4997 1749 5073 quia
1866 4997 2042 5070 potius
2093 5000 2303 5069 plaCare
2354 5001 2693 5073 deberemus,
2734 4998 3138 5056 exacerbamus.
3186 4997 3312 5053 Ideo
3351 4998 3437 5055 in-

111 5088 227 5126 σοι·
257 5089 459 5125 eorum
485 5089 589 5126 non
619 5083 725 5126 erat
763 5084 956 5127 rectum
1000 5088 1120 5127 cum
1164 5073 1296 5140 ﬂeo,
1341 5074 1461 5127 ideo
1496 5090 1595 5127 non
1643 5071 1762 5128 sunt
1865 5086 2047 5142 quam,
2072 5083 2303 5125 sanctum
2346 5071 2509 5126 Israel
2546 5072 2992 5137 exacerbaverunt,
3018 5073 3141 5142 quia
3185 5085 3286 5124 non
3315 5078 3439 5126 sunt

115 5145 317 5197 habiti
366 5145 577 5211 ﬁdeles,
617 5145 724 5198 into
764 5148 1002 5199 inﬁdeles
1046 5146 1446 5210 iu-tesmrnent'o,
1483 5147 1530 5199 id
1571 5157 1674 5211 est,
1706 5149 1759 5202 in
1865 5145 2121 5197 recordati
2166 5160 2368 5209 manus,
2419 5144 2472 5198 id
2508 5153 2625 5209 est,
2650 5146 2905 5210 potentia:
2952 5145 3068 5213 ejus
3111 5151 3342 5197 ostensa:
3382 5142 3440 5199 in

114 5218 622 5284 promissionihus
652 5214 793 5285 ejus,
824 5219 948 5284 quia
988 5231 1094 5269 non
1135 5216 1366 5269 ﬁdeliter
1406 5218 1758 5272 attcndcrunt
1866 5215 1986 5280 die,
2018 5230 2117 5285 qua
2146 5216 2355 5268 redemit
2396 5230 2482 5269 eos
2513 5216 2574 5269 de
2616 5230 2771 5267 manu
2796 5214 3085 5269 tribulantis
3122 5215 3438 5285 Pharaonis.

110 5302 266 5357 qua:
298 5285 581 5341 Dominus
612 5284 991 5359 promittebat,
1032 5287 1237 5340 scilicet
1274 5294 1470 5339 aeterna
1511 5298 1564 5341 et
1594 5291 1760 5344 ccclc-
1863 5286 2003 5341 Dicit
2032 5284 2384 5342 Cassiodorus
2408 5286 2872 5359 quod_tribulatio,
2902 5296 2955 5359 et
2984 5302 3047 5341 ca
3077 5300 3195 5356 quae
3224 5284 3436 5355 dolent,

102 5368 268 5421 stra,
294 5361 415 5411 sed
442 5374 543 5426 pro
569 5358 650 5412 his
678 5361 959 5427 elegerunt
985 5371 1193 5414 terrena
1216 5367 1272 5410 et
1313 5362 1642 5413 transitoria.
1864 5359 2095 5414 maxime
2123 5360 2173 5413 in
2203 5360 2458 5413 memoria
2484 5356 2670 5410 haberi
2699 5358 2894 5411 solent.
2930 5357 3021 5411 Isti
3054 5373 3184 5411 vero
3214 5371 3312 5413 nec
3334 5358 3440 5412 tri-

1874 5431 2164 5484 bulationis
2196 5429 2462 5485 recordati
2493 5439 2636 5491 sunt,
2668 5444 2830 5497 quare
2860 5431 3027 5483 multo
3070 5430 3247 5485 minus
3278 5429 3444 5484 bette-

1867 5502 2137 5570 ﬁciorum,
2165 5511 2215 5556 et
2244 5502 2365 5555 ideo
2398 5499 2555 5553 nimis
2586 5498 2775 5569 ingrati
2808 5498 3039 5555 fuerunt.

1938 5576 2083 5629 Sicut
2101 5574 2266 5644 posuit
2289 5574 2341 5645 in
2364 5570 2615 5643 Afgypto.
2638 5570 2885 5626 Redemit
2905 5588 3020 5641 eos,
3045 5574 3282 5645 inquam,
3305 5570 3447 5645 sicut

1866 5663 2049 5704 rcvct'a
2082 5656 2203 5701 Illuc
2230 5644 2462 5699 redemit
2497 5658 2612 5709 eos,
2644 5647 2857 5713 quando
2887 5648 3052 5716 posuit
3090 5649 3238 5716 signa
3264 5661 3359 5699 sua
3385 5644 3446 5702 in

1866 5720 2120 5789 zEgypto.
2157 5718 2244 5773 Vel
2277 5732 2457 5771 manus
2487 5717 2599 5789 ejus
2629 5716 2881 5775 recordati
2913 5734 3011 5772 non
3038 5729 3157 5773 sunt
3184 5726 3443 5783 ostensus,

1866 5796 1937 5848 ita
1986 5793 2127 5846 sicut
2170 5800 2557 5861 tuncostensa
2605 5798 2707 5855 est,
2742 5792 2954 5861 quando
2994 5792 3195 5861 sposuit,
3220 5789 3297 5861 ῥα
3334 5794 3444 5854 est,

1866 5866 2094 5926 lirniiter
2125 5873 2178 5922 et
2207 5860 2483 5924 evidenter
2527 5861 2721 5923 locavit
2748 5857 2929 5943 ⁶ὶίέθηιι
2959 5857 3053 5922 sua
3092 5866 3145 5923 in
3184 5857 3449 5935 Egypth

196 5428 354 5496 Ipse
401 5439 579 5483 autem
613 5441 683 5483 est
726 5433 1029 5485 ntt'sert'cors.
1077 5431 1150 5482 Illi
1177 5429 1387 5498 quidem
1422 5430 1552 5484 tales
1582 5438 1759 5500 erant,

97 5503 285 5569 quod
321 5512 387 5555 et
422 5502 631 5555 mentiti
677 5514 801 5556 sunt
828 5505 875 5555 ei
899 5544 913 5567 ,
949 5514 1002 5556 et
1038 5517 1133 5556 cor
1168 5511 1367 5554 rectum
1398 5515 1515 5555 eum
1548 5518 1612 5556 eo
1653 5519 1761 5559 non

96 5574 501 5640 habuerunt,
526 5574 667 5627 unde
698 5578 905 5642 penitus
928 5575 1128 5628 destrui
1153 5575 1613 5640 proniercbantur.
1643 5573 1763 5647 Ipse

92 5653 327 5699 autem
381 5655 463 5699 eu
494 5648 570 5700 eis
602 5649 887 5700 misericors
915 5689 929 5713 ,
960 5648 1081 5716 quia
1114 5662 1217 5697 non
1260 5650 1468 5711 penitus
1499 5648 1763 5704 destruxit

92 5718 424 5789 ρομυιιιιιι
454 5718 622 5783 illum,
642 5733 853 5789 prOpIer
867 5722 1435 5788 protissuccessionetn
1462 5735 1471 5769 :
1498 5724 1622 5787 quia
1649 5722 1764 5786 qni-

89 5794 259 5844 dam
293 5790 523 5857 posteri
546 5805 731 5845 eorum
776 5792 1030 5845 credituri
1054 5801 1106 5844 et
1130 5790 1349 5859 perlecti
1385 5792 1546 5844 futuri
1585 5800 1759 5860 erant,

96 5864 291 5921 sicut
318 5864 529 5936 salicti
558 5863 784 5941 apostoli
809 5872 865 5921 et
888 5864 1040 5921 multi
1068 5864 1183 5934 alii,
1207 5871 1261 5921 et
1302 5864 1425 5937 quia
1454 5863 1761 5929 nasciturus
