3984 6362
513 354 623 418 903

979 353 1186 411 BEDE
1227 350 1682 413 VENERABILIS
1716 351 1866 411 OPP.
1908 350 2085 410 PARS
2120 350 2189 409 11.
2224 350 2416 409 SECT.
2464 350 2529 407 ll.
2572 381 2639 393 —
2680 351 2885 410 DUBIA
2927 354 3017 410 ET
3055 353 3326 413 SPURIA.

3687 360 3794 418 904

518 476 683 543 Signa
713 476 867 543 vocat
887 467 1069 539 plagas
1094 468 1358 543 Egyptiis
1380 468 1630 543 inflictas,
1655 477 1930 543 propterea
1953 467 2076 537 quia
2107 472 2163 534 Α
2186 481 2329 543 mus.
2363 467 2623 543 Tenebra
2646 466 2891 543 stultitia
2923 483 3059 539 quas
3089 471 3433 539 pradiximus
3456 482 3611 529 sunt.
3632 474 3790 533 Nolle

517 538 660 602 aliud
689 538 1122 613 significaverunt
1149 558 1165 613 ξ
1195 538 1250 595 et
1278 540 1397 613 ideo
1424 540 1602 613 statim
1628 539 1791 613 signa_
1809 538 1895 592 illa
1923 548 2079 613 vacat

520 608 784 690 prodigia,
834 621 887 666 et
929 611 1102 690 locum
1135 610 1453 690 determinat
1488 608 1717 690 dicens";
1746 608 2079 690 Ettprodigt’tt

520 680 616 743 ina
644 680 701 739 in
721 698 899 752 campo
928 680 1185 736 Thaneos.
1218 680 1460 752 Prodigia
1486 680 1625 735 enim
1658 680 1902 735 dicuntur
1923 681 2080 749 quasi

520 750 943 842 porra_agentia.
971 752 1231 842 Etplaga
1260 752 1364 805 illa
1394 750 1610 842 fuerunt
1640 766 1804 842 porro
1828 760 2077 842 agentes,

525 822 579 884 id
616 835 710 886 .est
747 822 1117 892 significantes
1162 822 1227 878 ea
1269 837 1387 891 qua
1430 823 1779 891 Spiritualiter
1828 822 1881 875 in
1932 823 2084 877 nobis

522 899 743 954 fuerint.
777 894 846 949 Et
874 895 1060 961 incipit
1086 908 1402 949 enumerare
1442 895 1587 963 signa
1625 893 1715 947 illa
1755 893 1976 946 dicens:
2013 892 2080 946 Et

522 968 767 1023 convertit
796 966 1012 1036 ﬂumina
1032 981 1205 1019 eorum
1228 965 1284 1036 in
1313 966 1626 1036 sanguinem,
1651 974 1697 1036 et
1726 964 1908 1036 imbres
1934 964 2085 1017 etiam

525 1054 714 1097 eorum
753 1034 1055 1106 propterea,
1106 1053 1168 1090 ne
1212 1035 1280 1090 de
1331 1034 1421 1089 his
1442 1036 1528 1091 vel
1569 1035 1637 1090 de
1682 1034 1788 1106 illis
1828 1035 2086 1106 biberent;

527 1104 874 1166 historialiter
903 1107 1006 1162 hoc
1042 1121 1168 1162 vere
1194 1108 1388 1161 factum
1417 1116 1521 1173 est,
1555 1107 1697 1175 quod
1718 1104 1932 1159 ﬂumina
1959 1121 2087 1160 san-

526 1178 999 1254 guinalenta_fa‘cta
1029 1186 1176 1244 sunt,
1204 1187 1258 1254 e_t_
1279 1178 1454 1254 pisces
1483 1178 1676 1232 mortui
1697 1193 1711 1254 ξ
1735 1185 1789 1231 et
1816 1176 1957 1254 quod
1987 1177 2089 1245 ipsi

527 1248 789 1308 cisternas
832 1248 1100 1314 foderunt,
1130 1258 1183 1303 et
1225 1248 1296 1303 ibi
1326 1249 1493 1319 etiam,
1526 1248 1835 1319 sanguinem
1870 1249 2089 1303 invene-

530 1331 674 1379 runt.
697 1319 953 1389 Similiter
969 1320 1127 1375 etiam
1146 1334 1287 1374 nunc
1308 1320 1390 1373 his
1411 1318 1501 1389 qui
1520 1318 1815 1386 sequuntur
1838 1319 2091 1385 populum

530 1393 703 1463 illum,
729 1401 784 1448 et
807 1392 863 1446 in
892 1388 1148 1463 ﬁgypto,
1182 1390 1241 1463 id
1256 1398 1372 1463 est,
1391 1388 1443 1443 in
1471 1391 1701 1445 tenebris
1730 1402 1851 1463 esse
1881 1389 2089 1463 volunt,

532 1460 777 1519 convertit
817 1460 1071 1517 Dominus
1099 1462 1315 1530 flumina
1356 1461 1409 1513 in
1433 1464 1752 1531 sanguinem,
1780 1460 1838 1531 id
1870 1468 1971 1526 est,
1997 1461 2094 1515 do-

533 1537 762 1592 ctrinam
811 1546 978 1588 sacrae
1005 1532 1297 1600 Scriptura
1337 1532 1467 1587 facit
1492 1530 1569 1585 eis
1604 1530 1884 1599 insipidam
1911 1541 1965 1585 et
1991 1532 2094 1585 im-

575 1605 846 1669 otabilem,
874 1604 1075 1658 scilicet
1108 1610 1166 1657 ut
1188 1602 1257 1658 de
1280 1603 1455 1658 causis
1492 1616 1669 1657 rerum
1712 1615 1815 1655 non
1842 1602 2094 1669 spiritua-

2183 538 2377 593 imitari
2417 537 2566 613 illum
2596 539 2685 607 qui
2716 537 2953 613 animam
2994 537 3145 613 suain
3190 543 3354 597 valuit
3404 559 3503 613 pro
3528 547 3791 603 omnibus

2192 623 2414 677 ponere,
2443 610 2588 685 sicut
2612 624 2640 661 e
2669 617 2857 685 contra
2905 611 3076 685 ipsum
3121 612 3344 685 imitari,
3377 610 3463 670 est
3499 618 3668 685 quasi
3713 618 3791 672 lu-

2190 694 2312 759 men
2341 680 2639 759 sapientia.
2669 678 2939 759 Velaliter
2965 698 2977 734 :
3008 680 3203 759 Pruina
3252 678 3789 759 anticipat'frtuctus,

2185 751 2346 806 etiam
2395 750 2717 825 priusquam
2753 750 2807 825 in
2848 750 2997 817 folia,
3047 753 3132 808 vel
3179 754 3231 808 in
3273 750 3433 811 ﬂores
3472 750 3789 825 prodqu

2187 828 2440 895 tur;_per
2489 821 2631 895 quod
2686 820 2995 891 designatur
3045 825 3281 895 nequitia
3340 825 3432 880 illa
3473 820 3785 895 'malornm,

2186 906 2306 1017 ﬂua
2331 892 2399 944 ita
2430 892 2687 960 anticipat
2717 906 2879 946 omne
2916 906 3054 962 opus
3094 894 3357 978 bonorum
3396 892 3784 968 proximorum

2226 962 2547 1017 ehortanda.
2598 962 2947 1017 devocanda.
2978 972 3037 1017 ut
3084 965 3215 1017 mhtl
3265 968 3319 1017 in
3368 969 3448 1017 eis
3496 968 3637 1017 boni
3677 971 3784 1017 ﬁat.

2226 962 2547 1028 ehortanda,
2598 962 2947 1028 devocanda,
2978 972 3037 1018 ut
3084 964 3215 1020 nihil
3265 968 3319 1022 in
3368 962 3448 1023 eis
3495 968 3637 1024 boni
3676 971 3788 1026 ﬁat.

2187 1033 2348 1113 iuxta
2385 1033 2521 1113 hanc
2543 1047 2678 1113 vero
2717 1034 3042 1089 sententiam
3077 1050 3288 1093 morum
3317 1052 3416 1108 pro
3445 1053 3790 1113 quocunque

2190 1104 2362 1159 fructu
2389 1107 2640 1168 accipias.

2263 1174 2327 1251 Et
2358 1176 2566 1251 tradidit
2602 1177 2841 1245 grandini
2874 1179 3116 1251 jumenta
3154 1194 3349 1251 eorum.
3392 1180 3507 1237 Hoc
3538 1196 3683 1239 vero
3710 1180 3767 1238 hi

2189 1246 2481 1333 sterialiter
2497 1247 2692 1333 factum
2718 1257 2822 1333 est,
2847 1246 2989 1318 q'uod
3012 1250 3224 1333 grando
3239 1255 3505 1333 percussit
3524 1253 3788 1324 iumenta

2191 1316 2587 1395 @gyptiarum.
2616 1318 2725 1395 Per
2746 1316 2999 1395 damnum
3015 1316 3638 1395 'autem'jumentarum,
3688 1338 3787 1395 pn-

2191 1389 2390 1468 dicitia
2433 1388 2683 1468 damnum
2711 1389 3050 1463 intelligitur.
3080 1388 3352 1468 _.l_uménta
3395 1388 3651 1468 namque
3680 1388 3786 1451 non

2194 1460 2310 1548 Eiet
2326 1459 2393 1548 id
2413 1459 2960 1548 ,τριξξιξῐρρίιριμρμὲςρ
2988 1462 3522 1548 ει;ἓά.θο.εοωηι,ράρ
3548 1459 3682 1548 ’ρετ
3704 1468 3788 1533 ία-

2195 1540 2373 1607 menta
2405 1528 3010 1607 designatur‘pudicitia.
3046 1531 3140 1588 Vel
3172 1534 3328 1607 aliter
3355 1552 3367 1589 :
3400 1536 3541 1603 Quia
3570 1528 3783 1607 inmen-

2196 1609 2247 1674 ta
2276 1600 2528 1674 dicuntur
2562 1614 2591 1653 a
2626 1600 2885 1671 iuvanda,
2912 1612 3133 1673 possunt
3173 1619 3267 1674 per
3301 1600 3551 1673 juménta
3570 1600 3785 1665 'nxores

561 1679 688 1743 iter,
720 1674 814 1731 sed
855 1673 1141 1749 carnaliter
1173 1674 1404 1749 sentiant
1432 1690 1444 1727 :
1476 1681 1531 1727 et
1566 1671 1717 1749 quod
1746 1672 2097 1740 spiritualiter
2196 1670 2485 1749 designari,
2514 1685 2634 1741 qua
2674 1681 2801 1728 sunt
2823 1670 3187 1749 adiumentum
3220 1670 3321 1731 etsi
3354 1692 3469 1732 non
3507 1679 3785 1749 virginalis

535 1748 734 1803 factum
765 1753 867 1813 est,
900 1745 1184 1800 carnaliter
1230 1744 1543 1813 intelligant.
1587 1743 1652 1797 Et
1706 1743 1806 1798 hac
1845 1753 1927 1798 est
1964 1757 2096 1798 con-

537 1819 675 1874 verti
702 1816 841 1886 quod
868 1816 1108 1884 sapidum
1130 1817 1312 1870 eratin
1336 1814 1736 1886 insipiﬁditatem,
1760 1815 1896 1886 sicut
1912 1828 1943 1869 e
1962 1828 2097 1869 can-

540 1897 619 1944 tra
662 1885 799 1959 aqua
840 1902 956 1956 qua
1003 1887 1121 1941 sine
1148 1899 1339 1959 sapore
1375 1885 1774 1959 estintvinum,
1813 1885 2100 1959 id_test,_in

539 1954 785 2029 saporem
816 1954 1082 2029 mutatur,
1109 1971 1231 2011 cum
1269 1956 1442 2011 littera
1474 1956 1603 2025 legis
1647 1954 1994 2029 spiritualiter
2020 1956 2102 2011 in-

540 2026 814 2097 telligitur.
859 2026 964 2081 Per
996 2028 1220 2082 imbrem
1262 2041 1408 2093 vero,
1457 2029 1543 2095 qui
1584 2034 1667 2081 est
1698 2040 1831 2095 aqua
1871 2027 2102 2096 desuper

540 2102 782 2165 veniens,
814 2098 1001 2153 altiora
1042 2098 1097 2152 in
1130 2097 1242 2165 ipsa
1273 2097 1537 2157 doctrina,
1580 2111 1698 2165 qua
1728 2097 1961 2153 maxime
1986 2099 2099 2167 spi-

544 2171 806 2230 ritualiter
829 2178 973 2225 esset
1011 2168 1373 2236 intelligenda,
1405 2167 1788 2237 signiticantnr.

613 2241 758 2296 Misit
783 2242 838 2295 in
863 2256 946 2294 eos
983 2239 1323 2309 cynomyiam,
1355 2249 1399 2293 et
1426 2239 1641 2310 comedit
1680 2254 1785 2292 eos.
1811 2238 2101 2310 Cynomyia

540 2322 624 2368 est
650 2326 829 2367 musca
878 2308 1098 2374 canina,
1132 2310 1284 2365 valde
1312 2324 1472 2365 canes
1503 2308 1779 2374 infestans,
1813 2308 1907 2378 per
1943 2308 2102 2378 quam

543 2385 626 2455 (ut
651 2384 722 2438 ita
750 2382 920 2438 dicam
943 2381 1168 2455 )Acanini
1208 2396 1387 2455 mores
1415 2380 1779 2455 designantur,
1810 2379 2002 2455 quibus
2032 2382 2103 2434 ita

540 2451 929 2511 consumuntur
976 2452 1199 2507 interius
1248 2452 1486 2505 volentes
1540 2451 1801 2506 devorare
1850 2454 2102 2519 populum

543 2525 661 2591 Dei,
703 2534 762 2579 ut
804 2538 901 2578 nec
932 2523 1243 2592 parentibus
1280 2522 1391 2576 suis
1420 2521 1648 2591 aliquem
1681 2522 1966 2576 exhibeant
2008 2521 2105 2575 ha-

545 2611 754 2652 norem.
778 2594 909 2649 Cum
933 2603 1108 2648 tamen
1134 2593 1389 2649 Dominus
1418 2593 1468 2646 in
1494 2592 1778 2662 Evangelia
1802 2593 2100 2661 pracipiat:

546 2666 761 2721 Honora
791 2673 984 2735 patrem
1012 2674 1057 2719 et
1085 2674 1317 2729 matrem,
1343 2674 1399 2717 ut
1426 2664 1496 2717 sis
1524 2663 1791 2735 longaevae
1816 2679 1969 2732 super
2004 2672 2106 2716 ter-

547 2754 678 2791 ram.
714 2732 919 2791 Ra'nam
948 2750 1160 2805 quoque
1188 2736 1333 2790 misit
1362 2732 1623 2789 Dominus
1645 2735 1696 2788 in
1727 2732 2034 2805 1Egyptum,
2059 2743 2106 2787 et

543 2809 849 2880 disperdidit
887 2822 992 2880 eos.
1043 2805 1147 2880 Per
1204 2820 1387 2880 ranam
1441 2805 1733 2875 loquacitas
1771 2804 2105 2880 designatur,

551 2876 677 2948 quia
707 2876 1032 2948 disperdidit
1074 2876 1346 2948 Dominus,
1380 2886 1748 2948 persecutores
1781 2886 1847 2948 et
1894 2876 2103 2948 malas;

549 2946 673 3020 quia
711 2950 811 3017 ipsi
858 2947 1193 3020 intendente_s
1233 2947 1539 3020 vanissima
1586 2946 1924 3016 loquacitati,
1969 2946 2108 3020 dell-

550 3015 698 3077 éinnt
735 3015 1088 3074 auctoritate.
1144 3015 1209 3070 Et
1254 3018 1390 3070 dedit
1431 3019 1627 3085 {ructus
1658 3015 1858 3081 eorum,
1906 3016 2109 3071 scilicet

552 3091 922 3164 Egyptiorum
963 3090 1197 3164 mugiuit
1225 3088 1436 3164 ﬂrqu
1473 3096 1557 3143 est
1581 3089 1737 3164 _tinea_
1761 3089 1847 3164 _vel
1897 3086 2105 3164 rubigo,

553 3157 759 3218 occulte
790 3172 1022 3226 nocens;
1053 3157 1193 3229 q'nod
1224 3160 1276 3215 in
1304 3159 1466 3228 spicis
1495 3158 1625 3212 satis
1654 3157 1876 3229 evidens
1907 3168 2008 3211 est.
2042 3158 2107 3229 Et

552 3235 861 3303 designatur
889 3246 982 3303 per
1007 3227 1295 3303 aeruginem
1323 3227 1532 3303 occulta
1572 3228 1835 3303 superbia
1862 3228 1916 3283 in
1954 3227 2107 3283 malis

550 3299 778 3371 scilicet,
806 3301 1019 3372 quando
1043 3299 1161 3370 plus
1202 3300 1522 3370 superbiunt
1559 3315 1719 3372 quam
1754 3299 2028 3364 deberent,
2055 3310 2111 3372 et

553 3369 861 3430 existimant
884 3388 942 3429 se
971 3369 1170 3440 aliquid
1202 3369 1341 3435 esSe,
1373 3385 1493 3426 cum
1530 3369 1660 3424 nihil
1684 3377 1827 3440 sunt,
1855 3384 1949 3438 per
1969 3371 2108 3440 quod

550 3446 846 3502 destruitur
873 3439 1072 3498 fructus
1098 3458 1284 3498 eorum
1306 3482 1322 3507 ,
1350 3456 1507 3511 quem
1533 3440 1632 3510 ipsi
1672 3455 1739 3494 ex
1765 3439 2110 3509 intelligentia

2197 1743 2478 1818 castitatis,
2523 1750 2712 1818 tamen
2763 1744 3079 1818 canjugralis.
3138 1745 3264 1801 Hac
3316 1756 3503 1803 autem
3537 1743 3785 1818 iumenta

2127 1835 2176 1897 Β
2200 1814 2351 1897 quasi
2376 1811 2779 1897 grandinantur,
2790 1811 3083 1897 eumipsa
3107 1831 3304 1897 uitales
3330 1811 3613 1897 vilescunt
3634 1822 3782 1897 Vitis.

2134 3197 2182 3262 C

554 3527 608 3572 et
638 3515 845 3571 ratione
865 3514 1125 3570 deberent
1164 3514 1361 3569 facere.
1393 3512 1578 3567 Omnis
1603 3511 1747 3568 enim
1777 3511 1937 3568 homo
1962 3522 2115 3566 natu-
2158 3538 2161 3539 ν

552 3588 739 3643 raliter
766 3601 835 3641 ex
861 3586 1234 3656 intelligentia,
1268 3592 1323 3656 et
1351 3584 1556 3639 ratione
1588 3583 1690 3656 hoc
1716 3582 1898 3656 habet,
1926 3592 1983 3637 ut
2005 3581 2117 3637 fru-

553 3667 698 3714 ctum
728 3658 841 3713 Dca
870 3652 1079 3721 reddat,
1111 3655 1162 3710 id
1190 3663 1274 3710 est
1302 3654 1439 3709 bona
1471 3668 1630 3724 opera
1651 3652 1828 3708 faciat.

572 3764 587 3773 .
623 3726 692 3779 Ει
724 3729 916 3781 labores
938 3742 1114 3779 eorum
1149 3727 1377 3780 locusta’.
1411 3722 1642 3780 Locusta
1675 3738 1771 3779 ore
1800 3722 1965 3791 ladit,
1995 3726 2116 3793 quia

552 3799 714 3861 rodit,
744 3812 840 3866 per
872 3810 1032 3865 quam
1078 3797 1313 3864 nequitia
1354 3796 1441 3848 illa
1492 3797 1545 3850 in
1590 3796 1746 3850 malis
1787 3794 2116 3866 designatur,

550 3867 693 3937 quod
726 3868 826 3934 ipsi
855 3867 1006 3921 bonis
1031 3866 1284 3934 operibus
1307 3866 1674 3935 proximorum
1702 3866 2010 3937 detrahunt,
2034 3869 2118 3920 vel

444 3948 459 3955 ⁴
552 3934 712 3994 etiam
759 3937 950 3993 falsum
982 3934 1319 3991 testitnonim’
1339 3946 1527 3990 contra
1573 3936 1872 4004 proximum
1912 3934 2116 3990 dicunt.

553 4011 624 4066 Et
672 4009 794 4065 huic
844 4010 1061 4063 locusta
1088 4007 1282 4062 dantur
1328 4006 1539 4062 labores
1582 4020 1800 4072 eorum,
1842 4006 1963 4075 quia
1992 4007 2119 4061 dum

554 4081 693 4138 bona
734 4094 896 4151 opera
944 4080 1171 4134 aliorum
1214 4081 1511 4151 destruunt
1548 4076 1873 4146 principalis,
1920 4079 1965 4131 si
1994 4078 2121 4148 quid

550 4153 652 4223 ipsi
682 4147 803 4206 boni
844 4151 1393 4223 feceruntdeterunt_.
1426 4147 1548 4217 quia
1580 4162 1738 4223 nemo
1768 4151 1913 4223 prius
1940 4147 2124 4223 peccat

551 4217 606 4280 in
648 4237 727 4287 se,
768 4236 927 4292 quam
963 4222 1015 4275 in
1062 4222 1311 4276 alterum.
1347 4218 1531 4292 Potest
1557 4220 1733 4292 etiam
1769 4217 1919 4292 juxta
1964 4220 2123 4292 aliam

555 4288 962 4349 similitudinem
1001 4306 1097 4361 per
1120 4292 1381 4346 locustam
1413 4289 1733 4361 instabilitas
1755 4288 2018 4361 malorum
2046 4291 2127 4345 in-

555 4364 749 4432 telligi,
787 4360 1147 4432 scilicet’quia
1175 4362 1240 4415 ad
1272 4372 1481 4431 tempus
1512 4360 1767 4427 credunt,
1802 4369 1856 4414 et
1896 4360 1951 4415 in
1992 4370 2128 4416 tem-

553 4449 684 4506 pore
714 4434 1021 4506 tentationis
1053 4434 1329 4506 recedunt.

630 4504 695 4559 Et
735 4505 916 4558 occidit
958 4504 1014 4557 in
1043 4502 1291 4574 grandine
1330 4503 1501 4555 uineas
1545 4518 1742 4556 eorum.
1775 4500 1877 4574 Per
1916 4502 2124 4558 vineam

2200 1884 2338 1939 sicut
2360 1898 2389 1936 e
2412 1892 2592 1937 contra
2631 1884 2885 1939 uxoribus
2906 1900 3049 1954 sape
3076 1886 3201 1940 viri.
3229 1886 3472 1943 Tradidit
3499 1891 3642 1945 enim
3664 1884 3778 1945 illos

2201 1954 2361 2028 Deus,
2404 1963 2463 2007 ut
2488 1954 2772 2028 Apostolus
2818 1955 2893 2028 ait
2916 1999 2929 2022 ,
2959 1958 3012 2028 in
3049 1959 3321 2026 reprobum
3345 1976 3586 2028 sensum,
3618 1970 3677 2014 ut
3698 1962 3788 2016 viri

2198 2024 2378 2079 relicto
2408 2040 2505 2078 usu
2542 2025 2762 2092 feminae,
2790 2035 2837 2079 et
2867 2026 3065 2096 femina!
3087 2024 3261 2082 relicto
3287 2024 3651 2085 naturalitus
3685 2048 3783 2085 nu-

2199 2095 2352 2166 sculi,
2376 2096 2569 2164 faciant
2593 2111 2706 2166 qua
2735 2111 2835 2149 non
2864 2095 3188 2165 Conveniunt,
3214 2109 3318 2154 etc.

2277 2165 2656 2221 Possessianem
2680 2182 2853 2221 eorum
2894 2169 3020 2236 igni.
3061 2169 3337 2225 Possessio
3381 2180 3579 2225 nostra
3606 2181 3688 2227 est
3712 2170 3779 2225 in-

2204 2236 2370 2312 terior
2399 2237 2579 2312 homo,
2608 2236 2759 2307 juxta
2789 2238 2919 2312 illud
2946 2255 2957 2290 :
2990 2237 3061 2292 In
3089 2241 3337 2307 patientia
3356 2250 3535 2312 uestra
3560 2244 3779 2312 pauido-

2204 2307 2319 2363 bitis
2364 2308 2563 2383 animos
2609 2308 3002 2383 vestras._llac
3048 2312 3319 2383 possessio
3365 2307 3625 2383 traditur,
3653 2312 3773 2383 igni.

2204 2378 2421 2449 quando
2448 2393 2600 2449 mens
2628 2388 2809 2433 nostra
2839 2379 3238 2436 immanissima
3259 2382 3565 2437 iracundia
3604 2378 3775 2437 quare

2204 2448 2442 2504 vastatur
2474 2465 2487 2501 :
2516 2448 2655 2503 sicut
2674 2449 2817 2505 enim
2849 2464 2945 2518 per
2966 2452 3271 2519 patientiam
3296 2461 3685 2517 conservatur,
3712 2453 3777 2507 ita

2206 2535 2333 2603 per“
2351 2520 2734 2603 impatientiam
2764 2519 3100 2603 _devasti_ttur.
3126 2522 3431 2603 Sciendum
3468 2524 3622 2594 quod
3645 2527 3783 2603 sicut

2205 2589 2260 2664 in
2294 2589 2481 2664 Egodo
2507 2589 2693 2645 decem
2726 2591 2896 2664 plaga
2938 2589 3156 2664 Egypti
3186 2589 3609 2660 enumerantur,
3644 2596 3711 2649 ita
3735 2602 3784 2649 et

2207 2660 2316 2733 hic.
2339 2660 2474 2717 Tres
2489 2668 2705 2733 tantum
2730 2661 2802 2717 ibi
2822 2660 3227 2730 enumerantur,
3254 2680 3374 2733 qua
3395 2665 3491 2720 hic
3516 2680 3625 2721 non
3644 2675 3779 2729 sunt,

2206 2731 2303 2787 sed
2335 2746 2429 2801 pro
2468 2730 2730 2803 illisalia
2768 2741 2877 2803 tres
2916 2733 3003 2787 hic
3056 2730 3342 2803 ponuntur,
3378 2750 3491 2790 non
3520 2735 3594 2790 ad
3620 2734 3777 2789 histo-

2208 2800 2366 2867 riam,
2397 2802 2494 2858 sed
2521 2800 2597 2873 ad
2625 2802 2952 2873 allegoriam.
2980 2800 3218 2870 Quarum
3258 2800 3361 2861 una
3388 2810 3515 2861 hac
3559 2816 3655 2871 est,
3680 2805 3779 2860 sci-

2209 2873 2352 2945 licet,
2383 2871 2535 2945 quod
2574 2871 2846 2941 possessio
2884 2875 3073 2929 tradita
3103 2876 3175 2930 sit
3202 2876 3330 2945 igni.
3358 2876 3483 2931 Alia
3518 2891 3647 2931 vero
3668 2882 3771 2938 est.

2213 2943 2411 2997 Occidit
2438 2958 2608 2996 moros
2633 2959 2810 2998 eorum
2848 2945 2901 2998 in
2926 2946 3134 3013 pruina,
3168 2943 3344 3011 tertia,
3385 2945 3459 3000 Et
3493 2947 3783 3001 deditam-

2210 3015 2319 3085 gini
2350 3018 2549 3085 [ructus
2574 3029 2767 3069 eorum.
2808 3014 2875 3069 Et
2909 3014 3010 3071 hac
3038 3026 3122 3071 est
3156 3019 3409 3072 usitatum
3440 3018 3497 3072 in
3530 3017 3629 3071 hac
3656 3016 3785 3071 scri-

2211 3094 2391 3156 ptura,
2422 3085 2647 3159 alterum
2696 3100 2794 3159 pro
2829 3086 2999 3141 altera
3023 3096 3253 3159 propter
3276 3088 3607 3159 allegoriam
3643 3099 3783 3159 sape

2214 3154 2417 3281 ῂοθιῖθέἰ
2440 3173 2453 3209 :
2478 3154 2654 3212 taliter
2681 3154 2823 3212 enim
2854 3154 3102 3226 superius
3132 3154 3230 3229 pro
3256 3154 3426 3214 Achis
3452 3159 3636 3229 posuit
3661 3157 3787 3213 Abi.

2214 3243 2263 3281 m
2321 3243 2348 3280 e
2427 3267 2439 3280 .

2212 3242 2439 3282 metecn.

2288 3296 2435 3351 Misit
2482 3298 2536 3352 in
2582 3313 2689 3353 eos.
2730 3295 2894 3361 Quasi
2940 3297 3123 3355 dicat:
3154 3299 3282 3354 Hac
3319 3300 3489 3356 omnia
3530 3299 3794 3367 praedicta

2213 3369 2397 3425 intulit
2425 3368 2689 3423 Dominus
2718 3367 3006 3438 Egyptiis,
3036 3379 3090 3426 et
3117 3371 3223 3425 hoc
3252 3370 3422 3426 taliter
3445 3370 3592 3434 fecit,
3634 3372 3797 3424 sciti-

2213 3450 2299 3513 cet
2326 3440 2468 3513 quod
2507 3440 2657 3509 prius
2710 3440 2848 3513 misit
2895 3440 2947 3513 in
2988 3456 3075 3495 eos
3122 3438 3795 3513 indignationemide'tnde

2216 3512 2372 3574 iram,
2425 3511 2639 3569 demum
2680 3510 3097 3576 tribulationem,
3158 3510 3261 3567 hoc
3298 3520 3377 3567 est
3427 3512 3569 3581 quod
3606 3510 3793 3566 dicit:

2217 3581 2362 3636 Misit
2397 3582 2450 3634 in
2475 3597 2559 3635 eos
2587 3582 2719 3633 iram
2746 3581 3119 3652 indignationis
3146 3598 3253 3636 sua:
3277 3583 3705 3647 consecutivam,
3741 3592 3791 3636 et

2216 3652 2539 3724 determinat
2560 3666 2665 3720 quo
2686 3652 3150 3724 ordine,tscilicet,
3180 3654 3326 3722 prius
3353 3654 3786 3724 indignationem,

2219 3732 2418 3789 etpost
2446 3723 2602 3787 iram,
2630 3730 2677 3775 et
2718 3724 2796 3776 sic
2825 3722 3227 3778 tribulationem.
3256 3724 3323 3780 Et
3356 3722 3491 3779 hanc
3520 3724 3796 3777 immissio-

2219 3810 2331 3848 nem
2358 3792 2484 3849 fecit
2523 3809 2614 3863 per
2643 3793 2855 3864 angelos
2878 3794 3064 3859 malos,
3115 3797 3208 3849 ira
3234 3802 3345 3850 sua
3374 3796 3676 3849 ministras.
3711 3792 3793 3847 ln-

2224 3865 2590 3933 dignationem
2616 3864 2813 3935 quippe
2844 3864 2990 3919 misit
3028 3866 3230 3930 statim,
3270 3866 3481 3935 quando
3519 3879 3626 3919 non
3669 3878 3797 3919 oon-

2219 3944 2506 3991 senserunt
2548 3934 2719 4003 prima
2746 3936 3042 4001 admonitu,
3074 3946 3131 3991 ut
3159 3934 3491 3991 dimitterent
3537 3936 3795 4005 papula-

2220 4020 2379 4061 suum
2407 4024 2420 4059 :
2454 4005 2670 4077 quando
2696 4019 2824 4060 vero
2849 4007 3127 4075 superbire
3152 4008 3321 4077 magis
3339 4016 3643 4076 caperunt,
3672 4016 3796 4060 tunc

2221 4076 2556 4132 contumacia
2571 4079 3031 4144 prameruitiram.
3062 4076 3261 4134 Secuta
3277 4079 3469 4134 deinde
3493 4077 3795 4143 induratia,

2224 4158 2407 4202 secuta
2440 4157 2495 4219 et
2535 4146 2826 4202 tribulatio.
2853 4148 3051 4219 Accipe
3085 4156 3267 4204 autem
3310 4151 3363 4205 in
3387 4150 3559 4219 primo
3586 4146 3801 4217 ﬂagello

2224 4217 2665 4288 indignationem,
2698 4219 2751 4272 in
2782 4218 3019 4274 secundo
3046 4221 3189 4289 quod
3216 4217 3427 4290 gravius
3450 4218 3572 4287 fuit,
3614 4219 3798 4273 iram:

2224 4290 2621 4344 tribulationem
2653 4303 2780 4343 vero
2806 4291 2859 4343 in
2889 4290 3007 4344 aliis
3029 4292 3296 4345 omnibus.
3328 4292 3588 4347 Similiter
3616 4300 3677 4345 et
3704 4302 3802 4344 nos

2226 4375 2349 4415 cum
2383 4372 2685 4432 peccamus,
2736 4360 2898 4415 mittit
2945 4360 3201 4416 Dominus
3252 4363 3709 4432 indignationem.
3752 4359 3803 4414 id

2227 4441 2330 4494 est,
2358 4431 2553 4484 mentis
2578 4432 2992 4503 excacationem
3015 4432 3255 4503 ;deinde
3279 4431 3435 4492 iram.
3466 4432 3517 4487 id
3557 4440 3640 4503 est
3680 4445 3803 4503 gra-

2230 4503 2431 4556 viorem
2462 4502 2908 4570 excacationem;
2935 4502 3222 4558 novissime
3234 4502 3804 4566 verotribulatianem.

558 4575 919 4645 catnpunctio,
947 4575 997 4627 id
1019 4565 1122 4637 est,
1162 4574 1464 4641 campassio
1495 4588 1619 4645 erga
1651 4573 1951 4645 proximum
1983 4574 2126 4629 desi-
2156 4565 2209 4627 Ι)
2230 4574 2445 4643 quando
2476 4573 2529 4625 in
2563 4565 2903 4645 profundum
2926 4574 3223 4641 iniquitatis
3252 4574 3674 4645 pracipitamnr.
3700 4574 3805 4629 An-

555 4643 770 4717 gnatur,
821 4660 941 4715 qua
990 4645 1210 4699 deberet
1259 4654 1512 4713 tanquam
1568 4643 1751 4698 vinum
1806 4644 1959 4697 nobis
2006 4658 2126 4700 esse

556 4718 915 4780 delectabilts,
964 4725 1019 4770 et
1061 4731 1155 4783 per
1202 4729 1358 4785 quam
1402 4717 1561 4770 etiam
1616 4730 1793 4768 rerum
1818 4726 2124 4785 nostrarum

558 4790 817 4844 debemus
847 4788 1109 4841 oblivisci.
1150 4783 1290 4841 Alibi
1341 4787 1484 4839 enim
1532 4785 1726 4839 dicitur
1758 4800 1773 4839 :
1807 4783 2003 4839 Potasti
2034 4802 2128 4840 nos

557 4860 673 4915 vino
703 4859 1122 4927 compunctionis.
1167 4858 1293 4912 Hac
1318 4857 1469 4911 vinea
1510 4856 1856 4927 grandinatur
1881 4855 1934 4909 in
1974 4858 2129 4911 malis

559 4940 705 4995 tunc,
735 4925 949 4999 quando
986 4929 1084 4997 ipsi
1128 4943 1223 4998 per
1260 4929 1607 4999 rapacitatem
1654 4935 1746 4999 aut
1777 4925 2131 4999 depradatio-

560 5018 706 5065 nem,
731 4996 821 5054 aut
843 4996 1085 5068 quolibet
1108 4996 1215 5052 alia
1237 4996 1397 5053 modo
1414 4998 1695 5052 devastant
1716 4996 1856 5068 bona
1881 4997 2129 5051 aliarum.

561 5073 746 5144 Longe
773 5066 915 5144 enim
957 5068 1076 5139 plus
1106 5084 1165 5124 sc
1196 5070 1342 5139 ipsos
1370 5068 1653 5123 devastant
1691 5066 1936 5134 interius,
1971 5083 2130 5138 quam

560 5142 966 5200 illos'exterius.

635 5212 705 5268 Et
733 5214 918 5267 occidit
940 5225 1110 5266 moros
1129 5226 1303 5264 eorum
1343 5209 1397 5263 in
1424 5209 1632 5277 pruina.
1662 5208 1839 5263 Morus
1861 5218 1945 5264 est
1973 5208 2132 5263 arbor

566 5301 686 5356 qua
717 5286 872 5339 facile
906 5284 1090 5353 pruina
1122 5281 1383 5356 laditur_:
1414 5280 1610 5356 pruina_
1633 5294 1762 5333 vero
1801 5288 1885 5356 est
1912 5280 2134 5356 frigidus

559 5349 776 5425 q'uidatn
804 5371 893 5410 ros
906 5349 1229 5419 nocturnus,
1255 5362 1308 5407 et
1333 5351 1576 5425 designat
1596 5349 1766 5425 latens
1790 5351 1996 5418 odium,
2026 5354 2133 5425 sci-

560 5421 688 5481 licet
729 5426 945 5495 quando
989 5426 1227 5480 tenebris
1265 5424 1519 5495 stultitia
1538 5421 1702 5495 veluti
1739 5431 2011 5495 nocturno
2040 5424 2135 5475 fri-

561 5512 692 5568 gore
721 5493 941 5551 dilectio
969 5496 1197 5566 proximi
1224 5494 1548 5568 congelascit
1582 5494 1633 5546 in
1667 5493 1839 5568 nobis.
1874 5494 1974 5568 Per
1996 5496 2137 5560 quod

562 5563 770 5633 t'norus,
796 5569 845 5620 id
875 5563 985 5633 est,
1010 5568 1215 5621 fructus
1258 5566 1558 5620 dilectionis
1585 5563 1813 5634 proximi
1836 5563 2139 5633 quicunque

559 5653 686 5694 esse
712 5638 954 5705 deberet,
981 5640 1033 5692 in
1064 5638 1221 5691 nobis
1246 5639 1403 5706 perit.
1438 5636 1601 5690 Recte
1626 5652 1751 5704 ergo
1782 5650 1874 5703 per
1908 5649 2136 5706 morum,

560 5711 712 5778 cujus
744 5703 948 5763 fructus
986 5703 1314 5763 rubicundus
1342 5716 1445 5771 est,
1478 5703 1698 5778 dilectio
1730 5703 1960 5778 proximi
1992 5704 2137 5778 desit-

560 5776 758 5852 gu’atur
778 5821 794 5847 ,
828 5795 946 5850 qua
974 5781 1024 5834 in
1061 5790 1265 5833 tantum
1288 5779 1469 5833 valere
1493 5779 1653 5833 debet
1685 5777 1741 5852 in
1769 5776 1921 5831 nobis
1940 5785 2005 5852 tut
2034 5777 2143 5852 ani-

562 5847 705 5910 iuam
734 5865 829 5923 pro
851 5847 1115 5907 ’I'ratribus
1147 5864 1407 5921 ponamus
1429 5892 1443 5919 ,
1475 5858 1529 5903 et
1556 5849 1869 5921 sanguinem
1900 5847 2139 5905 effunda-

2226 4645 2375 4715 gelos
2400 4645 2569 4715 malos
2592 4657 2696 4696 non
2713 4642 2929 4698 dubium
2946 4653 3029 4699 est
3050 4647 3229 4700 vocari
3250 4642 3393 4710 illas,
3420 4642 3618 4715 quibus
3644 4654 3807 4699 ater-

2226 4729 2331 4785 nus
2354 4714 2492 4784 ignis
2518 4722 2766 4783 paratur:
2805 4729 2902 4784 per
2925 4729 3059 4785 quos
3082 4715 3224 4772 Deus
3250 4732 3357 4772 non
3385 4718 3561 4772 solum
3588 4717 3809 4769 damnat

2226 4784 2420 4849 malos,
2452 4786 2547 4839 sed
2577 4785 2739 4839 etiam
2779 4784 2971 4853 probat
3008 4786 3149 4854 pios,
3192 4798 3250 4842 ut
3286 4789 3505 4843 beatum
3543 4785 3673 4841 Job.
3710 4786 3810 4840 Ve-

2230 4864 2535 4909 rumtamen
2568 4854 2712 4908 illam
2744 4864 3062 4924 potestatem
3103 4859 3301 4913 habent
3327 4860 3380 4912 in
3425 4858 3623 4924 malos,
3647 4858 3808 4911 aliam

2231 4926 2284 4981 in
2316 4926 2506 5000 bonos.
2536 4924 2593 5000 In
2640 4925 2793 5000 bonis
2816 4927 2963 4982 enim
2988 4929 3120 4982 nihil
3166 4930 3381 4998 operari
3428 4938 3681 5000 possunt,
3712 4926 3813 5000 nisi

2234 4996 2517 5065 permissi;
2551 4997 2601 5049 in
2652 4996 2808 5051 malis
2832 5013 2980 5065 vero,
3012 5001 3137 5124 gula
3176 4996 3288 5070 jam
3337 5002 3390 5055 in
3430 4996 3522 5071 ius
3570 5010 3628 5055 et
3670 4998 3817 5053 arbio

2235 5068 2393 5121 trium
2409 5081 2595 5121 eorum
2610 5076 2891 5124 venerunt.
2920 5070 3009 5124 nui
3052 5069 3179 5124 libet
3196 5085 3357 5124 agere
3370 5082 3618 5124 possunt.
3649 5071 3816 5124 etiam

2235 5068 2393 5121 trium
2409 5076 2891 5141 eorutntvenerunt,
2920 5068 3357 5141 quidlibetagere
3370 5068 3618 5141 possunt,
3649 5071 3816 5125 etiam

2234 5152 2342 5193 non
2373 5138 2656 5205 permissi;
2679 5138 2835 5210 _sicut
2877 5141 3070 5210 aliquis
3099 5138 3327 5197 rusticus
3355 5138 3593 5198 alienum
3622 5143 3818 5196 bovem

2234 5224 2341 5263 non
2371 5217 2609 5273 exercet,
2642 5207 2743 5263 nisi
2772 5207 2984 5278 quando
3012 5212 3080 5266 ab
3111 5213 3207 5265 illo
3232 5214 3389 5281 cujus
3419 5226 3525 5278 eSt,
3551 5214 3820 5283 permitti-

2236 5289 2532 5354 tur;_suum
2567 5293 2697 5334 vero
2740 5291 2963 5336 exercet
2990 5283 3281 5338 secundum
3307 5286 3451 5354 quod
3478 5288 3584 5340 sibi
3620 5283 3820 5353 placet.

2238 5349 2375 5425 Doni
2399 5364 2613 5419 quoque
2630 5354 2823 5425 angeli
2846 5363 3159 5425 potestatein
3200 5349 3405 5411 habent
3433 5349 3819 5425 corporaliter,

2238 5420 2663 5497 etiam‘noce‘ndi
2704 5422 2857 5497 malis
2897 5422 3225 5481 hominibus.
3259 5427 3393 5497 Tres
3420 5420 3568 5483 enim
3616 5420 3817 5497 angeli.

2238 5507 2374 5563 quos
2408 5492 2542 5567 Loth
2562 5491 2620 5567 in
2646 5492 2878 5563 hospitio
2909 5498 3134 5565 recepit,
3162 5495 3543 5564 bonifuerunt,
3573 5514 3669 5567 per
3688 5491 3823 5567 {quos

2241 5573 2423 5618 tamen
2470 5563 2718 5618 Sodoma
2771 5563 3049 5620 subversia
3102 5567 3239 5623 facta
3291 5577 3395 5623 est.
3454 5563 3612 5635 Quod
3642 5563 3824 5627 aulai

2241 5635 2366 5714 boni
2411 5637 2585 5714 angeli
2636 5636 2789 5714 bonis
2837 5636 3144 5714 hominibus
3192 5639 3530 5708 corporalem
3579 5642 3825 5714 aliquam

2242 5706 2529 5779 Iasionent
2555 5707 2852 5775 intulerint,
2884 5723 2987 5763 non
3015 5712 3225 5779 legitur.

2323 5776 2472 5853 Viam
2504 5778 2624 5846 fecit
2652 5782 2842 5853 semita:
2866 5781 2955 5835 ira:
2982 5776 3112 5835 sua}.
3152 5782 3398 5839 Ostendit
3429 5785 3708 5853 qnamoda
3734 5787 3811 5840 im

2245 5848 2557 5908 missionem
2584 5850 2891 5919 praedictam
2926 5868 3019 5924 per
3047 5856 3263 5925 angelos
3291 5848 3464 5933 malos
3482 5856 3700 5927 fecerit,
3735 5861 3817 5914 sci
