3984 6362
224 337 323 397 905

903 334 972 397 ΙΝ
1007 334 1421 397 PSALMORUM
1457 334 1712 397 LIBRUM
1748 332 2106 396 EXEGESIS.
2136 332 2209 380 5-
2234 332 2483 396 PSALM.
2521 332 2779 396 LXXVII.

3359 324 3464 387 906

226 458 339 516 .icet
369 454 493 524 quia
524 454 641 523 fecit
683 452 915 524 semitam
956 453 1052 507 ira:
1095 470 1220 519 sum,
1256 452 1436 507 tandiu
1464 451 1605 508 enim
1632 451 1781 522 quasi
1807 452 1861 513 Α
1886 454 2111 524 positam
2154 455 2209 508 in
2255 453 2542 524 montanis,
2574 452 2664 508 ubi
2711 450 2812 520 ipsi
2859 448 3171 524 sanctiﬁcati
3202 455 3327 524 sunt
3365 463 3463 524 per

224 523 403 585 semita
434 526 529 581 ira:
552 525 643 580 Dei
677 523 796 591 fuit,
826 523 953 578 dum
984 523 1314 591 iniquitatem
1338 524 1550 578 illorum
1576 524 1782 579 occulta

225 598 336 672 ejus
364 597 586 672 :equitas
617 596 843 672 punivit.
893 594 1181 672 Postquam
1230 610 1361 649 vero
1415 608 1520 672 per_
1553 593 1782 672 angelos

225 663 388 727 malos
415 663 470 723 in
506 663 786 722 manifesm
825 672 1032 720 secreta
1060 664 1184 719 duci
1220 678 1314 719 eos
1353 664 1610 733 permisit,
1643 670 1701 717 ut
1729 663 1785 718 in

224 739 642 798 evidentissimos
684 744 990 804 peccatores
1015 732 1419 790 evidentissime
1464 735 1781 798 vindicaret,

226 819 348 867 tunc
374 806 561 865 semita
612 810 794 863 stricta
842 804 982 860 facta
1011 815 1094 861 est
1121 806 1225 859 lata
1254 807 1357 860 via.
1406 804 1472 861 Et
1500 818 1625 859 vere
1650 805 1786 857 viam

226 883 363 951 (erit,
389 882 511 951 quia
532 895 636 951 non
666 876 886 951 pepercit
912 892 946 951 ᾳ
969 885 1131 951 morte
1161 875 1425 951 animaitut
1453 890 1625 951 eorum
1656 888 1783 929 reo-

227 944 360 1008 rum:
391 944 490 1004 Vel
530 944 684 1004 aliter
710 944 737 1001 :'
770 944 932 1012 Quasi
956 946 1155 1007 semita.
1193 946 1287 1001 ira:
1334 946 1429 1001 Dei
1476 945 1595 1010 luit,
1624 957 1785 1013 quam

227 1023 332 1078 dixi
362 1020 481 1077 illos
522 1021 577 1074 in
622 1016 976 1074 exterioribus
1027 1016 1182 1071 bonis
1234 1015 1525 1084 percussit;
1574 1014 1787 1084 quando

226 1108 351 1147 vero
380 1092 525 1161 ipsos
568 1088 785 1161 eosdem
840 1087 1127 1161 percussit,
1175 1085 1559 1161 demergendq
1593 1098 1700 1161 eos
1733 1084 1788 1140 in

226 1153 417 1219 marcf
442 1161 581 1216 Ecce
627 1153 870 1216 semitam
902 1157 1043 1212 viam
1091 1155 1236 1212 fecit.
1269 1157 1338 1211 Et
1361 1153 1654 1211 secundum
1686 1153 1789 1210 hoc

226 1234 361 1304 quod
392 1232 637 1304 sequitur
664 1228 1151 1304 est.determinatio
1176 1226 1455 1304 quomodo
1472 1226 1599 1281 fecit
1623 1226 1787 1280 semi-

230 1298 332 1358 t'am
362 1298 521 1367 viam,
555 1315 648 1370 per
676 1300 781 1353 hoc
809 1298 1034 1370 scilicet,
1065 1298 1186 1370 quia
1216 1312 1337 1351 cum
1376 1298 1526 1366 prius
1573 1310 1790 1370 percus-

227 1375 383 1430 sisset
419 1386 513 1427 eos
542 1367 593 1425 iit
632 1367 1013 1434 exterioribus,
1044 1367 1257 1423 tandem
1289 1383 1392 1421 non
1414 1368 1633 1438 pepercit
1659 1380 1793 1419 mor-

228 1445 347 1501 tein
376 1442 647 1497 animabus
676 1455 875 1504 eorum,
908 1438 960 1492 id
1004 1446 1107 1505 est,
1140 1438 1453 1506 gravissima
1496 1446 1668 1491 morte
1696 1450 1793 1506 eos

228 1514 510 1571 interfecit.
559 1512 734 1568 Minus
782 1509 928 1563 enim
957 1505 1189 1563 dicendo
1225 1508 1344 1576 plus
1382 1508 1667 1576 signiﬁcat.
1722 1505 1793 1560 Et

218 1588 452 1661 iumenta
478 1597 656 1661 eorum
699 1579 945 1661 conclusit
980 1579 1056 1661 in.
1086 1586 1269 1643 morte,
1322 1576 1640 1661 quiamipsos
1669 1591 1792 1631 cum

226 1647 376 1726 hquis
404 1653 734 1726 eticurribusi
762 1650 1020 1726 demersit
1047 1650 1099 1703 in
1124 1663 1294 1726 mare.
1325 1647 1585 1726 Similiter
1614 1647 1665 1701 in
1696 1661 1794 1726 no-

227 1718 309 1797 bis
332 1725 482 1797 quasi
506 1724 695 1797 semitae
719 1723 810 1776 ira:
836 1734 944 1797 tute
961 1720 1095 1774 viam
1121 1720 1259 1789 fecit,
1290 1718 1501 1797 quando
1523 1719 1591 1772 de
1619 1718 1794 1797 gravi-

1885 518 2171 591 sacrilicia,
2198 531 2252 579 et
2278 540 2371 591 per
2398 522 2497 578 alia
2523 518 2873 578 instrumenta
2912 521 2990 575 eis
3019 520 3171 583 data;
3206 518 3461 573 historia-

1886 594 2008 651 liter
2035 595 2175 649 enim
2200 595 2461 665 Egyptus
2492 595 2544 665 in
2572 593 2710 648 valle
2737 601 2839 657 est,
2860 591 3165 665 Jerusalem
3209 591 3260 644 in
3304 604 3462 645 mon-

1888 665 2043 720 lanis.
2068 666 2136 719 Et
2163 666 2283 720 ideo
2307 663 2435 719 dicit
2458 680 2473 718 :
2503 663 2525 717 1
2536 665 2715 717 nduxit
2739 680 2825 717 eos
2852 663 2906 715 in
2935 669 3155 715 montem
3181 679 3197 722 ;
3222 671 3464 728 montem,

1888 735 2030 803 dico,
2060 752 2206 805 quem
2250 752 2352 790 non
2379 734 2585 804 gladius
2614 750 2821 797 eorum,
2855 730 2948 787 sed
2992 734 3198 805 dextera
3219 773 3245 805 ,Α
3280 732 3463 805 idest,

1888 801 2122 875 potentia
2147 808 2256 875 ejus
2280 801 2544 875 acquisivit
2573 806 2670 868 eis,
2699 804 2821 875 quia
2847 813 2951 875 tam
2984 802 3277 875 manifestis
3302 801 3470 875 signis

1893 872 2015 931 cum
2045 878 2122 931 eis
2152 872 2362 945 agebat,
2394 884 2450 929 ut
2480 872 2729 945 prmsens'
2744 888 2863 945 esse
2890 873 3291 940 intelligeretur.
3318 872 3477 945 simi-

1891 946 2010 1001 liter
2038 955 2091 1001 et
2122 942 2219 1000 nos
2257 942 2494 1002 eductos'
2521 947 2587 998 de
2636 944 2877 1000 convalle
2906 945 3103 998 erroris
3130 955 3186 998 et
3217 942 3475 997 tenebra-

1890 1032 2009 1072 rum
2057 1031 2152 1084 per
2182 1016 2338 1071 ﬁdem
2380 1027 2434 1071 et
2479 1014 2700 1085 gratiam
2749 1014 3079 1079 baptismatis
3109 1014 3316 1085 induxit
3361 1014 3474 1080 jam

1892 1102 2008 1152 spe,
2039 1095 2095 1142 et
2119 1087 2163 1141 si
2190 1087 2425 1142 nondum
2456 1084 2513 1140 re
2541 1087 2595 1140 in
2634 1095 2854 1139 montem
2894 1084 3315 1152 sanctiﬁcationis
3340 1100 3477 1149 suae,

1892 1102 1916 1141 ε
1993 1127 2008 1152 ,
2039 1102 2095 1142 Cl
2119 1102 2163 1141 SI
2190 1102 2425 1142 nonnum
2456 1102 2513 1140 re
2541 1103 2595 1140 tn
2634 1102 2854 1139 montem
2894 1102 3315 1152 sanctiﬁcationis
3340 1102 3471 1149 ευω,

1892 1102 1987 1212 id“:
1974 1165 2077 1225 est,
2108 1157 2159 1211 in
2191 1157 2463 1213 caelestem
2492 1156 2810 1219 Jerusalem,
2858 1155 2945 1225 ubi
2995 1169 3121 1210 vere
3166 1155 3471 1225 sanctilica-

1893 1242 2014 1281 mur
2050 1224 2145 1295 per
2168 1241 2349 1281 veram
2384 1226 2799 1290 confessionem,
2846 1224 2898 1280 id
2942 1234 3044 1290 est,
3093 1226 3302 1280 laudent
3352 1224 3475 1291 Dei,

1894 1299 2019 1364 quia
2047 1308 2175 1352 tunc
2204 1298 2491 1352 novissima
2527 1311 2672 1351 mors
2692 1298 3013 1351 destruetur.
3034 1296 3203 1363 Quem
3238 1304 3475 1351 montem

1896 1382 2001 1422 non
2029 1370 2219 1447 merita
2257 1376 2435 1447 nostra
2459 1368 2883 1447 acquisiverunt,
2906 1366 3158 1447 .sednejus
3182 1367 3393 1447 dextra,

1897 1446 1999 1501 est,
2033 1437 2199 1492 Filius
2224 1438 2341 1507 ejus
2372 1435 2628 1505 sanguine
2674 1452 2770 1491 suo
2798 1435 2952 1491 nobis
2997 1436 3144 1490 illttm
3173 1435 3478 1501 acquisivit.

1972 1507 2039 1562 Et
2086 1509 2252 1580 ejecit.
2307 1507 2520 1562 lnduxit
2568 1508 2971 1580 eos,__inquam,
3015 1515 3062 1560 et
3111 1508 3315 1574 ejccita
3348 1507 3483 1580 facie

1901 1594 2074 1633 eorum
2098 1576 2289 1649 gentes,
2315 1593 2434 1646 qua:
2459 1587 2657 1649 terram
2699 1576 2840 1631 illam
2875 1588 3292 1649 occupaverant,
3336 1578 3483 1649 scili-

1901 1658 2007 1715 cet,
2028 1647 2300 1715 He'thteos,
2323 1649 2561 1712 Hevaaos,
2586 1647 3232 1713 Pherezznos,.lebus:eos,
3255 1647 3482 1702 etalios.

1902 1718 1973 1772 Et
2002 1719 2199 1774 deinde
2228 1719 2397 1773 divisit
2422 1729 2608 1773 terram
2634 1718 2878 1772 tribubus
2902 1720 2953 1771 in
2982 1720 3218 1788 funiculo
3244 1717 3494 1772 distribu-

226 1795 324 1852 bus
349 1787 587 1867 pcecatis
626 1794 679 1849 in
710 1792 960 1867 graviora
1005 1787 1221 1858 semper
1247 1788 1509 1867 permittit
1553 1787 1796 1867 prmcipi-
1828 1805 1877 1866 Β
1906 1790 2078 1867 tionis,
2132 1789 2183 1867 id
2212 1798 2317 1867 est,
2342 1790 2401 1867 in
2427 1796 2817 1867 mensurataet
2843 1787 3037 1867 aequali
3078 1788 3489 1867 distributione.

228 1857 441 1923 tari.'Et
470 1881 574 1921 non
607 1857 780 1932 parcit
824 1861 980 1932 nobis
1005 1874 1034 1914 a
1059 1857 1592 1932 morteanimarum,
1622 1857 1798 1912 dando

227 1952 325 1994 nos
373 1937 586 2001 tandem
607 1929 671 1990 in
701 1930 1025 2003 profundum
1055 1930 1369 2003 iniquitatis,
1400 1939 1454 1983 et
1494 1929 1551 1983 in
1576 1937 1806 2003 aeternas

228 2000 472 2065 tenebras
498 2000 728 2070 mentis;
780 2013 834 2059 et
887 2004 1171 2057 nobiscum
1225 2002 1463 2070 jumenta
1518 2008 1700 2053 nostra
1751 2000 1807 2070 in

228 2088 402 2135 morte
451 2068 743 2141 concludit,
792 2073 915 2143 quia
963 2068 1272 2143 pudicitiam
1305 2069 1463 2126 nobis
1502 2083 1719 2125 omnem
1751 2068 1807 2124 in

229 2150 384 2206 nobis
414 2150 589 2219 perire
626 2145 907 2211 permittit.

299 2252 365 2306 Et
392 2250 636 2328 percussit
663 2264 809 2328 omne
839 2243 1321 2328 primogenitum'ab
1339 2242 1560 2328 homini
1563 2242 1811 2328 usquead

230 2313 405 2395 pecus,
438 2332 494 2377 ut
524 2320 751 2395 historia
782 2313 967 2395 refert,
1000 2313 1054 2371 in
1082 2326 1223 2395 terra
1252 2313 1491 2395 Aigypti.
1521 2314 1587 2367 Et
1608 2323 1808 2395 priete-

228 2383 319 2451 rea
358 2383 623 2461 percussit
669 2390 919 2461 primitias
958 2387 1122 2461 omnis
1151 2383 1561 2461 (Mai-iscoram,
1605 2383 1659 2438 id
1684 2393 1809 2461 _est,

229 2454 410 2520 omnia
438 2454 706 2533 primitiva
736 2463 789 2514 in
818 2459 1013 2533 agresti
1043 2457 1243 2533 labore.
1274 2455 1433 2510 Velut
1462 2454 1659 2533 ienum,
1684 2454 1812 2533 hor:

228 2536 409 2601 deum,
438 2524 638 2599 'linum,
691 2540 746 2586 ει
788 2524 1001 2598 similia,
1046 2543 1151 2582 non
1188 2528 1409 2601 in_terra
1461 2524 1668 2601 Jersen,
1721 2524 1813 2601 ubi

227 2597 503 2663 erant'lilii
533 2597 719 2666 Israel,
752 2601 846 2656 sed
870 2602 922 2655 in
954 2597 1313 2655 tabernaculis
1333 2599 1520 2662 Cham,
1550 2597 1601 2649 id
1632 2603 1734 2662 est,
1761 2597 1813 2650 in

228 2687 372 2735 terra
398 2675 652 2730 hostium.
681 2671 1049 2728 Taberuacula
1074 2668 1241 2725 Cham
1287 2668 1427 2722 idem
1457 2666 1640 2735 accipe
1668 2666 1813 2734 quod

230 2755 429 2804 terram
458 2746 699 2818 [EgyptL
731 2743 866 2818 Dicit
902 2738 1426 2818 enimmAugustinus
1439 2747 1495 2792 et
1531 2736 1813 2818 Cassiodo-

227 2834 343 2884 rus,
366 2817 506 2888 quod
533 2807 694 2888 Eii'am
725 2813 824 2869 fuit
848 2822 999 2888 pater
1024 2809 1299 2873 Chanaan,
1342 2807 1496 2888 cuius
1524 2807 1813 2876 posterita-

228 2881 339 2945 tem
366 2881 565 2943 terram
594 2887 738 2941 illam
787 2881 1094 2954 possedisse
1129 2889 1367 2954 constat.
1414 2881 1594 2954 Potest
1637 2888 1816 2954 autem

227 2973 329 3031 per
361 2958 665 3031 animalium
718 2948 1104 3031 primogenita“
1126 2951 1347 3031 intelligi
1386 2949 1471 3004 vel
1501 2948 1655 3013 ﬁdes,
1695 2948 1817 3031 sine

226 3018 331 3101 qua
360 3043 521 3101 omne
550 3018 765 3101 bonurn
793 3018 927 3101 opus
956 3022 1141 3101 inutile
1182 3030 1238 3077 ει
1282 3018 1583 3101 incassum;
1626 3019 1709 3101 vel
1736 3018 1818 3101 dif

225 3091 390 3157 lectio
419 3099 513 3155 Dei
541 3108 595 3155 ει
620 3091 948 3169 proximi,_in
973 3095 1152 3169 quibus
1182 3093 1626 3169 pendetaniverta
1664 3091 1747 3146 (ea:
1768 3098 1819 3145 et

226 3172 529 3244 praphette;
557 3162 641 3226 vel
661 3168 821 3224 etiam
852 3162 1094 3244 justitia,
1143 3178 1287 3244 quae
1305 3162 1697 3244 principalis_et
1723 3176 1819 3217 so-
1847 3175 1895 3240 ο

225 3232 381 3299 εἰειῖε
419 3232 588 3297 virtus
628 3249 735 3307 est,
781 3232 904 3307 quia
931 3250 1028 3307 per
1066 3232 1186 3290 eam
1219 3232 1384 3307 totum
1424 3247 1595 3307 genus
1622 3232 1815 3287 huma-

232 3328 364 3369 num
394 3312 446 3368 iu
475 3312 700 3367 naturali
720 3303 1219 3364 'saltem'sociatur.
1250 3304 1354 3360 Per
1400 3303 1663 3374 primitias
1688 3318 1817 3360 vero

226 3384 432 3442 laboris
465 3382 828 3451 signiﬁcantur
856 3379 1119 3449 praecipua
1144 3378 1196 3431 in
1221 3374 1418 3451 nostris
1439 3374 1820 3451 act_i_bus,sicut

231 3470 353 3525 qua:
374 3445 628 3527 praedicta
649 3460 791 3527 situt,
806 3445 1085 3527 praecipua
1126 3456 1249 3527 sunt
1276 3445 1819 3527 itivirtutibusdQute

227 3515 413 3583 (itania
428 3524 651 3593 percutit
668 3515 944 3593 Dominus,
959 3515 1011 3574 id
1027 3528 1161 3593 est,_
1148 3519 1213 3572 ad
1240 3516 1463 3593 nihilum
1483 3515 1699 3593 deducit
1714 3531 1819 3593 n_o_n

228 3595 286 3654 in
311 3586 658 3661 terralsrael,
689 3593 787 3648 sed
832 3592 887 3647 in
916 3601 1057 3645 terra
1096 3588 1337 3659 Egypti,
1388 3587 1442 3642 id
1490 3594 1594 3661 est,
1635 3586 1708 3661 in_
1737 3586 1820 3642 his

236 3669 330 3738 qui
361 3678 416 3723 et
438 3657 690 3738 p0pulum
713 3663 830 3734 ejus
854 3657 1267 3738 persequuntur,
1294 3667 1348 3738 ει
1369 3657 1820 3738 magistenebras

228 3726 394 3809 q'uam
419 3726 592 3794 lucem
616 3726 882 3809 diligunt}
909 3739 967 3789 et
989 3726 1079 3809 qui
1105 3739 1231 3809 sunt
1259 3726 1599 3809 tabernacula
1627 3726 1818 3809 Chatti,

227 3798 287 3864 id
320 3817 426 3873 est,
457 3809 510 3864 in
542 3798 738 3878 quibus
762 3798 949 3878 regnat
976 3798 1437 3878 diabolus.___C_ham
1477 3800 1622 3854 enim
1671 3798 1820 3878 calli-

230 3880 334 3933 dus
362 3870 766 3948 interpretatur.
798 3870 927 3948 Quis
964 3871 1612 3948 autern_callidior__quam
1645 3870 1820 3926 versi-

230 3951 397 4020 pellis
428 3940 522 4007 ille
546 3961 770 4018 serpens
797 3940 1045 4015 antiquus
1070 3943 1092 3997 ?
1122 3942 1313 4011 Utique
1338 3940 1537 3998 nullus.

238 4094 265 4118 .
309 4054 380 4109 Et
414 4054 623 4109 abstulit
670 4052 803 4106 sicut
852 4064 984 4105 oves.
1018 4048 1180 4117 Quasi
1218 4047 1399 4103 dicat:
1432 4046 1508 4103 Ita
1556 4047 1825 4117 percussis

232 4139 291 4183 et
313 4125 599 4181 destructis
621 4122 835 4189 ovibus,
863 4120 1069 4175 abstulit
1098 4119 1167 4174 de
1194 4120 1376 4174 medio
1395 4119 1609 4174 illorum
1643 4118 1827 4174 Domi-

231 4211 342 4254 nus
370 4196 619 4267 pOputum
645 4208 814 4267 suum,
845 4205 1005 4267 quem
1033 4190 1238 4267 scilicet
1283 4189 1423 4267 inter
1460 4204 1648 4246 omnes
1691 4205 1825 4259 geu-

235 4278 327 4323 tes
352 4261 657 4335 specialiter
682 4262 1070 4335 sibielegerat.
1089 4262 1256 4335 _Sicut
1285 4261 1457 4335 bonus
1484 4268 1669 4329 pastor
1696 4276 1828 4335 oves

232 4331 574 4395 suas'educit
600 4335 669 4389 de
694 4331 942 4403 periculis
966 4350 981 4398 ;
1006 4340 1058 4387 et
1082 4333 1137 4385 in
1163 4334 1381 4397 deserto,
1408 4331 1461 4386 id
1490 4342 1594 4397 est,
1626 4332 1830 4403 perde-

231 4418 447 4466 sertum
494 4402 752 4477 perduxit,
793 4404 844 4477 id
898 4404 1108 4477 est,_ad
1151 4404 1635 4477 securitatem_eos_,
1694 4402 1832 4477 sicut

234 4488 449 4551 pastor,
477 4472 692 4551 gregem
719 4472 1188 4551 deduxit_..Aulert
1223 4481 1283 4551 et
1313 4488 1427 4551 _nos
1478 4472 1752 4537 Dominus,
1784 4473 1830 4551 si

1908 1859 2057 1915 Solet
2078 1858 2220 1914 enim
2245 1857 2480 1913 funiculo
2506 1857 2753 1912 distribui
2780 1858 3085 1921 hereditas,
3117 1868 3173 1913 et
3204 1858 3305 1912 hoc
3327 1868 3489 1924 sorte,

1910 1930 1963 1985 id
1995 1938 2099 1994 cst,
2124 1944 2219 1999 per
2256 1936 2480 1985 sortem.
2523 1928 2808 1999 Similiter,
2838 1937 3119 1999 postquam
3152 1928 3359 1984 induxit
3392 1943 3494 1984 nos

1907 2015 2005 2072 per
2027 1998 2176 2072 spem
2202 2001 2254 2054 in
2279 2000 2553 2072 cmlestem
2574 1998 2898 2072 Jerusalem,
2916 1998 3063 2072 ejecit
3082 2010 3278 2072 gentes,
3304 1999 3357 2053 id
3383 2011 3488 2072 est,

1908 2069 2184 2140 gentilium
2209 2084 2441 2136 errores,
2473 2069 2573 2123 hoc
2598 2078 2697 2134 εει,
2742 2071 2961 2138 spiritus
3012 2069 3334 2135 immundos,
3399 2071 3495 2139 qui

1910 2150 2176 2210 praeerant
2203 2142 2358 2195 nobis
2388 2155 2416 2194 a
2441 2140 2574 2195 facie
2590 2149 2770 2193 nostra
2794 2140 3055 2205 interiori,
3090 2141 3140 2194 id
3166 2150 3266 2206 est,
3293 2141 3359 2194 ab
3378 2142 3495 2195 ani-

1909 2227 2017 2267 ma.
2046 2211 2110 2265 Et
2138 2210 2326 2265 dividit
2351 2210 2505 2265 nobis
2524 2210 2675 2279 quasi
2696 2210 2749 2262 in
2773 2211 3003 2281 funiculo
3020 2211 3414 2279 distributionis,
3440 2212 3497 2267 id

1911 2291 2013 2347 est,
2040 2282 2105 2336 ad
2145 2295 2449 2337 mensuram
2483 2280 2679 2347 pariter
2702 2282 2853 2351 nobis
2876 2289 3095 2351 terram,
3123 2283 3174 2337 id
3203 2292 3306 2348 est,
3330 2286 3500 2339 cmle-
3592 2298 3599 2305 ‘

1911 2362 2048 2408 stem
2070 2352 2313 2422 patriam.
2336 2351 2470 2419 Quia
2490 2351 2545 2405 in
2560 2351 2711 2404 domo
2729 2349 2906 2405 Patris
2934 2353 3028 2406 mei
3053 2349 3342 2408 mansiones
3361 2355 3498 2408 mul-

1914 2434 1978 2477 tw
2011 2422 2281 2494 ευηιηνει
2322 2433 2536 2494 terram
2557 2422 2705 2494 illam
2753 2422 2825 2494 de
2851 2437 2951 2492 qua
2980 2426 3270 2494 pascimur,
3305 2425 3354 2479 id
3385 2433 3496 2492 est,

1914 2492 2209 2564 spiritualia
2235 2494 2377 2566 dona
2434 2492 2621 2566 dividit
2652 2494 2713 2566 iri
2744 2493 2918 2566 nobis,
2958 2492 3079 2564 quia
3129 2496 3498 2566 unusquisque

1914 2562 2186 2637 proprium
2214 2565 2413 2637 donum
2444 2562 2604 2637 habet
2627 2562 3226 2637 a_Deo_ad__meusuram
3249 2562 3424 2622 suam:

1918 2633 1968 2707 ίρν
1989 2633 2299 2689 Ethabitare
2324 2636 2442 2707 fecit
2465 2634 2624 2688 tribus
2648 2633 2834 2707 Israel.
2871 2634 3227 2707 iiiStorialiter
3251 2638 3303 2691 in
3335 2639 3502 2694 taber-

1917 2704 2126 2776 naculig
2147 2722 2343 2773 eorum,
2377 2706 2429 2759 id
2460 2712 2563 2771 εει,
2598 2705 2834 2776 gentium
2864 2704 3154 2775 ejectarum
3181 2722 3213 2761 a
3244 2708 3380 2764 facie
3408 2724 3505 2765 eo-

1916 2794 2059 2834 rum.
2090 2775 2293 2832 Eodem
2336 2778 2497 2831 modo
2527 2774 2687 2829 tribus
2712 2774 2905 2839 Israel,
2924 2776 2977 2830 id
3025 2787 3129 2842 est,
3162 2778 3280 2833 illos
3313 2794 3505 2836 omnes

1918 2848 2009 2917 qui
2032 2847 2097 2902 ad
2128 2850 2228 2903 hoc
2258 2848 2499 2910 tendunt,
2534 2854 2592 2901 ut
2621 2846 2789 2901 Deum
2835 2860 2995 2915 quem
3024 2862 3130 2904 non
3162 2848 3369 2917 vident,
3400 2850 3507 2906 lida

1916 2918 2136 2974 videant
2176 2927 2231 2973 et
2266 2932 2413 2987 spem
2445 2917 2565 2989 fecit
2586 2918 2695 2987 jam
2727 2917 2956 2989 habitare
2990 2932 3089 2987 per
3136 2934 3287 2988 spem
3334 2923 3388 2976 in
3419 2930 3507 2976 ta-

1920 2989 2230 3045 bernaculis
2260 2988 2470 3061 eorum,
2520 2988 2572 3043 id
2625 2988 2809 3061 est,in
2839 2988 2970 3044 locis
3000 2991 3146 3057 cmli,
3176 2991 3318 3046 unde
3340 2992 3507 3061 ejecti

1921 3070 2045 3116 sunt
2096 3060 2536 3128 praevaricatores
2585 3060 2780 3128 angeli,
2822 3074 2943 3129 quae
2987 3060 3385 3127 quodammodo
3426 3073 3508 3117 ta-

1923 3130 2229 3203 bernacula
2257 3130 2362 3203 dici
2404 3137 2647 3199 possunt,
2703 3138 2962 3199 quantum
3011 3131 3080 3187 ad
3136 3131 3284 3202 ipsos
3313 3133 3404 3203 qui
3433 3135 3507 3191 ad

1925 3210 2138 3269 tempus
2163 3202 2236 3256 ibi
2260 3201 2496 3256 fuerunt.

1989 3272 2060 3327 Et
2092 3281 2406 3327 tentaverunt
2458 3280 2505 3325 et
2533 3270 2978 3325 exacerbaverant.
3037 3271 3257 3328 Induxit
3286 3290 3392 3340 eas,
3424 3276 3509 3332 in-

1920 3358 2103 3414 quam,
2140 3343 2219 3415 in,
2246 3352 2489 3408 montem,
2521 3350 2568 3395 et
2594 3343 2739 3412 ejecit
2780 3350 2951 3415 gentes
2979 3359 3012 3397 α
3041 3345 3175 3415 facie
3218 3361 3393 3400 eorum
3405 3362 3426 3413 ;
3456 3357 3514 3403 et

1923 3412 2101 3470 tamen
2157 3414 2329 3469 adhuc
2369 3421 2689 3467 tentaverunt
2719 3412 2971 3485 petendo,
3022 3412 3129 3471 non
3196 3417 3509 3485 credendo;

1920 3486 2015 3541 sed
2038 3486 2561 3557 tentaverunt_Deum,
2584 3484 2826 3557 quamvis
2850 3486 3129 3557 escelsum.
3147 3486 3214 3541 Et
3236 3487 3339 3543 hoc
3362 3484 3508 3557 ideo,

1920 3557 2043 3628 q_uia
2067 3572 2168 3610 non
2188 3554 2530 3628 custodierunt
2557 3555 2865 3623 testimonia,
2890 3553 2942 3608 id
2965 3566 3067 3620 est,
3090 3567 3353 3628 praecepta
3375 3553 3511 3628 ejus.

1922 3625 1993 3680 Et
2036 3635 2323 3698 averterunt
2345 3643 2398 3681 se
2424 3627 2492 3681 ab
2511 3635 2673 3698 eo,_et
2705 3642 2807 3680 non
2845 3625 3167 3682 servaverunt
3196 3625 3424 3698 pactum,
3456 3631 3511 3685 id

1922 3705 2006 3753 est
2034 3696 2415 3767 promissiones
2441 3710 2573 3767 quas
2602 3695 2843 3752 fecerunt
2866 3699 2916 3755 ei
2943 3698 3182 3755 dicentes
3199 3695 3220 3754 ἐ
3248 3700 3514 3765 ρυιεεαη-
3614 3716 3624 3725 ·

1923 3784 2019 3843 que
2038 3766 2334 3843 pratcepetit
2362 3768 2507 3822 nobis
2543 3766 2821 3836 Dominus,
2867 3770 3145 3843 faciemus;
3186 3774 3516 3843 quemadmo-

1924 3838 2047 3894 dum
2073 3841 2233 3894 etiam
2265 3838 2503 3913 fecerunt
2549 3849 2720 3913 patres
2748 3838 2946 3913 eorum,
2978 3856 3083 3897 non
3126 3838 3266 3913 quod
3301 3842 3513 3913 Moyses

1925 3888 2717 3981 ξῖᾸαῖὸῖιῖέῐᾇῐίῖᾜόηἲῖέεᾶ
2735 3888 3509 3981 is'Jigsu'g'arsaiciuis'égrz

1924 3979 2202 4035 Generatio
2253 3998 2410 4052 prava
2430 3990 2478 4036 et
2515 3979 2852 4052 exuperans.
2873 3979 2940 4033 Et
2969 3979 3088 4036 ideo
3114 3981 3236 4035 dico
3267 3999 3368 4036 non
3396 3998 3512 4037 ser-

1925 4060 2162 4107 caverunt
2191 4051 2413 4122 pactum,
2445 4052 2565 4121 quia
2597 4051 2823 4122 conversi
2847 4059 2965 4103 sunt
2994 4052 3047 4104 in
3078 4067 3252 4104 arcum
3273 4068 3511 4122 pravum.

1927 4126 2100 4179 Arcus
2125 4120 2268 4179 enim
2300 4120 2495 4192 pravus
2522 4131 2625 4185 est,
2648 4120 2762 4192 qui
2816 4134 2937 4175 cum
2982 4120 3291 4188 intenditur,
3321 4131 3377 4177 ut
3417 4139 3515 4192 per

1927 4209 2051 4249 eum
2102 4190 2313 4262 aliquid
2360 4193 2596 4264 mittatur
2646 4191 2698 4244 in
2728 4190 2959 4264 hostem,
3015 4194 3323 4264 remittitur,
3370 4190 3513 4264 quod

1929 4264 2061 4319 nihil
2111 4260 2205 4335 per
2232 4278 2355 4318 eum
2383 4260 2649 4335 mittitur;
2684 4262 2816 4335 tales
2860 4272 2915 4318 et
2952 4263 3039 4335 iSIi
3064 4274 3208 4331 sunt,
3242 4266 3330 4333 qui
3362 4260 3516 4335 quasi

1931 4334 2129 4390 intensi
2157 4332 2389 4399 fuerunt,
2423 4331 2781 4401 promittendo
2810 4348 2869 4405 se
2896 4334 3075 4405 omnia
3124 4331 3352 4391 tacturos
3379 4331 3515 4405 qua:

1970 4406 2369 4476 raciperentur,
2404 4410 2467 4476 et
2495 4416 2618 4476 mox
2646 4404 2857 4476 remissi
2889 4404 3013 4460 facti
3044 4415 3189 4473 sunt,
3218 4410 3339 4476 quia
3374 4404 3511 4462 nihil

1955 4476 2195 4531 ecerunt.
2256 4474 2353 4530 Vel
2402 4474 2472 4528 ita
2508 4474 2605 4529 :Si
2628 4474 2822 4544 aliquis
2852 4476 2921 4530 ita
2965 4492 3159 4545 pravus
3190 4474 3345 4532 arcus
3391 4492 3515 4533 esse

234 4539 447 4608 sumus
476 4539 699 4618 populus
742 4559 890 4612 suus,
938 4542 991 4599 id
1023 4553 1140 4618 est,
1185 4541 1497 4618 obedientes
1549 4544 1828 4618 praeceptis
1856 4539 1911 4602 Ι)
1936 4555 2136 4618 posset,
2165 4545 2456 4618 quodcum
2480 4545 2601 4615 (pro
2630 4539 2830 4618 aliquo)
2862 4539 3082 4602 deb'eret
3105 4562 3262 4617 agere
3289 4550 3511 4602 mitten-

234 4622 381 4685 snis,
430 4613 498 4675 de
547 4613 810 4689 potestate
860 4624 915 4671 et
955 4613 1413 4689 spiritualiutnet
1464 4614 1825 4689 corporalium

237 4683 485 4748 hostium
508 4683 813 4744 nostrorum
839 4684 1104 4755 pascendo
1126 4697 1224 4737 nos
1254 4683 1620 4752 Spiritualibus
1648 4699 1826 4739 sacra—

236 4761 470 4826 mentis,
500 4761 637 4814 sicut
666 4761 778 4829 pius
808 4768 987 4827 pastor
1013 4770 1141 4811 oves
1170 4768 1292 4829 suas
1329 4755 1520 4823 pascit,
1551 4764 1605 4809 et
1642 4757 1695 4808 in
1733 4756 1825 4811 de-

237 4844 402 4898 serto,
436 4825 487 4886 id
515 4840 620 4898 est,
649 4825 701 4884 in
741 4825 839 4883 hac
876 4831 1006 4894 vita,
1052 4840 1171 4896 quae
1217 4825 1487 4879 desertum
1534 4835 1616 4880 est
1644 4841 1824 4896 respe-

237 4915 341 4959 ctu
391 4901 755 4966 l'uturze-vitae,
804 4899 870 4954 ad
926 4898 1262 4952 securitatem
1312 4910 1405 4963 per
1452 4898 1683 4965 speciem
1731 4914 1827 4954 nos

239 4975 685 5043 ducit,tanquam
722 4984 932 5041 gregem
953 4969 1140 5043 laetos,
1170 4966 1221 5043 id
1254 4976 1357 5043 est,
1384 4966 1435 5021 in
1467 4982 1629 5043 unum
1660 4982 1752 5023 cor
1776 4978 1832 5025 et

240 5037 485 5101 animam
505 5037 660 5096 uuam
682 5037 1051 5110 congregatos.
1073 5037 1141 5092 Et
1162 5038 1373 5092 deduxit
1400 5054 1483 5111 eos
1503 5040 1553 5092 in
1574 5055 1662 5111 spe
1675 5049 1831 5095 terra:

241 5114 672 5187 promissionis;
679 5112 894 5187 deducit
934 5119 987 5165 et
1024 5124 1123 5164 nos
1154 5110 1226 5187 in_
1253 5122 1369 5187 spe.
1397 5110 1513 5187 _Spe
1532 5127 1667 5163 enim
1704 5112 1831 5165 salvi

241 5181 383 5261 iacti
405 5200 596 5239 sumus.
626 5182 692 5236 Et
715 5198 817 5261 non
849 5183 1127 5261 timuerunt
1154 5181 1230 5261 illi
1264 5182 1505 5260 inimicos
1524 5196 1695 5261 suos;
1728 5200 1830 5237 nun

242 5252 512 5315 'timemus
553 5262 609 5309 et
652 5268 751 5309 nos
794 5254 1035 5308 inimicos
1064 5260 1300 5321 nostros,
1328 5252 1450 5321 quia
1492 5253 1537 5303 si
1569 5253 1708 5308 Deus
1740 5268 1834 5321 pro

245 5327 439 5394 nobis,
470 5327 591 5395 quis
632 5334 817 5380 contra
856 5322 995 5378 nos?
1040 5320 1108 5376 Et
1138 5322 1259 5395 ideo
1288 5322 1365 5375 illi
1396 5320 1579 5376 hostes
1610 5338 1637 5395 a
1668 5320 1837 5378 latere

243 5392 595 5455 incurrentes
613 5397 695 5450 vel
717 5402 1061 5450 occurrentes
1086 5408 1187 5446 non
1212 5394 1507 5457 timuerunt,
1538 5392 1660 5461 quia
1688 5408 1837 5450 mare

242 5469 470 5540 operuit
489 5480 675 5540 omnes
696 5466 1103 5540 subsequentes.
1126 5463 1328 5518 Eodem
1349 5462 1530 5540 modo,
1555 5475 1834 5534 postquam

244 5536 310 5598 in
336 5539 501 5607 mari,
533 5538 585 5592 id
616 5546 717 5604 est,
749 5540 800 5591 in
850 5536 1187 5607 baptismate,
1230 5548 1419 5607 omnes
1452 5536 1838 5607 subsequentes

243 5611 448 5667 hostes
475 5604 663 5674 nostri,
694 5608 745 5663 id
774 5616 876 5672 est,
907 5604 1086 5662 omnia
1114 5604 1388 5674 originalia
1420 5614 1473 5659 et
1493 5605 1715 5659 actualia
1745 5609 1840 5663 de-

242 5690 564 5745 struantur,
597 5683 638 5734 si
667 5680 807 5734 cauti
851 5692 972 5733 esse
1002 5677 1277 5744 volumus,
1328 5676 1572 5745 inimicos
1612 5680 1841 5745 amplius

244 5768 375 5825 non
395 5744 721 5806 timebimus.
751 5750 815 5825 Et
843 5748 1051 5825 indusit
1077 5761 1171 5802 eos
1199 5744 1577 5825 de_1Egypto_,
1621 5744 1842 5825 eductos

230 5823 314 5889 in
345 5831 566 5879 montem
610 5818 1024 5889 sanctiﬁcationis
1070 5830 1197 5885 sua,
1247 5815 1301 5874 id
1328 5815 1430 5885 est,
1455 5815 1517 5876 in
1546 5818 1841 5883 Jerusalem

464 5902 1011 6017 ξἠεοιὶἐὶριέξε

731 6001 894 6011 ἣτε-...οη
916 5991 1009 6007 *Α
1198 6000 1245 6007 -.-

1927 4617 1997 4672 do
2036 4615 2198 4671 telum
2228 4616 2280 4670 in
2311 4615 2543 4686 hostem,
2592 4616 2767 4684 potius
2795 4626 2981 4672 contra
3015 4615 3184 4685 ipsum
3216 4627 3398 4686 ageret
3426 4634 3513 4674 re-

1932 4686 2226 4754 torquendo
2248 4688 2409 4742 telum
2435 4685 2489 4741 in
2513 4700 2654 4741 eum.
2686 4687 2926 4742 llliarcui
2958 4700 3138 4744 essent
3160 4685 3264 4757 ipsi
3289 4704 3511 4758 compa-

1928 4758 2149 4823 rabiles,
2203 4758 2293 4826 qui
2343 4773 2465 4813 cum
2516 4771 2613 4826 pro
2653 4759 2761 4813 Deo
2792 4760 3051 4814 deberent
3080 4773 3257 4828 agere,
3297 4770 3513 4827 pactum

1930 4829 2045 4899 ejus
2096 4829 2388 4898 implendo,
2436 4830 2611 4897 potius
2661 4839 2845 4884 contra
2886 4831 3060 4898 ipsum
3084 4840 3338 4899 egerunt,
3367 4831 3513 4885 aliud

1931 4910 2142 4969 pactum
2159 4908 2476 4955 contraeum
2491 4900 2814 4968 recipiendo.
2835 4901 2896 4954 Et
2917 4902 3286 4953 concitaverunt
3309 4917 3424 4955 cum
3460 4903 3514 4955 in

1930 4973 2031 5037 ira,
2044 4969 2392 5025 sacriﬁcando
2412 4971 2603 5041 singuli
2617 4973 2669 5024 in
2686 4971 2899 5025 collibus
2910 4976 3035 5036 suis,
3055 4981 3101 5023 et
3113 4981 3517 5041 provocaverunt

1933 5058 2046 5096 eum
2066 5042 2134 5094 ad
2157 5042 2529 5095 cumulationem
2549 5042 2603 5095 in
2628 5041 2946 5111 sculptilibus
2964 5043 3090 5095 suis.
3108 5042 3343 5112 Quisque
3370 5042 3515 5098 enim

1934 5128 2118 5169 eorum
2144 5112 2343 5167 idolum
2376 5112 2479 5167 sibi
2512 5113 2751 5179 sculpsit,
2778 5122 2833 5167 et
2860 5114 3093 5181 aliquem
3118 5112 3517 5173 utnbrosumet

1936 5183 2301 5238 delectabilem
2329 5184 2519 5239 collem
2572 5183 2749 5252 elegit,
2808 5182 2897 5237 ubi
2946 5185 3114 5252 ipsum
3145 5185 3410 5249 adoraret,
3459 5193 3517 5240 et

1935 5258 1985 5310 ei
2040 5254 2391 5325 sacriﬁcaret.
2447 5253 2648 5308 Eodem
2701 5254 2860 5308 modo
2913 5265 2967 5309 et
3031 5270 3173 5319 nos,
3233 5266 3517 5325 postquam

1937 5326 2097 5380 etiam
2116 5323 2228 5394 jam
2259 5338 2355 5392 spe
2379 5326 2433 5379 in
2467 5333 2660 5380 terram
2691 5326 3086 5394 promissionis,
3120 5325 3171 5380 id
3198 5323 3299 5391 εει,
3334 5323 3386 5379 in
3413 5341 3519 5381 etn-

1939 5396 2129 5451 lestem
2163 5397 2384 5464 patriam
2417 5395 2778 5464 pervenimus,
2812 5395 2985 5451 adhuc
3014 5396 3179 5451 Deum
3222 5406 3517 5463 tentamus,

1942 5473 2182 5537 petentes
2210 5466 2279 5520 ab
2304 5482 2369 5521 eo
2396 5480 2516 5534 qua:
2554 5480 2660 5537 non
2712 5475 2893 5537 essent
2922 5468 3170 5536 petenda.
3201 5467 3269 5521 Et
3293 5482 3517 5523 exacer-

1941 5536 2134 5593 bamus
2176 5552 2321 5609 eum,
2367 5538 2494 5609 quia
2518 5536 2845 5605 testimonia,
2876 5539 2925 5593 id
2957 5546 3061 5606 est,
3106 5539 3518 5609 pmceptaejus

1943 5624 2047 5663 non
2075 5608 2425 5662 custodimus.
2460 5606 2525 5662 Et
2562 5609 2853 5663 avertimur
2900 5609 2968 5664 ab
3004 5606 3519 5674 eo,'converteutes

1948 5693 2049 5735 nos
2074 5677 2141 5732 ad
2164 5677 2349 5731 alium.
2381 5680 2448 5733 Et
2471 5693 2577 5733 non
2608 5694 2883 5734 servamus
2912 5691 3146 5749 pactum,
3179 5682 3229 5736 id
3261 5690 3361 5747 est,
3394 5694 3519 5747 pro-

1944 5750 2274 5815 missionem,
2305 5763 2461 5819 quam
2484 5749 2537 5803 in
2565 5750 2880 5818 baptismate
2899 5754 2947 5807 ei
2979 5749 3225 5818 fecimus,
3251 5754 3335 5807 ubi
3363 5750 3519 5819 quasi

1946 5831 2155 5897 pactum
2180 5833 2301 5877 cum
2328 5836 2393 5881 eo
2415 5822 2765 5892 instituimus,
2787 5824 3158 5895 promittentes
3183 5838 3278 5881 nos
3304 5822 3358 5878 in
3384 5834 3511 5885 eum

3012 5915 3090 5975 29
