3984 6362
276 326 387 389 909

956 320 1029 383 IN
1064 320 1486 383 PSALMORUM
1523 320 1785 384 LIBRUM
1820 319 2269 383 EXEGESIS.—-
2291 319 2543 383 PSALM.
2584 314 2871 381 LXXVIII.

3440 323 3561 388 M0

281 441 501 502 humilis
526 443 666 507 erat,
694 440 749 498 et
778 438 832 496 in
862 437 1060 510 ignem,
1094 442 1217 508 quia
1243 439 1376 496 Juda
1402 438 1619 509 Zelphae
1660 439 1865 496 ancillae.
1895 442 1949 505 Α
1972 448 2147 496 nocet.
2181 439 2363 495 Potest
2386 438 2529 495 enim
2560 453 2682 494 esse
2711 436 2849 507 quod
2892 433 3083 508 aliquis
3108 436 3240 495 nulli
3266 440 3424 496 exh
3454 456 3557 500 nv-

282 520 392 577 Lite
422 516 561 570 lilius
590 515 708 580 fuit,
738 523 795 567 et
829 513 883 566 in
924 513 1159 580 nomine,
1191 514 1313 581 quia
1340 511 1473 566 Iuda
1504 512 1754 579 confessio
1784 512 1864 567 iu-

280 594 624 655 terpretatur,
656 582 922 640 confessio
955 597 1085 638 vero
1130 584 1360 651 pertinet
1388 585 1453 636 ad
1488 583 1862 655 humilitatem.

279 654 597 731 Mysterium
621 664 794 711 autem
818 656 925 731 tale
945 665 1046 731 est,
1071 655 1192 731 quia
1216 655 1423 720 inﬁrma
1444 657 1669 731 et_stulta
1687 654 1867 731 mundi

276 726 432 803 elegit
455 730 618 803 Deus.
649 737 705 781 ut
748 726 1029 803 confundat
1059 727 1240 803 fortia,
1287 734 1334 803 et
1381 726 1555 803 perdat
1593 726 1863 795 sapientia.

283 795 694 861 Et'sciendum,
726 795 856 867 quia
898 798 1091 852 tribum
1118 795 1253 851 Iuda
1282 797 1459 865 elegit
1482 796 1622 851 Deus
1650 806 1870 867 propter

278 872 471 935 David,
509 885 604 940 per
632 885 789 939 quem
823 870 1075 938 populum
1106 882 1260 922 suum
1291 868 1357 923 ab
1384 869 1624 940 hostibus
1666 868 1866 940 libera-

277 945 391 1010 vit;
425 938 588 996 David
627 938 754 995 vero
782 940 940 1009 elegit
984 948 1199 1008 propter
1226 953 1413 993 verum
1454 939 1637 993 David.
1672 938 1865 1007 Elegit,

274 1015 518 1083 inquam,
569 1011 710 1067 Deus
740 1011 931 1066 tribum
961 1011 1115 1083 Iuda,
1150 1010 1200 1063 id
1234 1021 1332 1083 est,
1387 1010 1661 1083 humiliter
1693 1011 1866 1083 conli-

278 1079 484 1141 tentem
512 1100 526 1147 ;
557 1092 611 1139 et
630 1083 949 1137 determinat
970 1080 1095 1151 quid
1124 1095 1217 1149 per
1240 1082 1433 1135 tribum
1459 1079 1592 1133 Iuda
1622 1079 1866 1148 accipiat,

274 1157 512 1219 scilicet,
543 1155 708 1225 elegit
737 1164 972 1208 montem
1018 1154 1179 1225 Sion,
1211 1152 1262 1225 id
1307 1162 1409 1215 est,
1436 1152 1595 1225 elegit
1628 1151 1745 1225 illos
1776 1153 1867 1225 qui

274 1236 406 1282 sunt
436 1240 612 1291 mons,
633 1221 712 1279 'id
755 1234 855 1289 est,
891 1225 1027 1278 lirmi
1058 1224 1110 1277 in
1152 1222 1278 1287 (ide,
1306 1231 1363 1277 et
1389 1221 1645 1276 sublimes
1672 1223 1723 1275 in
1755 1223 1867 1275 vir-

275 1298 504 1362 tutibus,
537 1305 590 1349 et
616 1302 740 1349 sunt
769 1295 919 1359 Sion,
950 1295 1002 1348 id
1046 1302 1146 1359 est,
1180 1303 1586 1348 contemnentes
1629 1307 1869 1362 praesen—

276 1368 378 1433 tia,
433 1379 486 1422 et
515 1367 851 1435 speculantes
900 1365 1095 1431 futura,
1126 1378 1263 1433 quos
1300 1365 1642 1435 singulariter
1670 1364 1866 1432 diligit.

276 1438 505 1494 Videtur
533 1434 598 1493 ad
628 1437 932 1505 allegoriam
981 1436 1067 1490 hic
1097 1443 1299 1490 tantum
1343 1434 1405 1490 se
1448 1434 1761 1497 transferre,
1814 1445 1871 1489 ut

275 1525 381 1582 per
404 1510 506 1582 hoc
534 1510 720 1563 innuat
739 1504 1040 1582 Supradieta
1063 1506 1231 1582 etiam
1252 1504 1868 1582 allegoriceaccipienda

274 1576 423 1638 esse.
457 1580 748 1635 Possumus
780 1589 953 1634 tamen
977 1577 1319 1632 historialiter
1337 1578 1499 1631 etiam
1522 1576 1722 1642 dicere,
1745 1577 1869 1646 quia

273 1652 447 1722 elegit
475 1659 709 1705 montem
741 1650 891 1716 Sion,
938 1649 991 1705 id
1033 1656 1136 1715 est,
1176 1646 1495 1716 Jerusalem,
1527 1647 1582 1702 in
1623 1662 1727 1718 qua
1754 1658 1869 1702 erat

275 1723 609 1779 manticulus
634 1722 787 1778 Sion.

353 1793 422 1847 Et
465 1793 735 1855 tediﬁcavit
778 1791 1091 1862 sacriﬁcium
1130 1806 1302 1856 suum,
1348 1790 1479 1845 sicut
1522 1789 1865 1844 unicornium.

278 1864 550 1921 Historice
578 1864 749 1931 dices,
798 1866 918 1932 quia
963 1862 1246 1918 aedificavit
1280 1862 1537 1931 templum
1583 1875 1737 1932 suum
1790 1862 1864 1916 ita

279 1936 563 2002 mundum,
597 1936 733 1991 sicut
760 1931 842 1989 est
864 1933 1229 1989 habitaculum
1258 1934 1613 1986 unicornium.
1652 1931 1866 1987 Unicor—

279 2008 367 2063 nis
396 2006 541 2062 enim
573 2016 653 2062 est
680 2006 875 2059 anima!
913 2007 1289 2059 castissimum.
1348 2002 1501 2058 Unde
1551 2005 1713 2058 etiam
1756 2017 1863 2058 non

282 2078 495 2145 capitur
520 2078 623 2132 nisi
656 2093 748 2145 per
774 2091 925 2132 veras
954 2076 1206 2145 virgines,
1238 2074 1362 2145 quia
1393 2074 1459 2128 ad
1490 2087 1582 2128 eas
1610 2074 1779 2145 venit,
1813 2082 1865 2129 et

280 2144 443 2219 caput
470 2149 522 2203 in
545 2144 809 2217 gremium
826 2162 1022 2219 earum
1046 2144 1221 2219 ponit
1243 2144 1299 2219 et
1322 2146 1627 2219 ohdormit._
1639 2146 1709 2219 _Et
1730 2144 1864 2219 dici-

280 2215 373 2276 tur
429 2215 632 2274 habere
676 2218 1087 2273 mundissimum
1139 2216 1519 2271 habitaculum.
1568 2215 1869 2285 Allegorice

280 2300 461 2347 autem
499 2291 646 2345 dices
674 2291 795 2359 quia
833 2288 1108 2357 ludiﬁcabit
1145 2287 1479 2359 sacriﬁcium,
1521 2285 1574 2340 id
1608 2296 1723 2359 est,
1754 2302 1872 2359 san-

277 2370 423 2419 ctam
454 2358 749 2417 Ecclesiam
789 2376 965 2424 suam,
996 2360 1128 2414 sicut
1158 2358 1476 2413 sacriﬁcium
1526 2358 1865 2421 unicornium,

282 2433 337 2490 id
369 2445 474 2500 est,
504 2434 558 2487 in
589 2447 697 2501 quo
741 2447 845 2487 non
883 2442 1008 2486 sunt
1036 2431 1139 2487 nisi
1168 2432 1476 2495 unicornes,
1528 2428 1580 2482 id
1632 2438 1737 2496 est,
1793 2430 1867 2483 illi

281 2505 459 2576 quiin
489 2503 736 2576 praesenti
764 2502 1120 2576 singulariter;
1150 2502 1337 2576 volunt
1364 2515 1485 2556 esse
1527 2501 1581 2555 in
1610 2513 1724 2569 spe,
1760 2514 1870 2576 non

284 2570 650 2645 multipliciter
678 2575 732 2629 in
765 2570 1153 2629 re.'Unicornis
1178 2574 1324 2645 enim
1371 2586 1538 2645 unum
1568 2584 1737 2625 cornu
1768 2570 1867 2625 ha-

282 2646 395 2712 bet,
422 2642 478 2702 et
503 2661 601 2715 per
640 2646 768 2700 illud
814 2660 975 2699 unum
1009 2644 1133 2715 quid
1177 2642 1321 2699 aliud
1368 2642 1654 2715 significat,
1710 2656 1870 2715 quam

282 2711 417 2773 illud
446 2711 607 2773 unum
638 2716 706 2772 de
735 2730 840 2785 quo
866 2711 1040 2785 supra
1083 2712 1283 2785 dictum
1314 2723 1396 2769 est
1425 2711 1441 2766 Ξ
1492 2711 1671 2785 Unam,
1694 2713 1815 2785 petii
1840 2729 1873 2767 a

285 2786 531 2855 Domino,
560 2802 684 2856 spes
737 2784 963 2854 Scilicet,
1007 2801 1132 2841 una.
1196 2784 1502 2856 zEdi/icavit
1540 2784 1874 2853 sacriﬁcium,

281 2859 423 2925 dico,
456 2861 511 2915 in
534 2855 669 2913 terra
697 2873 849 2929 quam
872 2858 1107 2929 fundavit
1133 2858 1186 2911 in
1214 2856 1426 2929 siccula,
1456 2855 1508 2910 id
1538 2864 1643 2921 est,
1694 2856 1744 2908 iti
1789 2856 1874 2910 his

283 2938 490 2985 tantum
534 2932 625 3000 qui
670 2930 809 2985 bene
846 2928 974 2984 eulti
1022 2938 1145 2983 sunt
1181 2928 1423 3000 doctrina
1462 2936 1872 3000 praeceptorum,

279 3011 338 3056 et
387 2996 592 3056 fundati
624 3002 677 3056 in
718 3000 821 3054 Iide
848 3001 1015 3067 ipsius
1081 2998 1426 3062 mternaliter,
1459 2999 1559 3052 hoc
1584 2996 1875 3051 historiali-

281 3085 366 3127 ter
394 3073 462 3129 de
486 3083 626 3128 terra
649 3071 794 3127 illius
823 3084 930 3126 non
974 3078 1147 3139 potest
1197 3070 1328 3136 dici,
1361 3070 1462 3124 nisi
1509 3078 1764 3136 quantum
1807 3067 1874 3123 ad

279 3146 665 3213 signiﬁcatum,
698 3150 790 3197 aut
816 3143 920 3198 nisi
949 3142 1161 3209 saecula,
1195 3152 1254 3197 ut
1288 3154 1431 3211 saepe
1456 3141 1612 3206 solet,
1648 3141 1876 3210 accipia-

278 3228 405 3271 mus
427 3225 531 3271 tem
540 3214 809 3284 poraliter.

287 3305 301 3317 ·
358 3285 425 3340 Et
455 3282 603 3356 elegit
632 3284 823 3356 David.
856 3283 1044 3356 Elegit,
1074 3284 1312 3355 inquam,
1338 3284 1521 3337 tribum
1540 3282 1701 3349 Iuda,
1734 3292 1789 3338 et
1814 3282 1883 3356 de

280 3356 375 3413 illa
409 3354 549 3411 tribti
577 3357 726 3427 elegit
753 3354 922 3409 David
952 3354 1161 3410 servum
1177 3372 1346 3421 suum,
1376 3365 1421 3409 et
1452 3357 1659 3427 sustulit
1680 3370 1795 3409 eum
1821 3354 1885 3407 de

284 3428 524 3499 gregibus
548 3426 738 3493 ovium,
767 3427 888 3497 quia
922 3426 991 3499 de
1023 3428 1453 3499 pastorali_cura
1483 3426 1681 3499 ovium
1706 3435 1883 3499 trans.

282 3496 425 3554 Iattis
472 3508 557 3555 est
594 3500 660 3553 ad
689 3496 910 3567 regnum
956 3498 1250 3552 hominum.
1285 3497 1353 3551 Et
1391 3496 1520 3567 dicit
1570 3497 1710 3552 idem
1759 3496 1883 3567 aliis

282 3569 488 3638 verbis,
516 3572 727 3626 scilicet
756 3566 950 3635 accepit
980 3584 1092 3622 eum
1123 3568 1186 3622 de
1215 3567 1359 3635 loco,
1391 3566 1480 3635 qui
1510 3576 1592 3622 est
1635 3576 1758 3638 post
1799 3566 1881 3636 fe-

286 3652 474 3707 tantes,
524 3642 575 3696 id
618 3651 702 3697 est
746 3641 1037 3705 assumpsit
1081 3654 1205 3693 eum
1248 3639 1318 3694 de
1367 3638 1619 3707 pastorali
1678 3637 1881 3694 ofﬁcio;

285 3712 463 3783 Elegit
491 3712 653 3768 etiam
682 3726 866 3767 verum
897 3709 1067 3764 David
1089 3724 1492 3783 servitutisuum,
1514 3718 1782 3783 quantum
1814 3710 1882 3764 ad

289 3780 704 3849 humanitatem,
738 3797 845 3837 non
874 3791 1131 3852 quantum
1165 3783 1230 3835 ad
1261 3780 1558 3852 divinitatis
1608 3780 1883 3850 equalita-

281 3863 417 3909 tem.
453 3854 528 3908 De
557 3870 623 3909 eo
652 3854 795 3909 cnim
824 3851 954 3908 vere
983 3852 1184 3908 dictum
1215 3860 1299 3907 est
1333 3870 1345 3906 :
1379 3851 1560 3906 Inveni
1612 3852 1780 3905 David
1813 3852 1881 3921 ﬁ-

285 3924 418 3979 lium
445 3922 591 3980 Iesse
642 3926 807 3980 virum
834 3922 1115 3979 secundum
1144 3938 1232 3977 cor
1260 3939 1448 3977 meum.
1479 3922 1546 3993 Et
1572 3922 1797 3990 sustulit,
1832 3922 1883 3979 id

283 4005 395 4062 est,
428 3999 682 4051 esaltavit
724 4011 837 4051 eum
885 3994 1261 4049 transferendo
1298 3994 1366 4049 de
1396 3995 1588 4048 ovibus
1634 3995 1701 4048 ad
1751 3994 1885 4049 alias

286 4080 445 4131 oves,
480 4066 533 4121 id
563 4077 668 4133 est,
700 4068 769 4122 de
794 4066 997 4122 Iudaeis
1021 4066 1088 4120 ad
1115 4074 1323 4135 gentes.
1365 4065 1520 4135 quta
1550 4064 1683 4119 illud
1718 4082 1730 4118 :
1772 4064 1881 4119 Vo-

289 4138 369 4192 bis
404 4138 625 4203 primum
657 4136 919 4208 oportebat
947 4137 1086 4204 loqui
1110 4134 1319 4191 verbum
1362 4134 1481 4202 Dei,
1512 4138 1601 4190 sed
1638 4138 1880 4206 quoniam

282 4210 551 4279 repulistt's
576 4209 733 4277 illud,
765 4220 811 4262 et
836 4208 1074 4280 indignos
1100 4224 1186 4262 vos
1203 4208 1502 4280 judicastis,
1527 4223 1639 4261 ecce
1668 4223 1882 4263 conver-

286 4278 461 4353 timur
480 4283 548 4333 ad
576 4291 769 4353 gentes.
804 4278 1009 4353 Accepit
1036 4294 1153 4334 eum
1182 4278 1302 4333 dico
1323 4278 1520 4353 deloco
1541 4280 1632 4353 illo
1652 4294 1739 4348 qui
1765 4288 1882 4334 erat

284 4361 410 4423 post
437 4350 673 4421 fetanies.
706 4350 869 4419 Quasi
900 4352 1040 4405 dicat
1075 4368 1087 4401 :
1123 4351 1418 4423 nonhprius
1449 4350 1885 4423 Atranslatushest

287 4420 362 4477 de
410 4420 598 4479 ovibus
623 4423 692 4478 ad
717 4437 867 4489 oves,
922 4436 1082 4492 quam
1123 4421 1176 4475 in
1210 4421 1345 4492 illis
1381 4420 1649 4492 prioribus
1697 4420 1886 4475 ovibus

286 4493 491 4549 multas
514 4496 653 4550 Ietas
679 4494 866 4549 iecerit
898 4509 911 4545 :
942 4490 1080 4546 alios
1105 4490 1314 4545 scilicet
1336 4490 1387 4543 in
1412 4490 1515 4545 ﬁde
1541 4501 1880 4560 generantcs,

1971 522 2091 586 ceat
2116 512 2290 575 alteri,
2322 521 2375 566 et
2399 521 2574 586 tamen
2601 511 2860 586 innocens
2888 510 2939 563 in
2965 511 3125 586 corde
3151 512 3354 586 non_sit
3386 528 3401 567 :
3428 518 3555 586 quia

1969 585 2167 652 cogitat
2190 598 2333 651 saepe
2356 584 2577 647 malum,
2603 582 2848 648 quamvis
2871 596 2974 636 non
2999 581 3223 649 perlicit.
3252 582 3317 637 Et
3339 581 3556 643 deduxit

1968 670 2074 717 eos,
2102 654 2170 709 de
2200 656 2393 708 virtute
2422 654 2473 709 in
2508 655 2759 709 virtutem
2785 652 3119 707 intellectibus
3149 669 3393 711 manuum
3425 675 3551 714 sua-

1968 741 2083 778 rum
2132 726 2461 793 reparandis,
2510 725 2562 780 id
2609 735 2710 791 est,
2740 734 2798 780 ut
2824 725 3129 781 restitueret
3156 726 3209 779 in
3238 725 3318 781 eis
3348 727 3559 786 intelle-

1966 805 2110 850 ctum
2138 795 2310 862 illum,
2340 811 2499 869 quem
2526 810 2743 869 manus,
2766 796 2815 850 id
2844 806 2927 869 est
2959 795 3198 869 potentia
3226 811 3319 852 sua
3352 798 3406 853 in
3449 801 3559 869 pri-

1969 882 2059 922 mo
2088 878 2305 935 parente
2330 868 2476 932 fecit,
2499 868 2711 935 quando
2731 866 2783 921 in
2808 868 3130 935 abundantia
3153 867 3407 925 virtutum
3430 866 3555 927 eum

1969 940 2165 1007 posuit.
2198 938 2292 993 Vel
2319 940 2530 993 deduxit
2574 954 2657 993 eos
2685 938 2753 994 de
2779 938 2975 995 virtute
3016 941 3066 993 in
3100 940 3347 999 virtutem
3390 942 3445 995 in
3472 942 3557 997 in-

1971 1008 2249 1063 tellectibus
2298 1026 2542 1063 manuum
2587 1026 2817 1075 suarum,
2844 1009 3010 1075 idest
3048 1010 3101 1065 in
3132 1009 3561 1078 intelligibilibus

1971 1081 2226 1152 operibus
2255 1082 2386 1136 suis.
2417 1081 2510 1136 Illa
2553 1082 2697 1137 enim
2748 1095 2909 1147 opera
2963 1090 3087 1135 sunt
3132 1096 3270 1152 verer
3301 1082 3556 1152 intelligi-

1972 1150 2116 1216 bilia,
2142 1166 2267 1223 qum,
2293 1167 2397 1206 non
2422 1160 2631 1207 tantum
2658 1152 2837 1207 verbis
2865 1151 3276 1223 docenturtsed
3299 1161 3355 1209 et
3378 1150 3555 1223 Iactis,

1972 1224 2074 1295 hoc
2105 1224 2219 1292 ipse
2246 1222 2391 1288 fecit,
2423 1224 2544 1292 quia
2571 1223 2637 1279 de
2664 1238 2730 1278 eo
2758 1224 2955 1295 dictum
2988 1233 3069 1279 est
3102 1241 3113 1275 :
3150 1221 3388 1295 Primum
3437 1221 3558 1295 qui;

1969 1293 2085 1367 dem
2114 1309 2397 1349 sermonem
2428 1297 2522 1364 feci
2552 1297 2615 1348 de
2644 1294 2874 1367 omnibus
2902 1309 3015 1367 qua;
3043 1295 3191 1362 coepit
3218 1294 3372 1351 Iesus
3392 1293 3564 1367 facere

1970 1372 2017 1436 et
2045 1366 2259 1436 docere;
2292 1363 2438 1433 prius
2468 1368 2610 1421 enim
2642 1363 2772 1421 fecit
2796 1363 2958 1436 quam
2983 1365 3185 1432 docuit,
3207 1374 3263 1423 et
3281 1363 3402 1425 ideo
3436 1382 3564 1425 vere

1977 1434 2330 1506 intelligibilis
2359 1438 2603 1493 doctrina
2632 1436 2748 1492 fuit.

2400 1570 2465 1627 IN
2504 1570 2829 1629 PSALIIUM
2869 1571 3155 1629 LXXVIII.

2513 1661 2757 1719 Psalmus
2816 1663 3020 1735 Asaph.

2580 1771 2965 1813 ARGUMENTUI.

1897 1820 1950 1884 Β
2007 1842 2101 1920 _ln
2128 1857 2362 1920 persona
2394 1844 2823 1920 Machabasorum
2854 1846 3091 1916 canitur,
3118 1848 3211 1920 qui
3240 1852 3341 1908 sub
3375 1851 3567 1912 Antio-

1971 1913 2075 1991 cho
2127 1916 2420 1991 Epiphane
2456 1918 2670 1991 patrias
2702 1918 2847 1988 leges
2870 1913 3177 1991 moeniaque
3208 1932 3357 1991 patre
3400 1926 3567 1983 Mate-

1968 1987 2086 2068 thia
2102 1995 2343 2068 auctore,
2371 1988 2575 2043 ultimis
2599 1987 2774 2068 coacti
2792 1991 2971 2068 maiis,
3004 1987 3297 2068 defendere
3319 2000 3560 2066 aggressi

1968 2066 2111 2112 sunt.
2140 2058 2330 2131 Aliter,
2355 2074 2456 2113 vox
2472 2061 2835 2127 apostolorum
2858 2062 2925 2115 de
2946 2065 3195 2131 passione
3218 2058 3435 2123 Christi.
3452 2069 3567 2125 Ali-

1970 2135 2055 2204 ter
2082 2130 2259 2183 anima
2293 2132 2782 2204 ptenitenscontra
2814 2130 3081 2202 pessimos
3133 2136 3363 2204 vicinos,
3401 2139 3456 2197 id
3481 2148 3569 2199 est

1971 2199 2265 2269 daemones,
2297 2202 2407 2256 Deo
2434 2202 2724 2273 supplicat.

2587 2313 2723 2353 EXPL
2731 2313 2947 2357 ANATIO.

2048 2383 2290 2442 Psalmus
2306 2388 2422 2463 iste,
2436 2389 2566 2463 sicut
2583 2393 2983 2463 septuagesimus
2999 2394 3192 2461 tertius,
3213 2395 3575 2457 lamentatione

1976 2456 2155 2540 plenus
2179 2468 2273 2524 est,
2302 2462 2395 2540 qui
2410 2456 2600 2540 futura
2622 2456 2863 2540 tempora
2874 2464 3006 2519 velut
3033 2456 3287 2540 praeterita
3310 2456 3571 2540 deplorat,

1975 2537 2029 2611 et
2048 2540 2253 2611 propter
2278 2532 2519 2611 duritiam
2541 2534 2841 2611 cordissttce
2858 2540 3006 2611 genti
3022 2532 3241 2611 graviter
3268 2532 3570 2611 af/ligendté

1976 2602 2179 2673 pietatis
2206 2602 2377 2655 studio
2405 2613 2643 2673 precatur
2674 2602 2933 2659 Christum
2968 2602 3243 2662 Dominum
3282 2602 3565 2669 subvenire.

1976 2670 2146 2752 Asapli
2180 2673 2271 2752 sub
2301 2670 2468 2752 ﬁgura
2491 2675 2721 2752 ﬁdelium
2764 2677 3069 2747 populorum
3098 2695 3188 2748 per
3219 2689 3377 2734 totum
3399 2684 3568 2752 loqui-

1977 2751 2062 2825 tu'r
2086 2743 2460 2825 psalmumaln
2482 2746 2649 2825 prima
2679 2743 2821 2825 parte
2833 2743 3118 2825 numerans
3147 2759 3343 2825 quanta
3371 2743 3567 2823 tenipo-

1976 2813 2128 2895 ri_bu_s.
2140 2814 2378 2895 Antiochi
2401 2818 2667 2895 pertulerit
2685 2816 2976 2895 erusalem
2998 2813 3219 2895 populus
3234 2820 3265 2874 I
3274 2813 3539 2895 u‘dteorum
3556 2869 3576 2895 ,

1975 2891 2031 2937 stt
2074 2883 2493 2940 Machabworum
2534 2886 2661 2941 liber
2705 2889 2954 2943 insinuat.
2998 2883 3245 2948 Secunda
3284 2883 3567 2950 Dominum

1976 2965 2147 3037 rogat,
2186 2964 2247 3037 ut
2272 2972 2431 3024 supra
2454 2968 2685 3025 potentes
2716 2960 2948 3037 inimicos
2973 2962 3103 3037 iram
3132 2970 3280 3017 suam
3306 2963 3569 3034 e/fundat,

1978 3034 2027 3103 e_t
2054 3032 2273 3103 peccatis
2308 3044 2567 3103 servorum
2608 3046 2822 3103 suorum
2854 3032 3107 3103 dignetur
3143 3049 3248 3087 esse
3299 3032 3573 3103 prapitius.

1978 3093 2153 3150 Tertia
2182 3097 2463 3179 prophetia:
2488 3102 2673 3179 spiritu
2704 3102 2891 3179 popqu
2918 3093 3161 3179 postulat
3181 3093 3432 3179 vindicari
3468 3124 3575 3164 non

1911 3191 1958 3257 ο
1986 3170 2351 3257 peremptionis
2377 3180 2512 3257 vo‘to',
2540 3172 2630 3224 sed
2659 3170 2996 3257 correptionis
3023 3174 3213 3257 studio.
3245 3177 3576 3257 Arnobittsin

1988 3242 2122 3292 hunc
2144 3242 2399 3317 psalmum
2427 3242 2906 3317 tale-argumentum
2934 3245 3075 3314 fecit,
3107 3249 3574 3317 septuagesimuset

1984 3320 2189 3383 octavus
2209 3311 2434 3383 psalmus
2457 3311 2653 3383 apicem
2679 3311 3011 3369 antecesseris
3031 3311 3115 3369 sui
3132 3311 3355 3383 secutus,
3380 3320 3572 3376 lamen-

1984 3390 2092 3459 tum
2112 3382 2265 3434 simul
2290 3382 2456 3459 David
2481 3400 2599 3459 c_u_in_
2612 3384 2853 3459 oratione
2881 3385 3119 3459 e/fundit.
3153 3387 3316 3459 Cujus
3343 3382 3573 3449 historia

1984 3452 2873 3535 dum.prwteritam‘ﬂtilistinorum
2907 3452 3098 3535 caedem
3140 3452 3406 3531 explanat,
3442 3480 3569 3535 pro-

1983 3524 2155 3593 phetia
2181 3524 2406 3594 futuram
2435 3524 2957 3582 Nabuchodonosoris
2995 3524 3378 3587 commemorat.

2564 3630 2998 3677 COMMENTARIUS.

2047 3704 2207 3791 Deus,
2218 3704 2465 3791 venerunt
2482 3719 2654 3791 gentes
2672 3711 2725 3765 in
2744 3712 3368 3791 inmeditatemfsalmus
3380 3718 3577 3791 Asaplt.

1985 3777 2238 3859 Deplorat
2266 3777 2320 3832 in
2340 3781 2452 3859 _hoc
2485 3777 2708 3859 psalmo
2728 3784 2908 3859 Asaph
2933 3824 2948 3850 ,
2972 3786 3096 3859 rsive
3127 3789 3389 3858 propheta
3413 3830 3428 3856 ,
3459 3777 3576 3847 sive

1984 3849 2209 3932 quilibet
2231 3849 2507 3932 perlecios
2531 3853 2600 3908 de
2630 3854 2797 3924 priori
2820 3849 3015 3932 populo
3042 3849 3458 3932 destructionem
3492 3863 3576 3917 ci-

1984 3923 2166 4003 yitatis
2191 3929 2246 4002 et
2277 3924 2455 4003 iempli
2487 3923 2676 4003 laetam
2708 3941 2736 3978 a
2775 3923 3022 4003 gentibus
3047 3929 3574 4003 transferendoillos

1983 3992 2038 4047 in
2064 4005 2125 4045 se
2154 3992 2243 4060 qui
2275 4001 2400 4048 tunc
2429 3992 2593 4049 futuri
2617 3992 2809 4060 erant,
2841 3997 3057 4060 quando
3087 4000 3202 4055 haec
3232 4002 3574 4057 eveniebant.

1985 4063 2176 4140 Solent
2202 4064 2466 4140 aciemin
2498 4066 2827 4140 orationibus
2859 4063 2970 4122 Deo
2997 4068 3123 4139 dici,
3151 4086 3267 4140 qua:
3298 4072 3575 4127 vindicans

1983 4134 2129 4199 facit,
2159 4141 2215 4187 et
2240 4134 2436 4211 deinde
2480 4136 2671 4211 petitio
2712 4136 3057 4211 adjungi,_ut
3099 4134 3211 4211 jam
3255 4144 3575 4199 misereatur

1984 4214 2039 4285 et
2069 4217 2273 4285 parcat.
2305 4206 2504 4273 Eodem
2550 4207 2710 4285 modo
2733 4218 2785 4262 et
2817 4206 2915 4285 hic
2935 4206 3185 4268 dicuniur
3208 4256 3223 4280 ,
3254 4229 3284 4269 a
3308 4231 3412 4282 quo
3441 4229 3579 4284 pra-

1984 4276 2240 4357 dicnntur
2264 4284 2519 4357 tanquam
2546 4280 2615 4357 ab
2641 4278 2719 4333 eis
2750 4276 3417 4357 praedicerentur,'quibus
3442 4276 3577 4344 con-

1985 4348 2239 4415 tigerunt.
2289 4348 2354 4401 Et
2388 4348 2500 4416 ipsa
2534 4348 2843 4425 deprecatio
2868 4363 2949 4408 est
2979 4348 3333 4425 propheta-tio.
3372 4358 3578 4414 Dicitur

1985 4426 2171 4499 autem
2200 4428 2447 4499 Ianqnain
2478 4422 2803 4499 praeteriium
2830 4464 2853 4499 ,ν
2868 4422 3018 4499 quod
3049 4422 3100 4481 in
3132 4430 3321 4497 spiritu
3353 4430 3572 4484 videba-

1991 4497 2077 4569 iur
2109 4490 2363 4569 futurum.
2392 4490 2665 4569 Etiucipit
2690 4494 2760 4569 ita
2789 4509 2803 4550 :
2837 4490 3081 4563 U'Deus,
3110 4490 3283 4569 gentes
3308 4511 3574 4567 venerunt,

287 4572 349 4640 et
378 4566 519 4640 lacte
549 4566 865 4640 iiutrientes,
897 4577 1031 4640 quas
1060 4574 1185 4617 ante
1215 4577 1274 4615 se
1303 4560 1443 4640 sicut
1490 4550 1670 4640 pastor
1711 4550 1881 4616 mina;
1914 4550 1968 4611 Ι)
1991 4559 2046 4640 id
2074 4568 2179 4639 est,
2217 4562 2433 4640 venient
2466 4563 2521 4640 in
2554 4550 2900 4640 hiizreditatein
2945 4550 3287 4624 tuanifSiin
3316 4550 3580 4640 asapia:

291 4635 408 4690 bat.
443 4637 601 4691 Prius
629 4638 772 4691 enim
804 4636 1085 4690 duodecim
1116 4632 1387 4702 apostolos
1420 4640 1476 4686 et
1504 4633 1637 4685 alios
1667 4644 1884 4703 septua-

289 4707 441 4775 ginta
495 4708 653 4774 duos,
685 4713 741 4761 et
778 4706 974 4760 inultos
997 4705 1131 4775 alios
1154 4713 1207 4757 et
1238 4717 1332 4771 per
1361 4716 1420 4756 se
1448 4712 1500 4757 et
1540 4717 1635 4771 per
1661 4703 1781 4758 illos
1815 4705 1885 4759 ibi

292 4774 555 4847 elegerat.
591 4781 665 4833 De
697 4780 781 4832 his
808 4778 928 4831 fetis
957 4776 1008 4831 in
1031 4774 1266 4829 Canticis
1311 4776 1642 4827 canticorum
1681 4776 1888 4847 dictum

291 4845 421 4903 est}
446 4848 633 4903 Dentes
659 4851 733 4902 tui
759 4850 893 4902 sicut
925 4861 1101 4919 greges
1124 4848 1479 4919 detonsarunt,
1504 4845 1887 4899 ascendentium

290 4921 358 4972 de
388 4920 615 4983 lavacro,
646 4934 762 4988 quae
807 4917 981 4973 omnes
1017 4917 1227 4988 pariunt
1276 4918 1539 4988 gemellos,
1585 4925 1631 4969 et
1667 4931 1769 4988 non
1816 4926 1891 4970 est

289 4991 482 5059 sterilis
520 4992 575 5044 iu
609 4986 704 5056 eis,
745 4990 886 5059 quod
922 4986 1033 5057 jani
1073 4989 1197 5042 alibi
1251 4987 1618 5059 exposuimus.
1670 4986 1893 5041 Poscere

290 5058 483 5114 Iacob.
512 5062 603 5116 Ad
624 5064 745 5127 hoc,
764 5056 1019 5129 inquam,
1050 5059 1211 5128 elegit
1251 5056 1807 5129 Davidihistorialiter,
1836 5068 1892 5114 ut

292 5143 547 5201 pasceret
578 5131 765 5196 Iacob,
798 5128 983 5197 idest,
1010 5145 1204 5203 novum
1235 5128 1487 5196 pepulutn
1522 5144 1648 5184 vere
1672 5144 1887 5184 servum

291 5217 475 5258 suum.
502 5204 655 5258 Sicut
669 5205 813 5259 enim
838 5217 931 5272 per
950 5204 1087 5255 Esau
1114 5202 1257 5272 prior
1278 5209 1333 5253 et
1361 5208 1512 5253 vetus
1542 5205 1771 5270 p0pulus
1800 5203 1894 5254 in-

292 5274 577 5344 telligitur,
611 5275 683 5329 ita
711 5288 808 5344 per
835 5271 1300 5344 Jacobposterior
1320 5281 1373 5324 et
1415 5284 1607 5325 novus.
1656 5271 1725 5344 Et
1771 5275 1892 5341 quia

292 5343 367 5400 de
412 5342 579 5400 Iacob
606 5346 665 5399 ﬁt
692 5342 874 5411 lSrael,
927 5343 1136 5397 scilicet
1168 5352 1223 5395 ut
1262 5342 1398 5394 sicut
1445 5355 1587 5411 nunc
1638 5342 1764 5407 lide,
1823 5344 1893 5395 ita

294 5424 428 5470 tunc
462 5417 640 5471 videat
667 5410 867 5486 specie.
901 5416 966 5468 Et
994 5423 1278 5486 tunc_vere_
1304 5410 1406 5486 erit
1445 5410 1735 5486 haereditas
1773 5413 1890 5483 Dei,

294 5486 424 5558 ideo
471 5487 653 5543 subdit
688 5482 710 5541 ε’
730 5486 799 5541 Et
847 5500 1066 5558 pascere
1112 5482 1279 5538 Israel
1330 5483 1677 5558 Itwreditalem
1726 5499 1891 5558 suam.

297 5556 451 5613 Tunc
502 5561 644 5614 enim
694 5574 822 5615 vere
847 5554 1051 5627 'pascet
1084 5569 1199 5621 eos,
1241 5554 1455 5623 quando
1484 5557 1597 5627 erit
1628 5557 1808 5609 omnia
1840 5557 1893 5610 in

296 5630 572 5701 omnibus.
609 5630 678 5685 Et
709 5632 823 5699 ipse
851 5625 988 5701 pavit
1026 5643 1111 5681 eos
1146 5628 1199 5680 in
1236 5625 1529 5701 innocentia
1571 5627 1741 5701 cordis
1791 5628 1891 5701 sui.

296 5698 496 5759 Pastus
524 5703 616 5756 ille
646 5696 779 5757 nihil
808 5696 949 5755 aliud
982 5700 1101 5765 luit,
1130 5700 1229 5752 nisi
1260 5698 1433 5751 dulcis
1456 5704 1511 5749 ct
1540 5696 1895 5753 saluberrima

297 5772 393 5845 illa
426 5775 689 5841 doctrina,
723 5787 948 5845 quaeque
974 5786 1069 5827 eos
1094 5770 1666 5845 innocentiamyeram
1689 5770 1894 5845 docuit,

300 5840 444 5901 Vera
471 5855 653 5903 autem
677 5839 993 5907 innocentia
1021 5851 1124 5913 est,
1157 5854 1279 5915 qua
1307 5852 1411 5898 nec
1437 5839 1542 5896 sibi
1592 5854 1693 5898 nec
1739 5840 1897 5899 alteri

1994 4630 2173 4700 phetia
2208 4637 2433 4709 populus
2457 4636 2554 4709 ille
2583 4638 2727 4709 prior
2748 4639 3047 4709 accipiatur
3074 4680 3089 4705 ,
3120 4643 3313 4695 mit-uni
3344 4630 3573 4709 videtur,

1991 4705 2273 4779 quomodo
2292 4704 2694 4779 haereditasiliei
2728 4704 2957 4778 dicatur,
2984 4704 3104 4764 cum
3129 4723 3180 4765 et
3206 4711 3444 4779 lapidem
3474 4704 3575 4767 an;

1993 4776 2231 4840 gularein
2262 4775 2632 4849 interlicnendo
2657 4794 2777 4832 enni
2805 4775 3224 4849 reprobaveruut
3248 4775 3299 4837 in
3330 4796 3455 4837 eum
3486 4797 3574 4839 re-

1992 4856 2320 4913 sorgentein,
2350 4847 2726 4903 ascendentem
2748 4890 2763 4916 ,
2797 4860 2848 4903 et
2869 4847 2939 4904 ad
2966 4852 3238 4907 dexteram
3280 4852 3376 4908 Dei
3403 4853 3580 4910 Patris

1993 4920 2395 4987 consedentem,
2424 4919 2559 4990 visis
2591 4927 2673 4975 tot
2698 4920 2864 4990 signis
2896 4933 2947 4975 et
2979 4924 3246 4978 miraculis
3275 4925 3498 4980 credere
3523 4929 3579 4981 in

1994 5002 2116 5065 eum
2162 4989 2370 5065 nolunt.
2417 4988 2521 5044 Sed
2570 4988 2769 5065 tamen'
2794 5008 2897 5045 non
2928 4994 3125 5065 mirum
3150 5034 3167 5061 ,
3218 4996 3340 5065 quia
3366 5039 3382 5063 ,
3417 5006 3473 5051 ut
3502 4999 3579 5052 ait

1994 5058 2286 5135 Apostolus
2310 5098 2327 5125 ,
2359 5074 2461 5113 non
2491 5064 2678 5131 repulit
2716 5064 2852 5116 Deus
2880 5064 3075 5133 plebem
3113 5058 3280 5119 suam.
3311 5058 3379 5121 Si
3400 5069 3580 5135 paleas

1995 5131 2223 5207 repulit,
2266 5145 2428 5207 grana
2478 5148 2581 5207 non
2626 5135 2819 5201 repulit
2850 5131 3029 5207 {hinc
3060 5137 3200 5191 enim
3232 5140 3381 5207 virgo
3401 5131 3578 5194 Maria

1995 5199 2091 5280 fuit
2114 5239 2132 5268 ,
2165 5203 2287 5280 hinc
2301 5202 2502 5280 beatus
2525 5199 2723 5280 Ioseph
2760 5205 3075 5280 paidagogus
3112 5208 3229 5279 ejns
3255 5252 3271 5279 ,
3302 5199 3357 5265 ει
3377 5209 3579 5280 Ioseph

1995 5272 2063 5326 ab
2094 5272 2408 5349 Arimathia,
2455 5284 2509 5327 et
2550 5276 2719 5329 sancti
2748 5272 3005 5349 apostqu
3041 5286 3096 5334 et
3141 5272 3321 5349 plures
3363 5282 3477 5337 alii.
3505 5272 3581 5336 Et

1995 5355 2251 5412 quantum
2285 5344 2350 5398 ad
2394 5354 2505 5399 “ch
2535 5361 2698 5413 grana
2729 5346 2896 5401 dicit:
2939 5344 3193 5403 Venerunt
3220 5354 3271 5404 in
3302 5351 3581 5409 heredita-

1999 5424 2097 5493 tem
2132 5424 2274 5469 tuam
2302 5433 2313 5468 :
2350 5415 2486 5493 hanc
2510 5416 2877 5493 hereditatem
2901 5435 3005 5493 non
3032 5424 3268 5478 moriens
3301 5433 3452 5493 pater
3474 5423 3581 5480 sibi

1997 5488 2207 5556 reiqtnt
2234 5527 2247 5550 ,
2294 5486 2383 5539 sed
2432 5490 2543 5553 ipse
2588 5488 2727 5542 illius
2772 5491 3091 5546 mirabiliter
3132 5486 3315 5550 morte
3334 5511 3428 5550 sua
3457 5509 3579 5551 eam

1997 5560 2298 5635 acquisivit.
2332 5557 2390 5635 ln_
2423 5556 2561 5612 hanc
2592 5559 2973 5635 barreditateni
3005 5573 3189 5633 gentes
3221 5575 3582 5635 pervenerunt

1997 5642 2105 5708 non
2162 5626 2469 5708 credendo,
2516 5631 2609 5685 sed
2670 5626 3086 5708 persequendo:
3134 5626 3411 5693 voluntate
3460 5651 3581 5691 eam

1996 5699 2331 5827 ἓβιιὲηᾱὶηιει
2360 5706 2581 5758 omnino
2611 5699 2805 5761 nomen
2832 5699 2948 5776 ejus
2978 5707 3047 5765 de
3091 5717 3229 5766 terra
3260 5709 3579 5782 disperden-

2040 5787 2073 5824 Ι.
2141 5787 2258 5827 eunt
2285 5786 2347 5825 III'
2375 5788 2387 5825 ε

2040 5787 2073 5824 i.
2100 5782 2347 5840 Sequuur
2375 5788 2387 5825 :

2071 5840 2383 5899 Polluerunt
2420 5847 2667 5919 templum
2701 5858 2935 5907 sanctum
2977 5860 3143 5911 tuum.
3189 5850 3411 5911 Scilicet
3443 5859 3588 5910 tam:
