3984 6362
433 318 537 382 911

888 316 1089 373 ΒΕΒιΕ
1128 312 1583 374 VENERABILIS
1615 313 1770 373 OPP.
1806 314 1983 373 PARS
2019 314 2084 373 ll.
2124 314 2316 373 SECT.
2358 311 2426 371 ll.
2464 343 2536 357 --
2573 309 2777 370 DUBIA
2818 310 2908 369 ET
2944 310 3216 371 SPURIA.

3596 316 3706 371 9η

420 444 569 512 plum
595 450 702 493 non
731 431 1093 512 maimoribus
1122 440 1507 512 constructum,
1540 446 1649 485 non
1677 430 1832 512 lignis
1860 432 1992 487 tedi-
2019 435 2076 495 Α
2099 432 2404 485 accendetur
2429 428 2564 512 velut
2591 430 2736 512 ignis
2758 429 2949 484 solitus
2974 471 2989 495 ,
3021 428 3263 512 scilicet,
3311 435 3369 512 ut
3396 430 3696 512 ignis_inci_-

420 503 637 569 iicatum
691 528 703 561 :
752 504 845 561 sed
876 505 1005 559 illud
1031 514 1260 557 sanctum
1301 504 1542 570 templum
1581 511 1722 555 tuum
1746 543 1760 566 ,
1794 503 1861 558 de
1889 518 1994 571 quo

419 586 617 638 dicitur
648 595 660 631 :
689 578 957 643 Templum
995 586 1225 629 sanctum
1254 574 1348 628 Dei
1375 616 1389 637 ,
1420 572 1553 643 quod
1592 575 1713 627 estis
1741 589 1862 628 vos:
1894 574 1994 628 hoc

417 648 1019 721 templumpolluerunt,
1052 645 1271 721 quando
1294 644 1570 721 tormentis
1602 645 1682 721 vel
1705 644 1988 721 blanditiis

422 714 630 793 aliquos
658 714 918 793 devocare
943 720 1271 793 potuerunt.
1290 716 1518 793 Attende
1548 715 1682 793 quia_
1703 714 1826 769 ideo
1852 730 1992 770 sem-

416 786 709 864 per'Tuum
752 796 805 843 et
848 787 913 840 ad
943 788 1306 865 htei'editatem
1333 795 1389 840 et
1425 786 1489 865 ad
1515 786 1777 865 templum
1820 801 1991 865 appo-

414 856 493 920 nit
515 907 532 932 ,
573 873 630 917 ut
658 866 933 932 comparet
954 865 1007 932 et
1029 856 1424 932 infestationem
1457 856 1705 932 inimicis,
1738 856 1989 932 et_bene-

414 926 708 990 volentiam
758 928 1015 983 auditoris
1044 928 1127 983 his
1158 942 1254 997 pro
1294 929 1485 996 quibus
1513 927 1764 997 loquitur.
1800 926 1869 980 Et
1897 944 1991 995 po-

411 1011 625 1061 suerunt
670 1000 981 1068 Jerusalem,
1031 1014 1137 1053 non
1180 1007 1510 1063 terrestrem,
1541 997 1636 1052 sed
1686 997 1828 1051 illam
1871 1013 1991 1067 quae

408 1091 622 1131 sursum
652 1084 755 1137 est,
787 1071 840 1124 id
865 1078 967 1133 est,
992 1069 1310 1149 Ecclesiam,
1334 1084 1454 1149 quin
1476 1077 1567 1149 est
1587 1076 1758 1123 mater
1781 1078 1983 1149 nosira,

406 1150 462 1200 in
486 1146 769 1200 custodiam
792 1156 1082 1211 pomorum,
1117 1139 1168 1194 id
1198 1149 1299 1211 est,
1334 1140 1576 1211 fecerunt
1600 1151 1717 1192 eam
1756 1139 1985 1195 similem

409 1216 668 1272 custodia:
691 1209 1002 1290 pomorum.
1031 1209 1281 1290 _Custodia
1306 1210 1451 1290 enim
1481 1224 1756 1290 pomorum
1779 1249 1796 1274 ,
1826 1218 1987 1290 tugu-

406 1288 550 1343 rium
580 1280 715 1341 illud
739 1282 932 1337 dicitur
958 1282 1008 1336 in
1032 1282 1190 1335 horto
1212 1322 1227 1346 ,
1266 1281 1354 1334 ubi
1385 1280 1614 1334 rusticus
1642 1288 1795 1334 nocte
1817 1280 1982 1349 jacet,

404 1358 699 1428 veljacens
725 1368 883 1424 poma
913 1368 1007 1430 sua
1038 1361 1238 1430 servat,
1265 1351 1437 1430 donec
1460 1353 1986 1430 maturescant,__eol-

407 1419 565 1485 leciis
610 1419 1010 1500 aute—miponiis
1060 1422 1312 1490 relinquit
1355 1421 1625 1500 desertum
1678 1437 1691 1471 :
1739 1419 1985 1500 similiter

406 1499 648 1555 collectis
696 1493 974 1565 spiritibus
1004 1492 1713 1565 sanctorutnaposiolorum
1753 1498 1811 1565 et
1852 1492 1985 1546 alio-

403 1586 531 1627 rum
551 1561 858 1625 sanctorum
892 1574 1186 1632 martyrum
1216 1563 1283 1617 de
1311 1561 1578 1616 dominico
1617 1563 1771 1615 horto
1798 1562 1850 1615 in
1879 1577 1985 1617 coe-

401 1642 594 1696 lestem
623 1636 944 1700 Jerusalem,
977 1631 1217 1688 mensam
1247 1673 1261 1697 ,
1305 1640 1557 1701 tanquam
1590 1631 1770 1686 multis
1809 1633 1983 1687 suavi-

404 1713 507 1767 bus
537 1722 591 1765 et
613 1708 860 1763 dulcibus
887 1704 1080 1773 pomis,
1115 1705 1369 1758 remansit
1394 1704 1507 1771 ipse
1529 1700 1828 1773 dominicus
1856 1703 1983 1759 bor-

404 1792 513 1847 tus,
544 1780 599 1835 id
621 1789 723 1840 est,
753 1772 1016 1847 Ecclesia,
1049 1777 1205 1847 quasi
1227 1774 1474 1847 desertus
1504 1780 1557 1827 et
1578 1772 1871 1847 desolatus.
1960 1828 1971 1839 _

479 1841 774 1905 Posuerunt
814 1841 1085 1900 morticina
1119 1862 1129 1895 :
1175 1844 1335 1911 Quasi
1365 1844 1508 1897 dicat
1546 1860 1558 1894 :
1591 1841 1840 1897 Collectis
1870 1858 1986 1899 sur-

405 1938 525 1978 sum
553 1920 851 1990 spiritibus,
877 1915 1004 1990 quid
1034 1914 1275 1990 fecerunt
1302 1914 1368 1968 de
1393 1914 1745 1982 corporibus?
1775 1916 1990 1971 Scilicet

403 1985 687 2061 posuerunt
719 1988 986 2043 morticina
1010 2026 1026 2051 ,
1062 1985 1253 2061 idest,
1285 1998 1436 2061 cassa
1460 1999 1682 2061 corpora
1729 2000 1989 2061 servorum

400 2056 608 2118 tuorum
634 2068 806 2127 extra,
832 2067 888 2111 ttt
909 2065 1093 2112 essent
1122 2056 1173 2109 itt
1197 2071 1334 2109 escas
1356 2056 1641 2109 volatilibus
1658 2058 1790 2111 caeli.
1819 2056 1882 2110 Et
1906 2058 1989 2111 di-

400 2135 477 2190 cit
505 2134 644 2188 idem
674 2132 798 2185 aliis
820 2127 1015 2194 verbis,
1050 2127 1251 2181 scilicet
1276 2136 1565 2195 posuerunt
1586 2142 1763 2181 carnes
1784 2138 1987 2181 sancto-

398 2221 517 2260 rum
544 2213 747 2258 tuorum
775 2214 952 2256 escam
984 2198 1155 2253 bestiis
1179 2206 1347 2262 terrm,
1380 2196 1482 2251 ltoc
1510 2198 1575 2251 ad
1607 2197 1859 2252 litteram.
1886 2198 1987 2253 Po-

398 2284 511 2332 test
546 2285 599 2331 et
645 2271 931 2341 allegorice
974 2269 1080 2323 dici
1113 2268 1192 2323 sic
1235 2286 1247 2320 :
1284 2265 1578 2341 Posuerunt
1602 2270 1891 2331 morticina,
1934 2269 1987 2323 id

395 2356 504 2411 est,
552 2340 777 2412 corpora
826 2347 1133 2412 sanctorum
1170 2347 1383 2412 tuorum
1430 2340 1986 2412 multiscrueiatibus

400 2408 546 2473 escas
574 2408 866 2469 volatilibus
897 2410 1031 2476 caeli,
1066 2424 1172 2463 non
1204 2412 1340 2477 quod
1370 2408 1469 2475 ipsi
1494 2411 1594 2465 hoc
1624 2409 1981 2475 intenderent,

398 2490 498 2544 sed
530 2488 602 2542 ita
634 2485 831 2539 factum
855 2492 938 2537 est
962 2522 975 2545 ,
1009 2496 1078 2535 ex
1103 2480 1283 2534 divina
1312 2480 1689 2548 diSpositione,
1720 2480 1861 2548 quod
1895 2496 1986 2535 vo-

401 2557 571 2614 latitia
601 2555 751 2617 cteli,
783 2554 929 2622 quod
956 2552 1034 2607 illi
1060 2566 1288 2620 quorum
1320 2564 1471 2604 meus
1502 2552 1554 2604 in
1584 2552 1736 2605 cuius
1760 2559 1863 2612 est,
1898 2566 1987 2607 re-

402 2630 655 2684 ﬁciantur
700 2627 756 2679 in
795 2625 921 2689 illis,
966 2622 1304 2676 attendentes
1340 2636 1526 2676 eorum
1578 2622 1889 2687 patientiam
1929 2632 1986 2678 et

398 2698 793 2759 fortitudinem,
824 2704 885 2748 ut
912 2695 1020 2763 jam
1054 2707 1146 2761 per
1173 2707 1384 2760 prunam
1427 2706 1611 2747 eorum
1640 2707 1745 2746 non
1777 2701 1981 2747 tantum

397 2777 706 2825 terreantur
731 2808 743 2827 .
774 2776 1031 2833 quantum
1064 2778 1158 2831 per
1180 2764 1403 2832 gloriam
1435 2763 1501 2817 ad
1534 2764 1847 2817 imitandum
1879 2778 1984 2817 ex-

401 2841 655 2895 citentur.
686 2834 878 2889 Carnes
919 2847 1048 2887 vero
1087 2843 1383 2886 sanctorum
1419 2844 1623 2887 tuorum
1666 2835 1983 2904 simpliciter

398 2914 701 2981 posuerunt
721 2920 876 2961 escas
908 2904 1078 2981 bestiis
1108 2913 1260 2957 terra:
1283 2905 1449 2981 ,quia
1474 2912 1529 2981 et
1559 2904 1657 2972 ipsi
1678 2913 1737 2981 _et
1761 2906 1851 2959 alii
1884 2906 1983 2959 be-

399 2974 585 3036 stiales
611 2990 768 3033 terra:
792 2992 898 3030 non
920 2975 1061 3029 aliud
1085 2989 1244 3041 quam
1266 2974 1585 3043 simpliciter
1610 2975 1723 3028 sola
1754 2990 1982 3043 corpora

400 3065 544 3108 caesa
600 3046 972 3111 attendentes,
1023 3044 1366 3117 reicietionem
1418 3045 1701 3115 quamdam
1743 3048 1893 3117 quasi
1927 3048 1980 3102 in

396 3123 646 3181 sordibus
673 3119 934 3174 abstersis
962 3118 1099 3171 meis
1127 3115 1417 3170 habebant.
1478 3144 1483 3149 -

469 3192 786 3261 E/fuderunt
802 3188 1101 3261 sanguinem
1124 3188 1371 3257 ipsorum.
1398 3188 1713 3261 l’osuerunt,
1738 3186 1975 3258 inquam,

392 3257 691 3321 sanctorum
719 3257 909 3314 carnes
924 3259 1094 3312 bestiis
1125 3267 1293 3327 terrae,
1320 3267 1371 3311 et
1401 3257 1500 3311 hoc
1524 3273 1629 3312 non
1653 3260 1704 3313 in
1732 3257 1836 3313 uno
1858 3262 1978 3317 loco

392 3344 603 3391 tantum
651 3332 914 3400 iecerunt,
958 3329 1054 3385 sed
1094 3329 1150 3382 in
1200 3328 1436 3396 pluribus
1475 3346 1489 3381 :
1532 3329 1656 3397 quia
1687 3329 1978 3392 e/luderunt

390 3408 695 3478 sanguinem
746 3405 978 3478 ipsorum
1017 3410 1264 3478 tanquam
1303 3400 1878 3478 aquamalwndanter,
1924 3410 1979 3457 et

392 3470 514 3534 sine
544 3470 791 3545 respectu
822 3474 877 3525 in
909 3472 1126 3545 circuitu
1152 3470 1551 3545 Jerusalem,_id
1573 3479 1655 3545 est
1685 3486 1778 3539 per
1810 3480 1975 3528 totam

394 3540 772 3619 gentilitatem,
803 3541 1177 3619 qumundique
1200 3540 1622 3619 circumvallavit
1639 3556 1754 3596 eos.

464 3618 533 3671 Et
570 3633 674 3670 non
716 3624 821 3668 erat
850 3614 936 3682 qui
975 3612 1233 3680 sepeliret.
1277 3612 1411 3682 Quia
1449 3621 1627 3665 tantus
1670 3620 1787 3668 erat
1817 3613 1976 3670 timor

434 3698 821 3750 ersecutorum,
840 3682 983 3752 quod
1013 3682 1210 3747 nullus,
1236 3682 1338 3735 nisi
1359 3681 1539 3736 furtim
1564 3682 1786 3748 faceret,
1809 3684 1974 3740 aude-

434 3703 821 3750 ersecutorum,
840 3703 983 3752 quou
1013 3703 1210 3747 nuuus,
1236 3703 1338 3735 llllil
1359 3703 1539 3736 lurlllﬂ
1564 3703 1786 3748 Iaceret,
1809 3703 1971 3740 auue-

390 3703 486 3816 gat
522 3756 752 3828 sepelire
789 3766 1016 3828 corpora
1065 3760 1397 3806 sanctorum.
1436 3752 1528 3828 vel
1570 3769 1689 3828 non-
1716 3764 1835 3828 erat
1876 3756 1971 3828 qui

394 3822 601 3887 tantam
639 3825 1311 3898 patientiam__saneiorum
1330 3822 1606 3898 sepeliret
1628 3863 1644 3889 ,
1676 3824 1728 3878 id
1761 3836 1841 3879 est
1868 3822 1971 3891 [in

388 3903 553 3958 mrde
582 3891 919 3955 reconderet.
950 3892 1046 3949 Vel
1085 3893 1241 3949 aliter
1281 3891 1633 3960 :E/fuderunt
1669 3898 1971 3964 sanguinem

386 3980 697 4027 sanctorum
736 3981 977 4037 tanquam
1015 3980 1199 4037 aquam
1222 4004 1239 4031 ,
1284 3964 1483 4037 idest,
1534 3965 1613 4037 ad,
1651 3964 1968 4037 lavationem

387 4044 679 4098 multorum
705 4080 719 4105 ,
749 4034 887 4093 sicut
915 4034 1223 4106 aqua’solet
1269 4034 1467 4090 effundi
1494 4036 1561 4090 ad
1602 4036 1962 4105 lavationem;

385 4128 496 4169 non
523 4114 667 4182 quod
701 4112 801 4187 ipsi
832 4112 931 4163 hoc
964 4109 1329 4187 intenderent,
1357 4106 1549 4187 sedsit
1575 4107 1754 4187 divina
1771 4108 1968 4187 _di5po-

385 4177 585 4240 sitione
616 4177 940 4237 boc'l‘actutn
962 4186 1067 4243 est,
1100 4187 1153 4231 ut
1184 4178 1296 4246 ipsa
1325 4177 1514 4233 effusio
1541 4178 1812 4247 sanguinis
1841 4177 1967 4235 san-

387 4262 600 4310 ctorum
627 4254 828 4307 valeret
856 4252 920 4303 ad
950 4249 1388 4304 emundationem
1413 4249 1723 4316 multorum,
1758 4250 1966 4307 scilicet

382 4327 476 4396 qui
526 4340 622 4381 eos
668 4324 860 4396 imitati
902 4330 1045 4374 sunt.
1086 4317 1154 4396 _Et
1186 4330 1360 4396 tamen
1406 4337 1507 4396 non
1537 4330 1645 4374 erat
1673 4322 1866 4388 aliquis
1896 4324 1962 4377 de

383 4390 517 4467 ipsis
545 4394 981 4467 ellundcntibus,
1012 4391 1350 4467 quisepeliret
1379 4432 1391 4455 ,
1429 4390 1482 4467 id
1513 4400 1614 4456 est,
1646 4396 1734 4467 qui
1760 4401 1959 4467 tantam

385 4462 695 4523 sanctorum
743 4462 1047 4534 patientiam
1094 4463 1147 4514 in
1197 4476 1296 4516 suo
1323 4462 1484 4517 corde
1524 4464 1857 4519 reconderet.
1894 4466 1961 4520 Et

384 4539 507 4593 ideo
534 4541 723 4610 (quasi
750 4534 931 4610 dicat)
956 4572 972 4598 ,
996 4534 1123 4610 [acti
1152 4549 1328 4588 sumus
1366 4535 1731 4610 opprobrium,
1775 4536 1826 4588 id
1856 4548 1958 4610 est,

384 4610 522 4665 adeo
542 4604 706 4676 'viles,
738 4616 797 4662 ut
821 4607 932 4675 jam
958 4604 1076 4658 altis
1104 4619 1195 4671 pro
1211 4604 1506 4676 cpprob'rio
1535 4606 1832 4673 objicerent
1862 4606 1962 4662 hos

381 4682 563 4735 vicinis
593 4675 799 4734 nostris.
830 4678 939 4733 Nos
968 4683 1143 4729 autem
1173 4675 1374 4729 vicinos
1400 4676 1603 4744 accipe,
1627 4678 1710 4729 vel
1739 4678 1873 4731 alios
1894 4679 1962 4733 de

383 4752 575 4807 eodem
622 4751 820 4820 populo
845 4788 861 4813 ,
911 4748 997 4820 vel
1027 4746 1301 4820 quoslibet
1338 4757 1710 4820 persecutores
1741 4748 1807 4801 de
1838 4763 1961 4816 pro-

383 4824 597 4893 pinquis
619 4818 889 4893 gentibus,
910 4819 962 4872 in
988 4818 1088 4893 lioc
1110 4818 1461 4893 licetvicinos
1489 4818 1678 4883 malos,
1704 4820 1826 4893 quia
1840 4833 1962 4893 cru-

382 4888 598 4949 ciab'ant
620 4888 735 4949 eos.
768 4892 911 4947 Satis
930 4889 1071 4945 enim
1093 4888 1252 4942 alicui
1276 4888 1483 4943 vicinus
1509 4899 1609 4955 est,
1634 4890 1721 4959 qui
1746 4891 1957 4946 oculum

377 4979 431 5020 el
453 4968 799 5091 ἓῖὶῗῖιᾶηαιὶο
823 5042 868 5087 et
890 5032 1062 5086 illusio
1087 5032 1165 5085 Itis
1185 5032 1273 5102 qui
1300 5032 1353 5084 in
1382 5030 1597 5084 circuitu
1623 5040 1796 5086 nostro
1817 5042 1956 5087 sunt.

379 5104 477 5161 Vel
522 5109 740 5162 remotis
784 5105 1030 5182 gentibus
1056 5145 1071 5170 ,
1114 5103 1159 5182 si
1188 5118 1319 5182 _per_
1339 5102 1544 5155 vicinos
1571 5103 1714 5182 prius
1745 5106 1959 5182 propin-

377 5193 514 5244 quos
536 5187 722 5247 gentes
745 5174 1018 5252 accepisti,
1052 5174 1135 5252 vel
1158 5176 1202 5228 si
1226 5175 1426 5252 vicinos
1455 5184 1657 5252 tantum
1691 5175 1741 5226 in
1767 5177 1956 5230 eodem

378 5246 580 5317 pepqu
620 5248 858 5313 notasti,
894 5260 1017 5301 tunc
1058 5247 1145 5299 hic
1188 5260 1281 5313 per
1308 5246 1587 5298 circuitum
1616 5260 1959 5316 quascunque

378 5330 572 5389 gentes
603 5321 894 5388 intelligas.
926 5317 1409 5389 Subsanuatiouetn
1440 5324 1618 5389 autem
1650 5317 1814 5371 refert
1841 5327 1959 5371 tan-

376 5386 491 5444 tum
522 5391 589 5444 ad
620 5394 766 5466 illum
786 5386 1158 5466 contemptum
1185 5430 1200 5457 ,
1246 5386 1335 5455 qui
1366 5388 1684 5466 esprimitur
1714 5389 1954 5466 per_nasi

378 5462 808 5529 corrugationem
836 5478 849 5514 :
883 5460 1182 5514 illusionem
1206 5470 1333 5529 vero
1363 5457 1429 5510 ad
1452 5457 1688 5529 irrisoria
1719 5458 1901 5529 verba.

454 5527 751 5601 Usquequo,
772 5532 1005 5585 Domine.
1047 5530 1206 5597 Quasi
1239 5527 1381 5583 dicat
1414 5528 1671 5593 :Nidcris
1696 5528 1908 5598 quidem
1938 5571 1955 5599 ,

374 5616 413 5659 0
437 5603 661 5658 Domine
701 5606 865 5657 iratus
900 5604 1052 5655 nobis
1077 5646 1090 5669 ,
1124 5602 1245 5668 quia
1278 5602 1355 5655 sic
1382 5601 1703 5665 cruciamur,
1734 5602 1856 5669 quia
1879 5602 1958 5655 sic

374 5676 771 5730 contemnimur
792 5688 808 5739 ;
829 5688 1091 5743 usquequo
1116 5681 1295 5726 autem
1314 5672 1571 5743 irasccris,
1597 5674 1646 5725 id
1666 5681 1769 5737 est,
1790 5686 1958 5741 quan-

374 5744 469 5801 diu
515 5748 655 5802 bane
684 5747 816 5801 itaut
859 5742 911 5798 in
942 5744 1093 5799 nobis
1120 5742 1435 5797 exercebis?
1463 5758 1531 5796 an
1570 5744 1625 5796 in
1664 5743 1857 5811 ﬁnem?
1894 5744 1961 5799 Et

370 5816 548 5891 astus,
577 5819 633 5880 id
661 5828 762 5890 est,
794 5816 1083 5894 indignatio
1101 5856 1117 5886 ,
1149 5828 1307 5886 quam
1327 5828 1467 5879 nunc
1494 5815 1732 5877 ostendis
1754 5816 1815 5889 in
1834 5828 1933 5875 nos
1950 5836 1958 5878 ι

2001 3152 2054 3219 Β

2100 516 2294 557 nerans
2318 543 2334 568 ,
2372 517 2439 555 an
2460 500 2607 555 velut
2634 501 2769 575 ignis
2791 500 3484 575 purgansinlltiquelquasi
3515 504 3692 575 dicat)

2095 582 2155 626 ut
2180 587 2436 643 purgans,
2479 586 2582 625 non
2613 579 2667 623 ut
2696 571 3022 625 incinerans.
3070 571 3135 625 Et
3166 574 3347 625 tandiu
3389 574 3468 629 ira
3507 585 3600 630 tua
3638 571 3698 631 et
3764 603 3775 618 ι

2096 645 2245 697 zelus
2280 642 2400 697 tuus
2426 642 2681 706 manebit,
2724 643 2959 709 quandiu
2991 643 3354 697 necessarium
3401 647 3556 700 nobis
3587 649 3696 702 erit

2094 716 2161 768 ad
2189 713 2477 769 vindictam
2503 712 2821 782 iniquitatis,
2854 722 2909 767 et
2930 712 2995 766 ad
3020 713 3357 769 exactionem
3383 718 3650 771 castitatis
3673 759 3691 782 ,

2095 782 2196 839 hoc
2217 795 2336 849 est,
2369 783 2551 838 tandiu
2582 783 2778 852 pateris
2805 798 2833 835 a
2868 783 3302 851 persecutoribus
3337 801 3434 840 nos
3457 790 3691 843 cruciari

2095 864 2149 910 et
2171 852 2422 918 derideri,
2451 854 2623 909 donec
2648 862 2703 909 et
2732 853 2968 923 perfecte
2994 854 3351 922 vindicentur,
3395 873 3528 925 quas
3556 860 3695 914 reci-

2097 940 2217 980 mus
2247 926 2573 995 iniquitates,
2615 934 2671 979 et
2697 925 3008 993 perﬁciatur
3038 926 3093 980 in
3119 926 3275 982 nobis
3304 928 3548 994 castitas,
3582 935 3691 985 sci-

2090 994 2217 1051 licet
2248 1006 2306 1050 ut
2342 994 2579 1065 amplius
2625 998 2800 1050 anima
2852 1005 3034 1052 nostra
3084 997 3255 1066 legem
3301 998 3399 1055 Dei
3448 1003 3532 1056 sui
3578 1018 3688 1056 non

2090 1075 2420 1137 contemnat,
2448 1076 2505 1121 et
2531 1066 2851 1122 iornicando
2877 1068 2944 1121 ab
2972 1082 3039 1122 eo
3061 1067 3354 1137 dispereat.

2160 1136 2387 1211 Effunde
2410 1140 2539 1211 iram
2570 1147 2711 1211 tuam
2739 1138 2792 1191 in
2815 1147 3005 1211 gentes.
3028 1136 3159 1211 Hoc:
3178 1148 3355 1207 potest
3386 1141 3491 1211 legi
3516 1145 3600 1197 vel
3632 1143 3686 1199 iu

2087 1207 2232 1263 bono
2253 1209 2409 1263 velin
2430 1208 2589 1261 malo.
2617 1208 2672 1264 Si
2694 1207 2876 1279 autem
2903 1210 2955 1263 in
2982 1210 3125 1263 malo
3149 1210 3411 1279 legamus,
3439 1207 3691 1270 dicemus

2088 1280 2208 1346 quia
2232 1278 2422 1333 dicitur
2444 1294 2549 1332 non
2571 1278 2824 1348 optando,
2856 1280 2951 1335 sed
2975 1278 3346 1349 prophetando
3374 1300 3385 1334 :
3419 1284 3561 1338 sicut
3585 1300 3689 1341 sm-

2088 1362 2157 1416 pe
2178 1349 2339 1403 etiam
2368 1349 2565 1403 dicitur
2586 1365 2693 1404 non
2720 1349 3068 1418 imperando,
3094 1352 3189 1405 sed
3214 1354 3551 1409 enuntiando
3579 1400 3593 1419 ,
3631 1365 3689 1411 ut

2086 1422 2363 1491 Accingere
2391 1420 2564 1488 gladio
2597 1430 2685 1474 tuo
2714 1458 2731 1483 ,
2774 1430 2829 1475 et
2859 1420 3078 1491 similia.
3108 1421 3178 1476 Et
3206 1433 3289 1478 est
3314 1428 3468 1488 quasi
3494 1426 3644 1481 dicat
3669 1444 3685 1489 :

2085 1488 2270 1562 Nobis,
2304 1490 2547 1562 Domine,
2574 1506 2643 1546 ne
2671 1490 2923 1545 irascaris
2948 1493 3001 1545 in
3024 1492 3185 1547 linem
3227 1511 3239 1547 :
3273 1494 3485 1562 effunde
3506 1488 3687 1553 autem

2085 1559 2218 1632 iram
2237 1569 2398 1623 tuam,
2418 1561 2468 1615 id
2486 1570 2589 1626 est,
2616 1562 2904 1632 pleuariam
2928 1563 3061 1617 iram
3087 1574 3229 1618 tuam
3253 1559 3426 1632 mitte,
3449 1576 3506 1621 et
3528 1568 3617 1623 hic
3634 1580 3689 1625 et

2084 1629 2138 1685 in
2162 1629 2365 1696 futuro,
2386 1632 2442 1685 in
2478 1642 2648 1700 gentes
2686 1647 2811 1709 quas
2836 1631 2937 1687 ltoc
2964 1644 3277 1709 meruerunt
3297 1678 3312 1701 ,
3346 1629 3532 1704 idest,
3564 1654 3687 1709 qua:

2084 1716 2283 1755 nomen
2304 1711 2449 1756 tuum
2479 1717 2703 1757 noscere
2726 1703 3034 1758 noluerunt.
3059 1703 3127 1757 Et
3149 1720 3255 1759 non
3283 1708 3461 1762 solum
3493 1703 3550 1763 in
3582 1703 3687 1765 ini-

2094 1784 2254 1826 nores
2279 1814 2293 1837 ,
2328 1772 2424 1848 sed
2451 1773 2694 1848 etiamin
2716 1788 2874 1843 regna
2899 1815 2912 1837 ,
2945 1774 2999 1829 id
3029 1783 3111 1848 est
3136 1814 3154 1841 ,
3182 1775 3237 1830 in
3263 1778 3540 1848 ι)τὶηοίρῶ
3569 1780 3686 1835 illa-

2096 1858 2214 1896 rum
2246 1844 2509 1912 gentium,
2542 1844 2633 1912 qui
2662 1859 2845 1897 nomen
2874 1854 3020 1898 tuum
3044 1844 3691 1908 invocaverunthidetur

2095 1912 2199 1967 hoc
2230 1928 2352 1968 esse
2373 1914 2701 1968 contrarium
2737 1916 3059 1985 evangelica:
3087 1917 3164 1970 illi
3193 1920 3480 1974 sententia;
3516 1940 3531 1975 :
3562 1921 3689 1977 Ser-

2090 1998 2179 2061 vus
2206 1986 2292 2052 qui
2321 1986 2746 2061 s_cit_voluntatem
2780 1985 2986 2039 Domini
3015 1988 3099 2041 sui
3117 1996 3211 2061 ,Aet
3240 2006 3343 2044 non
3368 1992 3499 2061 facit
3524 2032 3541 2058 ,
3574 1994 3690 2059 pla-

2090 2055 2169 2127 gis
2196 2056 2457 2127 vapulabit
2481 2056 2659 2108 multis
2680 2070 2706 2127 7:
2732 2071 2903 2109 servus
2924 2071 3041 2111 vero
3060 2059 3149 2127 qui
3178 2062 3337 2113 nescit
3368 2055 3689 2117 uoluntatem

2089 2125 2302 2202 Domini
2346 2126 2463 2202 sui,
2496 2135 2543 2178 et
2586 2126 2720 2202 facit
2747 2127 2905 2196 digna
2951 2125 3143 2199 plagis,
3184 2133 3445 2200 vapulabit
3484 2136 3685 2202 paucis,

2090 2195 2722 2273 qu_ia.ltie_dicitur_quod
2746 2195 2909 2265 super
2945 2195 3138 2273 gentes
3161 2195 3683 2273 nescientes-major

2092 2263 2192 2345 erit
2208 2263 2331 2337 [ira]
2346 2266 2463 2332 Dei;
2480 2264 2575 2345 sed
2588 2263 2798 2345 nonest
2816 2263 3169 2345 contrarium,
3184 2276 3313 2345 quia
3330 2263 3685 2345 Evangelium

2095 2337 2201 2405 agit
2232 2347 2437 2391 tantum
2464 2337 2532 2391 de
2566 2339 2761 2404 servis,
2793 2347 2846 2394 et
2876 2341 3101 2395 multum
3139 2337 3305 2397 distat
3330 2346 3474 2399 inter
3488 2337 3685 2402 servos

2090 2407 2422 2463 voluntatem
2446 2407 2655 2462 Domini
2680 2410 2761 2463 sui
2786 2410 3103 2474 nescientes,
3123 2422 3177 2467 et
3200 2422 3381 2469 tamen
3405 2417 3463 2470 in
3486 2415 3684 2472 familia

2088 2477 2227 2545 ejus,
2255 2487 2309 2532 et
2331 2478 2493 2533 domo
2516 2479 2760 2534 viventes
2794 2498 2804 2532 :
2829 2493 2881 2534 et
2908 2482 3046 2535 inter
3073 2482 3322 2539 inimicos
3342 2488 3683 2544 voluntatem

2086 2550 2203 2628 ejus
2231 2549 2369 2629 scire
2399 2549 2646 2629 nolentes
2667 2588 2684 2616 ,
2718 2565 2817 2605 nec
2838 2565 2960 2606 eum
2991 2553 3339 2623 invocantes,
3367 2566 3427 2612 et
3453 2558 3678 2629 insuper

2087 2618 2141 2673 in
2173 2619 2343 2691 servis
2368 2619 2487 2690 ejus
2509 2635 2631 2675 eum
2663 2631 3053 2691 oppugnantes.

2160 2690 2293 2755 Quia
2337 2692 2663 2745 comederunt
2691 2690 2878 2746 Jaco’b.
2912 2693 3038 2749 ideo
3074 2693 3240 2751 debes
3281 2697 3419 2752 iram
3451 2706 3604 2755 tuam
3632 2702 3682 2757 in

2084 2771 2272 2838 gentes
2304 2760 2603 2828 edundere,
2634 2763 3107 2838 quia_co_mederunt
3128 2765 3312 2833 Jacob,
3345 2768 3402 2823 id
3428 2781 3543 2838 est,
3581 2773 3679 2827 de-

2085 2832 2430 2910 lectationem
2463 2846 2712 2901 magnam
2755 2832 3056 2910 habuerunt
3083 2832 3399 2910 devocanda
3424 2848 3482 2896 et
3505 2832 3678 2910 persae

2084 2903 2302 2969 quendo
2332 2903 2485 2957 illum
2512 2919 2670 2979 quem
2701 2914 2755 2958 ιιι
2787 2905 3101 2979 tantitacis,
3128 2906 3363 2979 _scilicet
3394 2903 3588 2979 Iacob,
3624 2912 3668 2967 id

2085 2981 2204 3040 est,
2234 2988 2429 3028 novum
2459 2974 2708 3046 populum
2739 2975 3085 3046 primitivum.
3112 2976 3180 3031 Et
3207 2974 3583 3037 desolaveruni
3603 2985 3671 3037 lo-

2083 3059 2201 3118 cum
2221 3046 2356 3118 ejus,
2383 3045 2469 3100 vel
2492 3044 2811 3118 Jerusalem,
2840 3048 2965 3116 quia
2987 3063 3176 3104 omnes
3204 3052 3297 3118 qui
3328 3053 3403 3105 ibi
3435 3052 3669 3118 luerunt,

2084 3115 2421 3188 occiderunt,
2465 3118 2558 3188 vei
2577 3116 2745 3170 locum
2780 3115 2930 3188 ejus,
2974 3118 3029 3173 id
3062 3130 3144 3175 est
3170 3115 3520 3178 stabilitatem
3555 3115 3675 3181 ﬁdei

2086 3184 2496 3241 desolaverunt.
2518 3186 2667 3242 Tunc
2704 3184 2848 3242 enim
2885 3202 3014 3244 vere
3043 3190 3195 3245 locus
3224 3192 3310 3247 ille
3340 3193 3437 3247 luit
3462 3195 3675 3252 desola-

2085 3265 2214 3334 tus_,
2245 3257 2461 3334 quando
2491 3257 2659 3326 aliqui
2698 3268 2824 3313 sunt
2875 3258 3141 3334 devocati.
3188 3261 3325 3334 Nota
3373 3265 3516 3334 quod
3547 3280 3667 3323 cum

2081 3328 2249 3403 multa
2274 3328 2507 3403 nomina
2519 3342 2722 3403 ponere
2752 3339 2974 3398 posset,
3011 3332 3063 3386 in
3088 3333 3285 3403 quibus
3325 3328 3541 3389 forsitan
3573 3340 3657 3391 vel

2080 3398 2385 3454 auditorem
2429 3398 2742 3475 oll’enderet,
2774 3408 2867 3455 aut
2892 3415 3017 3475 cum
3045 3398 3181 3475 adeo
3219 3405 3484 3475 placeret,
3516 3408 3661 3475 quod

2079 3482 2276 3524 nomen
2310 3469 2443 3523 tanti
2477 3471 2795 3538 patriarcha:
2843 3485 2874 3525 a
2920 3473 3029 3527 Deo
3058 3469 3240 3530 dilecti
3284 3486 3339 3531 et
3362 3491 3392 3529 a
3422 3469 3668 3532 Deo'Do-

2080 3540 2229 3614 mino
2275 3542 2601 3614 augmentati
2631 3542 2769 3614 satis
2809 3542 3080 3600 rhetorice
3108 3549 3323 3614 posuit,
3374 3547 3589 3604 scilicet
3614 3560 3670 3603 ut

2077 3624 2176 3685 per
2204 3611 2306 3685 hoc
2336 3610 2599 3680 majorem
2629 3612 2884 3685 invidiam
2912 3614 2965 3668 in
2991 3610 3388 3685 persecutores,
3424 3629 3480 3673 et
3510 3619 3671 3676 bene-

2084 3681 2372 3751 volentiam
2402 3691 2621 3751 pararet
2641 3682 2695 3737 in
2721 3685 2987 3740 auditore.

2146 3750 2232 3826 ille
2258 3750 2545 3826 memineris
2574 3754 2899 3826 iniquitatum
2927 3765 3239 3812 nostrarum.
3276 3758 3444 3826 Quasi
3478 3758 3621 3815 dicat
3654 3782 3666 3815 :

2074 3821 2131 3877 In
2160 3823 2406 3897 inimicos
2426 3823 2641 3881 eﬂ'unde
2660 3821 2820 3892 iram,
2855 3826 3011 3883 nobis
3049 3839 3228 3883 autem
3256 3821 3516 3897 impende
3565 3832 3666 3886 mi-

2072 3895 2442 3970 sericordiam,
2477 3912 2538 3949 ne
2560 3898 2849 3953 memineris
2875 3899 3081 3954 scilicet
3108 3895 3440 3970 iniquitatum
3462 3912 3667 3956 nostra-

2073 3980 2210 4032 rum,
2238 3976 2344 4040 etc.
2371 3966 2573 4040 Potest,
2607 3978 2666 4040 ut
2693 3982 2853 4039 supra
2878 3970 3132 4037 diximus,
3158 3966 3407 4040 superior
3437 3973 3531 4028 ille
3556 3989 3666 4030 ver-

2070 4050 2163 4111 s_us
2197 4038 2407 4111 scilicet
2450 4037 2679 4111 Effunde
2718 4037 2854 4111 iram
2900 4049 3057 4107 tuam,
3099 4037 3269 4111 accipi
3317 4043 3373 4097 in
3407 4042 3577 4110 bono,
3611 4054 3668 4101 ut

2068 4106 2147 4160 sic
2177 4108 2415 4185 dicatur:
2439 4108 2684 4185 lvi/funde,
2710 4109 2962 4185 Domine,
2990 4106 3122 4165 iram
3142 4106 3283 4166 tuam
3313 4114 3365 4167 in
3392 4106 3593 4185 gentes,
3615 4116 3667 4171 id

2068 4186 2170 4243 est,
2205 4180 2414 4233 notilica
2441 4182 2601 4233 l'uturi
2626 4180 2811 4249 judicii
2862 4184 3156 4252 plenariam
3198 4185 3335 4239 iram
3385 4180 3661 4255 gentibus,

2066 4264 2178 4317 qua:
2206 4258 2255 4324 te
2275 4266 2377 4303 non
2399 4264 2741 4321 cognoverunt
2770 4269 2789 4306 .'
2818 4263 2865 4307 et
2895 4256 2947 4307 in
2976 4270 3133 4324 regna
3158 4271 3273 4320 qua:
3302 4270 3490 4311 nomen
3520 4266 3659 4310 luunt

2066 4336 2170 4373 non
2199 4321 2582 4388 invocaverunt,
2616 4332 2676 4376 ut
2704 4324 2893 4379 saltem
2922 4321 3117 4381 timore
3146 4328 3240 4381 ira:
3262 4327 3412 4382 illius
3436 4342 3659 4383 conver-

2068 4400 2265 4467 tantur.
2302 4392 2369 4445 Et
2393 4408 2527 4467 opus
2546 4402 2627 4467 est
2656 4395 2734 4449 cis
2762 4404 2819 4449 ut
2841 4396 2945 4451 hoc
2973 4397 3157 4461 facias,
3181 4403 3307 4467 quia
3327 4400 3658 4452 comederunt

2066 4459 2250 4527 Jacob,
2296 4474 2401 4518 etc.
2431 4459 2509 4539 Et
2554 4465 2655 4539 hoc
2684 4467 2845 4539 modo
2869 4483 2938 4522 ne
2970 4459 3277 4523 memineris
3316 4468 3658 4539 iuiquitatum

2067 4544 2394 4606 nostrarum.
2449 4536 2505 4590 Si
2550 4537 2695 4590 enim
2743 4537 2864 4592 illos
2911 4553 3017 4594 non
3057 4536 3428 4606 converteres,
3472 4552 3661 4595 osten-

2067 4603 2240 4679 dendo
2288 4606 2366 4679 eis
2414 4606 2556 4679 iram?
2601 4616 2767 4677 tuam,
2829 4609 3070 4664 videntes
3125 4603 3560 4679 persecutionem
3606 4619 3661 4666 et

2065 4675 2470 4749 devocationein
2490 4675 2918 4749 iillorutn,'qnod
2956 4675 3297 4749 iniquiiatum
3344 4690 3659 4736 nostrarum

2063 4760 2355 4821 memores.
2410 4747 2754 4816 luiquitatum
2795 4747 2919 4806 dico
2968 4747 3314 4821 antiquarum,
3353 4753 3408 4807 id
3439 4760 3526 4807 est
3547 4754 3657 4821 jam

2064 4831 2129 4892 ex
2171 4817 2329 4886 longo
2362 4821 2775 4892 prieteritaruin,
2822 4836 2948 4876 cum
2990 4817 3151 4876 etiam
3197 4817 3308 4877 nec'
3344 4838 3440 4892 per
3487 4817 3651 4878 unam

2061 4888 2251 4962 boram
2299 4904 2571 4944 cessamus
2609 4892 2676 4944 ab
2704 4890 2809 4957 his,
2841 4896 2924 4946 vel
2952 4893 3280 4962 iniquitatum
3333 4888 3654 4960 nostrarum,

2062 4958 2115 5033 id
2147 4969 2249 5023 est,
2283 4975 2413 5033 quas
2439 4976 2467 5013 a
2501 4963 2736 5028 patribus
2769 4958 3157 5029 contraximus,
3199 4965 3397 5033 quibus
3443 4958 3653 5020 scilicet

2055 5028 2167 5097 jam
2199 5046 2307 5084 non
2332 5032 2557 5084 debetur
2585 5034 2870 5100 correctio,
2903 5035 2996 5090 sed
3025 5028 3322 5102 damna-tio,
3367 5037 3475 5089 nisi
3514 5037 3657 5091 adsit

2060 5103 2242 5170 gratia:
2276 5110 2377 5154 tua:
2405 5102 2701 5175 miseratio.
2731 5104 3002 5174 Scriptum
3024 5117 3108 5161 est
3133 5108 3298 5173 enim,
3328 5107 3454 5175 quia
3479 5108 3657 5160 animo

2059 5187 2173 5239 quae
2203 5174 2499 5255 peccaverit,
2531 5174 2645 5240 ipsa
2672 5176 2937 5255 morietur.
2970 5175 3037 5229 Et
3068 5178 3274 5230 visitabo
3313 5174 3528 5247 peccata
3554 5194 3655 5255 pa-

2062 5253 2195 5295 trum
2224 5244 2285 5318 in
2307 5243 2461 5318 ﬁlios,
2516 5260 2674 5314 usque
2706 5246 2759 5299 in
2785 5249 2982 5300 tertiam
3008 5258 3053 5301 et
3080 5243 3322 5318 quartam
3364 5243 3657 5317 generalia-

2060 5328 2197 5389 nem.
2246 5313 2397 5368 Unde
2434 5313 2644 5389 constat
2685 5318 2827 5386 quod
2858 5320 2903 5373 si
2955 5313 3100 5374 [ilius
3139 5313 3384 5389 quilibet'
3413 5321 3655 5373 imitator

2061 5385 2221 5439 fuerit
2244 5394 2478 5455 paterna:
2500 5385 2817 5455 iniquitatis,
2846 5390 2959 5458 ipsa
2990 5385 3405 5457 etiam'peccata
3437 5398 3653 5459 patrum

2060 5469 2223 5530 super
2269 5459 2835 5530 eunrredundabunt,
2888 5461 3029 5528 quod
3080 5461 3294 5530 quidam
3324 5462 3393 5516 de
3415 5463 3652 5528 origina-

2060 5526 2199 5601 libus
2241 5527 2731 5601 post_baptismum
2780 5526 2992 5601 quoque
3038 5526 3241 5587 dicunt.
3293 5532 3460 5587 Aiunt
3505 5526 3652 5586 enim

2059 5599 2199 5672 quod
2230 5609 2285 5655 et
2308 5598 2584 5669 originalia
2610 5610 2662 5655 et
2687 5598 2919 5656 actualia
2965 5603 3321 5672 praecedentia
3371 5604 3549 5665 taliter
3592 5604 3650 5657 in

2059 5669 2377 5739 baptismate
2422 5682 2855 5745 remunerantur,
2889 5675 2935 5730 si
2966 5669 3084 5744 quae
3124 5675 3195 5729 ibi
3237 5678 3649 5745 promittuntur,

2058 5751 2340 5799 servantur
2373 5758 2387 5795 :
2418 5744 2462 5796 si
2500 5752 2678 5798 autem
2716 5745 2908 5813 aliquis
2953 5746 3022 5801 ibi
3061 5750 3176 5803 sola
3226 5744 3435 5800 tantum
3484 5747 3654 5801 verba

2059 5813 2225 5883 dedit,
2252 5822 2307 5873 et
2334 5813 2401 5878 ad
2428 5815 2685 5877 vomitum
2715 5815 2995 5890 relabitur,
3027 5831 3150 5878 reus
3179 5819 3283 5878 erit
3307 5831 3497 5876 eorum
3527 5831 3655 5892 qua
