  <div class='ocr_page' id='page_1' title='image "/cluster/home/n/w/nwhite01/storage/ocr_20150623/93/hvd.32044015471196/462.png"; bbox 0 0 3984 6362; ppageno 0'>
   <div class='ocr_carea' id='block_1_1' title="bbox 318 303 426 362">
    <p class='ocr_par' dir='ltr' id='par_1_1' title="bbox 318 303 426 362">
     <span class='ocr_line' id='line_1_1' title="bbox 318 303 426 362; baseline -0.019 0"><span class='ocrx_word' id='word_1_1' title='bbox 318 303 426 362; x_wconf 68' lang='grc'><strong>91⁸5</strong></span> 
     </span>
    </p>
   </div>
   <div class='ocr_carea' id='block_1_2' title="bbox 1019 284 2921 359">
    <p class='ocr_par' dir='ltr' id='par_1_2' title="bbox 1019 284 2921 359">
     <span class='ocr_line' id='line_1_2' title="bbox 1019 284 2921 359; baseline -0.008 -1"><span class='ocrx_word' id='word_1_2' title='bbox 1019 299 1087 359; x_wconf 84' lang='lat' dir='ltr'><strong>IN</strong></span> <span class='ocrx_word' id='word_1_3' title='bbox 1123 294 1542 358; x_wconf 78' lang='lat' dir='ltr'><strong>PSALMORUM</strong></span> <span class='ocrx_word' id='word_1_4' title='bbox 1578 292 1835 352; x_wconf 79' lang='lat' dir='ltr'><strong>LIBRUM</strong></span> <span class='ocrx_word' id='word_1_5' title='bbox 1874 288 2229 351; x_wconf 82' lang='lat' dir='ltr'><strong>EXEGESIS.</strong></span> <span class='ocrx_word' id='word_1_6' title='bbox 2272 321 2343 335; x_wconf 95' lang='lat'><strong>—</strong></span> <span class='ocrx_word' id='word_1_7' title='bbox 2379 288 2627 349; x_wconf 68' lang='lat' dir='ltr'><strong>PSALM.</strong></span> <span class='ocrx_word' id='word_1_8' title='bbox 2669 284 2921 345; x_wconf 56' lang='lat' dir='ltr'><strong>LXXIX.</strong></span> 
     </span>
    </p>
   </div>
   <div class='ocr_carea' id='block_1_3' title="bbox 3477 282 3588 342">
    <p class='ocr_par' dir='ltr' id='par_1_3' title="bbox 3477 282 3588 342">
     <span class='ocr_line' id='line_1_3' title="bbox 3477 282 3588 342; baseline -0.027 0"><span class='ocrx_word' id='word_1_9' title='bbox 3477 282 3588 342; x_wconf 75' lang='grc' dir='ltr'><strong>ειι</strong></span> 
     </span>
    </p>
   </div>
   <div class='ocr_carea' id='block_1_4' title="bbox 314 392 3573 480">
    <p class='ocr_par' dir='ltr' id='par_1_4' title="bbox 314 392 3573 480">
     <span class='ocr_line' id='line_1_4' title="bbox 314 392 3573 480; baseline -0.002 -9"><span class='ocrx_word' id='word_1_10' title='bbox 314 418 543 475; x_wconf 82' lang='lat' dir='ltr'><strong>remissa</strong></span> <span class='ocrx_word' id='word_1_11' title='bbox 573 414 802 471; x_wconf 87' lang='lat' dir='ltr'><strong>l&#39;uerant.</strong></span> <span class='ocrx_word' id='word_1_12' title='bbox 838 393 1247 477; x_wconf 36' lang='lat' dir='ltr'><strong>Neﬁemineﬁs,</strong></span> <span class='ocrx_word' id='word_1_13' title='bbox 1283 412 1517 480; x_wconf 87' lang='lat' dir='ltr'><strong>inquam,</strong></span> <span class='ocrx_word' id='word_1_14' title='bbox 1564 392 1889 478; x_wconf 82' lang='lat' dir='ltr'><strong>iniquitatnm</strong></span> <span class='ocrx_word' id='word_1_15' title='bbox 1916 407 1973 469; x_wconf 68' lang='grc' dir='ltr'><strong>Δ</strong></span> <span class='ocrx_word' id='word_1_16' title='bbox 1997 422 2159 472; x_wconf 91' lang='lat' dir='ltr'><strong>mam,</strong></span> <span class='ocrx_word' id='word_1_17' title='bbox 2189 415 2537 480; x_wconf 81' lang='lat' dir='ltr'><strong>proptertres</strong></span> <span class='ocrx_word' id='word_1_18' title='bbox 2566 403 2885 475; x_wconf 77' lang='lat' dir='ltr'><strong>principales</strong></span> <span class='ocrx_word' id='word_1_19' title='bbox 2913 402 3136 480; x_wconf 69' lang='lat' dir='ltr'><strong>virtutes</strong></span> <span class='ocrx_word' id='word_1_20' title='bbox 3162 406 3327 475; x_wconf 79' lang='lat' dir='ltr'><strong>ipsius</strong></span> <span class='ocrx_word' id='word_1_21' title='bbox 3357 408 3573 475; x_wconf 64' lang='lat' dir='ltr'><strong>animm,</strong></span> 
     </span>
    </p>
   </div>
   <div class='ocr_carea' id='block_1_5' title="bbox 316 482 1893 551">
    <p class='ocr_par' dir='ltr' id='par_1_5' title="bbox 316 482 1893 551">
     <span class='ocr_line' id='line_1_5' title="bbox 316 482 1893 551; baseline -0.004 -8"><span class='ocrx_word' id='word_1_22' title='bbox 316 499 629 551; x_wconf 77' lang='lat' dir='ltr'><strong>nostrarum,</strong></span> <span class='ocrx_word' id='word_1_23' title='bbox 671 486 764 541; x_wconf 80' lang='lat' dir='ltr'><strong>sed</strong></span> <span class='ocrx_word' id='word_1_24' title='bbox 794 486 1155 540; x_wconf 79' lang='lat' dir='ltr'><strong>misericordia:</strong></span> <span class='ocrx_word' id='word_1_25' title='bbox 1193 496 1291 537; x_wconf 68' lang='lat' dir='ltr'><strong>tua:</strong></span> <span class='ocrx_word' id='word_1_26' title='bbox 1337 484 1567 551; x_wconf 63' lang='lat' dir='ltr'><strong>antiqua:</strong></span> <span class='ocrx_word' id='word_1_27' title='bbox 1617 482 1893 547; x_wconf 81' lang='lat' dir='ltr'><strong>anticipent</strong></span> 
     </span>
    </p>
   </div>
   <div class='ocr_carea' id='block_1_6' title="bbox 315 552 1893 624">
    <p class='ocr_par' dir='ltr' id='par_1_6' title="bbox 315 552 1893 624">
     <span class='ocr_line' id='line_1_6' title="bbox 315 552 1893 624; baseline -0.006 -10"><span class='ocrx_word' id='word_1_28' title='bbox 315 578 415 614; x_wconf 79' lang='lat' dir='ltr'><strong>nos</strong></span> <span class='ocrx_word' id='word_1_29' title='bbox 437 561 557 623; x_wconf 88' lang='lat' dir='ltr'><strong>cito,</strong></span> <span class='ocrx_word' id='word_1_30' title='bbox 590 558 642 612; x_wconf 92' lang='lat' dir='ltr'><strong>id</strong></span> <span class='ocrx_word' id='word_1_31' title='bbox 670 567 771 623; x_wconf 89' lang='lat' dir='ltr'><strong>est,</strong></span> <span class='ocrx_word' id='word_1_32' title='bbox 814 568 936 611; x_wconf 88' lang='lat' dir='ltr'><strong>ante</strong></span> <span class='ocrx_word' id='word_1_33' title='bbox 965 557 1190 624; x_wconf 88' lang='lat' dir='ltr'><strong>lapsum,</strong></span> <span class='ocrx_word' id='word_1_34' title='bbox 1232 556 1331 608; x_wconf 80' lang='lat' dir='ltr'><strong>hoc</strong></span> <span class='ocrx_word' id='word_1_35' title='bbox 1356 562 1436 608; x_wconf 92' lang='lat' dir='ltr'><strong>est</strong></span> <span class='ocrx_word' id='word_1_36' title='bbox 1465 561 1749 624; x_wconf 82' lang='lat' dir='ltr'><strong>antequam</strong></span> <span class='ocrx_word' id='word_1_37' title='bbox 1794 552 1893 624; x_wconf 80' lang='lat' dir='ltr'><strong>de-</strong></span> 
     </span>
    </p>
   </div>
   <div class='ocr_carea' id='block_1_7' title="bbox 322 622 1897 694">
    <p class='ocr_par' dir='ltr' id='par_1_7' title="bbox 322 622 1897 694">
     <span class='ocr_line' id='line_1_7' title="bbox 322 622 1897 694; baseline -0.005 -9"><span class='ocrx_word' id='word_1_38' title='bbox 322 622 600 693; x_wconf 87' lang='lat' dir='ltr'><strong>vocemur,</strong></span> <span class='ocrx_word' id='word_1_39' title='bbox 632 622 869 683; x_wconf 83' lang='lat' dir='ltr'><strong>velante</strong></span> <span class='ocrx_word' id='word_1_40' title='bbox 918 622 1151 681; x_wconf 81' lang='lat' dir='ltr'><strong>futurum</strong></span> <span class='ocrx_word' id='word_1_41' title='bbox 1190 625 1467 694; x_wconf 82' lang='lat' dir='ltr'><strong>judicium.</strong></span> <span class='ocrx_word' id='word_1_42' title='bbox 1511 624 1575 677; x_wconf 85' lang='lat' dir='ltr'><strong>Et</strong></span> <span class='ocrx_word' id='word_1_43' title='bbox 1603 622 1723 676; x_wconf 92' lang='lat' dir='ltr'><strong>ideo</strong></span> <span class='ocrx_word' id='word_1_44' title='bbox 1764 622 1897 694; x_wconf 79' lang='lat' dir='ltr'><strong>dico</strong></span> 
     </span>
    </p>
   </div>
   <div class='ocr_carea' id='block_1_8' title="bbox 318 692 1896 763">
    <p class='ocr_par' dir='ltr' id='par_1_8' title="bbox 318 692 1896 763">
     <span class='ocr_line' id='line_1_8' title="bbox 318 692 1896 763; baseline -0.006 -6"><span class='ocrx_word' id='word_1_45' title='bbox 318 713 381 757; x_wconf 87' lang='lat' dir='ltr'><strong>ut</strong></span> <span class='ocrx_word' id='word_1_46' title='bbox 406 692 787 757; x_wconf 73' lang='lat' dir='ltr'><strong>misericordia:</strong></span> <span class='ocrx_word' id='word_1_47' title='bbox 831 708 933 753; x_wconf 79' lang='lat' dir='ltr'><strong>tua:</strong></span> <span class='ocrx_word' id='word_1_48' title='bbox 974 697 1126 753; x_wconf 92' lang='lat' dir='ltr'><strong>nobis</strong></span> <span class='ocrx_word' id='word_1_49' title='bbox 1163 692 1496 759; x_wconf 84' lang='lat' dir='ltr'><strong>subveniant,</strong></span> <span class='ocrx_word' id='word_1_50' title='bbox 1537 694 1657 763; x_wconf 91' lang='lat' dir='ltr'><strong>quia</strong></span> <span class='ocrx_word' id='word_1_51' title='bbox 1696 692 1896 747; x_wconf 81' lang='lat' dir='ltr'><strong>diflidi-</strong></span> 
     </span>
    </p>
   </div>
   <div class='ocr_carea' id='block_1_9' title="bbox 319 764 1901 839">
    <p class='ocr_par' dir='ltr' id='par_1_9' title="bbox 319 764 1901 839">
     <span class='ocr_line' id='line_1_9' title="bbox 319 764 1901 839; baseline -0.007 -11"><span class='ocrx_word' id='word_1_52' title='bbox 319 787 443 829; x_wconf 87' lang='lat' dir='ltr'><strong>mus</strong></span> <span class='ocrx_word' id='word_1_53' title='bbox 468 772 536 827; x_wconf 86' lang='lat' dir='ltr'><strong>de</strong></span> <span class='ocrx_word' id='word_1_54' title='bbox 564 771 785 826; x_wconf 82' lang='lat' dir='ltr'><strong>meritis.</strong></span> <span class='ocrx_word' id='word_1_55' title='bbox 816 768 946 824; x_wconf 87' lang='lat' dir='ltr'><strong>Nam</strong></span> <span class='ocrx_word' id='word_1_56' title='bbox 977 769 1099 839; x_wconf 83' lang='lat' dir='ltr'><strong>facti</strong></span> <span class='ocrx_word' id='word_1_57' title='bbox 1125 781 1587 839; x_wconf 80' lang='lat' dir='ltr'><strong>sumuspauperes,</strong></span> <span class='ocrx_word' id='word_1_58' title='bbox 1628 764 1794 839; x_wconf 78' lang='lat' dir='ltr'><strong>idest,</strong></span> <span class='ocrx_word' id='word_1_59' title='bbox 1822 764 1901 818; x_wconf 87' lang='lat' dir='ltr'><strong>in-</strong></span> 
     </span>
    </p>
   </div>
   <div class='ocr_carea' id='block_1_10' title="bbox 322 834 1893 909">
    <p class='ocr_par' dir='ltr' id='par_1_10' title="bbox 322 834 1893 909">
     <span class='ocr_line' id='line_1_10' title="bbox 322 834 1893 909; baseline -0.006 -10"><span class='ocrx_word' id='word_1_60' title='bbox 322 843 651 899; x_wconf 80' lang='lat' dir='ltr'><strong>sulﬁcientes</strong></span> <span class='ocrx_word' id='word_1_61' title='bbox 697 842 849 895; x_wconf 90' lang='lat' dir='ltr'><strong>nobis</strong></span> <span class='ocrx_word' id='word_1_62' title='bbox 886 834 1018 909; x_wconf 84' lang='lat' dir='ltr'><strong>ipsis</strong></span> <span class='ocrx_word' id='word_1_63' title='bbox 1047 839 1195 892; x_wconf 84' lang='lat' dir='ltr'><strong>nimis</strong></span> <span class='ocrx_word' id='word_1_64' title='bbox 1221 838 1354 893; x_wconf 90' lang='lat' dir='ltr'><strong>etin</strong></span> <span class='ocrx_word' id='word_1_65' title='bbox 1390 838 1567 909; x_wconf 83' lang='lat' dir='ltr'><strong>anima</strong></span> <span class='ocrx_word' id='word_1_66' title='bbox 1593 843 1645 889; x_wconf 90' lang='lat' dir='ltr'><strong>et</strong></span> <span class='ocrx_word' id='word_1_67' title='bbox 1673 834 1727 889; x_wconf 87' lang='lat' dir='ltr'><strong>itt</strong></span> <span class='ocrx_word' id='word_1_68' title='bbox 1777 849 1893 890; x_wconf 85' lang='lat' dir='ltr'><strong>cor-</strong></span> 
     </span>
    </p>
   </div>
   <div class='ocr_carea' id='block_1_11' title="bbox 321 907 1896 984">
    <p class='ocr_par' dir='ltr' id='par_1_11' title="bbox 321 907 1896 984">
     <span class='ocr_line' id='line_1_11' title="bbox 321 907 1896 984; baseline -0.006 -16"><span class='ocrx_word' id='word_1_69' title='bbox 321 929 476 984; x_wconf 86' lang='lat' dir='ltr'><strong>pore,</strong></span> <span class='ocrx_word' id='word_1_70' title='bbox 508 916 628 983; x_wconf 88' lang='lat' dir='ltr'><strong>quia</strong></span> <span class='ocrx_word' id='word_1_71' title='bbox 667 907 1022 984; x_wconf 13' lang='lat' dir='ltr'><strong>caroisumus,</strong></span> <span class='ocrx_word' id='word_1_72' title='bbox 1054 920 1107 964; x_wconf 88' lang='lat' dir='ltr'><strong>et</strong></span> <span class='ocrx_word' id='word_1_73' title='bbox 1132 910 1342 984; x_wconf 80' lang='lat' dir='ltr'><strong>s_pir_itus</strong></span> <span class='ocrx_word' id='word_1_74' title='bbox 1364 907 1552 984; x_wconf 73' lang='lat' dir='ltr'><strong>vadens</strong></span> <span class='ocrx_word' id='word_1_75' title='bbox 1592 916 1783 984; x_wconf 86' lang='lat' dir='ltr'><strong>et__non</strong></span> <span class='ocrx_word' id='word_1_76' title='bbox 1813 922 1896 959; x_wconf 83' lang='lat' dir='ltr'><strong>re-</strong></span> 
     </span>
    </p>
   </div>
   <div class='ocr_carea' id='block_1_12' title="bbox 322 976 1901 1052">
    <p class='ocr_par' dir='ltr' id='par_1_12' title="bbox 322 976 1901 1052">
     <span class='ocr_line' id='line_1_12' title="bbox 322 976 1901 1052; baseline -0.004 -15"><span class='ocrx_word' id='word_1_77' title='bbox 322 976 493 1051; x_wconf 73' lang='lat' dir='ltr'><strong>diens,</strong></span> <span class='ocrx_word' id='word_1_78' title='bbox 518 976 575 1037; x_wconf 67' lang='lat' dir='ltr'><strong>tit</strong></span> <span class='ocrx_word' id='word_1_79' title='bbox 595 999 755 1052; x_wconf 85' lang='lat' dir='ltr'><strong>supra</strong></span> <span class='ocrx_word' id='word_1_80' title='bbox 776 983 977 1037; x_wconf 87' lang='lat' dir='ltr'><strong>dictum</strong></span> <span class='ocrx_word' id='word_1_81' title='bbox 1006 989 1104 1035; x_wconf 83' lang='lat' dir='ltr'><strong>est.</strong></span> <span class='ocrx_word' id='word_1_82' title='bbox 1138 979 1349 1052; x_wconf 82' lang='lat' dir='ltr'><strong>Etideo</strong></span> <span class='ocrx_word' id='word_1_83' title='bbox 1369 977 1562 1052; x_wconf 85' lang='lat' dir='ltr'><strong>o_Deus</strong></span> <span class='ocrx_word' id='word_1_84' title='bbox 1594 976 1783 1052; x_wconf 71' lang='lat' dir='ltr'><strong>adiuva</strong></span> <span class='ocrx_word' id='word_1_85' title='bbox 1811 993 1901 1030; x_wconf 85' lang='lat' dir='ltr'><strong>nos</strong></span> 
     </span>
    </p>
   </div>
   <div class='ocr_carea' id='block_1_13' title="bbox 316 1046 1903 1123">
    <p class='ocr_par' dir='ltr' id='par_1_13' title="bbox 316 1046 1903 1123">
     <span class='ocr_line' id='line_1_13' title="bbox 316 1046 1903 1123; baseline -0.006 -13"><span class='ocrx_word' id='word_1_86' title='bbox 316 1056 386 1110; x_wconf 86' lang='lat' dir='ltr'><strong>ad</strong></span> <span class='ocrx_word' id='word_1_87' title='bbox 410 1046 606 1110; x_wconf 86' lang='lat' dir='ltr'><strong>bonum</strong></span> <span class='ocrx_word' id='word_1_88' title='bbox 635 1046 1037 1123; x_wconf 75' lang='lat' dir='ltr'><strong>perliciendum,</strong></span> <span class='ocrx_word' id='word_1_89' title='bbox 1069 1060 1144 1123; x_wconf 83' lang='lat' dir='ltr'><strong>tu,</strong></span> <span class='ocrx_word' id='word_1_90' title='bbox 1175 1050 1325 1123; x_wconf 73' lang='lat' dir='ltr'><strong>dico,</strong></span> <span class='ocrx_word' id='word_1_91' title='bbox 1344 1048 1432 1118; x_wconf 88' lang='lat' dir='ltr'><strong>qui</strong></span> <span class='ocrx_word' id='word_1_92' title='bbox 1462 1046 1781 1123; x_wconf 82' lang='lat' dir='ltr'><strong>es_salutaris</strong></span> <span class='ocrx_word' id='word_1_93' title='bbox 1810 1064 1903 1101; x_wconf 89' lang='lat' dir='ltr'><strong>no-</strong></span> 
     </span>
    </p>
   </div>
   <div class='ocr_carea' id='block_1_14' title="bbox 317 1117 1904 1194">
    <p class='ocr_par' dir='ltr' id='par_1_14' title="bbox 317 1117 1904 1194">
     <span class='ocr_line' id='line_1_14' title="bbox 317 1117 1904 1194; baseline -0.006 -13"><span class='ocrx_word' id='word_1_94' title='bbox 317 1136 444 1194; x_wconf 86' lang='lat' dir='ltr'><strong>ster,</strong></span> <span class='ocrx_word' id='word_1_95' title='bbox 472 1126 524 1181; x_wconf 89' lang='lat' dir='ltr'><strong>id</strong></span> <span class='ocrx_word' id='word_1_96' title='bbox 552 1117 655 1189; x_wconf 75' lang='lat' dir='ltr'><strong>est,</strong></span> <span class='ocrx_word' id='word_1_97' title='bbox 687 1140 779 1193; x_wconf 90' lang='lat' dir='ltr'><strong>per</strong></span> <span class='ocrx_word' id='word_1_98' title='bbox 805 1117 1162 1194; x_wconf 15' lang='lat' dir='ltr'><strong>cujusisolius‘</strong></span> <span class='ocrx_word' id='word_1_99' title='bbox 1193 1117 1418 1194; x_wconf 77' lang='lat' dir='ltr'><strong>gratiam</strong></span> <span class='ocrx_word' id='word_1_100' title='bbox 1465 1117 1751 1183; x_wconf 83' lang='lat' dir='ltr'><strong>salvantur,</strong></span> <span class='ocrx_word' id='word_1_101' title='bbox 1798 1132 1904 1194; x_wconf 85' lang='lat' dir='ltr'><strong>non</strong></span> 
     </span>
    </p>
   </div>
   <div class='ocr_carea' id='block_1_15' title="bbox 319 1190 1901 1268">
    <p class='ocr_par' dir='ltr' id='par_1_15' title="bbox 319 1190 1901 1268">
     <span class='ocr_line' id='line_1_15' title="bbox 319 1190 1901 1268; baseline -0.006 -17"><span class='ocrx_word' id='word_1_102' title='bbox 319 1190 660 1268; x_wconf 37' lang='lat' dir='ltr'><strong>pcr&#39;merita</strong></span> <span class='ocrx_word' id='word_1_103' title='bbox 688 1190 894 1250; x_wconf 77' lang='lat' dir='ltr'><strong>nostra.</strong></span> <span class='ocrx_word' id='word_1_104' title='bbox 939 1193 1073 1268; x_wconf 72' lang='lat' dir='ltr'><strong>Cum</strong></span> <span class='ocrx_word' id='word_1_105' title='bbox 1113 1192 1263 1268; x_wconf 78' lang='lat' dir='ltr'><strong>dicit,</strong></span> <span class='ocrx_word' id='word_1_106' title='bbox 1306 1191 1526 1268; x_wconf 40' lang='grc' dir='ltr'><strong>,διαί-μω,</strong></span> <span class='ocrx_word' id='word_1_107' title='bbox 1562 1204 1666 1243; x_wconf 91' lang='lat' dir='ltr'><strong>non</strong></span> <span class='ocrx_word' id='word_1_108' title='bbox 1695 1196 1777 1268; x_wconf 73' lang='lat' dir='ltr'><strong>est</strong></span> <span class='ocrx_word' id='word_1_109' title='bbox 1816 1190 1901 1268; x_wconf 75' lang='lat' dir='ltr'><strong>in-</strong></span> 
     </span>
    </p>
   </div>
   <div class='ocr_carea' id='block_1_16' title="bbox 318 1259 1907 1339">
    <p class='ocr_par' dir='ltr' id='par_1_16' title="bbox 318 1259 1907 1339">
     <span class='ocr_line' id='line_1_16' title="bbox 318 1259 1907 1339; baseline -0.004 -17"><span class='ocrx_word' id='word_1_110' title='bbox 318 1259 506 1339; x_wconf 69' lang='lat' dir='ltr'><strong>gratus</strong></span> <span class='ocrx_word' id='word_1_111' title='bbox 530 1266 734 1337; x_wconf 71' lang='lat' dir='ltr'><strong>gratiae,</strong></span> <span class='ocrx_word' id='word_1_112' title='bbox 766 1279 937 1339; x_wconf 79' lang='lat' dir='ltr'><strong>neque</strong></span> <span class='ocrx_word' id='word_1_113' title='bbox 965 1262 1103 1319; x_wconf 90' lang='lat' dir='ltr'><strong>tollit</strong></span> <span class='ocrx_word' id='word_1_114' title='bbox 1137 1260 1351 1339; x_wconf 73' lang='lat' dir='ltr'><strong>arbitrii</strong></span> <span class='ocrx_word' id='word_1_115' title='bbox 1380 1259 1704 1339; x_wconf 73' lang='lat' dir='ltr'><strong>libertatem,</strong></span> <span class='ocrx_word' id='word_1_116' title='bbox 1747 1259 1907 1339; x_wconf 84' lang='lat' dir='ltr'><strong>habet</strong></span> 
     </span>
    </p>
   </div>
   <div class='ocr_carea' id='block_1_17' title="bbox 318 1330 1908 1409">
    <p class='ocr_par' dir='ltr' id='par_1_17' title="bbox 318 1330 1908 1409">
     <span class='ocr_line' id='line_1_17' title="bbox 318 1330 1908 1409; baseline -0.006 -15"><span class='ocrx_word' id='word_1_117' title='bbox 318 1330 467 1394; x_wconf 68' lang='lat' dir='ltr'><strong>Enim</strong></span> <span class='ocrx_word' id='word_1_118' title='bbox 508 1330 750 1409; x_wconf 73' lang='lat' dir='ltr'><strong>accipere</strong></span> <span class='ocrx_word' id='word_1_119' title='bbox 776 1330 1119 1409; x_wconf 57' lang='lat' dir='ltr'><strong>ex&#39;libertate</strong></span> <span class='ocrx_word' id='word_1_120' title='bbox 1147 1332 1377 1409; x_wconf 68' lang='lat' dir='ltr'><strong>arbitrii,</strong></span> <span class='ocrx_word' id='word_1_121' title='bbox 1405 1340 1459 1385; x_wconf 89' lang='lat' dir='ltr'><strong>et</strong></span> <span class='ocrx_word' id='word_1_122' title='bbox 1489 1330 1626 1409; x_wconf 71' lang='lat' dir='ltr'><strong>ideo_</strong></span> <span class='ocrx_word' id='word_1_123' title='bbox 1640 1339 1792 1409; x_wconf 78' lang='lat' dir='ltr'><strong>rogat</strong></span> <span class='ocrx_word' id='word_1_124' title='bbox 1812 1330 1908 1385; x_wconf 86' lang='lat' dir='ltr'><strong>ad-</strong></span> 
     </span>
    </p>
   </div>
   <div class='ocr_carea' id='block_1_18' title="bbox 318 1401 1906 1480">
    <p class='ocr_par' dir='ltr' id='par_1_18' title="bbox 318 1401 1906 1480">
     <span class='ocr_line' id='line_1_18' title="bbox 318 1401 1906 1480; baseline -0.006 -17"><span class='ocrx_word' id='word_1_125' title='bbox 318 1410 515 1480; x_wconf 87' lang='lat' dir='ltr'><strong>juvari.</strong></span> <span class='ocrx_word' id='word_1_126' title='bbox 563 1401 767 1478; x_wconf 86' lang='lat' dir='ltr'><strong>Adjuva</strong></span> <span class='ocrx_word' id='word_1_127' title='bbox 815 1408 1064 1480; x_wconf 58' lang='lat' dir='ltr'><strong>inquam,</strong></span> <span class='ocrx_word' id='word_1_128' title='bbox 1089 1415 1134 1457; x_wconf 92' lang='lat' dir='ltr'><strong>et</strong></span> <span class='ocrx_word' id='word_1_129' title='bbox 1166 1403 1327 1456; x_wconf 88' lang='lat' dir='ltr'><strong>libera</strong></span> <span class='ocrx_word' id='word_1_130' title='bbox 1373 1417 1485 1480; x_wconf 71' lang='lat' dir='ltr'><strong>nos,</strong></span> <span class='ocrx_word' id='word_1_131' title='bbox 1524 1416 1556 1480; x_wconf 69' lang='grc' dir='ltr'>ᾳ</span> <span class='ocrx_word' id='word_1_132' title='bbox 1592 1401 1836 1480; x_wconf 70' lang='lat' dir='ltr'><strong>Domine,</strong></span> <span class='ocrx_word' id='word_1_133' title='bbox 1870 1418 1906 1480; x_wconf 90' lang='lat' dir='ltr'><strong>_a</strong></span> 
     </span>
    </p>
   </div>
   <div class='ocr_carea' id='block_1_19' title="bbox 319 1472 1907 1552">
    <p class='ocr_par' dir='ltr' id='par_1_19' title="bbox 319 1472 1907 1552">
     <span class='ocr_line' id='line_1_19' title="bbox 319 1472 1907 1552; baseline -0.007 -16"><span class='ocrx_word' id='word_1_134' title='bbox 319 1472 610 1552; x_wconf 73' lang='lat' dir='ltr'><strong>immeritis</strong></span> <span class='ocrx_word' id='word_1_135' title='bbox 640 1472 1127 1552; x_wconf 54' lang='lat' dir='ltr'><strong>peccatis&#39;nostris,</strong></span> <span class='ocrx_word' id='word_1_136' title='bbox 1162 1482 1369 1552; x_wconf 79' lang='lat' dir='ltr'><strong>prapter</strong></span> <span class='ocrx_word' id='word_1_137' title='bbox 1411 1472 1637 1552; x_wconf 65' lang='lat' dir='ltr'><strong>gloriam</strong></span> <span class='ocrx_word' id='word_1_138' title='bbox 1686 1473 1907 1525; x_wconf 78' lang='lat' dir='ltr'><strong>nominis</strong></span> 
     </span>
    </p>
   </div>
   <div class='ocr_carea' id='block_1_20' title="bbox 320 1542 1909 1623">
    <p class='ocr_par' dir='ltr' id='par_1_20' title="bbox 320 1542 1909 1623">
     <span class='ocr_line' id='line_1_20' title="bbox 320 1542 1909 1623; baseline -0.008 -16"><span class='ocrx_word' id='word_1_139' title='bbox 320 1542 419 1617; x_wconf 66' lang='lat' dir='ltr'><strong>iui,</strong></span> <span class='ocrx_word' id='word_1_140' title='bbox 448 1560 496 1605; x_wconf 87' lang='lat' dir='ltr'><strong>et</strong></span> <span class='ocrx_word' id='word_1_141' title='bbox 522 1542 771 1623; x_wconf 71' lang='lat' dir='ltr'><strong>propitius</strong></span> <span class='ocrx_word' id='word_1_142' title='bbox 802 1558 902 1603; x_wconf 87' lang='lat' dir='ltr'><strong>esto</strong></span> <span class='ocrx_word' id='word_1_143' title='bbox 933 1542 1365 1623; x_wconf 57' lang='lat' dir='ltr'><strong>peccatis&#39;nostris</strong></span> <span class='ocrx_word' id='word_1_144' title='bbox 1406 1542 1620 1623; x_wconf 78' lang='lat' dir='ltr'><strong>futuris,</strong></span> <span class='ocrx_word' id='word_1_145' title='bbox 1652 1555 1757 1623; x_wconf 79' lang='lat' dir='ltr'><strong>non</strong></span> <span class='ocrx_word' id='word_1_146' title='bbox 1793 1558 1909 1623; x_wconf 65' lang='lat' dir='ltr'><strong>pro-</strong></span> 
     </span>
    </p>
   </div>
   <div class='ocr_carea' id='block_1_21' title="bbox 321 1613 1907 1694">
    <p class='ocr_par' dir='ltr' id='par_1_21' title="bbox 321 1613 1907 1694">
     <span class='ocr_line' id='line_1_21' title="bbox 321 1613 1907 1694; baseline -0.007 -17"><span class='ocrx_word' id='word_1_147' title='bbox 321 1613 450 1694; x_wconf 74' lang='lat' dir='ltr'><strong>pter</strong></span> <span class='ocrx_word' id='word_1_148' title='bbox 470 1613 659 1677; x_wconf 77' lang='lat' dir='ltr'><strong>merita</strong></span> <span class='ocrx_word' id='word_1_149' title='bbox 689 1631 892 1689; x_wconf 77' lang='lat' dir='ltr'><strong>nosua,</strong></span> <span class='ocrx_word' id='word_1_150' title='bbox 933 1613 1028 1674; x_wconf 80' lang='lat' dir='ltr'><strong>sed</strong></span> <span class='ocrx_word' id='word_1_151' title='bbox 1070 1623 1279 1687; x_wconf 75' lang='lat' dir='ltr'><strong>propter</strong></span> <span class='ocrx_word' id='word_1_152' title='bbox 1300 1629 1482 1669; x_wconf 83' lang='lat' dir='ltr'><strong>nomen</strong></span> <span class='ocrx_word' id='word_1_153' title='bbox 1530 1622 1671 1667; x_wconf 89' lang='lat' dir='ltr'><strong>tuum</strong></span> <span class='ocrx_word' id='word_1_154' title='bbox 1709 1613 1907 1683; x_wconf 85' lang='lat' dir='ltr'><strong>glorili-</strong></span> 
     </span>
    </p>
   </div>
   <div class='ocr_carea' id='block_1_22' title="bbox 320 1693 570 1751">
    <p class='ocr_par' dir='ltr' id='par_1_22' title="bbox 320 1693 570 1751">
     <span class='ocr_line' id='line_1_22' title="bbox 320 1693 570 1751; baseline -0.02 0"><span class='ocrx_word' id='word_1_155' title='bbox 320 1693 570 1751; x_wconf 70' lang='lat' dir='ltr'><strong>tandum.</strong></span> 
     </span>
    </p>
   </div>
   <div class='ocr_carea' id='block_1_23' title="bbox 398 1755 1988 1836">
    <p class='ocr_par' dir='ltr' id='par_1_23' title="bbox 398 1755 1988 1836">
     <span class='ocr_line' id='line_1_23' title="bbox 398 1755 1988 1836; baseline -0.005 -17"><span class='ocrx_word' id='word_1_156' title='bbox 398 1764 481 1819; x_wconf 82' lang='lat' dir='ltr'><strong>Ne</strong></span> <span class='ocrx_word' id='word_1_157' title='bbox 511 1766 641 1836; x_wconf 78' lang='lat' dir='ltr'><strong>forte</strong></span> <span class='ocrx_word' id='word_1_158' title='bbox 669 1762 841 1816; x_wconf 86' lang='lat' dir='ltr'><strong>dicant</strong></span> <span class='ocrx_word' id='word_1_159' title='bbox 870 1762 922 1815; x_wconf 92' lang='lat' dir='ltr'><strong>in</strong></span> <span class='ocrx_word' id='word_1_160' title='bbox 951 1758 1204 1836; x_wconf 85' lang='lat' dir='ltr'><strong>gentibus.</strong></span> <span class='ocrx_word' id='word_1_161' title='bbox 1233 1756 1358 1836; x_wconf 71' lang='lat' dir='ltr'><strong>ideo</strong></span> <span class='ocrx_word' id='word_1_162' title='bbox 1388 1770 1516 1827; x_wconf 86' lang='lat' dir='ltr'><strong>rogo</strong></span> <span class='ocrx_word' id='word_1_163' title='bbox 1555 1764 1615 1836; x_wconf 70' lang='lat' dir='ltr'><strong>ut</strong></span> <span class='ocrx_word' id='word_1_164' title='bbox 1650 1755 1907 1836; x_wconf 82' lang='lat' dir='ltr'><strong>propitius</strong></span> <span class='ocrx_word' id='word_1_165' title='bbox 1938 1774 1988 1836; x_wconf 72' lang='grc' dir='ltr'><strong>Β</strong></span> 
     </span>
    </p>
   </div>
   <div class='ocr_carea' id='block_1_24' title="bbox 321 1826 1913 1905">
    <p class='ocr_par' dir='ltr' id='par_1_24' title="bbox 321 1826 1913 1905">
     <span class='ocr_line' id='line_1_24' title="bbox 321 1826 1913 1905; baseline -0.006 -13"><span class='ocrx_word' id='word_1_166' title='bbox 321 1837 403 1892; x_wconf 91' lang='lat' dir='ltr'><strong>sis</strong></span> <span class='ocrx_word' id='word_1_167' title='bbox 434 1826 690 1905; x_wconf 81' lang='lat' dir='ltr'><strong>peccatis,</strong></span> <span class='ocrx_word' id='word_1_168' title='bbox 722 1850 785 1887; x_wconf 89' lang='lat' dir='ltr'><strong>ne</strong></span> <span class='ocrx_word' id='word_1_169' title='bbox 815 1826 1074 1902; x_wconf 62' lang='lat' dir='ltr'><strong>forte&#39;lioc</strong></span> <span class='ocrx_word' id='word_1_170' title='bbox 1105 1830 1398 1898; x_wconf 87' lang='lat' dir='ltr'><strong>contingat,</strong></span> <span class='ocrx_word' id='word_1_171' title='bbox 1432 1837 1490 1881; x_wconf 91' lang='lat' dir='ltr'><strong>ut</strong></span> <span class='ocrx_word' id='word_1_172' title='bbox 1520 1826 1681 1905; x_wconf 74' lang='lat' dir='ltr'><strong>aliqui</strong></span> <span class='ocrx_word' id='word_1_173' title='bbox 1712 1828 1763 1881; x_wconf 88' lang='lat' dir='ltr'><strong>in</strong></span> <span class='ocrx_word' id='word_1_174' title='bbox 1793 1844 1913 1905; x_wconf 74' lang='lat' dir='ltr'><strong>gen-</strong></span> 
     </span>
    </p>
   </div>
   <div class='ocr_carea' id='block_1_25' title="bbox 322 1898 1911 1973">
    <p class='ocr_par' dir='ltr' id='par_1_25' title="bbox 322 1898 1911 1973">
     <span class='ocr_line' id='line_1_25' title="bbox 322 1898 1911 1973; baseline -0.004 -14"><span class='ocrx_word' id='word_1_175' title='bbox 322 1898 478 1973; x_wconf 66' lang='lat' dir='ltr'><strong>tibuS,</strong></span> <span class='ocrx_word' id='word_1_176' title='bbox 512 1907 563 1960; x_wconf 90' lang='lat' dir='ltr'><strong>id</strong></span> <span class='ocrx_word' id='word_1_177' title='bbox 591 1915 695 1969; x_wconf 90' lang='lat' dir='ltr'><strong>est,</strong></span> <span class='ocrx_word' id='word_1_178' title='bbox 729 1898 868 1973; x_wconf 84' lang='lat' dir='ltr'><strong>inter</strong></span> <span class='ocrx_word' id='word_1_179' title='bbox 907 1911 1279 1973; x_wconf 78' lang='lat' dir='ltr'><strong>persecutores</strong></span> <span class='ocrx_word' id='word_1_180' title='bbox 1326 1908 1563 1973; x_wconf 68' lang='lat' dir='ltr'><strong>nostros,</strong></span> <span class='ocrx_word' id='word_1_181' title='bbox 1614 1898 1789 1973; x_wconf 77' lang='lat' dir='ltr'><strong>dicant</strong></span> <span class='ocrx_word' id='word_1_182' title='bbox 1832 1900 1911 1952; x_wconf 86' lang='lat' dir='ltr'><strong>iu-</strong></span> 
     </span>
    </p>
   </div>
   <div class='ocr_carea' id='block_1_26' title="bbox 327 1967 1911 2041">
    <p class='ocr_par' dir='ltr' id='par_1_26' title="bbox 327 1967 1911 2041">
     <span class='ocr_line' id='line_1_26' title="bbox 327 1967 1911 2041; baseline -0.005 -9"><span class='ocrx_word' id='word_1_183' title='bbox 327 1967 575 2032; x_wconf 85' lang='lat' dir='ltr'><strong>sultando</strong></span> <span class='ocrx_word' id='word_1_184' title='bbox 605 1967 781 2041; x_wconf 83' lang='lat' dir='ltr'><strong>nobis,</strong></span> <span class='ocrx_word' id='word_1_185' title='bbox 816 1967 923 2029; x_wconf 84' lang='lat' dir='ltr'><strong>Ubi</strong></span> <span class='ocrx_word' id='word_1_186' title='bbox 944 1985 1015 2028; x_wconf 88' lang='lat' dir='ltr'><strong>est</strong></span> <span class='ocrx_word' id='word_1_187' title='bbox 1048 1971 1183 2026; x_wconf 85' lang='lat' dir='ltr'><strong>Deus</strong></span> <span class='ocrx_word' id='word_1_188' title='bbox 1211 1971 1425 2025; x_wconf 89' lang='lat' dir='ltr'><strong>eorum?</strong></span> <span class='ocrx_word' id='word_1_189' title='bbox 1462 1968 1518 2024; x_wconf 89' lang='lat' dir='ltr'><strong>Si</strong></span> <span class='ocrx_word' id='word_1_190' title='bbox 1544 1967 1687 2023; x_wconf 89' lang='lat' dir='ltr'><strong>enim</strong></span> <span class='ocrx_word' id='word_1_191' title='bbox 1720 1978 1773 2023; x_wconf 92' lang='lat' dir='ltr'><strong>tu</strong></span> <span class='ocrx_word' id='word_1_192' title='bbox 1805 1984 1911 2024; x_wconf 89' lang='lat' dir='ltr'><strong>non</strong></span> 
     </span>
    </p>
   </div>
   <div class='ocr_carea' id='block_1_27' title="bbox 324 2044 1911 2131">
    <p class='ocr_par' dir='ltr' id='par_1_27' title="bbox 324 2044 1911 2131">
     <span class='ocr_line' id='line_1_27' title="bbox 324 2044 1911 2131; baseline -0.004 -28"><span class='ocrx_word' id='word_1_193' title='bbox 324 2048 698 2131; x_wconf 74' lang='lat' dir='ltr'><strong>prOpitiareris</strong></span> <span class='ocrx_word' id='word_1_194' title='bbox 726 2045 958 2131; x_wconf 76' lang='lat' dir='ltr'><strong>peccatis</strong></span> <span class='ocrx_word' id='word_1_195' title='bbox 986 2044 1201 2107; x_wconf 89' lang='lat' dir='ltr'><strong>nostris,</strong></span> <span class='ocrx_word' id='word_1_196' title='bbox 1236 2050 1290 2096; x_wconf 89' lang='lat' dir='ltr'><strong>ct</strong></span> <span class='ocrx_word' id='word_1_197' title='bbox 1314 2050 1911 2131; x_wconf 27' lang='lat' dir='ltr'><strong>nos‘prop‘terrpeccat‘a</strong></span> 
     </span>
    </p>
   </div>
   <div class='ocr_carea' id='block_1_28' title="bbox 322 2112 1909 2189">
    <p class='ocr_par' dir='ltr' id='par_1_28' title="bbox 322 2112 1909 2189">
     <span class='ocr_line' id='line_1_28' title="bbox 322 2112 1909 2189; baseline -0.006 -14"><span class='ocrx_word' id='word_1_198' title='bbox 322 2112 445 2189; x_wconf 83' lang='lat' dir='ltr'><strong>ipsa</strong></span> <span class='ocrx_word' id='word_1_199' title='bbox 474 2112 879 2189; x_wconf 74' lang='lat' dir='ltr'><strong>devocaremur,</strong></span> <span class='ocrx_word' id='word_1_200' title='bbox 913 2123 1037 2189; x_wconf 85' lang='lat' dir='ltr'><strong>tunc</strong></span> <span class='ocrx_word' id='word_1_201' title='bbox 1066 2126 1215 2169; x_wconf 87' lang='lat' dir='ltr'><strong>certe</strong></span> <span class='ocrx_word' id='word_1_202' title='bbox 1246 2120 1616 2181; x_wconf 88' lang='lat' dir='ltr'><strong>persecutores</strong></span> <span class='ocrx_word' id='word_1_203' title='bbox 1647 2112 1909 2181; x_wconf 86' lang='lat' dir='ltr'><strong>dicereut,</strong></span> 
     </span>
    </p>
   </div>
   <div class='ocr_carea' id='block_1_29' title="bbox 326 2186 1910 2260">
    <p class='ocr_par' dir='ltr' id='par_1_29' title="bbox 326 2186 1910 2260">
     <span class='ocr_line' id='line_1_29' title="bbox 326 2186 1910 2260; baseline -0.004 -17"><span class='ocrx_word' id='word_1_204' title='bbox 326 2186 472 2260; x_wconf 80' lang='lat' dir='ltr'><strong>quod</strong></span> <span class='ocrx_word' id='word_1_205' title='bbox 503 2198 595 2243; x_wconf 85' lang='lat' dir='ltr'><strong>aut</strong></span> <span class='ocrx_word' id='word_1_206' title='bbox 624 2188 763 2243; x_wconf 88' lang='lat' dir='ltr'><strong>Deus</strong></span> <span class='ocrx_word' id='word_1_207' title='bbox 793 2195 977 2241; x_wconf 88' lang='lat' dir='ltr'><strong>noster</strong></span> <span class='ocrx_word' id='word_1_208' title='bbox 1014 2186 1217 2260; x_wconf 86' lang='lat' dir='ltr'><strong>in__quo</strong></span> <span class='ocrx_word' id='word_1_209' title='bbox 1256 2197 1557 2253; x_wconf 88' lang='lat' dir='ltr'><strong>speramus,</strong></span> <span class='ocrx_word' id='word_1_210' title='bbox 1594 2196 1705 2260; x_wconf 85' lang='lat' dir='ltr'><strong>_non</strong></span> <span class='ocrx_word' id='word_1_211' title='bbox 1745 2192 1910 2260; x_wconf 82' lang='lat' dir='ltr'><strong>esset,</strong></span> 
     </span>
    </p>
   </div>
   <div class='ocr_carea' id='block_1_30' title="bbox 324 2253 1913 2322">
    <p class='ocr_par' dir='ltr' id='par_1_30' title="bbox 324 2253 1913 2322">
     <span class='ocr_line' id='line_1_30' title="bbox 324 2253 1913 2322; baseline -0.004 -7"><span class='ocrx_word' id='word_1_212' title='bbox 324 2253 420 2315; x_wconf 68' lang='lat' dir='ltr'><strong>aut</strong></span> <span class='ocrx_word' id='word_1_213' title='bbox 438 2261 505 2315; x_wconf 90' lang='lat' dir='ltr'><strong>de</strong></span> <span class='ocrx_word' id='word_1_214' title='bbox 520 2260 672 2314; x_wconf 91' lang='lat' dir='ltr'><strong>nobis</strong></span> <span class='ocrx_word' id='word_1_215' title='bbox 684 2274 788 2313; x_wconf 90' lang='lat' dir='ltr'><strong>non</strong></span> <span class='ocrx_word' id='word_1_216' title='bbox 802 2265 1033 2312; x_wconf 88' lang='lat' dir='ltr'><strong>curaret.</strong></span> <span class='ocrx_word' id='word_1_217' title='bbox 1060 2253 1167 2310; x_wconf 81' lang='lat' dir='ltr'><strong>Hoc</strong></span> <span class='ocrx_word' id='word_1_218' title='bbox 1191 2266 1368 2309; x_wconf 90' lang='lat' dir='ltr'><strong>autem</strong></span> <span class='ocrx_word' id='word_1_219' title='bbox 1384 2269 1450 2308; x_wconf 90' lang='lat' dir='ltr'><strong>ne</strong></span> <span class='ocrx_word' id='word_1_220' title='bbox 1466 2253 1757 2322; x_wconf 81' lang='lat' dir='ltr'><strong>contingat,</strong></span> <span class='ocrx_word' id='word_1_221' title='bbox 1783 2255 1913 2309; x_wconf 89' lang='lat' dir='ltr'><strong>ultio</strong></span> 
     </span>
    </p>
   </div>
   <div class='ocr_carea' id='block_1_31' title="bbox 327 2324 1913 2401">
    <p class='ocr_par' dir='ltr' id='par_1_31' title="bbox 327 2324 1913 2401">
     <span class='ocr_line' id='line_1_31' title="bbox 327 2324 1913 2401; baseline -0.005 -14"><span class='ocrx_word' id='word_1_222' title='bbox 327 2331 623 2401; x_wconf 76' lang='lat' dir='ltr'><strong>sanguinis,</strong></span> <span class='ocrx_word' id='word_1_223' title='bbox 657 2330 822 2401; x_wconf 84' lang='lat' dir='ltr'><strong>idest</strong></span> <span class='ocrx_word' id='word_1_224' title='bbox 844 2336 1057 2401; x_wconf 78' lang='lat' dir='ltr'><strong>sumpta</strong></span> <span class='ocrx_word' id='word_1_225' title='bbox 1080 2327 1148 2381; x_wconf 90' lang='lat' dir='ltr'><strong>de</strong></span> <span class='ocrx_word' id='word_1_226' title='bbox 1175 2324 1432 2401; x_wconf 74' lang='lat' dir='ltr'><strong>sanguine</strong></span> <span class='ocrx_word' id='word_1_227' title='bbox 1474 2338 1751 2401; x_wconf 74' lang='lat' dir='ltr'><strong>servorum</strong></span> <span class='ocrx_word' id='word_1_228' title='bbox 1794 2334 1913 2401; x_wconf 85' lang='lat' dir='ltr'><strong>tuo-</strong></span> 
     </span>
    </p>
   </div>
   <div class='ocr_carea' id='block_1_32' title="bbox 328 2394 1913 2472">
    <p class='ocr_par' dir='ltr' id='par_1_32' title="bbox 328 2394 1913 2472">
     <span class='ocr_line' id='line_1_32' title="bbox 328 2394 1913 2472; baseline -0.005 -15"><span class='ocrx_word' id='word_1_229' title='bbox 328 2394 471 2467; x_wconf 72' lang='lat' dir='ltr'><strong>rum,</strong></span> <span class='ocrx_word' id='word_1_230' title='bbox 519 2394 617 2472; x_wconf 91' lang='lat' dir='ltr'><strong>qui</strong></span> <span class='ocrx_word' id='word_1_231' title='bbox 652 2400 849 2454; x_wconf 84' lang='lat' dir='ltr'><strong>cll‘usus</strong></span> <span class='ocrx_word' id='word_1_232' title='bbox 891 2394 992 2472; x_wconf 74' lang='lat' dir='ltr'><strong>est,</strong></span> <span class='ocrx_word' id='word_1_233' title='bbox 1036 2397 1173 2472; x_wconf 80' lang='lat' dir='ltr'><strong>facta</strong></span> <span class='ocrx_word' id='word_1_234' title='bbox 1204 2397 1259 2472; x_wconf 85' lang='lat' dir='ltr'><strong>in</strong></span> <span class='ocrx_word' id='word_1_235' title='bbox 1289 2395 1612 2472; x_wconf 78' lang='lat' dir='ltr'><strong>nationibus,</strong></span> <span class='ocrx_word' id='word_1_236' title='bbox 1645 2394 1699 2449; x_wconf 92' lang='lat' dir='ltr'><strong>id</strong></span> <span class='ocrx_word' id='word_1_237' title='bbox 1726 2405 1827 2462; x_wconf 90' lang='grc' dir='ltr'>εει,</span> <span class='ocrx_word' id='word_1_238' title='bbox 1860 2396 1913 2472; x_wconf 92' lang='lat' dir='ltr'><strong>in_</strong></span> 
     </span>
    </p>
   </div>
   <div class='ocr_carea' id='block_1_33' title="bbox 325 2466 1916 2545">
    <p class='ocr_par' dir='ltr' id='par_1_33' title="bbox 325 2466 1916 2545">
     <span class='ocr_line' id='line_1_33' title="bbox 325 2466 1916 2545; baseline -0.003 -18"><span class='ocrx_word' id='word_1_239' title='bbox 325 2466 575 2545; x_wconf 72' lang='lat' dir='ltr'><strong>gentibus</strong></span> <span class='ocrx_word' id='word_1_240' title='bbox 599 2470 1054 2545; x_wconf 79' lang='lat' dir='ltr'><strong>persecutoribus,</strong></span> <span class='ocrx_word' id='word_1_241' title='bbox 1078 2469 1159 2523; x_wconf 83' lang='lat' dir='ltr'><strong>vel</strong></span> <span class='ocrx_word' id='word_1_242' title='bbox 1191 2468 1350 2545; x_wconf 73' lang='lat' dir='ltr'><strong>etiam</strong></span> <span class='ocrx_word' id='word_1_243' title='bbox 1373 2466 1425 2520; x_wconf 90' lang='lat' dir='ltr'><strong>in</strong></span> <span class='ocrx_word' id='word_1_244' title='bbox 1456 2482 1537 2532; x_wconf 91' lang='lat' dir='ltr'><strong>re,</strong></span> <span class='ocrx_word' id='word_1_245' title='bbox 1570 2475 1824 2545; x_wconf 77' lang='lat' dir='ltr'><strong>quantum</strong></span> <span class='ocrx_word' id='word_1_246' title='bbox 1847 2468 1916 2545; x_wconf 76' lang='lat' dir='ltr'><strong>ad</strong></span> 
     </span>
    </p>
   </div>
   <div class='ocr_carea' id='block_1_34' title="bbox 327 2537 1913 2607">
    <p class='ocr_par' dir='ltr' id='par_1_34' title="bbox 327 2537 1913 2607">
     <span class='ocr_line' id='line_1_34' title="bbox 327 2537 1913 2607; baseline -0.004 -8"><span class='ocrx_word' id='word_1_247' title='bbox 327 2537 637 2599; x_wconf 72' lang='lat' dir='ltr'><strong>interiorem</strong></span> <span class='ocrx_word' id='word_1_248' title='bbox 676 2542 1111 2607; x_wconf 65' lang='lat' dir='ltr'><strong>excaecationem,</strong></span> <span class='ocrx_word' id='word_1_249' title='bbox 1139 2538 1226 2594; x_wconf 86' lang='lat' dir='ltr'><strong>vel</strong></span> <span class='ocrx_word' id='word_1_250' title='bbox 1261 2538 1398 2592; x_wconf 81' lang='lat' dir='ltr'><strong>facta</strong></span> <span class='ocrx_word' id='word_1_251' title='bbox 1440 2546 1641 2591; x_wconf 89' lang='lat' dir='ltr'><strong>tantum</strong></span> <span class='ocrx_word' id='word_1_252' title='bbox 1678 2537 1913 2606; x_wconf 89' lang='lat' dir='ltr'><strong>disposi-</strong></span> 
     </span>
    </p>
   </div>
   <div class='ocr_carea' id='block_1_35' title="bbox 326 2607 1917 2683">
    <p class='ocr_par' dir='ltr' id='par_1_35' title="bbox 326 2607 1917 2683">
     <span class='ocr_line' id='line_1_35' title="bbox 326 2607 1917 2683; baseline -0.005 -12"><span class='ocrx_word' id='word_1_253' title='bbox 326 2614 493 2681; x_wconf 85' lang='lat' dir='ltr'><strong>tione,</strong></span> <span class='ocrx_word' id='word_1_254' title='bbox 543 2622 797 2683; x_wconf 88' lang='lat' dir='ltr'><strong>quantum</strong></span> <span class='ocrx_word' id='word_1_255' title='bbox 839 2611 905 2667; x_wconf 89' lang='lat' dir='ltr'><strong>ad</strong></span> <span class='ocrx_word' id='word_1_256' title='bbox 926 2612 1161 2666; x_wconf 82' lang='lat' dir='ltr'><strong>futuram</strong></span> <span class='ocrx_word' id='word_1_257' title='bbox 1208 2607 1639 2683; x_wconf 81' lang='lat' dir='ltr'><strong>damnationem;</strong></span> <span class='ocrx_word' id='word_1_258' title='bbox 1671 2608 1786 2683; x_wconf 80' lang='lat' dir='ltr'><strong>illa,</strong></span> <span class='ocrx_word' id='word_1_259' title='bbox 1827 2608 1917 2663; x_wconf 85' lang='lat' dir='ltr'><strong>in-</strong></span> 
     </span>
    </p>
   </div>
   <div class='ocr_carea' id='block_1_36' title="bbox 369 2679 1917 2754">
    <p class='ocr_par' dir='ltr' id='par_1_36' title="bbox 369 2679 1917 2754">
     <span class='ocr_line' id='line_1_36' title="bbox 369 2679 1917 2754; baseline -0.003 -14"><span class='ocrx_word' id='word_1_260' title='bbox 369 2679 509 2750; x_wconf 84' lang='lat' dir='ltr'><strong>uam,</strong></span> <span class='ocrx_word' id='word_1_261' title='bbox 540 2679 668 2739; x_wconf 80' lang='lat' dir='ltr'><strong>ultio</strong></span> <span class='ocrx_word' id='word_1_262' title='bbox 706 2698 828 2754; x_wconf 71' lang='lat' dir='ltr'><strong>qua:</strong></span> <span class='ocrx_word' id='word_1_263' title='bbox 876 2698 983 2737; x_wconf 92' lang='lat' dir='ltr'><strong>non</strong></span> <span class='ocrx_word' id='word_1_264' title='bbox 1025 2679 1463 2754; x_wconf 86' lang='lat' dir='ltr'><strong>apparet_ocu|is</strong></span> <span class='ocrx_word' id='word_1_265' title='bbox 1511 2692 1719 2754; x_wconf 79' lang='lat' dir='ltr'><strong>eorum,</strong></span> <span class='ocrx_word' id='word_1_266' title='bbox 1764 2680 1917 2749; x_wconf 78' lang='lat' dir='ltr'><strong>juxta</strong></span> 
     </span>
    </p>
   </div>
   <div class='ocr_carea' id='block_1_37' title="bbox 326 2700 1917 2821">
    <p class='ocr_par' dir='ltr' id='par_1_37' title="bbox 326 2700 1917 2821">
     <span class='ocr_line' id='line_1_37' title="bbox 369 2700 1917 2754; baseline -0.003 -14"><span class='ocrx_word' id='word_1_267' title='bbox 369 2701 509 2750; x_wconf 88' lang='lat' dir='ltr'><strong>uam,</strong></span> <span class='ocrx_word' id='word_1_268' title='bbox 540 2700 668 2739; x_wconf 84' lang='lat' dir='ltr'><strong>Ultlo</strong></span> <span class='ocrx_word' id='word_1_269' title='bbox 706 2700 828 2754; x_wconf 75' lang='lat' dir='ltr'><strong>qua:</strong></span> <span class='ocrx_word' id='word_1_270' title='bbox 876 2700 983 2737; x_wconf 92' lang='lat' dir='ltr'><strong>non</strong></span> <span class='ocrx_word' id='word_1_271' title='bbox 1025 2700 1245 2752; x_wconf 81' lang='lat' dir='ltr'><strong>apparet</strong></span> <span class='ocrx_word' id='word_1_272' title='bbox 1292 2700 1463 2735; x_wconf 88' lang='lat' dir='ltr'><strong>ocuus</strong></span> <span class='ocrx_word' id='word_1_273' title='bbox 1511 2700 1719 2743; x_wconf 86' lang='lat' dir='ltr'><strong>eurum,</strong></span> <span class='ocrx_word' id='word_1_274' title='bbox 1764 2700 1917 2749; x_wconf 70' lang='lat' dir='ltr'><strong>justa</strong></span> 
     </span>
     <span class='ocr_line' id='line_1_38' title="bbox 326 2700 1917 2821; baseline -0.004 -10"><span class='ocrx_word' id='word_1_275' title='bbox 326 2700 459 2811; x_wconf 75' lang='lat' dir='ltr'><strong>iIlud</strong></span> <span class='ocrx_word' id='word_1_276' title='bbox 480 2775 489 2808; x_wconf 91' lang='lat'>:</span> <span class='ocrx_word' id='word_1_277' title='bbox 512 2755 792 2810; x_wconf 67' lang='lat' dir='ltr'><strong>«Craterum</strong></span> <span class='ocrx_word' id='word_1_278' title='bbox 814 2756 969 2807; x_wconf 81' lang='lat' dir='ltr'><strong>nescit</strong></span> <span class='ocrx_word' id='word_1_279' title='bbox 993 2770 1046 2806; x_wconf 85' lang='lat' dir='ltr'><strong>se</strong></span> <span class='ocrx_word' id='word_1_280' title='bbox 1066 2753 1237 2821; x_wconf 89' lang='lat' dir='ltr'><strong>puniri</strong></span> <span class='ocrx_word' id='word_1_281' title='bbox 1259 2752 1465 2819; x_wconf 84' lang='lat' dir='ltr'><strong>impius,</strong></span> <span class='ocrx_word' id='word_1_282' title='bbox 1490 2750 1589 2803; x_wconf 90' lang='lat' dir='ltr'><strong>nisi</strong></span> <span class='ocrx_word' id='word_1_283' title='bbox 1609 2766 1725 2803; x_wconf 89' lang='lat' dir='ltr'><strong>cum</strong></span> <span class='ocrx_word' id='word_1_284' title='bbox 1745 2761 1917 2820; x_wconf 90' lang='lat' dir='ltr'><strong>aperte</strong></span> 
     </span>
    </p>
   </div>
   <div class='ocr_carea' id='block_1_38' title="bbox 329 2822 1917 2896">
    <p class='ocr_par' dir='ltr' id='par_1_38' title="bbox 329 2822 1917 2896">
     <span class='ocr_line' id='line_1_39' title="bbox 329 2822 1917 2896; baseline -0.003 -16"><span class='ocrx_word' id='word_1_285' title='bbox 329 2828 425 2881; x_wconf 83' lang='lat' dir='ltr'><strong>luit</strong></span> <span class='ocrx_word' id='word_1_286' title='bbox 465 2828 663 2892; x_wconf 86' lang='lat' dir='ltr'><strong>nolens,</strong></span> <span class='ocrx_word' id='word_1_287' title='bbox 694 2828 779 2896; x_wconf 91' lang='lat' dir='ltr'><strong>qui</strong></span> <span class='ocrx_word' id='word_1_288' title='bbox 810 2826 1113 2895; x_wconf 87' lang='lat' dir='ltr'><strong>perpetrauit</strong></span> <span class='ocrx_word' id='word_1_289' title='bbox 1138 2824 1347 2896; x_wconf 80' lang='lat' dir='ltr'><strong>uolens;</strong></span> <span class='ocrx_word' id='word_1_290' title='bbox 1369 2840 1389 2875; x_wconf 72' lang='grc' dir='ltr'><strong>ι</strong></span> <span class='ocrx_word' id='word_1_291' title='bbox 1415 2822 1699 2896; x_wconf 71' lang='lat' dir='ltr'><strong>innotescat</strong></span> <span class='ocrx_word' id='word_1_292' title='bbox 1743 2838 1917 2896; x_wconf 82' lang='lat' dir='ltr'><strong>coram</strong></span> 
     </span>
    </p>
   </div>
   <div class='ocr_carea' id='block_1_39' title="bbox 328 2893 1913 2963">
    <p class='ocr_par' dir='ltr' id='par_1_39' title="bbox 328 2893 1913 2963">
     <span class='ocr_line' id='line_1_40' title="bbox 328 2893 1913 2963; baseline -0.003 -11"><span class='ocrx_word' id='word_1_293' title='bbox 328 2897 495 2952; x_wconf 85' lang='lat' dir='ltr'><strong>oculis</strong></span> <span class='ocrx_word' id='word_1_294' title='bbox 516 2893 716 2951; x_wconf 75' lang='lat' dir='ltr'><strong>nostris</strong></span> <span class='ocrx_word' id='word_1_295' title='bbox 736 2893 1097 2963; x_wconf 77' lang='lat' dir='ltr'><strong>interieribus,</strong></span> <span class='ocrx_word' id='word_1_296' title='bbox 1130 2894 1181 2949; x_wconf 93' lang='lat' dir='ltr'><strong>id</strong></span> <span class='ocrx_word' id='word_1_297' title='bbox 1205 2902 1305 2958; x_wconf 88' lang='lat' dir='ltr'><strong>est,</strong></span> <span class='ocrx_word' id='word_1_298' title='bbox 1332 2893 1706 2947; x_wconf 85' lang='lat' dir='ltr'><strong>manifestetur</strong></span> <span class='ocrx_word' id='word_1_299' title='bbox 1734 2894 1913 2960; x_wconf 87' lang='lat' dir='ltr'><strong>nobis,</strong></span> 
     </span>
    </p>
   </div>
   <div class='ocr_carea' id='block_1_40' title="bbox 329 2963 1917 3034">
    <p class='ocr_par' dir='ltr' id='par_1_40' title="bbox 329 2963 1917 3034">
     <span class='ocr_line' id='line_1_41' title="bbox 329 2963 1917 3034; baseline -0.003 -10"><span class='ocrx_word' id='word_1_300' title='bbox 329 2980 388 3024; x_wconf 89' lang='lat' dir='ltr'><strong>ut</strong></span> <span class='ocrx_word' id='word_1_301' title='bbox 435 2976 581 3022; x_wconf 90' lang='lat' dir='ltr'><strong>tanto</strong></span> <span class='ocrx_word' id='word_1_302' title='bbox 622 2967 871 3023; x_wconf 81' lang='lat' dir='ltr'><strong>fortiores</strong></span> <span class='ocrx_word' id='word_1_303' title='bbox 918 2969 1103 3034; x_wconf 87' lang='lat' dir='ltr'><strong>simus,</strong></span> <span class='ocrx_word' id='word_1_304' title='bbox 1137 2975 1189 3019; x_wconf 91' lang='lat' dir='ltr'><strong>et</strong></span> <span class='ocrx_word' id='word_1_305' title='bbox 1214 2963 1623 3019; x_wconf 86' lang='lat' dir='ltr'><strong>constantiores.</strong></span> <span class='ocrx_word' id='word_1_306' title='bbox 1669 2965 1736 3017; x_wconf 87' lang='lat' dir='ltr'><strong>Et</strong></span> <span class='ocrx_word' id='word_1_307' title='bbox 1776 2979 1917 3020; x_wconf 91' lang='lat' dir='ltr'><strong>nunc</strong></span> 
     </span>
    </p>
   </div>
   <div class='ocr_carea' id='block_1_41' title="bbox 328 3034 1911 3110">
    <p class='ocr_par' dir='ltr' id='par_1_41' title="bbox 328 3034 1911 3110">
     <span class='ocr_line' id='line_1_42' title="bbox 328 3034 1911 3110; baseline -0.003 -16"><span class='ocrx_word' id='word_1_308' title='bbox 328 3040 545 3110; x_wconf 82' lang='lat' dir='ltr'><strong>quidem</strong></span> <span class='ocrx_word' id='word_1_309' title='bbox 574 3054 677 3093; x_wconf 93' lang='lat' dir='ltr'><strong>non</strong></span> <span class='ocrx_word' id='word_1_310' title='bbox 706 3037 960 3110; x_wconf 88' lang='lat' dir='ltr'><strong>optando,</strong></span> <span class='ocrx_word' id='word_1_311' title='bbox 989 3039 1097 3110; x_wconf 81' lang='lat' dir='ltr'><strong>sed</strong></span> <span class='ocrx_word' id='word_1_312' title='bbox 1143 3035 1533 3110; x_wconf 74' lang='lat' dir='ltr'><strong>prepltetand_t_t_</strong></span> <span class='ocrx_word' id='word_1_313' title='bbox 1559 3034 1760 3110; x_wconf 82' lang='lat' dir='ltr'><strong>dictum</strong></span> <span class='ocrx_word' id='word_1_314' title='bbox 1810 3046 1911 3110; x_wconf 81' lang='lat' dir='ltr'><strong>est.</strong></span> 
     </span>
    </p>
   </div>
   <div class='ocr_carea' id='block_1_42' title="bbox 328 3105 1991 3197">
    <p class='ocr_par' dir='ltr' id='par_1_42' title="bbox 328 3105 1991 3197">
     <span class='ocr_line' id='line_1_43' title="bbox 328 3105 1991 3197; baseline -0.004 -30"><span class='ocrx_word' id='word_1_315' title='bbox 328 3105 515 3167; x_wconf 78' lang='lat' dir='ltr'><strong>Potest</strong></span> <span class='ocrx_word' id='word_1_316' title='bbox 539 3119 593 3165; x_wconf 92' lang='lat' dir='ltr'><strong>et</strong></span> <span class='ocrx_word' id='word_1_317' title='bbox 619 3110 853 3180; x_wconf 90' lang='lat' dir='ltr'><strong>optando</strong></span> <span class='ocrx_word' id='word_1_318' title='bbox 891 3109 944 3163; x_wconf 92' lang='lat' dir='ltr'><strong>in</strong></span> <span class='ocrx_word' id='word_1_319' title='bbox 973 3109 1124 3197; x_wconf 40' lang='lat' dir='ltr'><strong>boni?</strong></span> <span class='ocrx_word' id='word_1_320' title='bbox 1164 3108 1243 3159; x_wconf 89' lang='lat' dir='ltr'><strong>sic</strong></span> <span class='ocrx_word' id='word_1_321' title='bbox 1279 3106 1427 3197; x_wconf 40' lang='lat' dir='ltr'><strong>d‘icir:</strong></span> <span class='ocrx_word' id='word_1_322' title='bbox 1456 3105 1606 3197; x_wconf 40' lang='lat' dir='ltr'><strong>‘Ultio</strong></span> <span class='ocrx_word' id='word_1_323' title='bbox 1654 3107 1916 3197; x_wconf 41' lang='lat' dir='ltr'><strong>sqnguilnis</strong></span> <span class='ocrx_word' id='word_1_324' title='bbox 1946 3133 1991 3197; x_wconf 66' lang='grc' dir='ltr'>Ο</span> 
     </span>
    </p>
   </div>
   <div class='ocr_carea' id='block_1_43' title="bbox 326 3178 1913 3248">
    <p class='ocr_par' dir='ltr' id='par_1_43' title="bbox 326 3178 1913 3248">
     <span class='ocr_line' id='line_1_44' title="bbox 326 3178 1913 3248; baseline -0.002 -12"><span class='ocrx_word' id='word_1_325' title='bbox 326 3196 589 3236; x_wconf 85' lang='lat' dir='ltr'><strong>seruorum</strong></span> <span class='ocrx_word' id='word_1_326' title='bbox 633 3178 851 3245; x_wconf 77' lang='lat' dir='ltr'><strong>tuorum,</strong></span> <span class='ocrx_word' id='word_1_327' title='bbox 898 3180 983 3248; x_wconf 85' lang='lat' dir='ltr'><strong>qui</strong></span> <span class='ocrx_word' id='word_1_328' title='bbox 1031 3178 1221 3246; x_wconf 75' lang='lat' dir='ltr'><strong>effusus</strong></span> <span class='ocrx_word' id='word_1_329' title='bbox 1247 3189 1339 3245; x_wconf 88' lang='lat' dir='ltr'><strong>est,</strong></span> <span class='ocrx_word' id='word_1_330' title='bbox 1371 3178 1507 3230; x_wconf 82' lang='lat' dir='ltr'><strong>facta</strong></span> <span class='ocrx_word' id='word_1_331' title='bbox 1532 3178 1587 3230; x_wconf 91' lang='lat' dir='ltr'><strong>in</strong></span> <span class='ocrx_word' id='word_1_332' title='bbox 1624 3178 1913 3233; x_wconf 77' lang='lat' dir='ltr'><strong>nationibus</strong></span> 
     </span>
    </p>
   </div>
   <div class='ocr_carea' id='block_1_44' title="bbox 328 3248 1915 3314">
    <p class='ocr_par' dir='ltr' id='par_1_44' title="bbox 328 3248 1915 3314">
     <span class='ocr_line' id='line_1_45' title="bbox 328 3248 1915 3314; baseline -0.001 -7"><span class='ocrx_word' id='word_1_333' title='bbox 328 3254 610 3307; x_wconf 80' lang='lat' dir='ltr'><strong>innotescat</strong></span> <span class='ocrx_word' id='word_1_334' title='bbox 643 3253 817 3314; x_wconf 85' lang='lat' dir='ltr'><strong>nobis,</strong></span> <span class='ocrx_word' id='word_1_335' title='bbox 851 3251 924 3305; x_wconf 86' lang='lat' dir='ltr'><strong>ita</strong></span> <span class='ocrx_word' id='word_1_336' title='bbox 958 3260 1014 3303; x_wconf 87' lang='lat' dir='ltr'><strong>ut</strong></span> <span class='ocrx_word' id='word_1_337' title='bbox 1040 3259 1107 3303; x_wconf 83' lang='grc' dir='ltr'><strong>ειι</strong></span> <span class='ocrx_word' id='word_1_338' title='bbox 1134 3265 1303 3302; x_wconf 88' lang='lat' dir='ltr'><strong>coram</strong></span> <span class='ocrx_word' id='word_1_339' title='bbox 1348 3249 1506 3302; x_wconf 88' lang='lat' dir='ltr'><strong>oculis</strong></span> <span class='ocrx_word' id='word_1_340' title='bbox 1557 3249 1763 3314; x_wconf 84' lang='lat' dir='ltr'><strong>nostris,</strong></span> <span class='ocrx_word' id='word_1_341' title='bbox 1814 3248 1915 3305; x_wconf 84' lang='lat' dir='ltr'><strong>hoc</strong></span> 
     </span>
    </p>
   </div>
   <div class='ocr_carea' id='block_1_45' title="bbox 329 3320 1914 3392">
    <p class='ocr_par' dir='ltr' id='par_1_45' title="bbox 329 3320 1914 3392">
     <span class='ocr_line' id='line_1_46' title="bbox 329 3320 1914 3392; baseline -0.003 -14"><span class='ocrx_word' id='word_1_342' title='bbox 329 3334 435 3392; x_wconf 87' lang='lat' dir='ltr'><strong>est,</strong></span> <span class='ocrx_word' id='word_1_343' title='bbox 467 3332 523 3377; x_wconf 85' lang='lat' dir='ltr'><strong>ut</strong></span> <span class='ocrx_word' id='word_1_344' title='bbox 548 3325 656 3377; x_wconf 89' lang='lat' dir='ltr'><strong>cito</strong></span> <span class='ocrx_word' id='word_1_345' title='bbox 681 3323 955 3377; x_wconf 84' lang='lat' dir='ltr'><strong>videamus</strong></span> <span class='ocrx_word' id='word_1_346' title='bbox 980 3321 1057 3375; x_wconf 71' lang='lat' dir='ltr'><strong>sic</strong></span> <span class='ocrx_word' id='word_1_347' title='bbox 1081 3321 1376 3392; x_wconf 87' lang='lat' dir='ltr'><strong>judicatum</strong></span> <span class='ocrx_word' id='word_1_348' title='bbox 1413 3333 1543 3392; x_wconf 82' lang='lat' dir='ltr'><strong>esse</strong></span> <span class='ocrx_word' id='word_1_349' title='bbox 1568 3320 1621 3373; x_wconf 91' lang='lat' dir='ltr'><strong>in</strong></span> <span class='ocrx_word' id='word_1_350' title='bbox 1662 3333 1914 3387; x_wconf 55' lang='lat' dir='ltr'><strong>persecu-</strong></span> 
     </span>
    </p>
   </div>
   <div class='ocr_carea' id='block_1_46' title="bbox 329 3390 1916 3461">
    <p class='ocr_par' dir='ltr' id='par_1_46' title="bbox 329 3390 1916 3461">
     <span class='ocr_line' id='line_1_47' title="bbox 329 3390 1916 3461; baseline -0.004 -11"><span class='ocrx_word' id='word_1_351' title='bbox 329 3390 477 3450; x_wconf 84' lang='lat' dir='ltr'><strong>tores</strong></span> <span class='ocrx_word' id='word_1_352' title='bbox 503 3403 734 3459; x_wconf 84' lang='lat' dir='ltr'><strong>nostros,</strong></span> <span class='ocrx_word' id='word_1_353' title='bbox 777 3404 831 3447; x_wconf 94' lang='lat' dir='ltr'><strong>ut</strong></span> <span class='ocrx_word' id='word_1_354' title='bbox 859 3393 948 3461; x_wconf 86' lang='lat' dir='ltr'><strong>qui</strong></span> <span class='ocrx_word' id='word_1_355' title='bbox 977 3401 1129 3447; x_wconf 89' lang='lat' dir='ltr'><strong>erant</strong></span> <span class='ocrx_word' id='word_1_356' title='bbox 1154 3391 1353 3445; x_wconf 88' lang='lat' dir='ltr'><strong>initnici</strong></span> <span class='ocrx_word' id='word_1_357' title='bbox 1382 3390 1488 3443; x_wconf 91' lang='lat' dir='ltr'><strong>sint</strong></span> <span class='ocrx_word' id='word_1_358' title='bbox 1514 3392 1690 3461; x_wconf 87' lang='lat' dir='ltr'><strong>amici,</strong></span> <span class='ocrx_word' id='word_1_359' title='bbox 1721 3399 1775 3444; x_wconf 90' lang='lat' dir='ltr'><strong>et</strong></span> <span class='ocrx_word' id='word_1_360' title='bbox 1804 3393 1916 3445; x_wconf 84' lang='lat' dir='ltr'><strong>bla-</strong></span> 
     </span>
    </p>
   </div>
   <div class='ocr_carea' id='block_1_47' title="bbox 331 3460 1914 3535">
    <p class='ocr_par' dir='ltr' id='par_1_47' title="bbox 331 3460 1914 3535">
     <span class='ocr_line' id='line_1_48' title="bbox 331 3460 1914 3535; baseline -0.004 -15"><span class='ocrx_word' id='word_1_361' title='bbox 331 3466 702 3535; x_wconf 78' lang='lat' dir='ltr'><strong>spltematores</strong></span> <span class='ocrx_word' id='word_1_362' title='bbox 724 3464 829 3518; x_wconf 90' lang='lat' dir='ltr'><strong>sint</strong></span> <span class='ocrx_word' id='word_1_363' title='bbox 852 3460 1175 3518; x_wconf 79' lang='lat' dir='ltr'><strong>laudatores.</strong></span> <span class='ocrx_word' id='word_1_364' title='bbox 1204 3462 1267 3515; x_wconf 84' lang='lat' dir='ltr'><strong>Et</strong></span> <span class='ocrx_word' id='word_1_365' title='bbox 1291 3462 1391 3515; x_wconf 84' lang='lat' dir='ltr'><strong>hoc</strong></span> <span class='ocrx_word' id='word_1_366' title='bbox 1414 3460 1571 3535; x_wconf 83' lang='lat' dir='ltr'><strong>modo</strong></span> <span class='ocrx_word' id='word_1_367' title='bbox 1594 3462 1830 3527; x_wconf 84' lang='lat' dir='ltr'><strong>introeat,</strong></span> <span class='ocrx_word' id='word_1_368' title='bbox 1863 3462 1914 3515; x_wconf 88' lang='lat' dir='ltr'><strong>id</strong></span> 
     </span>
    </p>
   </div>
   <div class='ocr_carea' id='block_1_48' title="bbox 331 3532 1917 3604">
    <p class='ocr_par' dir='ltr' id='par_1_48' title="bbox 331 3532 1917 3604">
     <span class='ocr_line' id='line_1_49' title="bbox 331 3532 1917 3604; baseline -0.004 -12"><span class='ocrx_word' id='word_1_369' title='bbox 331 3532 435 3604; x_wconf 77' lang='lat' dir='ltr'><strong>est,</strong></span> <span class='ocrx_word' id='word_1_370' title='bbox 464 3545 717 3604; x_wconf 89' lang='lat' dir='ltr'><strong>appareat</strong></span> <span class='ocrx_word' id='word_1_371' title='bbox 746 3535 1015 3599; x_wconf 80' lang='lat' dir='ltr'><strong>introisse,</strong></span> <span class='ocrx_word' id='word_1_372' title='bbox 1044 3542 1097 3586; x_wconf 90' lang='lat' dir='ltr'><strong>et</strong></span> <span class='ocrx_word' id='word_1_373' title='bbox 1121 3542 1367 3604; x_wconf 85' lang='lat' dir='ltr'><strong>receptus</strong></span> <span class='ocrx_word' id='word_1_374' title='bbox 1396 3545 1518 3586; x_wconf 88' lang='lat' dir='ltr'><strong>esse</strong></span> <span class='ocrx_word' id='word_1_375' title='bbox 1553 3532 1607 3604; x_wconf 90' lang='lat' dir='ltr'><strong>in</strong></span> <span class='ocrx_word' id='word_1_376' title='bbox 1644 3541 1917 3604; x_wconf 84' lang='lat' dir='ltr'><strong>conspectu</strong></span> 
     </span>
    </p>
   </div>
   <div class='ocr_carea' id='block_1_49' title="bbox 331 3603 1915 3675">
    <p class='ocr_par' dir='ltr' id='par_1_49' title="bbox 331 3603 1915 3675">
     <span class='ocr_line' id='line_1_50' title="bbox 331 3603 1915 3675; baseline -0.004 -13"><span class='ocrx_word' id='word_1_377' title='bbox 331 3616 421 3662; x_wconf 85' lang='lat' dir='ltr'><strong>tuo</strong></span> <span class='ocrx_word' id='word_1_378' title='bbox 473 3603 689 3675; x_wconf 80' lang='lat' dir='ltr'><strong>gemitus</strong></span> <span class='ocrx_word' id='word_1_379' title='bbox 736 3607 1157 3673; x_wconf 86' lang='lat' dir='ltr'><strong>compeditorum,</strong></span> <span class='ocrx_word' id='word_1_380' title='bbox 1188 3603 1240 3657; x_wconf 91' lang='lat' dir='ltr'><strong>id</strong></span> <span class='ocrx_word' id='word_1_381' title='bbox 1278 3613 1377 3669; x_wconf 89' lang='grc' dir='ltr'>εει,</span> <span class='ocrx_word' id='word_1_382' title='bbox 1428 3603 1656 3675; x_wconf 80' lang='lat' dir='ltr'><strong>gemitus</strong></span> <span class='ocrx_word' id='word_1_383' title='bbox 1700 3603 1915 3657; x_wconf 87' lang='lat' dir='ltr'><strong>illorutu</strong></span> 
     </span>
    </p>
   </div>
   <div class='ocr_carea' id='block_1_50' title="bbox 330 3674 1916 3748">
    <p class='ocr_par' dir='ltr' id='par_1_50' title="bbox 330 3674 1916 3748">
     <span class='ocr_line' id='line_1_51' title="bbox 330 3674 1916 3748; baseline -0.003 -16"><span class='ocrx_word' id='word_1_384' title='bbox 330 3678 427 3748; x_wconf 83' lang='lat' dir='ltr'><strong>qui</strong></span> <span class='ocrx_word' id='word_1_385' title='bbox 450 3674 728 3732; x_wconf 83' lang='lat' dir='ltr'><strong>attendunt</strong></span> <span class='ocrx_word' id='word_1_386' title='bbox 755 3691 815 3733; x_wconf 89' lang='lat' dir='ltr'><strong>se</strong></span> <span class='ocrx_word' id='word_1_387' title='bbox 845 3679 897 3731; x_wconf 91' lang='lat' dir='ltr'><strong>in</strong></span> <span class='ocrx_word' id='word_1_388' title='bbox 937 3676 1285 3748; x_wconf 81' lang='lat' dir='ltr'><strong>compedibus</strong></span> <span class='ocrx_word' id='word_1_389' title='bbox 1327 3674 1668 3748; x_wconf 79' lang='lat' dir='ltr'><strong>mortalitatis</strong></span> <span class='ocrx_word' id='word_1_390' title='bbox 1715 3676 1916 3748; x_wconf 83' lang='lat' dir='ltr'><strong>positos</strong></span> 
     </span>
    </p>
   </div>
   <div class='ocr_carea' id='block_1_51' title="bbox 332 3743 1914 3817">
    <p class='ocr_par' dir='ltr' id='par_1_51' title="bbox 332 3743 1914 3817">
     <span class='ocr_line' id='line_1_52' title="bbox 332 3743 1914 3817; baseline -0.003 -13"><span class='ocrx_word' id='word_1_391' title='bbox 332 3743 479 3804; x_wconf 67' lang='lat' dir='ltr'><strong>esse.</strong></span> <span class='ocrx_word' id='word_1_392' title='bbox 510 3749 604 3803; x_wconf 78' lang='lat' dir='ltr'><strong>Vel</strong></span> <span class='ocrx_word' id='word_1_393' title='bbox 626 3749 854 3817; x_wconf 81' lang='lat' dir='ltr'><strong>gemitus</strong></span> <span class='ocrx_word' id='word_1_394' title='bbox 882 3743 1325 3816; x_wconf 86' lang='lat' dir='ltr'><strong>compeditorum,</strong></span> <span class='ocrx_word' id='word_1_395' title='bbox 1361 3743 1414 3817; x_wconf 82' lang='lat' dir='ltr'><strong>id</strong></span> <span class='ocrx_word' id='word_1_396' title='bbox 1442 3754 1543 3810; x_wconf 90' lang='lat' dir='ltr'><strong>est,</strong></span> <span class='ocrx_word' id='word_1_397' title='bbox 1578 3744 1787 3798; x_wconf 88' lang='lat' dir='ltr'><strong>illorum</strong></span> <span class='ocrx_word' id='word_1_398' title='bbox 1826 3746 1914 3814; x_wconf 91' lang='lat' dir='ltr'><strong>qui</strong></span> 
     </span>
    </p>
   </div>
   <div class='ocr_carea' id='block_1_52' title="bbox 329 3814 1917 3885">
    <p class='ocr_par' dir='ltr' id='par_1_52' title="bbox 329 3814 1917 3885">
     <span class='ocr_line' id='line_1_53' title="bbox 329 3814 1917 3885; baseline -0.003 -9"><span class='ocrx_word' id='word_1_399' title='bbox 329 3818 528 3877; x_wconf 86' lang='lat' dir='ltr'><strong>irretiti</strong></span> <span class='ocrx_word' id='word_1_400' title='bbox 549 3814 691 3884; x_wconf 78' lang='lat' dir='ltr'><strong>sunt,</strong></span> <span class='ocrx_word' id='word_1_401' title='bbox 720 3829 773 3875; x_wconf 91' lang='lat' dir='ltr'><strong>et</strong></span> <span class='ocrx_word' id='word_1_402' title='bbox 794 3814 1053 3872; x_wconf 69' lang='lat' dir='ltr'><strong>inhaerent</strong></span> <span class='ocrx_word' id='word_1_403' title='bbox 1077 3819 1130 3869; x_wconf 91' lang='lat' dir='ltr'><strong>in</strong></span> <span class='ocrx_word' id='word_1_404' title='bbox 1150 3814 1501 3885; x_wconf 87' lang='lat' dir='ltr'><strong>compedibus</strong></span> <span class='ocrx_word' id='word_1_405' title='bbox 1532 3826 1917 3885; x_wconf 60' lang='lat' dir='ltr'><strong>praeceptorum</strong></span> 
     </span>
    </p>
   </div>
   <div class='ocr_carea' id='block_1_53' title="bbox 330 3883 1919 3959">
    <p class='ocr_par' dir='ltr' id='par_1_53' title="bbox 330 3883 1919 3959">
     <span class='ocr_line' id='line_1_54' title="bbox 330 3883 1919 3959; baseline -0.003 -14"><span class='ocrx_word' id='word_1_406' title='bbox 330 3899 570 3945; x_wconf 80' lang='lat' dir='ltr'><strong>tuorum.</strong></span> <span class='ocrx_word' id='word_1_407' title='bbox 595 3883 867 3959; x_wconf 81' lang='lat' dir='ltr'><strong>Praecepta</strong></span> <span class='ocrx_word' id='word_1_408' title='bbox 889 3888 1031 3943; x_wconf 89' lang='lat' dir='ltr'><strong>enim</strong></span> <span class='ocrx_word' id='word_1_409' title='bbox 1052 3887 1146 3941; x_wconf 91' lang='lat' dir='ltr'><strong>Dei</strong></span> <span class='ocrx_word' id='word_1_410' title='bbox 1166 3886 1451 3959; x_wconf 82' lang='lat' dir='ltr'><strong>compedes</strong></span> <span class='ocrx_word' id='word_1_411' title='bbox 1471 3883 1740 3959; x_wconf 81' lang='lat' dir='ltr'><strong>dicuntur.</strong></span> <span class='ocrx_word' id='word_1_412' title='bbox 1769 3886 1919 3943; x_wconf 87' lang='lat' dir='ltr'><strong>Unde</strong></span> 
     </span>
    </p>
   </div>
   <div class='ocr_carea' id='block_1_54' title="bbox 330 3956 1919 4031">
    <p class='ocr_par' dir='ltr' id='par_1_54' title="bbox 330 3956 1919 4031">
     <span class='ocr_line' id='line_1_55' title="bbox 330 3956 1919 4031; baseline -0.003 -14"><span class='ocrx_word' id='word_1_413' title='bbox 330 3960 592 4018; x_wconf 90' lang='lat' dir='ltr'><strong>Salomon</strong></span> <span class='ocrx_word' id='word_1_414' title='bbox 616 3962 743 4015; x_wconf 90' lang='lat' dir='ltr'><strong>dicit</strong></span> <span class='ocrx_word' id='word_1_415' title='bbox 770 3956 793 4031; x_wconf 14' lang='grc' dir='ltr'><strong>γέ</strong></span> <span class='ocrx_word' id='word_1_416' title='bbox 822 3959 987 4031; x_wconf 87' lang='lat' dir='ltr'><strong>lnjice</strong></span> <span class='ocrx_word' id='word_1_417' title='bbox 1016 3962 1188 4027; x_wconf 83' lang='lat' dir='ltr'><strong>pedem</strong></span> <span class='ocrx_word' id='word_1_418' title='bbox 1218 3965 1371 4031; x_wconf 72' lang='lat' dir='ltr'><strong>tuum</strong></span> <span class='ocrx_word' id='word_1_419' title='bbox 1393 3956 1444 4031; x_wconf 82' lang='lat' dir='ltr'><strong>in</strong></span> <span class='ocrx_word' id='word_1_420' title='bbox 1471 3958 1783 4026; x_wconf 88' lang='lat' dir='ltr'><strong>compedem,</strong></span> <span class='ocrx_word' id='word_1_421' title='bbox 1817 3959 1919 4031; x_wconf 72' lang='lat' dir='ltr'><strong>ltoc</strong></span> 
     </span>
    </p>
   </div>
   <div class='ocr_carea' id='block_1_55' title="bbox 332 4027 1921 4102">
    <p class='ocr_par' dir='ltr' id='par_1_55' title="bbox 332 4027 1921 4102">
     <span class='ocr_line' id='line_1_56' title="bbox 332 4027 1921 4102; baseline -0.003 -15"><span class='ocrx_word' id='word_1_422' title='bbox 332 4040 445 4098; x_wconf 84' lang='lat' dir='ltr'><strong>est,</strong></span> <span class='ocrx_word' id='word_1_423' title='bbox 476 4033 681 4102; x_wconf 87' lang='lat' dir='ltr'><strong>applica</strong></span> <span class='ocrx_word' id='word_1_424' title='bbox 705 4027 1040 4087; x_wconf 70' lang='lat' dir='ltr'><strong>aﬂectiuncut</strong></span> <span class='ocrx_word' id='word_1_425' title='bbox 1070 4040 1212 4102; x_wconf 82' lang='lat' dir='ltr'><strong>tuam</strong></span> <span class='ocrx_word' id='word_1_426' title='bbox 1244 4028 1310 4081; x_wconf 80' lang='lat' dir='ltr'><strong>ad</strong></span> <span class='ocrx_word' id='word_1_427' title='bbox 1341 4027 1433 4081; x_wconf 90' lang='lat' dir='ltr'><strong>Dei</strong></span> <span class='ocrx_word' id='word_1_428' title='bbox 1458 4040 1747 4102; x_wconf 63' lang='lat' dir='ltr'><strong>praecepta,</strong></span> <span class='ocrx_word' id='word_1_429' title='bbox 1775 4029 1921 4083; x_wconf 88' lang='lat' dir='ltr'><strong>scili-</strong></span> 
     </span>
    </p>
   </div>
   <div class='ocr_carea' id='block_1_56' title="bbox 334 4099 1918 4167">
    <p class='ocr_par' dir='ltr' id='par_1_56' title="bbox 334 4099 1918 4167">
     <span class='ocr_line' id='line_1_57' title="bbox 334 4099 1918 4167; baseline -0.003 -8"><span class='ocrx_word' id='word_1_430' title='bbox 334 4115 446 4167; x_wconf 90' lang='lat' dir='ltr'><strong>cet,</strong></span> <span class='ocrx_word' id='word_1_431' title='bbox 475 4099 530 4157; x_wconf 80' lang='grc' dir='ltr'><strong>ιιι</strong></span> <span class='ocrx_word' id='word_1_432' title='bbox 548 4099 667 4158; x_wconf 79' lang='grc' dir='ltr'>ἠυιι</span> <span class='ocrx_word' id='word_1_433' title='bbox 696 4118 765 4159; x_wconf 75' lang='grc' dir='ltr'>ει</span> <span class='ocrx_word' id='word_1_434' title='bbox 797 4102 1093 4167; x_wconf 89' lang='lat' dir='ltr'><strong>coactione,</strong></span> <span class='ocrx_word' id='word_1_435' title='bbox 1124 4100 1219 4154; x_wconf 86' lang='lat' dir='ltr'><strong>sed</strong></span> <span class='ocrx_word' id='word_1_436' title='bbox 1245 4114 1315 4153; x_wconf 76' lang='lat' dir='ltr'><strong>ex</strong></span> <span class='ocrx_word' id='word_1_437' title='bbox 1343 4099 1521 4153; x_wconf 87' lang='lat' dir='ltr'><strong>cordis</strong></span> <span class='ocrx_word' id='word_1_438' title='bbox 1549 4099 1830 4155; x_wconf 76' lang='lat' dir='ltr'><strong>aliectione</strong></span> <span class='ocrx_word' id='word_1_439' title='bbox 1856 4115 1918 4155; x_wconf 88' lang='lat' dir='ltr'><strong>ea</strong></span> 
     </span>
    </p>
   </div>
   <div class='ocr_carea' id='block_1_57' title="bbox 333 4176 627 4245">
    <p class='ocr_par' dir='ltr' id='par_1_57' title="bbox 333 4176 627 4245">
     <span class='ocr_line' id='line_1_58' title="bbox 333 4176 627 4245; baseline 0 -14"><span class='ocrx_word' id='word_1_440' title='bbox 333 4176 627 4245; x_wconf 87' lang='lat' dir='ltr'><strong>compleas.</strong></span> 
     </span>
    </p>
   </div>
   <div class='ocr_carea' id='block_1_58' title="bbox 418 4239 1915 4317">
    <p class='ocr_par' dir='ltr' id='par_1_58' title="bbox 418 4239 1915 4317">
     <span class='ocr_line' id='line_1_59' title="bbox 418 4239 1915 4317; baseline -0.004 -16"><span class='ocrx_word' id='word_1_441' title='bbox 418 4239 713 4301; x_wconf 62' lang='lat' dir='ltr'><strong>Secundum</strong></span> <span class='ocrx_word' id='word_1_442' title='bbox 754 4244 1153 4317; x_wconf 85' lang='lat' dir='ltr'><strong>magnitudinem</strong></span> <span class='ocrx_word' id='word_1_443' title='bbox 1198 4239 1392 4296; x_wconf 79' lang='lat' dir='ltr'><strong>brachii</strong></span> <span class='ocrx_word' id='word_1_444' title='bbox 1417 4240 1512 4317; x_wconf 77' lang='lat' dir='ltr'><strong>tui.</strong></span> <span class='ocrx_word' id='word_1_445' title='bbox 1557 4242 1719 4309; x_wconf 85' lang='lat' dir='ltr'><strong>Quasi</strong></span> <span class='ocrx_word' id='word_1_446' title='bbox 1749 4240 1915 4298; x_wconf 86' lang='lat' dir='ltr'><strong>dicat:</strong></span> 
     </span>
    </p>
   </div>
   <div class='ocr_carea' id='block_1_59' title="bbox 335 4314 1920 4388">
    <p class='ocr_par' dir='ltr' id='par_1_59' title="bbox 335 4314 1920 4388">
     <span class='ocr_line' id='line_1_60' title="bbox 335 4314 1920 4388; baseline -0.003 -15"><span class='ocrx_word' id='word_1_447' title='bbox 335 4317 419 4374; x_wconf 85' lang='lat' dir='ltr'><strong>Ita</strong></span> <span class='ocrx_word' id='word_1_448' title='bbox 456 4320 574 4372; x_wconf 90' lang='lat' dir='ltr'><strong>dico</strong></span> <span class='ocrx_word' id='word_1_449' title='bbox 601 4318 821 4371; x_wconf 88' lang='lat' dir='ltr'><strong>introeat</strong></span> <span class='ocrx_word' id='word_1_450' title='bbox 840 4314 915 4371; x_wconf 52' lang='lat' dir='ltr'><strong>&#39;ad</strong></span> <span class='ocrx_word' id='word_1_451' title='bbox 949 4326 1001 4371; x_wconf 87' lang='lat' dir='ltr'><strong>te</strong></span> <span class='ocrx_word' id='word_1_452' title='bbox 1026 4316 1241 4388; x_wconf 83' lang='lat' dir='ltr'><strong>gemitus</strong></span> <span class='ocrx_word' id='word_1_453' title='bbox 1282 4314 1700 4383; x_wconf 85' lang='lat' dir='ltr'><strong>contpeditorum,</strong></span> <span class='ocrx_word' id='word_1_454' title='bbox 1735 4325 1791 4369; x_wconf 92' lang='lat' dir='ltr'><strong>ut</strong></span> <span class='ocrx_word' id='word_1_455' title='bbox 1822 4317 1920 4388; x_wconf 84' lang='lat' dir='ltr'><strong>hoc</strong></span> 
     </span>
    </p>
   </div>
   <div class='ocr_carea' id='block_1_60' title="bbox 340 4386 1920 4455">
    <p class='ocr_par' dir='ltr' id='par_1_60' title="bbox 340 4386 1920 4455">
     <span class='ocr_line' id='line_1_61' title="bbox 340 4386 1920 4455; baseline -0.003 -13"><span class='ocrx_word' id='word_1_456' title='bbox 340 4392 505 4444; x_wconf 89' lang='lat' dir='ltr'><strong>etiam</strong></span> <span class='ocrx_word' id='word_1_457' title='bbox 548 4387 729 4452; x_wconf 82' lang='lat' dir='ltr'><strong>facias,</strong></span> <span class='ocrx_word' id='word_1_458' title='bbox 762 4388 964 4442; x_wconf 80' lang='lat' dir='ltr'><strong>scilicet</strong></span> <span class='ocrx_word' id='word_1_459' title='bbox 1014 4386 1313 4455; x_wconf 81' lang='lat' dir='ltr'><strong>possideas,</strong></span> <span class='ocrx_word' id='word_1_460' title='bbox 1346 4400 1450 4438; x_wconf 87' lang='lat' dir='ltr'><strong>non</strong></span> <span class='ocrx_word' id='word_1_461' title='bbox 1492 4394 1691 4438; x_wconf 85' lang='lat' dir='ltr'><strong>tantum</strong></span> <span class='ocrx_word' id='word_1_462' title='bbox 1734 4386 1920 4439; x_wconf 87' lang='lat' dir='ltr'><strong>morti-</strong></span> 
     </span>
    </p>
   </div>
   <div class='ocr_carea' id='block_1_61' title="bbox 341 4456 1919 4526">
    <p class='ocr_par' dir='ltr' id='par_1_61' title="bbox 341 4456 1919 4526">
     <span class='ocr_line' id='line_1_62' title="bbox 341 4456 1919 4526; baseline -0.004 -11"><span class='ocrx_word' id='word_1_463' title='bbox 341 4462 553 4526; x_wconf 86' lang='lat' dir='ltr'><strong>licatos,</strong></span> <span class='ocrx_word' id='word_1_464' title='bbox 589 4460 683 4514; x_wconf 91' lang='lat' dir='ltr'><strong>sed</strong></span> <span class='ocrx_word' id='word_1_465' title='bbox 719 4461 881 4515; x_wconf 88' lang='lat' dir='ltr'><strong>etiam</strong></span> <span class='ocrx_word' id='word_1_466' title='bbox 926 4459 1083 4522; x_wconf 84' lang='lat' dir='ltr'><strong>lilios,</strong></span> <span class='ocrx_word' id='word_1_467' title='bbox 1129 4457 1181 4509; x_wconf 89' lang='lat' dir='ltr'><strong>id</strong></span> <span class='ocrx_word' id='word_1_468' title='bbox 1219 4464 1322 4519; x_wconf 85' lang='lat' dir='ltr'><strong>est,</strong></span> <span class='ocrx_word' id='word_1_469' title='bbox 1372 4456 1664 4509; x_wconf 78' lang='lat' dir='ltr'><strong>imitatores</strong></span> <span class='ocrx_word' id='word_1_470' title='bbox 1712 4470 1919 4522; x_wconf 90' lang='lat' dir='ltr'><strong>eorum,</strong></span> 
     </span>
    </p>
   </div>
   <div class='ocr_carea' id='block_1_62' title="bbox 339 4504 2009 4597">
    <p class='ocr_par' dir='ltr' id='par_1_62' title="bbox 339 4504 2009 4597">
     <span class='ocr_line' id='line_1_63' title="bbox 339 4504 2009 4597; baseline -0.004 -11"><span class='ocrx_word' id='word_1_471' title='bbox 339 4504 445 4587; x_wconf 71' lang='lat' dir='ltr'><strong>I100</strong></span> <span class='ocrx_word' id='word_1_472' title='bbox 487 4504 571 4585; x_wconf 80' lang='grc' dir='ltr'><strong>εεί</strong></span> <span class='ocrx_word' id='word_1_473' title='bbox 609 4504 913 4585; x_wconf 61' lang='lat' dir='ltr'><strong>sanctorum</strong></span> <span class='ocrx_word' id='word_1_474' title='bbox 962 4504 1278 4597; x_wconf 52' lang='lat' dir='ltr'><strong>mat-,tyrum,</strong></span> <span class='ocrx_word' id='word_1_475' title='bbox 1309 4504 1408 4593; x_wconf 52' lang='lat' dir='ltr'><strong>&#39;qui</strong></span> <span class='ocrx_word' id='word_1_476' title='bbox 1450 4541 1575 4579; x_wconf 87' lang='lat' dir='ltr'><strong>vere</strong></span> <span class='ocrx_word' id='word_1_477' title='bbox 1624 4504 1926 4581; x_wconf 66' lang='lat' dir='ltr'><strong>mortilieati</strong></span> <span class='ocrx_word' id='word_1_478' title='bbox 1959 4504 2009 4566; x_wconf 77' lang='lat' dir='ltr'><strong>D</strong></span> 
     </span>
    </p>
   </div>
   <div class='ocr_carea' id='block_1_63' title="bbox 264 4598 1931 4672">
    <p class='ocr_par' dir='ltr' id='par_1_63' title="bbox 264 4598 1931 4672">
     <span class='ocr_line' id='line_1_64' title="bbox 264 4598 1931 4672; baseline -0.001 -19"><span class='ocrx_word' id='word_1_479' title='bbox 264 4640 275 4653; x_wconf 88' lang='lat'><strong>.</strong></span> <span class='ocrx_word' id='word_1_480' title='bbox 338 4603 609 4666; x_wconf 84' lang='lat' dir='ltr'><strong>dicuntur,</strong></span> <span class='ocrx_word' id='word_1_481' title='bbox 640 4601 760 4672; x_wconf 91' lang='lat' dir='ltr'><strong>quia</strong></span> <span class='ocrx_word' id='word_1_482' title='bbox 792 4616 895 4655; x_wconf 87' lang='lat' dir='ltr'><strong>non</strong></span> <span class='ocrx_word' id='word_1_483' title='bbox 928 4609 1129 4672; x_wconf 84' lang='lat' dir='ltr'><strong>tantum</strong></span> <span class='ocrx_word' id='word_1_484' title='bbox 1161 4598 1370 4672; x_wconf 80' lang='lat' dir='ltr'><strong>seipsos</strong></span> <span class='ocrx_word' id='word_1_485' title='bbox 1385 4598 1615 4672; x_wconf 83' lang='lat' dir='ltr'><strong>interius</strong></span> <span class='ocrx_word' id='word_1_486' title='bbox 1647 4599 1931 4672; x_wconf 80' lang='lat' dir='ltr'><strong>mortiﬁca-</strong></span> 
     </span>
    </p>
   </div>
   <div class='ocr_carea' id='block_1_64' title="bbox 342 4669 1928 4739">
    <p class='ocr_par' dir='ltr' id='par_1_64' title="bbox 342 4669 1928 4739">
     <span class='ocr_line' id='line_1_65' title="bbox 342 4669 1928 4739; baseline -0.003 -11"><span class='ocrx_word' id='word_1_487' title='bbox 342 4676 493 4739; x_wconf 85' lang='lat' dir='ltr'><strong>bant,</strong></span> <span class='ocrx_word' id='word_1_488' title='bbox 525 4674 619 4727; x_wconf 87' lang='lat' dir='ltr'><strong>sed</strong></span> <span class='ocrx_word' id='word_1_489' title='bbox 658 4669 820 4726; x_wconf 77' lang='lat' dir='ltr'><strong>etiam</strong></span> <span class='ocrx_word' id='word_1_490' title='bbox 862 4671 1095 4725; x_wconf 79' lang='lat' dir='ltr'><strong>exterius</strong></span> <span class='ocrx_word' id='word_1_491' title='bbox 1138 4670 1204 4723; x_wconf 91' lang='lat' dir='ltr'><strong>ab</strong></span> <span class='ocrx_word' id='word_1_492' title='bbox 1236 4669 1478 4721; x_wconf 87' lang='lat' dir='ltr'><strong>hostibus</strong></span> <span class='ocrx_word' id='word_1_493' title='bbox 1521 4670 1928 4723; x_wconf 85' lang='lat' dir='ltr'><strong>mortilicantur.</strong></span> 
     </span>
    </p>
   </div>
   <div class='ocr_carea' id='block_1_65' title="bbox 343 4739 1926 4811">
    <p class='ocr_par' dir='ltr' id='par_1_65' title="bbox 343 4739 1926 4811">
     <span class='ocr_line' id='line_1_66' title="bbox 343 4739 1926 4811; baseline -0.003 -13"><span class='ocrx_word' id='word_1_494' title='bbox 343 4746 411 4800; x_wconf 77' lang='lat' dir='ltr'><strong>Et</strong></span> <span class='ocrx_word' id='word_1_495' title='bbox 444 4757 517 4807; x_wconf 92' lang='lat' dir='ltr'><strong>tu,</strong></span> <span class='ocrx_word' id='word_1_496' title='bbox 551 4745 789 4807; x_wconf 88' lang='lat' dir='ltr'><strong>Domine,</strong></span> <span class='ocrx_word' id='word_1_497' title='bbox 824 4742 1026 4811; x_wconf 85' lang='lat' dir='ltr'><strong>posside</strong></span> <span class='ocrx_word' id='word_1_498' title='bbox 1056 4741 1176 4794; x_wconf 89' lang='lat' dir='ltr'><strong>illos</strong></span> <span class='ocrx_word' id='word_1_499' title='bbox 1204 4739 1362 4808; x_wconf 79' lang='lat' dir='ltr'><strong>ﬁlios,</strong></span> <span class='ocrx_word' id='word_1_500' title='bbox 1407 4739 1681 4792; x_wconf 86' lang='lat' dir='ltr'><strong>secundum</strong></span> <span class='ocrx_word' id='word_1_501' title='bbox 1724 4742 1926 4811; x_wconf 83' lang='lat' dir='ltr'><strong>magni-</strong></span> 
     </span>
    </p>
   </div>
   <div class='ocr_carea' id='block_1_66' title="bbox 347 4811 1931 4881">
    <p class='ocr_par' dir='ltr' id='par_1_66' title="bbox 347 4811 1931 4881">
     <span class='ocr_line' id='line_1_67' title="bbox 347 4811 1931 4881; baseline -0.003 -11"><span class='ocrx_word' id='word_1_502' title='bbox 347 4818 579 4870; x_wconf 82' lang='lat' dir='ltr'><strong>tudinem</strong></span> <span class='ocrx_word' id='word_1_503' title='bbox 620 4816 813 4867; x_wconf 82' lang='lat' dir='ltr'><strong>brachii</strong></span> <span class='ocrx_word' id='word_1_504' title='bbox 847 4814 941 4877; x_wconf 91' lang='lat' dir='ltr'><strong>tui,</strong></span> <span class='ocrx_word' id='word_1_505' title='bbox 977 4812 1026 4865; x_wconf 90' lang='lat' dir='ltr'><strong>id</strong></span> <span class='ocrx_word' id='word_1_506' title='bbox 1057 4820 1159 4873; x_wconf 87' lang='lat' dir='ltr'><strong>est,</strong></span> <span class='ocrx_word' id='word_1_507' title='bbox 1211 4811 1689 4881; x_wconf 78' lang='lat' dir='ltr'><strong>seettntlutnqttod</strong></span> <span class='ocrx_word' id='word_1_508' title='bbox 1740 4828 1931 4881; x_wconf 84' lang='lat' dir='ltr'><strong>magna</strong></span> 
     </span>
    </p>
   </div>
   <div class='ocr_carea' id='block_1_67' title="bbox 345 4880 1931 4955">
    <p class='ocr_par' dir='ltr' id='par_1_67' title="bbox 345 4880 1931 4955">
     <span class='ocr_line' id='line_1_68' title="bbox 345 4880 1931 4955; baseline -0.002 -15"><span class='ocrx_word' id='word_1_509' title='bbox 345 4897 429 4942; x_wconf 88' lang='grc' dir='ltr'><strong>εει</strong></span> <span class='ocrx_word' id='word_1_510' title='bbox 457 4888 685 4955; x_wconf 86' lang='lat' dir='ltr'><strong>potentia</strong></span> <span class='ocrx_word' id='word_1_511' title='bbox 721 4894 829 4950; x_wconf 90' lang='lat' dir='ltr'><strong>tua,</strong></span> <span class='ocrx_word' id='word_1_512' title='bbox 871 4884 1095 4947; x_wconf 85' lang='lat' dir='ltr'><strong>scilicet,</strong></span> <span class='ocrx_word' id='word_1_513' title='bbox 1138 4892 1195 4937; x_wconf 87' lang='lat' dir='ltr'><strong>ut</strong></span> <span class='ocrx_word' id='word_1_514' title='bbox 1230 4896 1337 4933; x_wconf 88' lang='lat' dir='ltr'><strong>non</strong></span> <span class='ocrx_word' id='word_1_515' title='bbox 1371 4891 1474 4933; x_wconf 89' lang='lat' dir='ltr'><strong>tam</strong></span> <span class='ocrx_word' id='word_1_516' title='bbox 1506 4880 1810 4955; x_wconf 83' lang='lat' dir='ltr'><strong>deterreant</strong></span> <span class='ocrx_word' id='word_1_517' title='bbox 1838 4880 1931 4937; x_wconf 85' lang='lat' dir='ltr'><strong>eos</strong></span> 
     </span>
    </p>
   </div>
   <div class='ocr_carea' id='block_1_68' title="bbox 347 4953 1933 5029">
    <p class='ocr_par' dir='ltr' id='par_1_68' title="bbox 347 4953 1933 5029">
     <span class='ocr_line' id='line_1_69' title="bbox 347 4953 1933 5029; baseline -0.004 -17"><span class='ocrx_word' id='word_1_518' title='bbox 347 4953 525 5029; x_wconf 63' lang='lat' dir='ltr'><strong>poena:</strong></span> <span class='ocrx_word' id='word_1_519' title='bbox 575 4959 807 5019; x_wconf 88' lang='lat' dir='ltr'><strong>illorum,</strong></span> <span class='ocrx_word' id='word_1_520' title='bbox 866 4962 1123 5029; x_wconf 80' lang='lat' dir='ltr'><strong>quantum</strong></span> <span class='ocrx_word' id='word_1_521' title='bbox 1184 4955 1405 5029; x_wconf 75' lang='lat' dir='ltr'><strong>incitent</strong></span> <span class='ocrx_word' id='word_1_522' title='bbox 1457 4966 1549 5029; x_wconf 84' lang='lat' dir='ltr'><strong>eos</strong></span> <span class='ocrx_word' id='word_1_523' title='bbox 1598 4953 1677 5029; x_wconf 87' lang='lat' dir='ltr'><strong>_a_d</strong></span> <span class='ocrx_word' id='word_1_524' title='bbox 1720 4955 1933 5007; x_wconf 88' lang='lat' dir='ltr'><strong>imitan-</strong></span> 
     </span>
    </p>
   </div>
   <div class='ocr_carea' id='block_1_69' title="bbox 352 5022 1935 5095">
    <p class='ocr_par' dir='ltr' id='par_1_69' title="bbox 352 5022 1935 5095">
     <span class='ocr_line' id='line_1_70' title="bbox 352 5022 1935 5095; baseline -0.003 -13"><span class='ocrx_word' id='word_1_525' title='bbox 352 5022 478 5083; x_wconf 70' lang='lat' dir='ltr'><strong>ilum</strong></span> <span class='ocrx_word' id='word_1_526' title='bbox 509 5042 721 5081; x_wconf 72' lang='lat' dir='ltr'><strong>corona:</strong></span> <span class='ocrx_word' id='word_1_527' title='bbox 755 5022 1011 5095; x_wconf 78' lang='lat' dir='ltr'><strong>ipsorum.</strong></span> <span class='ocrx_word' id='word_1_528' title='bbox 1056 5024 1121 5076; x_wconf 76' lang='lat' dir='ltr'><strong>Et</strong></span> <span class='ocrx_word' id='word_1_529' title='bbox 1149 5024 1323 5078; x_wconf 74' lang='lat' dir='ltr'><strong>vicinis</strong></span> <span class='ocrx_word' id='word_1_530' title='bbox 1354 5024 1561 5089; x_wconf 87' lang='lat' dir='ltr'><strong>nostris,</strong></span> <span class='ocrx_word' id='word_1_531' title='bbox 1598 5022 1649 5076; x_wconf 88' lang='lat' dir='ltr'><strong>id</strong></span> <span class='ocrx_word' id='word_1_532' title='bbox 1678 5034 1781 5090; x_wconf 92' lang='lat' dir='ltr'><strong>est,</strong></span> <span class='ocrx_word' id='word_1_533' title='bbox 1817 5040 1935 5093; x_wconf 87' lang='lat' dir='ltr'><strong>per-</strong></span> 
     </span>
    </p>
   </div>
   <div class='ocr_carea' id='block_1_70' title="bbox 352 5096 1933 5163">
    <p class='ocr_par' dir='ltr' id='par_1_70' title="bbox 352 5096 1933 5163">
     <span class='ocr_line' id='line_1_71' title="bbox 352 5096 1933 5163; baseline -0.004 -8"><span class='ocrx_word' id='word_1_534' title='bbox 352 5100 689 5155; x_wconf 83' lang='lat' dir='ltr'><strong>secutoribus</strong></span> <span class='ocrx_word' id='word_1_535' title='bbox 735 5098 947 5162; x_wconf 87' lang='lat' dir='ltr'><strong>nostris,</strong></span> <span class='ocrx_word' id='word_1_536' title='bbox 980 5098 1158 5161; x_wconf 83' lang='lat' dir='ltr'><strong>redde,</strong></span> <span class='ocrx_word' id='word_1_537' title='bbox 1190 5112 1221 5148; x_wconf 93' lang='lat' dir='ltr'><strong>o</strong></span> <span class='ocrx_word' id='word_1_538' title='bbox 1257 5096 1496 5161; x_wconf 84' lang='lat' dir='ltr'><strong>Domine,</strong></span> <span class='ocrx_word' id='word_1_539' title='bbox 1546 5097 1933 5163; x_wconf 85' lang='lat' dir='ltr'><strong>improperium,</strong></span> 
     </span>
    </p>
   </div>
   <div class='ocr_carea' id='block_1_71' title="bbox 354 5168 1933 5241">
    <p class='ocr_par' dir='ltr' id='par_1_71' title="bbox 354 5168 1933 5241">
     <span class='ocr_line' id='line_1_72' title="bbox 354 5168 1933 5241; baseline -0.002 -17"><span class='ocrx_word' id='word_1_540' title='bbox 354 5175 488 5241; x_wconf 81' lang='lat' dir='ltr'><strong>quod</strong></span> <span class='ocrx_word' id='word_1_541' title='bbox 531 5169 959 5239; x_wconf 73' lang='lat' dir='ltr'><strong>exprobrauerunt</strong></span> <span class='ocrx_word' id='word_1_542' title='bbox 998 5169 1106 5231; x_wconf 85' lang='lat' dir='ltr'><strong>tibi,</strong></span> <span class='ocrx_word' id='word_1_543' title='bbox 1138 5168 1376 5241; x_wconf 81' lang='lat' dir='ltr'><strong>Domine,</strong></span> <span class='ocrx_word' id='word_1_544' title='bbox 1415 5182 1507 5241; x_wconf 76' lang='lat' dir='ltr'><strong>per</strong></span> <span class='ocrx_word' id='word_1_545' title='bbox 1546 5183 1665 5232; x_wconf 88' lang='lat' dir='ltr'><strong>nos,</strong></span> <span class='ocrx_word' id='word_1_546' title='bbox 1712 5169 1933 5234; x_wconf 70' lang='lat' dir='ltr'><strong>scalicet,</strong></span> 
     </span>
    </p>
   </div>
   <div class='ocr_carea' id='block_1_72' title="bbox 356 5238 1936 5309">
    <p class='ocr_par' dir='ltr' id='par_1_72' title="bbox 356 5238 1936 5309">
     <span class='ocr_line' id='line_1_73' title="bbox 356 5238 1936 5309; baseline -0.003 -12"><span class='ocrx_word' id='word_1_547' title='bbox 356 5238 415 5297; x_wconf 83' lang='lat' dir='ltr'><strong>ut</strong></span> <span class='ocrx_word' id='word_1_548' title='bbox 452 5238 601 5295; x_wconf 83' lang='lat' dir='ltr'><strong>sicut</strong></span> <span class='ocrx_word' id='word_1_549' title='bbox 629 5242 726 5309; x_wconf 87' lang='lat' dir='ltr'><strong>ipsi</strong></span> <span class='ocrx_word' id='word_1_550' title='bbox 760 5254 953 5293; x_wconf 88' lang='lat' dir='ltr'><strong>nomen</strong></span> <span class='ocrx_word' id='word_1_551' title='bbox 1000 5250 1145 5291; x_wconf 88' lang='lat' dir='ltr'><strong>tuum</strong></span> <span class='ocrx_word' id='word_1_552' title='bbox 1185 5240 1235 5291; x_wconf 90' lang='lat' dir='ltr'><strong>in</strong></span> <span class='ocrx_word' id='word_1_553' title='bbox 1267 5238 1419 5289; x_wconf 89' lang='lat' dir='ltr'><strong>nobis</strong></span> <span class='ocrx_word' id='word_1_554' title='bbox 1446 5238 1720 5294; x_wconf 88' lang='lat' dir='ltr'><strong>destruere</strong></span> <span class='ocrx_word' id='word_1_555' title='bbox 1751 5241 1936 5294; x_wconf 86' lang='lat' dir='ltr'><strong>volue-</strong></span> 
     </span>
    </p>
   </div>
   <div class='ocr_carea' id='block_1_73' title="bbox 355 5309 1938 5380">
    <p class='ocr_par' dir='ltr' id='par_1_73' title="bbox 355 5309 1938 5380">
     <span class='ocr_line' id='line_1_74' title="bbox 355 5309 1938 5380; baseline -0.004 -10"><span class='ocrx_word' id='word_1_556' title='bbox 355 5324 501 5377; x_wconf 89' lang='lat' dir='ltr'><strong>runt,</strong></span> <span class='ocrx_word' id='word_1_557' title='bbox 536 5314 604 5367; x_wconf 88' lang='lat' dir='ltr'><strong>ita</strong></span> <span class='ocrx_word' id='word_1_558' title='bbox 638 5313 738 5380; x_wconf 88' lang='lat' dir='ltr'><strong>ipsi</strong></span> <span class='ocrx_word' id='word_1_559' title='bbox 767 5312 1111 5365; x_wconf 86' lang='lat' dir='ltr'><strong>destruantur</strong></span> <span class='ocrx_word' id='word_1_560' title='bbox 1140 5321 1191 5363; x_wconf 91' lang='lat' dir='ltr'><strong>et</strong></span> <span class='ocrx_word' id='word_1_561' title='bbox 1223 5309 1306 5362; x_wconf 80' lang='lat' dir='ltr'><strong>hic</strong></span> <span class='ocrx_word' id='word_1_562' title='bbox 1334 5315 1394 5380; x_wconf 11' lang='lat' dir='ltr'><strong>et,</strong></span> <span class='ocrx_word' id='word_1_563' title='bbox 1430 5312 1481 5361; x_wconf 93' lang='lat' dir='ltr'><strong>in</strong></span> <span class='ocrx_word' id='word_1_564' title='bbox 1514 5310 1712 5363; x_wconf 85' lang='lat' dir='ltr'><strong>l&#39;nturo.</strong></span> <span class='ocrx_word' id='word_1_565' title='bbox 1756 5312 1938 5365; x_wconf 76' lang='lat' dir='ltr'><strong>Redde</strong></span> 
     </span>
    </p>
   </div>
   <div class='ocr_carea' id='block_1_74' title="bbox 357 5379 1938 5455">
    <p class='ocr_par' dir='ltr' id='par_1_74' title="bbox 357 5379 1938 5455">
     <span class='ocr_line' id='line_1_75' title="bbox 357 5379 1938 5455; baseline -0.004 -15"><span class='ocrx_word' id='word_1_566' title='bbox 357 5388 436 5440; x_wconf 89' lang='lat' dir='ltr'><strong>eis</strong></span> <span class='ocrx_word' id='word_1_567' title='bbox 466 5384 633 5455; x_wconf 83' lang='lat' dir='ltr'><strong>(dico)</strong></span> <span class='ocrx_word' id='word_1_568' title='bbox 663 5379 1135 5455; x_wconf 73' lang='lat' dir='ltr'><strong>improperiumin</strong></span> <span class='ocrx_word' id='word_1_569' title='bbox 1159 5381 1276 5433; x_wconf 87' lang='lat' dir='ltr'><strong>sinu</strong></span> <span class='ocrx_word' id='word_1_570' title='bbox 1316 5379 1401 5431; x_wconf 82' lang='lat' dir='ltr'><strong>vel</strong></span> <span class='ocrx_word' id='word_1_571' title='bbox 1429 5381 1657 5455; x_wconf 83' lang='lat' dir='ltr'><strong>occulte,</strong></span> <span class='ocrx_word' id='word_1_572' title='bbox 1686 5384 1804 5449; x_wconf 82' lang='lat' dir='ltr'><strong>quia</strong></span> <span class='ocrx_word' id='word_1_573' title='bbox 1840 5382 1938 5451; x_wconf 87' lang='lat' dir='ltr'><strong>ipsi</strong></span> 
     </span>
    </p>
   </div>
   <div class='ocr_carea' id='block_1_75' title="bbox 357 5450 1942 5525">
    <p class='ocr_par' dir='ltr' id='par_1_75' title="bbox 357 5450 1942 5525">
     <span class='ocr_line' id='line_1_76' title="bbox 357 5450 1942 5525; baseline -0.003 -14"><span class='ocrx_word' id='word_1_574' title='bbox 357 5450 933 5525; x_wconf 62' lang='lat' dir='ltr'><strong>tgtto&#39;rantutrutttque,</strong></span> <span class='ocrx_word' id='word_1_575' title='bbox 975 5452 1201 5513; x_wconf 88' lang='lat' dir='ltr'><strong>scilicet,</strong></span> <span class='ocrx_word' id='word_1_576' title='bbox 1243 5458 1295 5525; x_wconf 83' lang='lat' dir='ltr'><strong>et</strong></span> <span class='ocrx_word' id='word_1_577' title='bbox 1332 5464 1392 5503; x_wconf 89' lang='lat' dir='ltr'><strong>se</strong></span> <span class='ocrx_word' id='word_1_578' title='bbox 1419 5450 1526 5525; x_wconf 76' lang='lat' dir='ltr'><strong>_bi_c</strong></span> <span class='ocrx_word' id='word_1_579' title='bbox 1565 5450 1942 5525; x_wconf 65' lang='lat' dir='ltr'><strong>escagcari,et</strong></span> 
     </span>
    </p>
   </div>
   <div class='ocr_carea' id='block_1_76' title="bbox 361 5521 1938 5591">
    <p class='ocr_par' dir='ltr' id='par_1_76' title="bbox 361 5521 1938 5591">
     <span class='ocr_line' id='line_1_77' title="bbox 361 5521 1938 5591; baseline -0.003 -10"><span class='ocrx_word' id='word_1_580' title='bbox 361 5521 575 5583; x_wconf 69' lang='lat' dir='ltr'><strong>tandem</strong></span> <span class='ocrx_word' id='word_1_581' title='bbox 625 5528 677 5579; x_wconf 88' lang='lat' dir='ltr'><strong>in</strong></span> <span class='ocrx_word' id='word_1_582' title='bbox 722 5533 977 5578; x_wconf 79' lang='lat' dir='ltr'><strong>aeternum</strong></span> <span class='ocrx_word' id='word_1_583' title='bbox 1023 5523 1301 5586; x_wconf 86' lang='lat' dir='ltr'><strong>damnari;</strong></span> <span class='ocrx_word' id='word_1_584' title='bbox 1350 5522 1434 5575; x_wconf 81' lang='lat' dir='ltr'><strong>vel</strong></span> <span class='ocrx_word' id='word_1_585' title='bbox 1486 5522 1537 5574; x_wconf 88' lang='lat' dir='ltr'><strong>in</strong></span> <span class='ocrx_word' id='word_1_586' title='bbox 1582 5521 1721 5585; x_wconf 85' lang='lat' dir='ltr'><strong>sinu,</strong></span> <span class='ocrx_word' id='word_1_587' title='bbox 1756 5526 1806 5577; x_wconf 89' lang='lat' dir='ltr'><strong>id</strong></span> <span class='ocrx_word' id='word_1_588' title='bbox 1836 5532 1938 5591; x_wconf 86' lang='lat' dir='ltr'><strong>est,</strong></span> 
     </span>
    </p>
   </div>
   <div class='ocr_carea' id='block_1_77' title="bbox 372 5593 1937 5664">
    <p class='ocr_par' dir='ltr' id='par_1_77' title="bbox 372 5593 1937 5664">
     <span class='ocr_line' id='line_1_78' title="bbox 372 5593 1937 5664; baseline -0.004 -10"><span class='ocrx_word' id='word_1_589' title='bbox 372 5602 615 5661; x_wconf 82' lang='lat' dir='ltr'><strong>lirntiter,</strong></span> <span class='ocrx_word' id='word_1_590' title='bbox 645 5598 783 5651; x_wconf 87' lang='lat' dir='ltr'><strong>sicut</strong></span> <span class='ocrx_word' id='word_1_591' title='bbox 824 5596 948 5649; x_wconf 87' lang='lat' dir='ltr'><strong>illud</strong></span> <span class='ocrx_word' id='word_1_592' title='bbox 980 5595 1121 5664; x_wconf 88' lang='lat' dir='ltr'><strong>quod</strong></span> <span class='ocrx_word' id='word_1_593' title='bbox 1170 5596 1393 5646; x_wconf 79' lang='lat' dir='ltr'><strong>habetur</strong></span> <span class='ocrx_word' id='word_1_594' title='bbox 1424 5593 1648 5646; x_wconf 85' lang='lat' dir='ltr'><strong>lirtuiler</strong></span> <span class='ocrx_word' id='word_1_595' title='bbox 1694 5596 1937 5648; x_wconf 80' lang='lat' dir='ltr'><strong>habetur.</strong></span> 
     </span>
    </p>
   </div>
   <div class='ocr_carea' id='block_1_78' title="bbox 367 5666 1939 5738">
    <p class='ocr_par' dir='ltr' id='par_1_78' title="bbox 367 5666 1939 5738">
     <span class='ocr_line' id='line_1_79' title="bbox 367 5666 1939 5738; baseline -0.004 -12"><span class='ocrx_word' id='word_1_596' title='bbox 367 5672 435 5726; x_wconf 71' lang='lat' dir='ltr'><strong>Et</strong></span> <span class='ocrx_word' id='word_1_597' title='bbox 466 5672 564 5723; x_wconf 82' lang='lat' dir='ltr'><strong>lioc</strong></span> <span class='ocrx_word' id='word_1_598' title='bbox 596 5669 905 5738; x_wconf 85' lang='lat' dir='ltr'><strong>septuplum,</strong></span> <span class='ocrx_word' id='word_1_599' title='bbox 941 5668 991 5720; x_wconf 90' lang='lat' dir='ltr'><strong>id</strong></span> <span class='ocrx_word' id='word_1_600' title='bbox 1020 5674 1122 5730; x_wconf 81' lang='lat' dir='ltr'><strong>est,</strong></span> <span class='ocrx_word' id='word_1_601' title='bbox 1154 5675 1207 5719; x_wconf 88' lang='lat' dir='ltr'><strong>et</strong></span> <span class='ocrx_word' id='word_1_602' title='bbox 1238 5668 1287 5718; x_wconf 89' lang='lat' dir='ltr'><strong>in</strong></span> <span class='ocrx_word' id='word_1_603' title='bbox 1314 5678 1540 5731; x_wconf 85' lang='lat' dir='ltr'><strong>corpore</strong></span> <span class='ocrx_word' id='word_1_604' title='bbox 1568 5673 1620 5717; x_wconf 90' lang='lat' dir='ltr'><strong>et</strong></span> <span class='ocrx_word' id='word_1_605' title='bbox 1663 5666 1712 5717; x_wconf 90' lang='lat' dir='ltr'><strong>in</strong></span> <span class='ocrx_word' id='word_1_606' title='bbox 1744 5682 1939 5721; x_wconf 83' lang='lat' dir='ltr'><strong>anima.</strong></span> 
     </span>
    </p>
   </div>
   <div class='ocr_carea' id='block_1_79' title="bbox 368 5739 1945 5810">
    <p class='ocr_par' dir='ltr' id='par_1_79' title="bbox 368 5739 1945 5810">
     <span class='ocr_line' id='line_1_80' title="bbox 368 5739 1945 5810; baseline -0.005 -11"><span class='ocrx_word' id='word_1_607' title='bbox 368 5742 718 5810; x_wconf 83' lang='lat' dir='ltr'><strong>Septenarius</strong></span> <span class='ocrx_word' id='word_1_608' title='bbox 766 5742 908 5810; x_wconf 87' lang='lat' dir='ltr'><strong>enim</strong></span> <span class='ocrx_word' id='word_1_609' title='bbox 949 5751 1202 5810; x_wconf 86' lang='lat' dir='ltr'><strong>numerus</strong></span> <span class='ocrx_word' id='word_1_610' title='bbox 1249 5744 1461 5810; x_wconf 84' lang='lat' dir='ltr'><strong>constat</strong></span> <span class='ocrx_word' id='word_1_611' title='bbox 1506 5751 1576 5810; x_wconf 83' lang='lat' dir='ltr'><strong>ex_</strong></span> <span class='ocrx_word' id='word_1_612' title='bbox 1604 5739 1836 5810; x_wconf 78' lang='lat' dir='ltr'><strong>ternario</strong></span> <span class='ocrx_word' id='word_1_613' title='bbox 1889 5746 1945 5793; x_wconf 92' lang='grc' dir='ltr'><strong>ει</strong></span> 
     </span>
    </p>
   </div>
   <div class='ocr_carea' id='block_1_80' title="bbox 367 5807 1940 5885">
    <p class='ocr_par' dir='ltr' id='par_1_80' title="bbox 367 5807 1940 5885">
     <span class='ocr_line' id='line_1_81' title="bbox 367 5807 1940 5885; baseline -0.003 -16"><span class='ocrx_word' id='word_1_614' title='bbox 367 5807 730 5885; x_wconf 78' lang='lat' dir='ltr'><strong>quaternario.</strong></span> <span class='ocrx_word' id='word_1_615' title='bbox 777 5809 843 5865; x_wconf 82' lang='lat' dir='ltr'><strong>Et</strong></span> <span class='ocrx_word' id='word_1_616' title='bbox 884 5808 1147 5867; x_wconf 82' lang='lat' dir='ltr'><strong>tertiarius</strong></span> <span class='ocrx_word' id='word_1_617' title='bbox 1186 5808 1400 5877; x_wconf 88' lang='lat' dir='ltr'><strong>quidem</strong></span> <span class='ocrx_word' id='word_1_618' title='bbox 1445 5807 1674 5877; x_wconf 87' lang='lat' dir='ltr'><strong>pertinet</strong></span> <span class='ocrx_word' id='word_1_619' title='bbox 1711 5809 1779 5864; x_wconf 87' lang='lat' dir='ltr'><strong>ad</strong></span> <span class='ocrx_word' id='word_1_620' title='bbox 1825 5811 1940 5865; x_wconf 90' lang='lat' dir='ltr'><strong>ani-</strong></span> 
     </span>
    </p>
   </div>
   <div class='ocr_carea' id='block_1_81' title="bbox 1999 475 3585 545">
    <p class='ocr_par' dir='ltr' id='par_1_81' title="bbox 1999 475 3585 545">
     <span class='ocr_line' id='line_1_82' title="bbox 1999 475 3585 545; baseline 0.002 -13"><span class='ocrx_word' id='word_1_621' title='bbox 1999 480 2220 545; x_wconf 84' lang='lat' dir='ltr'><strong>scilicet,</strong></span> <span class='ocrx_word' id='word_1_622' title='bbox 2249 478 2682 541; x_wconf 86' lang='lat' dir='ltr'><strong>irascibilitatem,</strong></span> <span class='ocrx_word' id='word_1_623' title='bbox 2733 475 3307 544; x_wconf 80' lang='lat' dir='ltr'><strong>concupiscibilitatem</strong></span> <span class='ocrx_word' id='word_1_624' title='bbox 3334 487 3390 534; x_wconf 86' lang='lat' dir='ltr'><strong>et</strong></span> <span class='ocrx_word' id='word_1_625' title='bbox 3415 480 3585 535; x_wconf 89' lang='lat' dir='ltr'><strong>ratio-</strong></span> 
     </span>
    </p>
   </div>
   <div class='ocr_carea' id='block_1_82' title="bbox 2000 546 3576 617">
    <p class='ocr_par' dir='ltr' id='par_1_82' title="bbox 2000 546 3576 617">
     <span class='ocr_line' id='line_1_83' title="bbox 2000 546 3576 617; baseline 0.001 -14"><span class='ocrx_word' id='word_1_626' title='bbox 2000 549 2347 603; x_wconf 88' lang='lat' dir='ltr'><strong>nabilitatem.</strong></span> <span class='ocrx_word' id='word_1_627' title='bbox 2396 546 2776 615; x_wconf 86' lang='lat' dir='ltr'><strong>Quaternarius</strong></span> <span class='ocrx_word' id='word_1_628' title='bbox 2826 547 3057 615; x_wconf 89' lang='lat' dir='ltr'><strong>pertinet</strong></span> <span class='ocrx_word' id='word_1_629' title='bbox 3102 548 3166 601; x_wconf 91' lang='lat' dir='ltr'><strong>ad</strong></span> <span class='ocrx_word' id='word_1_630' title='bbox 3198 562 3417 617; x_wconf 90' lang='lat' dir='ltr'><strong>corpus,</strong></span> <span class='ocrx_word' id='word_1_631' title='bbox 3447 563 3576 616; x_wconf 85' lang='lat' dir='ltr'><strong>pro-</strong></span> 
     </span>
    </p>
   </div>
   <div class='ocr_carea' id='block_1_83' title="bbox 2001 617 3587 689">
    <p class='ocr_par' dir='ltr' id='par_1_83' title="bbox 2001 617 3587 689">
     <span class='ocr_line' id='line_1_84' title="bbox 2001 617 3587 689; baseline 0.002 -16"><span class='ocrx_word' id='word_1_632' title='bbox 2001 630 2119 689; x_wconf 87' lang='lat' dir='ltr'><strong>pter</strong></span> <span class='ocrx_word' id='word_1_633' title='bbox 2167 630 2394 687; x_wconf 84' lang='lat' dir='ltr'><strong>quatuor</strong></span> <span class='ocrx_word' id='word_1_634' title='bbox 2443 618 2841 689; x_wconf 37' lang='lat' dir='ltr'><strong>elementatcx</strong></span> <span class='ocrx_word' id='word_1_635' title='bbox 2884 617 3091 689; x_wconf 74' lang='lat' dir='ltr'><strong>quibus</strong></span> <span class='ocrx_word' id='word_1_636' title='bbox 3125 628 3353 674; x_wconf 85' lang='lat' dir='ltr'><strong>constat.</strong></span> <span class='ocrx_word' id='word_1_637' title='bbox 3402 620 3587 676; x_wconf 86' lang='lat' dir='ltr'><strong>Potest</strong></span> 
     </span>
    </p>
   </div>
   <div class='ocr_carea' id='block_1_84' title="bbox 2003 687 3586 761">
    <p class='ocr_par' dir='ltr' id='par_1_84' title="bbox 2003 687 3586 761">
     <span class='ocr_line' id='line_1_85' title="bbox 2003 687 3586 761; baseline 0 -16"><span class='ocrx_word' id='word_1_638' title='bbox 2003 687 2163 745; x_wconf 81' lang='lat' dir='ltr'><strong>etiam</strong></span> <span class='ocrx_word' id='word_1_639' title='bbox 2197 692 2250 743; x_wconf 93' lang='lat' dir='ltr'><strong>in</strong></span> <span class='ocrx_word' id='word_1_640' title='bbox 2278 692 2418 745; x_wconf 90' lang='lat' dir='ltr'><strong>bono</strong></span> <span class='ocrx_word' id='word_1_641' title='bbox 2442 688 2546 743; x_wconf 78' lang='lat' dir='ltr'><strong>dici</strong></span> <span class='ocrx_word' id='word_1_642' title='bbox 2576 689 2651 761; x_wconf 84' lang='lat' dir='ltr'><strong>sic</strong></span> <span class='ocrx_word' id='word_1_643' title='bbox 2682 706 2692 739; x_wconf 92' lang='lat'>:</span> <span class='ocrx_word' id='word_1_644' title='bbox 2726 687 2903 761; x_wconf 80' lang='lat' dir='ltr'><strong>Redde</strong></span> <span class='ocrx_word' id='word_1_645' title='bbox 2943 687 3120 741; x_wconf 86' lang='lat' dir='ltr'><strong>uicinis</strong></span> <span class='ocrx_word' id='word_1_646' title='bbox 3150 692 3338 761; x_wconf 88' lang='lat' dir='ltr'><strong>nostris</strong></span> <span class='ocrx_word' id='word_1_647' title='bbox 3388 691 3586 761; x_wconf 82' lang='lat' dir='ltr'><strong>impro-</strong></span> 
     </span>
    </p>
   </div>
   <div class='ocr_carea' id='block_1_85' title="bbox 2002 759 3591 833">
    <p class='ocr_par' dir='ltr' id='par_1_85' title="bbox 2002 759 3591 833">
     <span class='ocr_line' id='line_1_86' title="bbox 2002 759 3591 833; baseline 0.001 -18"><span class='ocrx_word' id='word_1_648' title='bbox 2002 762 2201 833; x_wconf 88' lang='lat' dir='ltr'><strong>perium</strong></span> <span class='ocrx_word' id='word_1_649' title='bbox 2226 761 2472 831; x_wconf 87' lang='lat' dir='ltr'><strong>ipsorum.</strong></span> <span class='ocrx_word' id='word_1_650' title='bbox 2502 760 2641 833; x_wconf 82' lang='lat' dir='ltr'><strong>quod</strong></span> <span class='ocrx_word' id='word_1_651' title='bbox 2671 759 3106 833; x_wconf 73' lang='lat' dir='ltr'><strong>exprobrauerunt</strong></span> <span class='ocrx_word' id='word_1_652' title='bbox 3136 760 3245 833; x_wconf 78' lang='lat' dir='ltr'><strong>tibi,</strong></span> <span class='ocrx_word' id='word_1_653' title='bbox 3271 760 3323 815; x_wconf 90' lang='lat' dir='ltr'><strong>id</strong></span> <span class='ocrx_word' id='word_1_654' title='bbox 3352 759 3468 826; x_wconf 67' lang='lat' dir='ltr'><strong>est,</strong></span> <span class='ocrx_word' id='word_1_655' title='bbox 3487 762 3591 833; x_wconf 74' lang='lat' dir='ltr'><strong>huc</strong></span> 
     </span>
    </p>
   </div>
   <div class='ocr_carea' id='block_1_86' title="bbox 2002 829 3590 901">
    <p class='ocr_par' dir='ltr' id='par_1_86' title="bbox 2002 829 3590 901">
     <span class='ocr_line' id='line_1_87' title="bbox 2002 829 3590 901; baseline 0.002 -16"><span class='ocrx_word' id='word_1_656' title='bbox 2002 829 2144 901; x_wconf 85' lang='lat' dir='ltr'><strong>quod</strong></span> <span class='ocrx_word' id='word_1_657' title='bbox 2191 829 2383 886; x_wconf 85' lang='lat' dir='ltr'><strong>numen</strong></span> <span class='ocrx_word' id='word_1_658' title='bbox 2414 842 2559 885; x_wconf 92' lang='lat' dir='ltr'><strong>tuum</strong></span> <span class='ocrx_word' id='word_1_659' title='bbox 2610 830 2661 885; x_wconf 92' lang='lat' dir='ltr'><strong>in</strong></span> <span class='ocrx_word' id='word_1_660' title='bbox 2694 829 2847 884; x_wconf 90' lang='lat' dir='ltr'><strong>nobis</strong></span> <span class='ocrx_word' id='word_1_661' title='bbox 2876 830 3057 885; x_wconf 84' lang='lat' dir='ltr'><strong>delere</strong></span> <span class='ocrx_word' id='word_1_662' title='bbox 3086 830 3390 901; x_wconf 73' lang='lat' dir='ltr'><strong>voluerunt,</strong></span> <span class='ocrx_word' id='word_1_663' title='bbox 3423 832 3590 888; x_wconf 86' lang='lat' dir='ltr'><strong>redde</strong></span> 
     </span>
    </p>
   </div>
   <div class='ocr_carea' id='block_1_87' title="bbox 2006 900 3590 972">
    <p class='ocr_par' dir='ltr' id='par_1_87' title="bbox 2006 900 3590 972">
     <span class='ocr_line' id='line_1_88' title="bbox 2006 900 3590 972; baseline 0.001 -16"><span class='ocrx_word' id='word_1_664' title='bbox 2006 900 2435 972; x_wconf 83' lang='lat' dir='ltr'><strong>persecutoribus</strong></span> <span class='ocrx_word' id='word_1_665' title='bbox 2464 901 2660 955; x_wconf 89' lang='lat' dir='ltr'><strong>nostris</strong></span> <span class='ocrx_word' id='word_1_666' title='bbox 2679 901 2737 972; x_wconf 86' lang='lat' dir='ltr'><strong>in</strong></span> <span class='ocrx_word' id='word_1_667' title='bbox 2758 901 2873 955; x_wconf 87' lang='lat' dir='ltr'><strong>sinu</strong></span> <span class='ocrx_word' id='word_1_668' title='bbox 2896 915 3081 955; x_wconf 91' lang='lat' dir='ltr'><strong>eorum</strong></span> <span class='ocrx_word' id='word_1_669' title='bbox 3099 941 3129 972; x_wconf 25' lang='grc' dir='ltr'>,Δ</span> <span class='ocrx_word' id='word_1_670' title='bbox 3164 900 3214 955; x_wconf 91' lang='lat' dir='ltr'><strong>id</strong></span> <span class='ocrx_word' id='word_1_671' title='bbox 3238 911 3321 957; x_wconf 88' lang='lat' dir='ltr'><strong>est</strong></span> <span class='ocrx_word' id='word_1_672' title='bbox 3339 944 3356 970; x_wconf 95' lang='lat'><strong>,</strong></span> <span class='ocrx_word' id='word_1_673' title='bbox 3384 903 3434 956; x_wconf 92' lang='lat' dir='ltr'><strong>in</strong></span> <span class='ocrx_word' id='word_1_674' title='bbox 3467 904 3590 957; x_wconf 85' lang='lat' dir='ltr'><strong>ani-</strong></span> 
     </span>
    </p>
   </div>
   <div class='ocr_carea' id='block_1_88' title="bbox 2003 969 3588 1043">
    <p class='ocr_par' dir='ltr' id='par_1_88' title="bbox 2003 969 3588 1043">
     <span class='ocr_line' id='line_1_89' title="bbox 2003 969 3588 1043; baseline 0.003 -18"><span class='ocrx_word' id='word_1_675' title='bbox 2003 969 2115 1043; x_wconf 71' lang='lat' dir='ltr'><strong>ina,</strong></span> <span class='ocrx_word' id='word_1_676' title='bbox 2139 980 2195 1026; x_wconf 92' lang='lat' dir='ltr'><strong>et</strong></span> <span class='ocrx_word' id='word_1_677' title='bbox 2215 976 2317 1027; x_wconf 88' lang='lat' dir='ltr'><strong>hoc</strong></span> <span class='ocrx_word' id='word_1_678' title='bbox 2333 973 2642 1043; x_wconf 85' lang='lat' dir='ltr'><strong>sepluplum,</strong></span> <span class='ocrx_word' id='word_1_679' title='bbox 2676 971 2725 1025; x_wconf 92' lang='lat' dir='ltr'><strong>id</strong></span> <span class='ocrx_word' id='word_1_680' title='bbox 2748 979 2832 1043; x_wconf 81' lang='lat' dir='ltr'><strong>est</strong></span> <span class='ocrx_word' id='word_1_681' title='bbox 2855 985 2948 1043; x_wconf 89' lang='lat' dir='ltr'><strong>per</strong></span> <span class='ocrx_word' id='word_1_682' title='bbox 2964 969 3347 1043; x_wconf 42' lang='lat' dir='ltr'><strong>septiformem&#39;</strong></span> <span class='ocrx_word' id='word_1_683' title='bbox 3361 974 3588 1042; x_wconf 79' lang='lat' dir='ltr'><strong>gratiam</strong></span> 
     </span>
    </p>
   </div>
   <div class='ocr_carea' id='block_1_89' title="bbox 2006 1041 3594 1110">
    <p class='ocr_par' dir='ltr' id='par_1_89' title="bbox 2006 1041 3594 1110">
     <span class='ocr_line' id='line_1_90' title="bbox 2006 1041 3594 1110; baseline 0 -13"><span class='ocrx_word' id='word_1_684' title='bbox 2006 1042 2235 1110; x_wconf 83' lang='lat' dir='ltr'><strong>Spiritus</strong></span> <span class='ocrx_word' id='word_1_685' title='bbox 2264 1041 2454 1105; x_wconf 80' lang='lat' dir='ltr'><strong>sancti,</strong></span> <span class='ocrx_word' id='word_1_686' title='bbox 2482 1041 2710 1104; x_wconf 81' lang='lat' dir='ltr'><strong>Scilicet,</strong></span> <span class='ocrx_word' id='word_1_687' title='bbox 2745 1041 2817 1095; x_wconf 86' lang='lat' dir='ltr'><strong>ita</strong></span> <span class='ocrx_word' id='word_1_688' title='bbox 2849 1042 3014 1097; x_wconf 90' lang='lat' dir='ltr'><strong>redde</strong></span> <span class='ocrx_word' id='word_1_689' title='bbox 3040 1041 3140 1104; x_wconf 89' lang='lat' dir='ltr'><strong>eis,</strong></span> <span class='ocrx_word' id='word_1_690' title='bbox 3165 1041 3594 1105; x_wconf 86' lang='lat' dir='ltr'><strong>ut,-illumiuatis</strong></span> 
     </span>
    </p>
   </div>
   <div class='ocr_carea' id='block_1_90' title="bbox 2007 1112 3590 1182">
    <p class='ocr_par' dir='ltr' id='par_1_90' title="bbox 2007 1112 3590 1182">
     <span class='ocr_line' id='line_1_91' title="bbox 2007 1112 3590 1182; baseline -0.001 -13"><span class='ocrx_word' id='word_1_691' title='bbox 2007 1114 2259 1169; x_wconf 91' lang='lat' dir='ltr'><strong>cordibus</strong></span> <span class='ocrx_word' id='word_1_692' title='bbox 2306 1128 2494 1168; x_wconf 89' lang='lat' dir='ltr'><strong>eorum</strong></span> <span class='ocrx_word' id='word_1_693' title='bbox 2544 1112 2842 1182; x_wconf 83' lang='lat' dir='ltr'><strong>septiformi</strong></span> <span class='ocrx_word' id='word_1_694' title='bbox 2899 1112 3063 1176; x_wconf 75' lang='lat' dir='ltr'><strong>gratia</strong></span> <span class='ocrx_word' id='word_1_695' title='bbox 3114 1112 3342 1182; x_wconf 88' lang='lat' dir='ltr'><strong>Spiritus</strong></span> <span class='ocrx_word' id='word_1_696' title='bbox 3396 1115 3590 1177; x_wconf 84' lang='lat' dir='ltr'><strong>sancti,</strong></span> 
     </span>
    </p>
   </div>
   <div class='ocr_carea' id='block_1_91' title="bbox 2007 1183 3597 1253">
    <p class='ocr_par' dir='ltr' id='par_1_91' title="bbox 2007 1183 3597 1253">
     <span class='ocr_line' id='line_1_92' title="bbox 2007 1183 3597 1253; baseline 0.003 -16"><span class='ocrx_word' id='word_1_697' title='bbox 2007 1186 2147 1239; x_wconf 89' lang='lat' dir='ltr'><strong>idem</strong></span> <span class='ocrx_word' id='word_1_698' title='bbox 2181 1185 2549 1252; x_wconf 88' lang='lat' dir='ltr'><strong>opprobrium,</strong></span> <span class='ocrx_word' id='word_1_699' title='bbox 2580 1185 2716 1252; x_wconf 87' lang='lat' dir='ltr'><strong>quod</strong></span> <span class='ocrx_word' id='word_1_700' title='bbox 2746 1183 3180 1253; x_wconf 77' lang='lat' dir='ltr'><strong>exprobrauerunt</strong></span> <span class='ocrx_word' id='word_1_701' title='bbox 3211 1185 3301 1239; x_wconf 89' lang='lat' dir='ltr'><strong>tibi</strong></span> <span class='ocrx_word' id='word_1_702' title='bbox 3332 1185 3385 1240; x_wconf 90' lang='lat' dir='ltr'><strong>in</strong></span> <span class='ocrx_word' id='word_1_703' title='bbox 3416 1185 3597 1253; x_wconf 74' lang='lat' dir='ltr'><strong>nobis.</strong></span> 
     </span>
    </p>
   </div>
   <div class='ocr_carea' id='block_1_92' title="bbox 2010 1254 2663 1326">
    <p class='ocr_par' dir='ltr' id='par_1_92' title="bbox 2010 1254 2663 1326">
     <span class='ocr_line' id='line_1_93' title="bbox 2010 1254 2663 1326; baseline -0.003 -17"><span class='ocrx_word' id='word_1_704' title='bbox 2010 1256 2107 1326; x_wconf 87' lang='lat' dir='ltr'><strong>ipsi</strong></span> <span class='ocrx_word' id='word_1_705' title='bbox 2124 1257 2408 1326; x_wconf 89' lang='lat' dir='ltr'><strong>patiantur</strong></span> <span class='ocrx_word' id='word_1_706' title='bbox 2436 1254 2504 1309; x_wconf 88' lang='lat' dir='ltr'><strong>ab</strong></span> <span class='ocrx_word' id='word_1_707' title='bbox 2525 1255 2663 1326; x_wconf 87' lang='lat' dir='ltr'><strong>aliis.</strong></span> 
     </span>
    </p>
   </div>
   <div class='ocr_carea' id='block_1_93' title="bbox 1996 1325 3593 1401">
    <p class='ocr_par' dir='ltr' id='par_1_93' title="bbox 1996 1325 3593 1401">
     <span class='ocr_line' id='line_1_94' title="bbox 1996 1325 3593 1401; baseline 0.001 -22"><span class='ocrx_word' id='word_1_708' title='bbox 1996 1325 2043 1401; x_wconf 39' lang='lat' dir='ltr'><strong>ﬁ.</strong></span> <span class='ocrx_word' id='word_1_709' title='bbox 2084 1325 2194 1401; x_wconf 53' lang='lat' dir='ltr'><strong>Dios</strong></span> <span class='ocrx_word' id='word_1_710' title='bbox 2213 1337 2382 1381; x_wconf 84' lang='lat' dir='ltr'><strong>autem</strong></span> <span class='ocrx_word' id='word_1_711' title='bbox 2404 1325 2792 1401; x_wconf 77' lang='lat' dir='ltr'><strong>populustuus.</strong></span> <span class='ocrx_word' id='word_1_712' title='bbox 2824 1325 2935 1401; x_wconf 80' lang='lat' dir='ltr'><strong>Illis</strong></span> <span class='ocrx_word' id='word_1_713' title='bbox 2962 1326 3175 1393; x_wconf 88' lang='lat' dir='ltr'><strong>quidem</strong></span> <span class='ocrx_word' id='word_1_714' title='bbox 3199 1326 3593 1401; x_wconf 79' lang='lat' dir='ltr'><strong>improperium</strong></span> 
     </span>
    </p>
   </div>
   <div class='ocr_carea' id='block_1_94' title="bbox 2008 1395 3595 1467">
    <p class='ocr_par' dir='ltr' id='par_1_94' title="bbox 2008 1395 3595 1467">
     <span class='ocr_line' id='line_1_95' title="bbox 2008 1395 3595 1467; baseline 0.001 -16"><span class='ocrx_word' id='word_1_715' title='bbox 2008 1397 2195 1462; x_wconf 89' lang='lat' dir='ltr'><strong>redde,</strong></span> <span class='ocrx_word' id='word_1_716' title='bbox 2223 1414 2313 1451; x_wconf 90' lang='lat' dir='ltr'><strong>nos</strong></span> <span class='ocrx_word' id='word_1_717' title='bbox 2339 1408 2507 1451; x_wconf 88' lang='lat' dir='ltr'><strong>autem</strong></span> <span class='ocrx_word' id='word_1_718' title='bbox 2538 1395 2729 1465; x_wconf 88' lang='lat' dir='ltr'><strong>quibus</strong></span> <span class='ocrx_word' id='word_1_719' title='bbox 2759 1396 2861 1465; x_wconf 87' lang='lat' dir='ltr'><strong>ipsi</strong></span> <span class='ocrx_word' id='word_1_720' title='bbox 2891 1395 3348 1467; x_wconf 86' lang='lat' dir='ltr'><strong>improperabant,</strong></span> <span class='ocrx_word' id='word_1_721' title='bbox 3379 1395 3433 1453; x_wconf 86' lang='lat' dir='ltr'><strong>et</strong></span> <span class='ocrx_word' id='word_1_722' title='bbox 3458 1412 3595 1466; x_wconf 78' lang='lat' dir='ltr'><strong>quos</strong></span> 
     </span>
    </p>
   </div>
   <div class='ocr_carea' id='block_1_95' title="bbox 2010 1468 3595 1538">
    <p class='ocr_par' dir='ltr' id='par_1_95' title="bbox 2010 1468 3595 1538">
     <span class='ocr_line' id='line_1_96' title="bbox 2010 1468 3595 1538; baseline 0 -16"><span class='ocrx_word' id='word_1_723' title='bbox 2010 1468 2359 1531; x_wconf 76' lang='lat' dir='ltr'><strong>devorabam,</strong></span> <span class='ocrx_word' id='word_1_724' title='bbox 2392 1469 2481 1536; x_wconf 90' lang='lat' dir='ltr'><strong>qui</strong></span> <span class='ocrx_word' id='word_1_725' title='bbox 2520 1482 2705 1522; x_wconf 91' lang='lat' dir='ltr'><strong>sumus</strong></span> <span class='ocrx_word' id='word_1_726' title='bbox 2747 1469 2967 1538; x_wconf 88' lang='lat' dir='ltr'><strong>populus</strong></span> <span class='ocrx_word' id='word_1_727' title='bbox 3009 1479 3148 1536; x_wconf 88' lang='lat' dir='ltr'><strong>tuus,</strong></span> <span class='ocrx_word' id='word_1_728' title='bbox 3194 1468 3289 1522; x_wconf 91' lang='lat' dir='ltr'><strong>tibi</strong></span> <span class='ocrx_word' id='word_1_729' title='bbox 3328 1468 3595 1532; x_wconf 87' lang='lat' dir='ltr'><strong>subditus,</strong></span> 
     </span>
    </p>
   </div>
   <div class='ocr_carea' id='block_1_96' title="bbox 2009 1539 3601 1608">
    <p class='ocr_par' dir='ltr' id='par_1_96' title="bbox 2009 1539 3601 1608">
     <span class='ocr_line' id='line_1_97' title="bbox 2009 1539 3601 1608; baseline 0.001 -15"><span class='ocrx_word' id='word_1_730' title='bbox 2009 1547 2055 1593; x_wconf 90' lang='lat' dir='ltr'><strong>et</strong></span> <span class='ocrx_word' id='word_1_731' title='bbox 2086 1540 2175 1607; x_wconf 90' lang='lat' dir='ltr'><strong>qui</strong></span> <span class='ocrx_word' id='word_1_732' title='bbox 2204 1554 2386 1593; x_wconf 87' lang='lat' dir='ltr'><strong>sumus</strong></span> <span class='ocrx_word' id='word_1_733' title='bbox 2413 1552 2527 1592; x_wconf 85' lang='lat' dir='ltr'><strong>oues</strong></span> <span class='ocrx_word' id='word_1_734' title='bbox 2558 1554 2763 1607; x_wconf 75' lang='lat' dir='ltr'><strong>parcum</strong></span> <span class='ocrx_word' id='word_1_735' title='bbox 2792 1548 2910 1605; x_wconf 79' lang='lat' dir='ltr'><strong>tute,</strong></span> <span class='ocrx_word' id='word_1_736' title='bbox 2948 1539 2997 1592; x_wconf 91' lang='lat' dir='ltr'><strong>id</strong></span> <span class='ocrx_word' id='word_1_737' title='bbox 3026 1548 3129 1601; x_wconf 90' lang='lat' dir='ltr'><strong>est,</strong></span> <span class='ocrx_word' id='word_1_738' title='bbox 3158 1552 3290 1608; x_wconf 90' lang='lat' dir='ltr'><strong>quos</strong></span> <span class='ocrx_word' id='word_1_739' title='bbox 3321 1550 3373 1593; x_wconf 88' lang='lat' dir='ltr'><strong>tu</strong></span> <span class='ocrx_word' id='word_1_740' title='bbox 3404 1540 3601 1608; x_wconf 89' lang='lat' dir='ltr'><strong>pavisti</strong></span> 
     </span>
    </p>
   </div>
   <div class='ocr_carea' id='block_1_97' title="bbox 2010 1608 3600 1678">
    <p class='ocr_par' dir='ltr' id='par_1_97' title="bbox 2010 1608 3600 1678">
     <span class='ocr_line' id='line_1_98' title="bbox 2010 1608 3600 1678; baseline 0 -15"><span class='ocrx_word' id='word_1_741' title='bbox 2010 1609 2371 1678; x_wconf 88' lang='lat' dir='ltr'><strong>spiritualibus</strong></span> <span class='ocrx_word' id='word_1_742' title='bbox 2416 1609 2676 1663; x_wconf 89' lang='lat' dir='ltr'><strong>doctrinis</strong></span> <span class='ocrx_word' id='word_1_743' title='bbox 2713 1618 2767 1663; x_wconf 90' lang='lat' dir='ltr'><strong>et</strong></span> <span class='ocrx_word' id='word_1_744' title='bbox 2798 1609 2961 1665; x_wconf 87' lang='lat' dir='ltr'><strong>sacris</strong></span> <span class='ocrx_word' id='word_1_745' title='bbox 3010 1610 3286 1663; x_wconf 84' lang='lat' dir='ltr'><strong>institutis.</strong></span> <span class='ocrx_word' id='word_1_746' title='bbox 3333 1608 3461 1674; x_wconf 83' lang='lat' dir='ltr'><strong>Nos,</strong></span> <span class='ocrx_word' id='word_1_747' title='bbox 3513 1611 3600 1664; x_wconf 86' lang='lat' dir='ltr'><strong>in-</strong></span> 
     </span>
    </p>
   </div>
   <div class='ocr_carea' id='block_1_98' title="bbox 2012 1679 3601 1748">
    <p class='ocr_par' dir='ltr' id='par_1_98' title="bbox 2012 1679 3601 1748">
     <span class='ocr_line' id='line_1_99' title="bbox 2012 1679 3601 1748; baseline 0.001 -15"><span class='ocrx_word' id='word_1_748' title='bbox 2012 1693 2194 1748; x_wconf 89' lang='lat' dir='ltr'><strong>quam,</strong></span> <span class='ocrx_word' id='word_1_749' title='bbox 2247 1694 2356 1735; x_wconf 90' lang='lat' dir='ltr'><strong>non</strong></span> <span class='ocrx_word' id='word_1_750' title='bbox 2387 1679 2508 1735; x_wconf 90' lang='lat' dir='ltr'><strong>dico</strong></span> <span class='ocrx_word' id='word_1_751' title='bbox 2544 1680 2917 1747; x_wconf 88' lang='lat' dir='ltr'><strong>conliteamur,</strong></span> <span class='ocrx_word' id='word_1_752' title='bbox 2966 1688 3213 1747; x_wconf 88' lang='lat' dir='ltr'><strong>tanquam</strong></span> <span class='ocrx_word' id='word_1_753' title='bbox 3257 1680 3474 1735; x_wconf 91' lang='lat' dir='ltr'><strong>dubium</strong></span> <span class='ocrx_word' id='word_1_754' title='bbox 3508 1682 3601 1745; x_wconf 89' lang='lat' dir='ltr'><strong>sit,</strong></span> 
     </span>
    </p>
   </div>
   <div class='ocr_carea' id='block_1_99' title="bbox 2015 1750 3604 1820">
    <p class='ocr_par' dir='ltr' id='par_1_99' title="bbox 2015 1750 3604 1820">
     <span class='ocr_line' id='line_1_100' title="bbox 2015 1750 3604 1820; baseline 0 -14"><span class='ocrx_word' id='word_1_755' title='bbox 2015 1751 2109 1806; x_wconf 89' lang='lat' dir='ltr'><strong>sed</strong></span> <span class='ocrx_word' id='word_1_756' title='bbox 2163 1766 2256 1818; x_wconf 91' lang='lat' dir='ltr'><strong>pro</strong></span> <span class='ocrx_word' id='word_1_757' title='bbox 2304 1750 2620 1820; x_wconf 7' lang='lat' dir='ltr'><strong>certogdico</strong></span> <span class='ocrx_word' id='word_1_758' title='bbox 2666 1750 2789 1819; x_wconf 92' lang='lat' dir='ltr'><strong>quia</strong></span> <span class='ocrx_word' id='word_1_759' title='bbox 2842 1750 3194 1817; x_wconf 81' lang='lat' dir='ltr'><strong>conﬁtebimur</strong></span> <span class='ocrx_word' id='word_1_760' title='bbox 3247 1751 3356 1816; x_wconf 88' lang='lat' dir='ltr'><strong>tibi,</strong></span> <span class='ocrx_word' id='word_1_761' title='bbox 3408 1752 3532 1820; x_wconf 89' lang='lat' dir='ltr'><strong>quia</strong></span> <span class='ocrx_word' id='word_1_762' title='bbox 3571 1767 3604 1806; x_wconf 90' lang='lat' dir='ltr'><strong>a</strong></span> 
     </span>
    </p>
   </div>
   <div class='ocr_carea' id='block_1_100' title="bbox 2012 1818 3599 1889">
    <p class='ocr_par' dir='ltr' id='par_1_100' title="bbox 2012 1818 3599 1889">
     <span class='ocr_line' id='line_1_101' title="bbox 2012 1818 3599 1889; baseline -0.001 -13"><span class='ocrx_word' id='word_1_763' title='bbox 2012 1820 2169 1877; x_wconf 88' lang='lat' dir='ltr'><strong>laude</strong></span> <span class='ocrx_word' id='word_1_764' title='bbox 2196 1830 2282 1875; x_wconf 91' lang='lat' dir='ltr'><strong>tua</strong></span> <span class='ocrx_word' id='word_1_765' title='bbox 2322 1835 2427 1875; x_wconf 90' lang='lat' dir='ltr'><strong>non</strong></span> <span class='ocrx_word' id='word_1_766' title='bbox 2456 1818 2773 1876; x_wconf 87' lang='lat' dir='ltr'><strong>desistemus</strong></span> <span class='ocrx_word' id='word_1_767' title='bbox 2822 1836 2919 1889; x_wconf 89' lang='lat' dir='ltr'><strong>per</strong></span> <span class='ocrx_word' id='word_1_768' title='bbox 2944 1822 3044 1875; x_wconf 89' lang='lat' dir='ltr'><strong>hoc</strong></span> <span class='ocrx_word' id='word_1_769' title='bbox 3072 1836 3308 1888; x_wconf 64' lang='lat' dir='ltr'><strong>praesens</strong></span> <span class='ocrx_word' id='word_1_770' title='bbox 3329 1818 3599 1886; x_wconf 69' lang='lat' dir='ltr'><strong>siccatum,</strong></span> 
     </span>
    </p>
   </div>
   <div class='ocr_carea' id='block_1_101' title="bbox 2012 1891 3602 1947">
    <p class='ocr_par' dir='ltr' id='par_1_101' title="bbox 2012 1891 3602 1947">
     <span class='ocr_line' id='line_1_102' title="bbox 2012 1891 3602 1947; baseline -0.001 0"><span class='ocrx_word' id='word_1_771' title='bbox 2012 1900 2067 1947; x_wconf 90' lang='lat' dir='ltr'><strong>et</strong></span> <span class='ocrx_word' id='word_1_772' title='bbox 2094 1892 2309 1947; x_wconf 81' lang='lat' dir='ltr'><strong>tandem</strong></span> <span class='ocrx_word' id='word_1_773' title='bbox 2334 1906 2459 1946; x_wconf 84' lang='lat' dir='ltr'><strong>vere</strong></span> <span class='ocrx_word' id='word_1_774' title='bbox 2489 1901 2542 1945; x_wconf 89' lang='lat' dir='ltr'><strong>et</strong></span> <span class='ocrx_word' id='word_1_775' title='bbox 2569 1891 2895 1945; x_wconf 85' lang='lat' dir='ltr'><strong>aeternaliter</strong></span> <span class='ocrx_word' id='word_1_776' title='bbox 2944 1892 3360 1945; x_wconf 86' lang='lat' dir='ltr'><strong>annuntiabimus</strong></span> <span class='ocrx_word' id='word_1_777' title='bbox 3390 1891 3602 1945; x_wconf 88' lang='lat' dir='ltr'><strong>laudem</strong></span> 
     </span>
    </p>
   </div>
   <div class='ocr_carea' id='block_1_102' title="bbox 2013 1961 3600 2035">
    <p class='ocr_par' dir='ltr' id='par_1_102' title="bbox 2013 1961 3600 2035">
     <span class='ocr_line' id='line_1_103' title="bbox 2013 1961 3600 2035; baseline 0.001 -19"><span class='ocrx_word' id='word_1_778' title='bbox 2013 1971 2155 2016; x_wconf 90' lang='lat' dir='ltr'><strong>tuam</strong></span> <span class='ocrx_word' id='word_1_779' title='bbox 2182 1963 2236 2015; x_wconf 89' lang='lat' dir='ltr'><strong>in</strong></span> <span class='ocrx_word' id='word_1_780' title='bbox 2258 1963 2696 2035; x_wconf 82' lang='lat' dir='ltr'><strong>generationemet</strong></span> <span class='ocrx_word' id='word_1_781' title='bbox 2716 1962 3113 2035; x_wconf 83' lang='lat' dir='ltr'><strong>generationem,</strong></span> <span class='ocrx_word' id='word_1_782' title='bbox 3137 1961 3310 2027; x_wconf 68' lang='lat' dir='ltr'><strong>idiest,</strong></span> <span class='ocrx_word' id='word_1_783' title='bbox 3342 1961 3397 2035; x_wconf 86' lang='lat' dir='ltr'><strong>in</strong></span> <span class='ocrx_word' id='word_1_784' title='bbox 3428 1963 3600 2016; x_wconf 78' lang='lat' dir='ltr'><strong>futura</strong></span> 
     </span>
    </p>
   </div>
   <div class='ocr_carea' id='block_1_103' title="bbox 2012 2032 3603 2104">
    <p class='ocr_par' dir='ltr' id='par_1_103' title="bbox 2012 2032 3603 2104">
     <span class='ocr_line' id='line_1_104' title="bbox 2012 2032 3603 2104; baseline 0.001 -17"><span class='ocrx_word' id='word_1_785' title='bbox 2012 2032 2377 2104; x_wconf 80' lang='lat' dir='ltr'><strong>generatione,</strong></span> <span class='ocrx_word' id='word_1_786' title='bbox 2410 2048 2527 2104; x_wconf 75' lang='lat' dir='ltr'><strong>qua:</strong></span> <span class='ocrx_word' id='word_1_787' title='bbox 2577 2032 3009 2103; x_wconf 75' lang='lat' dir='ltr'><strong>eritgeneratio,</strong></span> <span class='ocrx_word' id='word_1_788' title='bbox 3066 2034 3118 2087; x_wconf 90' lang='lat' dir='ltr'><strong>id</strong></span> <span class='ocrx_word' id='word_1_789' title='bbox 3148 2042 3231 2089; x_wconf 83' lang='lat' dir='ltr'><strong>est</strong></span> <span class='ocrx_word' id='word_1_790' title='bbox 3285 2034 3603 2090; x_wconf 88' lang='lat' dir='ltr'><strong>indelicicns</strong></span> 
     </span>
    </p>
   </div>
   <div class='ocr_carea' id='block_1_104' title="bbox 2013 2105 2313 2176">
    <p class='ocr_par' dir='ltr' id='par_1_104' title="bbox 2013 2105 2313 2176">
     <span class='ocr_line' id='line_1_105' title="bbox 2013 2105 2313 2176; baseline 0 -15"><span class='ocrx_word' id='word_1_791' title='bbox 2013 2105 2313 2176; x_wconf 74' lang='lat' dir='ltr'><strong>generatio.</strong></span> 
     </span>
    </p>
   </div>
   <div class='ocr_carea' id='block_1_105' title="bbox 2456 2173 3164 2231">
    <p class='ocr_par' dir='ltr' id='par_1_105' title="bbox 2456 2173 3164 2231">
     <span class='ocr_line' id='line_1_106' title="bbox 2456 2173 3164 2231; baseline 0.001 -1"><span class='ocrx_word' id='word_1_792' title='bbox 2456 2174 2521 2230; x_wconf 84' lang='lat' dir='ltr'><strong>IN</strong></span> <span class='ocrx_word' id='word_1_793' title='bbox 2565 2173 2886 2231; x_wconf 79' lang='lat' dir='ltr'><strong>PSALMUM</strong></span> <span class='ocrx_word' id='word_1_794' title='bbox 2924 2174 3164 2231; x_wconf 60' lang='lat' dir='ltr'><strong>LXXFX.</strong></span> 
     </span>
    </p>
   </div>
   <div class='ocr_carea' id='block_1_106' title="bbox 2015 2266 3603 2337">
    <p class='ocr_par' dir='ltr' id='par_1_106' title="bbox 2015 2266 3603 2337">
     <span class='ocr_line' id='line_1_107' title="bbox 2015 2266 3603 2337; baseline -0.001 -13"><span class='ocrx_word' id='word_1_795' title='bbox 2015 2268 2075 2325; x_wconf 89' lang='lat' dir='ltr'><strong>lu</strong></span> <span class='ocrx_word' id='word_1_796' title='bbox 2114 2268 2276 2324; x_wconf 86' lang='lat' dir='ltr'><strong>ﬁnem</strong></span> <span class='ocrx_word' id='word_1_797' title='bbox 2317 2280 2415 2337; x_wconf 90' lang='lat' dir='ltr'><strong>pro</strong></span> <span class='ocrx_word' id='word_1_798' title='bbox 2442 2266 2527 2322; x_wconf 87' lang='lat' dir='ltr'><strong>bis</strong></span> <span class='ocrx_word' id='word_1_799' title='bbox 2564 2266 2657 2335; x_wconf 89' lang='lat' dir='ltr'><strong>qui</strong></span> <span class='ocrx_word' id='word_1_800' title='bbox 2694 2267 3189 2334; x_wconf 79' lang='lat' dir='ltr'><strong>cominutabuntur,</strong></span> <span class='ocrx_word' id='word_1_801' title='bbox 3235 2266 3603 2324; x_wconf 86' lang='lat' dir='ltr'><strong>testimonium</strong></span> 
     </span>
    </p>
   </div>
   <div class='ocr_carea' id='block_1_107' title="bbox 2562 2337 3057 2407">
    <p class='ocr_par' dir='ltr' id='par_1_107' title="bbox 2562 2337 3057 2407">
     <span class='ocr_line' id='line_1_108' title="bbox 2562 2337 3057 2407; baseline 0.002 -15"><span class='ocrx_word' id='word_1_802' title='bbox 2562 2337 2764 2407; x_wconf 89' lang='lat' dir='ltr'><strong>Asaph,</strong></span> <span class='ocrx_word' id='word_1_803' title='bbox 2801 2338 3057 2407; x_wconf 88' lang='lat' dir='ltr'><strong>psalmus.</strong></span> 
     </span>
    </p>
   </div>
   <div class='ocr_carea' id='block_1_108' title="bbox 2624 2443 2998 2485">
    <p class='ocr_par' dir='ltr' id='par_1_108' title="bbox 2624 2443 2998 2485">
     <span class='ocr_line' id='line_1_109' title="bbox 2624 2443 2998 2485; baseline 0 -2"><span class='ocrx_word' id='word_1_804' title='bbox 2624 2443 2998 2485; x_wconf 64' lang='lat' dir='ltr'><strong>ARGUMENTUI.</strong></span> 
     </span>
    </p>
   </div>
   <div class='ocr_carea' id='block_1_109' title="bbox 2089 2520 3608 2593">
    <p class='ocr_par' dir='ltr' id='par_1_109' title="bbox 2089 2520 3608 2593">
     <span class='ocr_line' id='line_1_110' title="bbox 2089 2520 3608 2593; baseline 0.002 -16"><span class='ocrx_word' id='word_1_805' title='bbox 2089 2523 2154 2577; x_wconf 88' lang='lat' dir='ltr'><strong>Et</strong></span> <span class='ocrx_word' id='word_1_806' title='bbox 2181 2522 2267 2577; x_wconf 92' lang='lat' dir='ltr'><strong>hic</strong></span> <span class='ocrx_word' id='word_1_807' title='bbox 2290 2520 2720 2593; x_wconf 74' lang='lat' dir='ltr'><strong>Machabacorum</strong></span> <span class='ocrx_word' id='word_1_808' title='bbox 2750 2538 2936 2593; x_wconf 88' lang='lat' dir='ltr'><strong>preces</strong></span> <span class='ocrx_word' id='word_1_809' title='bbox 2962 2534 3237 2586; x_wconf 88' lang='lat' dir='ltr'><strong>resonant.</strong></span> <span class='ocrx_word' id='word_1_810' title='bbox 3269 2530 3327 2578; x_wconf 92' lang='lat' dir='ltr'><strong>ut</strong></span> <span class='ocrx_word' id='word_1_811' title='bbox 3348 2522 3608 2581; x_wconf 85' lang='lat' dir='ltr'><strong>Dominus</strong></span> 
     </span>
    </p>
   </div>
   <div class='ocr_carea' id='block_1_110' title="bbox 2017 2592 3608 2665">
    <p class='ocr_par' dir='ltr' id='par_1_110' title="bbox 2017 2592 3608 2665">
     <span class='ocr_line' id='line_1_111' title="bbox 2017 2592 3608 2665; baseline 0.002 -16"><span class='ocrx_word' id='word_1_812' title='bbox 2017 2603 2276 2665; x_wconf 81' lang='lat' dir='ltr'><strong>consueta</strong></span> <span class='ocrx_word' id='word_1_813' title='bbox 2304 2592 2563 2665; x_wconf 54' lang='lat' dir='ltr'><strong>tuaneﬁcia</strong></span> <span class='ocrx_word' id='word_1_814' title='bbox 2596 2608 2703 2649; x_wconf 91' lang='lat' dir='ltr'><strong>non</strong></span> <span class='ocrx_word' id='word_1_815' title='bbox 2734 2592 3031 2653; x_wconf 83' lang='lat' dir='ltr'><strong>subtrahat.</strong></span> <span class='ocrx_word' id='word_1_816' title='bbox 3062 2595 3231 2651; x_wconf 82' lang='lat' dir='ltr'><strong>Aliter</strong></span> <span class='ocrx_word' id='word_1_817' title='bbox 3260 2608 3364 2650; x_wconf 72' lang='lat' dir='ltr'><strong>vos</strong></span> <span class='ocrx_word' id='word_1_818' title='bbox 3392 2605 3608 2665; x_wconf 78' lang='lat' dir='ltr'><strong>aposto-</strong></span> 
     </span>
    </p>
   </div>
   <div class='ocr_carea' id='block_1_111' title="bbox 2020 2662 2996 2724">
    <p class='ocr_par' dir='ltr' id='par_1_111' title="bbox 2020 2662 2996 2724">
     <span class='ocr_line' id='line_1_112' title="bbox 2020 2662 2996 2724; baseline 0.001 -2"><span class='ocrx_word' id='word_1_819' title='bbox 2020 2665 2193 2722; x_wconf 90' lang='lat' dir='ltr'><strong>lorum</strong></span> <span class='ocrx_word' id='word_1_820' title='bbox 2223 2663 2291 2720; x_wconf 90' lang='lat' dir='ltr'><strong>de</strong></span> <span class='ocrx_word' id='word_1_821' title='bbox 2318 2662 2559 2720; x_wconf 88' lang='lat' dir='ltr'><strong>Ecclesia</strong></span> <span class='ocrx_word' id='word_1_822' title='bbox 2588 2664 2655 2719; x_wconf 88' lang='lat' dir='ltr'><strong>ad</strong></span> <span class='ocrx_word' id='word_1_823' title='bbox 2688 2666 2996 2724; x_wconf 89' lang='lat' dir='ltr'><strong>Dominum.</strong></span> 
     </span>
    </p>
   </div>
   <div class='ocr_carea' id='block_1_112' title="bbox 2632 2773 2990 2814">
    <p class='ocr_par' dir='ltr' id='par_1_112' title="bbox 2632 2773 2990 2814">
     <span class='ocr_line' id='line_1_113' title="bbox 2632 2773 2990 2814; baseline 0.006 -3"><span class='ocrx_word' id='word_1_824' title='bbox 2632 2773 2990 2814; x_wconf 71' lang='grc' dir='ltr'><strong>ΕΧΡιΑΝΔτΙο.</strong></span> 
     </span>
    </p>
   </div>
   <div class='ocr_carea' id='block_1_113' title="bbox 2090 2850 3613 2922">
    <p class='ocr_par' dir='ltr' id='par_1_113' title="bbox 2090 2850 3613 2922">
     <span class='ocr_line' id='line_1_114' title="bbox 2090 2850 3613 2922; baseline 0.001 -17"><span class='ocrx_word' id='word_1_825' title='bbox 2090 2852 2222 2905; x_wconf 79' lang='lat' dir='ltr'><strong>Cum</strong></span> <span class='ocrx_word' id='word_1_826' title='bbox 2244 2852 2411 2922; x_wconf 84' lang='lat' dir='ltr'><strong>prima</strong></span> <span class='ocrx_word' id='word_1_827' title='bbox 2441 2850 2578 2905; x_wconf 85' lang='lat' dir='ltr'><strong>tituli</strong></span> <span class='ocrx_word' id='word_1_828' title='bbox 2601 2850 2753 2905; x_wconf 91' lang='lat' dir='ltr'><strong>uerba</strong></span> <span class='ocrx_word' id='word_1_829' title='bbox 2774 2852 2885 2917; x_wconf 82' lang='lat' dir='ltr'><strong>jam</strong></span> <span class='ocrx_word' id='word_1_830' title='bbox 2916 2862 3042 2907; x_wconf 90' lang='lat' dir='ltr'><strong>nota</strong></span> <span class='ocrx_word' id='word_1_831' title='bbox 3068 2852 3187 2918; x_wconf 85' lang='lat' dir='ltr'><strong>sint,</strong></span> <span class='ocrx_word' id='word_1_832' title='bbox 3212 2859 3368 2907; x_wconf 83' lang='lat' dir='ltr'><strong>restat</strong></span> <span class='ocrx_word' id='word_1_833' title='bbox 3392 2859 3447 2905; x_wconf 90' lang='lat' dir='ltr'><strong>ut</strong></span> <span class='ocrx_word' id='word_1_834' title='bbox 3477 2854 3613 2906; x_wconf 88' lang='lat' dir='ltr'><strong>testi-</strong></span> 
     </span>
    </p>
   </div>
   <div class='ocr_carea' id='block_1_114' title="bbox 2017 2922 3611 2992">
    <p class='ocr_par' dir='ltr' id='par_1_114' title="bbox 2017 2922 3611 2992">
     <span class='ocr_line' id='line_1_115' title="bbox 2017 2922 3611 2992; baseline 0.001 -17"><span class='ocrx_word' id='word_1_835' title='bbox 2017 2924 2247 2976; x_wconf 84' lang='lat' dir='ltr'><strong>monium</strong></span> <span class='ocrx_word' id='word_1_836' title='bbox 2268 2922 2443 2990; x_wconf 75' lang='grc' dir='ltr'><strong><em>Λεαρὴ</em></strong></span> <span class='ocrx_word' id='word_1_837' title='bbox 2479 2922 2603 2991; x_wconf 90' lang='lat' dir='ltr'><strong>quid</strong></span> <span class='ocrx_word' id='word_1_838' title='bbox 2646 2923 2896 2991; x_wconf 79' lang='lat' dir='ltr'><strong>signiﬁcet</strong></span> <span class='ocrx_word' id='word_1_839' title='bbox 2937 2925 3277 2992; x_wconf 86' lang='lat' dir='ltr'><strong>inquiramus.</strong></span> <span class='ocrx_word' id='word_1_840' title='bbox 3310 2923 3415 2977; x_wconf 85' lang='lat' dir='ltr'><strong>Iste</strong></span> <span class='ocrx_word' id='word_1_841' title='bbox 3436 2925 3611 2991; x_wconf 83' lang='lat' dir='ltr'><strong>Asaplt</strong></span> 
     </span>
    </p>
   </div>
   <div class='ocr_carea' id='block_1_115' title="bbox 2018 2993 3615 3064">
    <p class='ocr_par' dir='ltr' id='par_1_115' title="bbox 2018 2993 3615 3064">
     <span class='ocr_line' id='line_1_116' title="bbox 2018 2993 3615 3064; baseline 0.001 -17"><span class='ocrx_word' id='word_1_842' title='bbox 2018 3002 2138 3047; x_wconf 86' lang='lat' dir='ltr'><strong>ante</strong></span> <span class='ocrx_word' id='word_1_843' title='bbox 2159 2994 2405 3064; x_wconf 89' lang='lat' dir='ltr'><strong>trepidus,</strong></span> <span class='ocrx_word' id='word_1_844' title='bbox 2430 3004 2548 3047; x_wconf 90' lang='lat' dir='ltr'><strong>ante</strong></span> <span class='ocrx_word' id='word_1_845' title='bbox 2569 2993 2841 3059; x_wconf 68' lang='lat' dir='ltr'><strong>sollicitus,</strong></span> <span class='ocrx_word' id='word_1_846' title='bbox 2864 2994 2954 3063; x_wconf 91' lang='lat' dir='ltr'><strong>qui</strong></span> <span class='ocrx_word' id='word_1_847' title='bbox 2974 3011 3067 3063; x_wconf 89' lang='lat' dir='ltr'><strong>pro</strong></span> <span class='ocrx_word' id='word_1_848' title='bbox 3082 2994 3375 3064; x_wconf 72' lang='lat' dir='ltr'><strong>Synagogat</strong></span> <span class='ocrx_word' id='word_1_849' title='bbox 3398 2996 3615 3062; x_wconf 86' lang='lat' dir='ltr'><strong>peccatis</strong></span> 
     </span>
    </p>
   </div>
   <div class='ocr_carea' id='block_1_116' title="bbox 2022 3064 3615 3134">
    <p class='ocr_par' dir='ltr' id='par_1_116' title="bbox 2022 3064 3615 3134">
     <span class='ocr_line' id='line_1_117' title="bbox 2022 3064 3615 3134; baseline 0.001 -17"><span class='ocrx_word' id='word_1_850' title='bbox 2022 3064 2237 3134; x_wconf 81' lang='lat' dir='ltr'><strong>psalmis</strong></span> <span class='ocrx_word' id='word_1_851' title='bbox 2274 3064 2529 3131; x_wconf 83' lang='lat' dir='ltr'><strong>prioribus</strong></span> <span class='ocrx_word' id='word_1_852' title='bbox 2571 3065 2818 3127; x_wconf 68' lang='lat' dir='ltr'><strong>exoravit,</strong></span> <span class='ocrx_word' id='word_1_853' title='bbox 2866 3075 3009 3119; x_wconf 85' lang='lat' dir='ltr'><strong>tanta</strong></span> <span class='ocrx_word' id='word_1_854' title='bbox 3052 3080 3185 3117; x_wconf 89' lang='lat' dir='ltr'><strong>nunc</strong></span> <span class='ocrx_word' id='word_1_855' title='bbox 3215 3069 3615 3133; x_wconf 73' lang='lat' dir='ltr'><strong>prwsuntptione</strong></span> 
     </span>
    </p>
   </div>
   <div class='ocr_carea' id='block_1_117' title="bbox 2025 3136 3612 3205">
    <p class='ocr_par' dir='ltr' id='par_1_117' title="bbox 2025 3136 3612 3205">
     <span class='ocr_line' id='line_1_118' title="bbox 2025 3136 3612 3205; baseline 0.001 -17"><span class='ocrx_word' id='word_1_856' title='bbox 2025 3136 2336 3204; x_wconf 68' lang='lat' dir='ltr'><strong>completur,</strong></span> <span class='ocrx_word' id='word_1_857' title='bbox 2369 3144 2422 3187; x_wconf 87' lang='lat' dir='ltr'><strong>ut</strong></span> <span class='ocrx_word' id='word_1_858' title='bbox 2445 3138 2560 3205; x_wconf 90' lang='lat' dir='ltr'><strong>jam</strong></span> <span class='ocrx_word' id='word_1_859' title='bbox 2598 3136 2924 3189; x_wconf 87' lang='lat' dir='ltr'><strong>commutatis</strong></span> <span class='ocrx_word' id='word_1_860' title='bbox 2960 3138 3014 3189; x_wconf 89' lang='lat' dir='ltr'><strong>in</strong></span> <span class='ocrx_word' id='word_1_861' title='bbox 3053 3136 3236 3189; x_wconf 86' lang='lat' dir='ltr'><strong>melius</strong></span> <span class='ocrx_word' id='word_1_862' title='bbox 3266 3137 3612 3189; x_wconf 83' lang='lat' dir='ltr'><strong>testimonium</strong></span> 
     </span>
    </p>
   </div>
   <div class='ocr_carea' id='block_1_118' title="bbox 2026 3205 3615 3275">
    <p class='ocr_par' dir='ltr' id='par_1_118' title="bbox 2026 3205 3615 3275">
     <span class='ocr_line' id='line_1_119' title="bbox 2026 3205 3615 3275; baseline 0.002 -16"><span class='ocrx_word' id='word_1_863' title='bbox 2026 3207 2423 3260; x_wconf 85' lang='lat' dir='ltr'><strong>conuersationis</strong></span> <span class='ocrx_word' id='word_1_864' title='bbox 2455 3205 2657 3259; x_wconf 87' lang='lat' dir='ltr'><strong>reddat.</strong></span> <span class='ocrx_word' id='word_1_865' title='bbox 2687 3206 2821 3258; x_wconf 86' lang='lat' dir='ltr'><strong>Dicit</strong></span> <span class='ocrx_word' id='word_1_866' title='bbox 2854 3208 2989 3260; x_wconf 89' lang='lat' dir='ltr'><strong>enim</strong></span> <span class='ocrx_word' id='word_1_867' title='bbox 3025 3208 3087 3259; x_wconf 90' lang='lat' dir='ltr'><strong>de</strong></span> <span class='ocrx_word' id='word_1_868' title='bbox 3130 3208 3294 3275; x_wconf 76' lang='lat' dir='ltr'><strong>primo</strong></span> <span class='ocrx_word' id='word_1_869' title='bbox 3328 3205 3615 3262; x_wconf 84' lang='lat' dir='ltr'><strong>Saluatoris</strong></span> 
     </span>
    </p>
   </div>
   <div class='ocr_carea' id='block_1_119' title="bbox 2022 3276 3614 3347">
    <p class='ocr_par' dir='ltr' id='par_1_119' title="bbox 2022 3276 3614 3347">
     <span class='ocr_line' id='line_1_120' title="bbox 2022 3276 3614 3347; baseline -0.001 -17"><span class='ocrx_word' id='word_1_870' title='bbox 2022 3278 2262 3341; x_wconf 81' lang='lat' dir='ltr'><strong>aduentu,</strong></span> <span class='ocrx_word' id='word_1_871' title='bbox 2290 3293 2377 3345; x_wconf 86' lang='lat' dir='ltr'><strong>qut</strong></span> <span class='ocrx_word' id='word_1_872' title='bbox 2408 3276 2665 3329; x_wconf 83' lang='lat' dir='ltr'><strong>hominem</strong></span> <span class='ocrx_word' id='word_1_873' title='bbox 2688 3278 2934 3347; x_wconf 18' lang='lat' dir='ltr'><strong>iritiatunt</strong></span> <span class='ocrx_word' id='word_1_874' title='bbox 2957 3278 3023 3329; x_wconf 85' lang='lat' dir='ltr'><strong>ad</strong></span> <span class='ocrx_word' id='word_1_875' title='bbox 3047 3278 3225 3329; x_wconf 73' lang='lat' dir='ltr'><strong>salutis</strong></span> <span class='ocrx_word' id='word_1_876' title='bbox 3255 3276 3392 3330; x_wconf 89' lang='lat' dir='ltr'><strong>dona</strong></span> <span class='ocrx_word' id='word_1_877' title='bbox 3423 3281 3614 3347; x_wconf 81' lang='lat' dir='ltr'><strong>perdu-</strong></span> 
     </span>
    </p>
   </div>
   <div class='ocr_carea' id='block_1_120' title="bbox 2019 3346 3613 3417">
    <p class='ocr_par' dir='ltr' id='par_1_120' title="bbox 2019 3346 3613 3417">
     <span class='ocr_line' id='line_1_121' title="bbox 2019 3346 3613 3417; baseline -0.001 -15"><span class='ocrx_word' id='word_1_878' title='bbox 2019 3348 2118 3413; x_wconf 70' lang='lat' dir='ltr'><strong>xit,</strong></span> <span class='ocrx_word' id='word_1_879' title='bbox 2146 3347 2547 3415; x_wconf 87' lang='lat' dir='ltr'><strong>translatamque</strong></span> <span class='ocrx_word' id='word_1_880' title='bbox 2569 3348 2632 3400; x_wconf 89' lang='lat' dir='ltr'><strong>de</strong></span> <span class='ocrx_word' id='word_1_881' title='bbox 2654 3346 2887 3417; x_wconf 82' lang='lat' dir='ltr'><strong>/Egypto</strong></span> <span class='ocrx_word' id='word_1_882' title='bbox 2908 3348 3104 3402; x_wconf 88' lang='lat' dir='ltr'><strong>vineam</strong></span> <span class='ocrx_word' id='word_1_883' title='bbox 3125 3348 3363 3416; x_wconf 67' lang='lat' dir='ltr'><strong>potentia?</strong></span> <span class='ocrx_word' id='word_1_884' title='bbox 3390 3346 3496 3401; x_wconf 82' lang='lat' dir='ltr'><strong>sua:</strong></span> <span class='ocrx_word' id='word_1_885' title='bbox 3522 3366 3613 3401; x_wconf 86' lang='lat' dir='ltr'><strong>ru-</strong></span> 
     </span>
    </p>
   </div>
   <div class='ocr_carea' id='block_1_121' title="bbox 2022 3418 3613 3488">
    <p class='ocr_par' dir='ltr' id='par_1_121' title="bbox 2022 3418 3613 3488">
     <span class='ocr_line' id='line_1_122' title="bbox 2022 3418 3613 3488; baseline 0 -17"><span class='ocrx_word' id='word_1_886' title='bbox 2022 3420 2134 3471; x_wconf 88' lang='lat' dir='ltr'><strong>dice</strong></span> <span class='ocrx_word' id='word_1_887' title='bbox 2163 3418 2421 3483; x_wconf 86' lang='lat' dir='ltr'><strong>solidauit,</strong></span> <span class='ocrx_word' id='word_1_888' title='bbox 2451 3421 2546 3470; x_wconf 82' lang='lat' dir='ltr'><strong>hoc</strong></span> <span class='ocrx_word' id='word_1_889' title='bbox 2573 3426 2665 3481; x_wconf 85' lang='lat' dir='ltr'><strong>est,</strong></span> <span class='ocrx_word' id='word_1_890' title='bbox 2690 3421 2776 3477; x_wconf 86' lang='lat' dir='ltr'><strong>qui</strong></span> <span class='ocrx_word' id='word_1_891' title='bbox 2799 3420 2919 3470; x_wconf 87' lang='lat' dir='ltr'><strong>dicit</strong></span> <span class='ocrx_word' id='word_1_892' title='bbox 2948 3419 3287 3472; x_wconf 86' lang='lat' dir='ltr'><strong>testimonium</strong></span> <span class='ocrx_word' id='word_1_893' title='bbox 3312 3435 3405 3487; x_wconf 87' lang='lat' dir='ltr'><strong>pro</strong></span> <span class='ocrx_word' id='word_1_894' title='bbox 3427 3420 3503 3472; x_wconf 83' lang='lat' dir='ltr'><strong>Itis</strong></span> <span class='ocrx_word' id='word_1_895' title='bbox 3524 3421 3613 3488; x_wconf 85' lang='lat' dir='ltr'><strong>qui</strong></span> 
     </span>
    </p>
   </div>
   <div class='ocr_carea' id='block_1_122' title="bbox 2020 3489 3610 3558">
    <p class='ocr_par' dir='ltr' id='par_1_122' title="bbox 2020 3489 3610 3558">
     <span class='ocr_line' id='line_1_123' title="bbox 2020 3489 3610 3558; baseline 0 -16"><span class='ocrx_word' id='word_1_896' title='bbox 2020 3489 2450 3554; x_wconf 85' lang='lat' dir='ltr'><strong>immutabuntur,</strong></span> <span class='ocrx_word' id='word_1_897' title='bbox 2476 3489 2650 3558; x_wconf 85' lang='lat' dir='ltr'><strong>Asaplt</strong></span> <span class='ocrx_word' id='word_1_898' title='bbox 2680 3490 2773 3541; x_wconf 86' lang='lat' dir='ltr'><strong>iste</strong></span> <span class='ocrx_word' id='word_1_899' title='bbox 2798 3505 2947 3558; x_wconf 84' lang='lat' dir='ltr'><strong>quem</strong></span> <span class='ocrx_word' id='word_1_900' title='bbox 2978 3491 3155 3542; x_wconf 87' lang='lat' dir='ltr'><strong>titulus</strong></span> <span class='ocrx_word' id='word_1_901' title='bbox 3180 3491 3444 3557; x_wconf 74' lang='lat' dir='ltr'><strong>pra&#39;cinuit</strong></span> <span class='ocrx_word' id='word_1_902' title='bbox 3471 3506 3610 3543; x_wconf 85' lang='lat' dir='ltr'><strong>cont-</strong></span> 
     </span>
    </p>
   </div>
   <div class='ocr_carea' id='block_1_123' title="bbox 2023 3558 3615 3628">
    <p class='ocr_par' dir='ltr' id='par_1_123' title="bbox 2023 3558 3615 3628">
     <span class='ocr_line' id='line_1_124' title="bbox 2023 3558 3615 3628; baseline 0 -14"><span class='ocrx_word' id='word_1_903' title='bbox 2023 3569 2295 3614; x_wconf 88' lang='lat' dir='ltr'><strong>mutatum.</strong></span> <span class='ocrx_word' id='word_1_904' title='bbox 2339 3558 2406 3611; x_wconf 85' lang='lat' dir='ltr'><strong>In</strong></span> <span class='ocrx_word' id='word_1_905' title='bbox 2430 3562 2593 3628; x_wconf 81' lang='lat' dir='ltr'><strong>prima</strong></span> <span class='ocrx_word' id='word_1_906' title='bbox 2619 3561 2839 3614; x_wconf 88' lang='lat' dir='ltr'><strong>sectione</strong></span> <span class='ocrx_word' id='word_1_907' title='bbox 2861 3559 3067 3614; x_wconf 84' lang='lat' dir='ltr'><strong>Domini</strong></span> <span class='ocrx_word' id='word_1_908' title='bbox 3094 3561 3401 3627; x_wconf 86' lang='lat' dir='ltr'><strong>deprecatur</strong></span> <span class='ocrx_word' id='word_1_909' title='bbox 3426 3564 3615 3614; x_wconf 88' lang='lat' dir='ltr'><strong>aduen-</strong></span> 
     </span>
    </p>
   </div>
   <div class='ocr_carea' id='block_1_124' title="bbox 2022 3630 3618 3702">
    <p class='ocr_par' dir='ltr' id='par_1_124' title="bbox 2022 3630 3618 3702">
     <span class='ocr_line' id='line_1_125' title="bbox 2022 3630 3618 3702; baseline 0 -19"><span class='ocrx_word' id='word_1_910' title='bbox 2022 3639 2151 3702; x_wconf 80' lang='lat' dir='ltr'><strong>t_t_tm.</strong></span> <span class='ocrx_word' id='word_1_911' title='bbox 2186 3630 2425 3686; x_wconf 90' lang='lat' dir='ltr'><strong>Secunda</strong></span> <span class='ocrx_word' id='word_1_912' title='bbox 2465 3640 2678 3683; x_wconf 87' lang='lat' dir='ltr'><strong>testatur</strong></span> <span class='ocrx_word' id='word_1_913' title='bbox 2715 3632 3142 3700; x_wconf 85' lang='lat' dir='ltr'><strong>quemadmodum</strong></span> <span class='ocrx_word' id='word_1_914' title='bbox 3180 3634 3347 3695; x_wconf 78' lang='lat' dir='ltr'><strong>uinea,</strong></span> <span class='ocrx_word' id='word_1_915' title='bbox 3390 3647 3505 3702; x_wconf 74' lang='lat' dir='ltr'><strong>qua:</strong></span> <span class='ocrx_word' id='word_1_916' title='bbox 3543 3643 3618 3685; x_wconf 88' lang='lat' dir='ltr'><strong>est</strong></span> 
     </span>
    </p>
   </div>
   <div class='ocr_carea' id='block_1_125' title="bbox 2023 3699 3613 3765">
    <p class='ocr_par' dir='ltr' id='par_1_125' title="bbox 2023 3699 3613 3765">
     <span class='ocr_line' id='line_1_126' title="bbox 2023 3699 3613 3765; baseline 0.002 -11"><span class='ocrx_word' id='word_1_917' title='bbox 2023 3699 2283 3765; x_wconf 82' lang='lat' dir='ltr'><strong>Ecclesia,</strong></span> <span class='ocrx_word' id='word_1_918' title='bbox 2326 3711 2432 3755; x_wconf 88' lang='lat' dir='ltr'><strong>tota</strong></span> <span class='ocrx_word' id='word_1_919' title='bbox 2468 3702 2535 3754; x_wconf 86' lang='lat' dir='ltr'><strong>sit</strong></span> <span class='ocrx_word' id='word_1_920' title='bbox 2576 3703 2692 3755; x_wconf 89' lang='lat' dir='ltr'><strong>orbe</strong></span> <span class='ocrx_word' id='word_1_921' title='bbox 2730 3703 2968 3756; x_wconf 84' lang='lat' dir='ltr'><strong>dilatata.</strong></span> <span class='ocrx_word' id='word_1_922' title='bbox 3019 3702 3190 3756; x_wconf 88' lang='lat' dir='ltr'><strong>Tertia</strong></span> <span class='ocrx_word' id='word_1_923' title='bbox 3230 3699 3613 3757; x_wconf 80' lang='lat' dir='ltr'><strong>lucarnationis</strong></span> 
     </span>
    </p>
   </div>
   <div class='ocr_carea' id='block_1_126' title="bbox 2024 3772 3611 3845">
    <p class='ocr_par' dir='ltr' id='par_1_126' title="bbox 2024 3772 3611 3845">
     <span class='ocr_line' id='line_1_127' title="bbox 2024 3772 3611 3845; baseline 0.002 -20"><span class='ocrx_word' id='word_1_924' title='bbox 2024 3772 2405 3845; x_wconf 74' lang='lat' dir='ltr'><strong>ejus__beneﬁcio</strong></span> <span class='ocrx_word' id='word_1_925' title='bbox 2429 3788 2517 3839; x_wconf 86' lang='lat' dir='ltr'><strong>per</strong></span> <span class='ocrx_word' id='word_1_926' title='bbox 2546 3773 2929 3827; x_wconf 83' lang='lat' dir='ltr'><strong>similitudinem</strong></span> <span class='ocrx_word' id='word_1_927' title='bbox 2956 3774 3115 3828; x_wconf 72' lang='lat' dir='ltr'><strong>uinea:</strong></span> <span class='ocrx_word' id='word_1_928' title='bbox 3144 3775 3337 3827; x_wconf 74' lang='lat' dir='ltr'><strong>uisitari</strong></span> <span class='ocrx_word' id='word_1_929' title='bbox 3364 3775 3611 3845; x_wconf 81' lang='lat' dir='ltr'><strong>depreca-</strong></span> 
     </span>
    </p>
   </div>
   <div class='ocr_carea' id='block_1_127' title="bbox 2025 3842 3432 3915">
    <p class='ocr_par' dir='ltr' id='par_1_127' title="bbox 2025 3842 3432 3915">
     <span class='ocr_line' id='line_1_128' title="bbox 2025 3842 3432 3915; baseline 0.003 -19"><span class='ocrx_word' id='word_1_930' title='bbox 2025 3852 2107 3897; x_wconf 87' lang='lat' dir='ltr'><strong>tur</strong></span> <span class='ocrx_word' id='word_1_931' title='bbox 2131 3842 2435 3909; x_wconf 85' lang='lat' dir='ltr'><strong>Ecclesiam,</strong></span> <span class='ocrx_word' id='word_1_932' title='bbox 2468 3859 2619 3915; x_wconf 87' lang='lat' dir='ltr'><strong>seque</strong></span> <span class='ocrx_word' id='word_1_933' title='bbox 2645 3844 2871 3898; x_wconf 87' lang='lat' dir='ltr'><strong>Domino</strong></span> <span class='ocrx_word' id='word_1_934' title='bbox 2900 3846 3122 3915; x_wconf 83' lang='lat' dir='ltr'><strong>postulat</strong></span> <span class='ocrx_word' id='word_1_935' title='bbox 3150 3842 3432 3900; x_wconf 70' lang='lat' dir='ltr'><strong>adhaerere.</strong></span> 
     </span>
    </p>
   </div>
   <div class='ocr_carea' id='block_1_128' title="bbox 2611 3954 3037 3995">
    <p class='ocr_par' dir='ltr' id='par_1_128' title="bbox 2611 3954 3037 3995">
     <span class='ocr_line' id='line_1_129' title="bbox 2611 3954 3037 3995; baseline 0 -1"><span class='ocrx_word' id='word_1_936' title='bbox 2611 3954 3037 3995; x_wconf 65' lang='lat' dir='ltr'><strong>COMMENTARIUS.</strong></span> 
     </span>
    </p>
   </div>
   <div class='ocr_carea' id='block_1_129' title="bbox 2100 4032 3616 4103">
    <p class='ocr_par' dir='ltr' id='par_1_129' title="bbox 2100 4032 3616 4103">
     <span class='ocr_line' id='line_1_130' title="bbox 2100 4032 3616 4103; baseline 0.005 -17"><span class='ocrx_word' id='word_1_937' title='bbox 2100 4033 2199 4101; x_wconf 85' lang='lat' dir='ltr'><strong>Qui</strong></span> <span class='ocrx_word' id='word_1_938' title='bbox 2228 4036 2363 4103; x_wconf 88' lang='lat' dir='ltr'><strong>regis</strong></span> <span class='ocrx_word' id='word_1_939' title='bbox 2388 4032 2557 4087; x_wconf 84' lang='lat' dir='ltr'><strong>Israel</strong></span> <span class='ocrx_word' id='word_1_940' title='bbox 2578 4076 2593 4099; x_wconf 93' lang='lat'><strong>,</strong></span> <span class='ocrx_word' id='word_1_941' title='bbox 2623 4034 2844 4087; x_wconf 85' lang='lat' dir='ltr'><strong>intende.</strong></span> <span class='ocrx_word' id='word_1_942' title='bbox 2880 4032 3120 4088; x_wconf 83' lang='lat' dir='ltr'><strong>Psalmus</strong></span> <span class='ocrx_word' id='word_1_943' title='bbox 3148 4035 3247 4089; x_wconf 89' lang='lat' dir='ltr'><strong>iste</strong></span> <span class='ocrx_word' id='word_1_944' title='bbox 3273 4043 3518 4089; x_wconf 90' lang='lat' dir='ltr'><strong>cantatur</strong></span> <span class='ocrx_word' id='word_1_945' title='bbox 3546 4036 3616 4093; x_wconf 84' lang='lat' dir='ltr'><strong>de</strong></span> 
     </span>
    </p>
   </div>
   <div class='ocr_carea' id='block_1_130' title="bbox 2025 4103 3613 4168">
    <p class='ocr_par' dir='ltr' id='par_1_130' title="bbox 2025 4103 3613 4168">
     <span class='ocr_line' id='line_1_131' title="bbox 2025 4103 3613 4168; baseline 0.002 -9"><span class='ocrx_word' id='word_1_946' title='bbox 2025 4105 2256 4160; x_wconf 87' lang='lat' dir='ltr'><strong>adventu</strong></span> <span class='ocrx_word' id='word_1_947' title='bbox 2289 4104 2501 4157; x_wconf 82' lang='lat' dir='ltr'><strong>Domini</strong></span> <span class='ocrx_word' id='word_1_948' title='bbox 2527 4116 2581 4158; x_wconf 91' lang='lat' dir='ltr'><strong>et</strong></span> <span class='ocrx_word' id='word_1_949' title='bbox 2607 4103 2903 4159; x_wconf 77' lang='lat' dir='ltr'><strong>Salvatoris</strong></span> <span class='ocrx_word' id='word_1_950' title='bbox 2936 4106 3102 4158; x_wconf 89' lang='lat' dir='ltr'><strong>nostri</strong></span> <span class='ocrx_word' id='word_1_951' title='bbox 3130 4104 3258 4159; x_wconf 82' lang='lat' dir='ltr'><strong>lcsu</strong></span> <span class='ocrx_word' id='word_1_952' title='bbox 3289 4106 3487 4160; x_wconf 78' lang='lat' dir='ltr'><strong>CltriSti</strong></span> <span class='ocrx_word' id='word_1_953' title='bbox 3514 4148 3526 4168; x_wconf 86' lang='lat'><strong>,</strong></span> <span class='ocrx_word' id='word_1_954' title='bbox 3558 4120 3613 4162; x_wconf 87' lang='lat' dir='ltr'><strong>et</strong></span> 
     </span>
    </p>
   </div>
   <div class='ocr_carea' id='block_1_131' title="bbox 2025 4174 3619 4246">
    <p class='ocr_par' dir='ltr' id='par_1_131' title="bbox 2025 4174 3619 4246">
     <span class='ocr_line' id='line_1_132' title="bbox 2025 4174 3619 4246; baseline 0.002 -16"><span class='ocrx_word' id='word_1_955' title='bbox 2025 4175 2095 4231; x_wconf 90' lang='lat' dir='ltr'><strong>de</strong></span> <span class='ocrx_word' id='word_1_956' title='bbox 2126 4176 2281 4229; x_wconf 85' lang='lat' dir='ltr'><strong>vinea</strong></span> <span class='ocrx_word' id='word_1_957' title='bbox 2313 4174 2430 4243; x_wconf 82' lang='lat' dir='ltr'><strong>ejus</strong></span> <span class='ocrx_word' id='word_1_958' title='bbox 2457 4190 2470 4238; x_wconf 89' lang='lat'><strong>;</strong></span> <span class='ocrx_word' id='word_1_959' title='bbox 2504 4182 2684 4246; x_wconf 70' lang='lat' dir='ltr'><strong>cantat</strong></span> <span class='ocrx_word' id='word_1_960' title='bbox 2713 4182 2891 4228; x_wconf 87' lang='lat' dir='ltr'><strong>autem</strong></span> <span class='ocrx_word' id='word_1_961' title='bbox 2920 4190 3042 4229; x_wconf 92' lang='lat' dir='ltr'><strong>eum</strong></span> <span class='ocrx_word' id='word_1_962' title='bbox 3075 4176 3254 4246; x_wconf 84' lang='lat' dir='ltr'><strong>Asaplt</strong></span> <span class='ocrx_word' id='word_1_963' title='bbox 3288 4177 3619 4234; x_wconf 84' lang='lat' dir='ltr'><strong>illutniuatus</strong></span> 
     </span>
    </p>
   </div>
   <div class='ocr_carea' id='block_1_132' title="bbox 2028 4244 3615 4319">
    <p class='ocr_par' dir='ltr' id='par_1_132' title="bbox 2028 4244 3615 4319">
     <span class='ocr_line' id='line_1_133' title="bbox 2028 4244 3615 4319; baseline 0.003 -19"><span class='ocrx_word' id='word_1_964' title='bbox 2028 4256 2188 4319; x_wconf 73' lang='lat' dir='ltr'><strong>atque</strong></span> <span class='ocrx_word' id='word_1_965' title='bbox 2216 4254 2509 4319; x_wconf 83' lang='lat' dir='ltr'><strong>correctus.</strong></span> <span class='ocrx_word' id='word_1_966' title='bbox 2536 4244 2604 4298; x_wconf 85' lang='lat' dir='ltr'><strong>Et</strong></span> <span class='ocrx_word' id='word_1_967' title='bbox 2630 4257 2713 4319; x_wconf 79' lang='lat' dir='ltr'><strong>e_5t</strong></span> <span class='ocrx_word' id='word_1_968' title='bbox 2740 4246 2927 4319; x_wconf 86' lang='lat' dir='ltr'><strong>titulus</strong></span> <span class='ocrx_word' id='word_1_969' title='bbox 2952 4246 3069 4315; x_wconf 88' lang='lat' dir='ltr'><strong>ejus</strong></span> <span class='ocrx_word' id='word_1_970' title='bbox 3097 4264 3109 4299; x_wconf 88' lang='lat'>:</span> <span class='ocrx_word' id='word_1_971' title='bbox 3141 4244 3208 4300; x_wconf 86' lang='lat' dir='ltr'><strong>In</strong></span> <span class='ocrx_word' id='word_1_972' title='bbox 3238 4249 3389 4315; x_wconf 80' lang='lat' dir='ltr'><strong>ﬁnem</strong></span> <span class='ocrx_word' id='word_1_973' title='bbox 3416 4266 3509 4319; x_wconf 88' lang='lat' dir='ltr'><strong>pro</strong></span> <span class='ocrx_word' id='word_1_974' title='bbox 3533 4250 3615 4304; x_wconf 81' lang='lat' dir='ltr'><strong>Itis</strong></span> 
     </span>
    </p>
   </div>
   <div class='ocr_carea' id='block_1_133' title="bbox 2026 4315 3614 4386">
    <p class='ocr_par' dir='ltr' id='par_1_133' title="bbox 2026 4315 3614 4386">
     <span class='ocr_line' id='line_1_134' title="bbox 2026 4315 3614 4386; baseline 0.004 -17"><span class='ocrx_word' id='word_1_975' title='bbox 2026 4318 2113 4386; x_wconf 90' lang='lat' dir='ltr'><strong>qui</strong></span> <span class='ocrx_word' id='word_1_976' title='bbox 2143 4315 2610 4386; x_wconf 89' lang='lat' dir='ltr'><strong>commutubuntur.</strong></span> <span class='ocrx_word' id='word_1_977' title='bbox 2640 4315 2921 4382; x_wconf 86' lang='lat' dir='ltr'><strong>Quomodo</strong></span> <span class='ocrx_word' id='word_1_978' title='bbox 2948 4315 3426 4374; x_wconf 82' lang='lat' dir='ltr'><strong>contmutabuntur</strong></span> <span class='ocrx_word' id='word_1_979' title='bbox 3442 4320 3464 4373; x_wconf 82' lang='lat'><strong>?</strong></span> <span class='ocrx_word' id='word_1_980' title='bbox 3504 4322 3614 4376; x_wconf 86' lang='lat' dir='ltr'><strong>Uti-</strong></span> 
     </span>
    </p>
   </div>
   <div class='ocr_carea' id='block_1_134' title="bbox 2027 4385 3615 4459">
    <p class='ocr_par' dir='ltr' id='par_1_134' title="bbox 2027 4385 3615 4459">
     <span class='ocr_line' id='line_1_135' title="bbox 2027 4385 3615 4459; baseline 0.003 -18"><span class='ocrx_word' id='word_1_981' title='bbox 2027 4385 2131 4458; x_wconf 73' lang='lat' dir='ltr'><strong>QIte</strong></span> <span class='ocrx_word' id='word_1_982' title='bbox 2157 4388 2209 4441; x_wconf 88' lang='lat' dir='ltr'><strong>in</strong></span> <span class='ocrx_word' id='word_1_983' title='bbox 2237 4385 2446 4459; x_wconf 82' lang='lat' dir='ltr'><strong>melius.</strong></span> <span class='ocrx_word' id='word_1_984' title='bbox 2481 4387 2546 4440; x_wconf 86' lang='lat' dir='ltr'><strong>Et</strong></span> <span class='ocrx_word' id='word_1_985' title='bbox 2573 4388 2689 4459; x_wconf 83' lang='lat' dir='ltr'><strong>ait_:</strong></span> <span class='ocrx_word' id='word_1_986' title='bbox 2724 4386 3091 4442; x_wconf 84' lang='lat' dir='ltr'><strong>Testimonium</strong></span> <span class='ocrx_word' id='word_1_987' title='bbox 3117 4390 3216 4459; x_wconf 86' lang='lat' dir='ltr'><strong>ipsi</strong></span> <span class='ocrx_word' id='word_1_988' title='bbox 3244 4392 3419 4459; x_wconf 75' lang='lat' dir='ltr'><strong>Asaph</strong></span> <span class='ocrx_word' id='word_1_989' title='bbox 3439 4432 3455 4454; x_wconf 89' lang='lat'><strong>,</strong></span> <span class='ocrx_word' id='word_1_990' title='bbox 3485 4393 3615 4445; x_wconf 88' lang='lat' dir='ltr'><strong>sub-</strong></span> 
     </span>
    </p>
   </div>
   <div class='ocr_carea' id='block_1_135' title="bbox 2032 4456 3613 4530">
    <p class='ocr_par' dir='ltr' id='par_1_135' title="bbox 2032 4456 3613 4530">
     <span class='ocr_line' id='line_1_136' title="bbox 2032 4456 3613 4530; baseline 0.003 -18"><span class='ocrx_word' id='word_1_991' title='bbox 2032 4456 2184 4512; x_wconf 79' lang='lat' dir='ltr'><strong>audit</strong></span> <span class='ocrx_word' id='word_1_992' title='bbox 2249 4457 2587 4530; x_wconf 84' lang='lat' dir='ltr'><strong>attributum.</strong></span> <span class='ocrx_word' id='word_1_993' title='bbox 2647 4456 3034 4530; x_wconf 78' lang='lat' dir='ltr'><strong>Testimonium</strong></span> <span class='ocrx_word' id='word_1_994' title='bbox 3092 4456 3274 4530; x_wconf 82' lang='lat' dir='ltr'><strong>utique</strong></span> <span class='ocrx_word' id='word_1_995' title='bbox 3337 4456 3613 4528; x_wconf 77' lang='lat' dir='ltr'><strong>veritatis,</strong></span> 
     </span>
    </p>
   </div>
   <div class='ocr_carea' id='block_1_136' title="bbox 2037 4529 3615 4601">
    <p class='ocr_par' dir='ltr' id='par_1_136' title="bbox 2037 4529 3615 4601">
     <span class='ocr_line' id='line_1_137' title="bbox 2037 4529 3615 4601; baseline 0.003 -17"><span class='ocrx_word' id='word_1_996' title='bbox 2037 4529 2401 4601; x_wconf 74' lang='lat' dir='ltr'><strong>testimonium</strong></span> <span class='ocrx_word' id='word_1_997' title='bbox 2435 4530 2655 4582; x_wconf 90' lang='lat' dir='ltr'><strong>bonum.</strong></span> <span class='ocrx_word' id='word_1_998' title='bbox 2692 4529 2804 4584; x_wconf 86' lang='lat' dir='ltr'><strong>Hoc</strong></span> <span class='ocrx_word' id='word_1_999' title='bbox 2830 4530 3064 4601; x_wconf 89' lang='lat' dir='ltr'><strong>denique</strong></span> <span class='ocrx_word' id='word_1_1000' title='bbox 3096 4529 3458 4586; x_wconf 75' lang='lat' dir='ltr'><strong>testimonium</strong></span> <span class='ocrx_word' id='word_1_1001' title='bbox 3486 4547 3615 4589; x_wconf 87' lang='lat' dir='ltr'><strong>cou-</strong></span> 
     </span>
    </p>
   </div>
   <div class='ocr_carea' id='block_1_137' title="bbox 2036 4597 3617 4673">
    <p class='ocr_par' dir='ltr' id='par_1_137' title="bbox 2036 4597 3617 4673">
     <span class='ocr_line' id='line_1_138' title="bbox 2036 4597 3617 4673; baseline 0.003 -18"><span class='ocrx_word' id='word_1_1002' title='bbox 2036 4600 2214 4655; x_wconf 84' lang='lat' dir='ltr'><strong>ﬁtetur</strong></span> <span class='ocrx_word' id='word_1_1003' title='bbox 2244 4597 2516 4673; x_wconf 80' lang='lat' dir='ltr'><strong>Christum</strong></span> <span class='ocrx_word' id='word_1_1004' title='bbox 2546 4610 2601 4654; x_wconf 86' lang='lat' dir='ltr'><strong>et</strong></span> <span class='ocrx_word' id='word_1_1005' title='bbox 2633 4601 2842 4655; x_wconf 87' lang='lat' dir='ltr'><strong>vineam</strong></span> <span class='ocrx_word' id='word_1_1006' title='bbox 2863 4643 2879 4667; x_wconf 91' lang='lat'><strong>,</strong></span> <span class='ocrx_word' id='word_1_1007' title='bbox 2906 4601 2959 4655; x_wconf 90' lang='lat' dir='ltr'><strong>id</strong></span> <span class='ocrx_word' id='word_1_1008' title='bbox 2976 4597 3099 4669; x_wconf 55' lang='lat' dir='ltr'><strong>&#39;est,</strong></span> <span class='ocrx_word' id='word_1_1009' title='bbox 3134 4614 3291 4669; x_wconf 86' lang='lat' dir='ltr'><strong>caput</strong></span> <span class='ocrx_word' id='word_1_1010' title='bbox 3317 4614 3367 4657; x_wconf 89' lang='lat' dir='ltr'><strong>ct</strong></span> <span class='ocrx_word' id='word_1_1011' title='bbox 3397 4618 3617 4673; x_wconf 85' lang='lat' dir='ltr'><strong>corpus,</strong></span> 
     </span>
    </p>
   </div>
   <div class='ocr_carea' id='block_1_138' title="bbox 2037 4671 3613 4743">
    <p class='ocr_par' dir='ltr' id='par_1_138' title="bbox 2037 4671 3613 4743">
     <span class='ocr_line' id='line_1_139' title="bbox 2037 4671 3613 4743; baseline 0.002 -16"><span class='ocrx_word' id='word_1_1012' title='bbox 2037 4688 2217 4741; x_wconf 83' lang='lat' dir='ltr'><strong>regem</strong></span> <span class='ocrx_word' id='word_1_1013' title='bbox 2258 4671 2598 4743; x_wconf 64' lang='lat' dir='ltr'><strong>et_plcbem,</strong></span> <span class='ocrx_word' id='word_1_1014' title='bbox 2642 4682 2911 4739; x_wconf 82' lang='lat' dir='ltr'><strong>pastorem</strong></span> <span class='ocrx_word' id='word_1_1015' title='bbox 2953 4683 3007 4726; x_wconf 90' lang='lat' dir='ltr'><strong>et</strong></span> <span class='ocrx_word' id='word_1_1016' title='bbox 3042 4689 3302 4743; x_wconf 82' lang='lat' dir='ltr'><strong>gregem;</strong></span> <span class='ocrx_word' id='word_1_1017' title='bbox 3344 4686 3399 4729; x_wconf 89' lang='lat' dir='ltr'><strong>et</strong></span> <span class='ocrx_word' id='word_1_1018' title='bbox 3443 4671 3613 4729; x_wconf 85' lang='lat' dir='ltr'><strong>totum</strong></span> 
     </span>
    </p>
   </div>
   <div class='ocr_carea' id='block_1_139' title="bbox 2034 4740 3615 4812">
    <p class='ocr_par' dir='ltr' id='par_1_139' title="bbox 2034 4740 3615 4812">
     <span class='ocr_line' id='line_1_140' title="bbox 2034 4740 3615 4812; baseline 0.001 -13"><span class='ocrx_word' id='word_1_1019' title='bbox 2034 4740 2273 4799; x_wconf 84' lang='lat' dir='ltr'><strong>omnium</strong></span> <span class='ocrx_word' id='word_1_1020' title='bbox 2305 4740 2699 4811; x_wconf 89' lang='lat' dir='ltr'><strong>Scripturarum</strong></span> <span class='ocrx_word' id='word_1_1021' title='bbox 2733 4740 3076 4812; x_wconf 76' lang='lat' dir='ltr'><strong>mysterium,</strong></span> <span class='ocrx_word' id='word_1_1022' title='bbox 3112 4740 3163 4798; x_wconf 81' lang='lat' dir='ltr'><strong>id</strong></span> <span class='ocrx_word' id='word_1_1023' title='bbox 3193 4758 3306 4809; x_wconf 89' lang='lat' dir='ltr'><strong>est,</strong></span> <span class='ocrx_word' id='word_1_1024' title='bbox 3340 4746 3615 4801; x_wconf 77' lang='lat' dir='ltr'><strong>(lltristum</strong></span> 
     </span>
    </p>
   </div>
   <div class='ocr_carea' id='block_1_140' title="bbox 2036 4812 3620 4885">
    <p class='ocr_par' dir='ltr' id='par_1_140' title="bbox 2036 4812 3620 4885">
     <span class='ocr_line' id='line_1_141' title="bbox 2036 4812 3620 4885; baseline 0.001 -16"><span class='ocrx_word' id='word_1_1025' title='bbox 2036 4825 2089 4869; x_wconf 89' lang='lat' dir='ltr'><strong>et</strong></span> <span class='ocrx_word' id='word_1_1026' title='bbox 2120 4812 2414 4867; x_wconf 78' lang='lat' dir='ltr'><strong>Ecclesiam</strong></span> <span class='ocrx_word' id='word_1_1027' title='bbox 2438 4856 2451 4879; x_wconf 92' lang='lat'><strong>,</strong></span> <span class='ocrx_word' id='word_1_1028' title='bbox 2482 4822 2536 4867; x_wconf 88' lang='lat' dir='ltr'><strong>et</strong></span> <span class='ocrx_word' id='word_1_1029' title='bbox 2563 4814 2837 4867; x_wconf 87' lang='lat' dir='ltr'><strong>concludit</strong></span> <span class='ocrx_word' id='word_1_1030' title='bbox 2869 4830 2964 4879; x_wconf 88' lang='lat' dir='ltr'><strong>pro</strong></span> <span class='ocrx_word' id='word_1_1031' title='bbox 2998 4816 3253 4883; x_wconf 78' lang='lat' dir='ltr'><strong>Assyriis.</strong></span> <span class='ocrx_word' id='word_1_1032' title='bbox 3297 4817 3503 4885; x_wconf 76' lang='lat' dir='ltr'><strong>Assyrii</strong></span> <span class='ocrx_word' id='word_1_1033' title='bbox 3534 4817 3620 4872; x_wconf 86' lang='lat' dir='ltr'><strong>in-</strong></span> 
     </span>
    </p>
   </div>
   <div class='ocr_carea' id='block_1_141' title="bbox 2037 4886 3613 4954">
    <p class='ocr_par' dir='ltr' id='par_1_141' title="bbox 2037 4886 3613 4954">
     <span class='ocr_line' id='line_1_142' title="bbox 2037 4886 3613 4954; baseline 0.001 -14"><span class='ocrx_word' id='word_1_1034' title='bbox 2037 4892 2401 4953; x_wconf 85' lang='lat' dir='ltr'><strong>terpretantur</strong></span> <span class='ocrx_word' id='word_1_1035' title='bbox 2440 4886 2739 4954; x_wconf 77' lang='lat' dir='ltr'><strong>dirigentes.</strong></span> <span class='ocrx_word' id='word_1_1036' title='bbox 2794 4886 3005 4939; x_wconf 80' lang='lat' dir='ltr'><strong>Etenim</strong></span> <span class='ocrx_word' id='word_1_1037' title='bbox 3056 4888 3236 4954; x_wconf 85' lang='lat' dir='ltr'><strong>Asapb</strong></span> <span class='ocrx_word' id='word_1_1038' title='bbox 3280 4888 3423 4941; x_wconf 86' lang='lat' dir='ltr'><strong>hunc</strong></span> <span class='ocrx_word' id='word_1_1039' title='bbox 3467 4891 3613 4953; x_wconf 87' lang='lat' dir='ltr'><strong>psal-</strong></span> 
     </span>
    </p>
   </div>
   <div class='ocr_carea' id='block_1_142' title="bbox 2038 4954 3619 5028">
    <p class='ocr_par' dir='ltr' id='par_1_142' title="bbox 2038 4954 3619 5028">
     <span class='ocr_line' id='line_1_143' title="bbox 2038 4954 3619 5028; baseline 0.001 -17"><span class='ocrx_word' id='word_1_1040' title='bbox 2038 4971 2219 5028; x_wconf 74' lang='lat' dir='ltr'><strong>muut,</strong></span> <span class='ocrx_word' id='word_1_1041' title='bbox 2274 4954 2505 5028; x_wconf 76' lang='lat' dir='ltr'><strong>idest,</strong></span> <span class='ocrx_word' id='word_1_1042' title='bbox 2556 4956 2658 5009; x_wconf 82' lang='lat' dir='ltr'><strong>hoc</strong></span> <span class='ocrx_word' id='word_1_1043' title='bbox 2704 4956 3065 5028; x_wconf 81' lang='lat' dir='ltr'><strong>testiinonium</strong></span> <span class='ocrx_word' id='word_1_1044' title='bbox 3115 4955 3239 5011; x_wconf 83' lang='lat' dir='ltr'><strong>Jesu</strong></span> <span class='ocrx_word' id='word_1_1045' title='bbox 3288 4968 3470 5012; x_wconf 82' lang='lat' dir='ltr'><strong>cantat</strong></span> <span class='ocrx_word' id='word_1_1046' title='bbox 3520 4975 3619 5028; x_wconf 87' lang='lat' dir='ltr'><strong>pro</strong></span> 
     </span>
    </p>
   </div>
   <div class='ocr_carea' id='block_1_143' title="bbox 2038 5026 3616 5095">
    <p class='ocr_par' dir='ltr' id='par_1_143' title="bbox 2038 5026 3616 5095">
     <span class='ocr_line' id='line_1_144' title="bbox 2038 5026 3616 5095; baseline 0.002 -14"><span class='ocrx_word' id='word_1_1047' title='bbox 2038 5026 2287 5081; x_wconf 88' lang='lat' dir='ltr'><strong>omnibus</strong></span> <span class='ocrx_word' id='word_1_1048' title='bbox 2317 5026 2399 5080; x_wconf 88' lang='lat' dir='ltr'><strong>his</strong></span> <span class='ocrx_word' id='word_1_1049' title='bbox 2424 5028 2514 5095; x_wconf 91' lang='lat' dir='ltr'><strong>qui</strong></span> <span class='ocrx_word' id='word_1_1050' title='bbox 2542 5027 3009 5080; x_wconf 84' lang='lat' dir='ltr'><strong>contmutabuntur</strong></span> <span class='ocrx_word' id='word_1_1051' title='bbox 3036 5028 3087 5081; x_wconf 91' lang='lat' dir='ltr'><strong>in</strong></span> <span class='ocrx_word' id='word_1_1052' title='bbox 3118 5030 3310 5083; x_wconf 87' lang='lat' dir='ltr'><strong>melius</strong></span> <span class='ocrx_word' id='word_1_1053' title='bbox 3333 5073 3346 5094; x_wconf 93' lang='lat'><strong>,</strong></span> <span class='ocrx_word' id='word_1_1054' title='bbox 3380 5026 3616 5085; x_wconf 77' lang='lat' dir='ltr'><strong>maxime</strong></span> 
     </span>
    </p>
   </div>
   <div class='ocr_carea' id='block_1_144' title="bbox 2040 5098 3613 5168">
    <p class='ocr_par' dir='ltr' id='par_1_144' title="bbox 2040 5098 3613 5168">
     <span class='ocr_line' id='line_1_145' title="bbox 2040 5098 3613 5168; baseline 0.003 -16"><span class='ocrx_word' id='word_1_1055' title='bbox 2040 5108 2220 5153; x_wconf 89' lang='lat' dir='ltr'><strong>tatneu</strong></span> <span class='ocrx_word' id='word_1_1056' title='bbox 2263 5112 2357 5165; x_wconf 93' lang='lat' dir='ltr'><strong>pro</strong></span> <span class='ocrx_word' id='word_1_1057' title='bbox 2396 5098 2501 5151; x_wconf 89' lang='lat' dir='ltr'><strong>illis</strong></span> <span class='ocrx_word' id='word_1_1058' title='bbox 2541 5098 2680 5151; x_wconf 87' lang='lat' dir='ltr'><strong>male</strong></span> <span class='ocrx_word' id='word_1_1059' title='bbox 2711 5111 2769 5151; x_wconf 88' lang='lat' dir='ltr'><strong>se</strong></span> <span class='ocrx_word' id='word_1_1060' title='bbox 2798 5099 3186 5166; x_wconf 83' lang='lat' dir='ltr'><strong>dirigentibus,</strong></span> <span class='ocrx_word' id='word_1_1061' title='bbox 3222 5102 3310 5167; x_wconf 88' lang='lat' dir='ltr'><strong>qui</strong></span> <span class='ocrx_word' id='word_1_1062' title='bbox 3349 5101 3613 5168; x_wconf 86' lang='lat' dir='ltr'><strong>justitiam</strong></span> 
     </span>
    </p>
   </div>
   <div class='ocr_carea' id='block_1_145' title="bbox 2039 5169 3613 5238">
    <p class='ocr_par' dir='ltr' id='par_1_145' title="bbox 2039 5169 3613 5238">
     <span class='ocr_line' id='line_1_146' title="bbox 2039 5169 3613 5238; baseline 0.001 -14"><span class='ocrx_word' id='word_1_1063' title='bbox 2039 5185 2190 5224; x_wconf 90' lang='lat' dir='ltr'><strong>suam</strong></span> <span class='ocrx_word' id='word_1_1064' title='bbox 2220 5180 2455 5222; x_wconf 89' lang='lat' dir='ltr'><strong>statuere</strong></span> <span class='ocrx_word' id='word_1_1065' title='bbox 2488 5169 2701 5233; x_wconf 64' lang='lat' dir='ltr'><strong>volunt,</strong></span> <span class='ocrx_word' id='word_1_1066' title='bbox 2730 5180 2783 5223; x_wconf 91' lang='lat' dir='ltr'><strong>et</strong></span> <span class='ocrx_word' id='word_1_1067' title='bbox 2810 5169 3033 5238; x_wconf 83' lang='lat' dir='ltr'><strong>justitiae</strong></span> <span class='ocrx_word' id='word_1_1068' title='bbox 3066 5170 3157 5225; x_wconf 89' lang='lat' dir='ltr'><strong>Dei</strong></span> <span class='ocrx_word' id='word_1_1069' title='bbox 3193 5186 3295 5224; x_wconf 90' lang='lat' dir='ltr'><strong>non</strong></span> <span class='ocrx_word' id='word_1_1070' title='bbox 3330 5188 3452 5227; x_wconf 82' lang='lat' dir='ltr'><strong>esse</strong></span> <span class='ocrx_word' id='word_1_1071' title='bbox 3482 5175 3613 5226; x_wconf 87' lang='lat' dir='ltr'><strong>sub-</strong></span> 
     </span>
    </p>
   </div>
   <div class='ocr_carea' id='block_1_146' title="bbox 2036 5239 3617 5311">
    <p class='ocr_par' dir='ltr' id='par_1_146' title="bbox 2036 5239 3617 5311">
     <span class='ocr_line' id='line_1_147' title="bbox 2036 5239 3617 5311; baseline 0.003 -16"><span class='ocrx_word' id='word_1_1072' title='bbox 2036 5241 2161 5310; x_wconf 78' lang='lat' dir='ltr'><strong>jecti</strong></span> <span class='ocrx_word' id='word_1_1073' title='bbox 2185 5284 2199 5308; x_wconf 88' lang='lat'><strong>,</strong></span> <span class='ocrx_word' id='word_1_1074' title='bbox 2252 5239 2485 5304; x_wconf 85' lang='lat' dir='ltr'><strong>scilicet,</strong></span> <span class='ocrx_word' id='word_1_1075' title='bbox 2538 5248 2593 5292; x_wconf 88' lang='lat' dir='ltr'><strong>ut</strong></span> <span class='ocrx_word' id='word_1_1076' title='bbox 2620 5240 2850 5307; x_wconf 81' lang='lat' dir='ltr'><strong>amplius</strong></span> <span class='ocrx_word' id='word_1_1077' title='bbox 2877 5256 2981 5293; x_wconf 83' lang='lat' dir='ltr'><strong>non</strong></span> <span class='ocrx_word' id='word_1_1078' title='bbox 3013 5243 3118 5295; x_wconf 89' lang='lat' dir='ltr'><strong>sint</strong></span> <span class='ocrx_word' id='word_1_1079' title='bbox 3147 5245 3424 5311; x_wconf 87' lang='lat' dir='ltr'><strong>generatio</strong></span> <span class='ocrx_word' id='word_1_1080' title='bbox 3456 5259 3617 5309; x_wconf 84' lang='lat' dir='ltr'><strong>prava</strong></span> 
     </span>
    </p>
   </div>
   <div class='ocr_carea' id='block_1_147' title="bbox 2039 5310 3619 5383">
    <p class='ocr_par' dir='ltr' id='par_1_147' title="bbox 2039 5310 3619 5383">
     <span class='ocr_line' id='line_1_148' title="bbox 2039 5310 3619 5383; baseline 0.003 -17"><span class='ocrx_word' id='word_1_1081' title='bbox 2039 5322 2096 5366; x_wconf 91' lang='lat' dir='ltr'><strong>et</strong></span> <span class='ocrx_word' id='word_1_1082' title='bbox 2126 5324 2449 5379; x_wconf 75' lang='lat' dir='ltr'><strong>exasperatis</strong></span> <span class='ocrx_word' id='word_1_1083' title='bbox 2470 5353 2489 5383; x_wconf 15' lang='grc' dir='ltr'>,ν</span> <span class='ocrx_word' id='word_1_1084' title='bbox 2511 5310 2632 5383; x_wconf 83' lang='lat' dir='ltr'><strong>quia</strong></span> <span class='ocrx_word' id='word_1_1085' title='bbox 2667 5326 2771 5364; x_wconf 91' lang='lat' dir='ltr'><strong>non</strong></span> <span class='ocrx_word' id='word_1_1086' title='bbox 2802 5312 3111 5366; x_wconf 77' lang='lat' dir='ltr'><strong>direxerunt</strong></span> <span class='ocrx_word' id='word_1_1087' title='bbox 3136 5310 3227 5378; x_wconf 81' lang='lat' dir='ltr'><strong>se,</strong></span> <span class='ocrx_word' id='word_1_1088' title='bbox 3261 5315 3354 5369; x_wconf 87' lang='lat' dir='ltr'><strong>sed</strong></span> <span class='ocrx_word' id='word_1_1089' title='bbox 3382 5318 3619 5383; x_wconf 75' lang='lat' dir='ltr'><strong>dirigant</strong></span> 
     </span>
    </p>
   </div>
   <div class='ocr_carea' id='block_1_148' title="bbox 2042 5380 3614 5455">
    <p class='ocr_par' dir='ltr' id='par_1_148' title="bbox 2042 5380 3614 5455">
     <span class='ocr_line' id='line_1_149' title="bbox 2042 5380 3614 5455; baseline 0.003 -18"><span class='ocrx_word' id='word_1_1090' title='bbox 2042 5397 2101 5437; x_wconf 88' lang='lat' dir='ltr'><strong>se</strong></span> <span class='ocrx_word' id='word_1_1091' title='bbox 2142 5385 2191 5435; x_wconf 92' lang='lat' dir='ltr'><strong>in</strong></span> <span class='ocrx_word' id='word_1_1092' title='bbox 2234 5396 2378 5434; x_wconf 75' lang='lat' dir='ltr'><strong>Viam</strong></span> <span class='ocrx_word' id='word_1_1093' title='bbox 2411 5380 2878 5455; x_wconf 66' lang='lat' dir='ltr'><strong>salutisazternze.</strong></span> <span class='ocrx_word' id='word_1_1094' title='bbox 2922 5384 3213 5437; x_wconf 80' lang='lat' dir='ltr'><strong>Audiamus</strong></span> <span class='ocrx_word' id='word_1_1095' title='bbox 3241 5400 3369 5451; x_wconf 60' lang='lat' dir='ltr'><strong>ergo</strong></span> <span class='ocrx_word' id='word_1_1096' title='bbox 3399 5380 3525 5455; x_wconf 79' lang='lat' dir='ltr'><strong>quid</strong></span> <span class='ocrx_word' id='word_1_1097' title='bbox 3563 5390 3614 5441; x_wconf 91' lang='lat' dir='ltr'><strong>in</strong></span> 
     </span>
    </p>
   </div>
   <div class='ocr_carea' id='block_1_149' title="bbox 2043 5452 3576 5525">
    <p class='ocr_par' dir='ltr' id='par_1_149' title="bbox 2043 5452 3576 5525">
     <span class='ocr_line' id='line_1_150' title="bbox 2043 5452 3576 5525; baseline 0 -17"><span class='ocrx_word' id='word_1_1098' title='bbox 2043 5456 2147 5509; x_wconf 85' lang='lat' dir='ltr'><strong>hoc</strong></span> <span class='ocrx_word' id='word_1_1099' title='bbox 2178 5452 2473 5525; x_wconf 65' lang='lat' dir='ltr'><strong>prophetia}</strong></span> <span class='ocrx_word' id='word_1_1100' title='bbox 2500 5453 2720 5525; x_wconf 83' lang='lat' dir='ltr'><strong>spiritus</strong></span> <span class='ocrx_word' id='word_1_1101' title='bbox 2752 5453 3019 5520; x_wconf 91' lang='lat' dir='ltr'><strong>insinuet,</strong></span> <span class='ocrx_word' id='word_1_1102' title='bbox 3053 5456 3124 5508; x_wconf 88' lang='lat' dir='ltr'><strong>ita</strong></span> <span class='ocrx_word' id='word_1_1103' title='bbox 3157 5457 3342 5510; x_wconf 88' lang='lat' dir='ltr'><strong>dicens</strong></span> <span class='ocrx_word' id='word_1_1104' title='bbox 3372 5452 3576 5525; x_wconf 80' lang='lat' dir='ltr'><strong>Asapli.</strong></span> 
     </span>
    </p>
   </div>
   <div class='ocr_carea' id='block_1_150' title="bbox 2121 5518 3616 5597">
    <p class='ocr_par' dir='ltr' id='par_1_150' title="bbox 2121 5518 3616 5597">
     <span class='ocr_line' id='line_1_151' title="bbox 2121 5518 3616 5597; baseline 0.003 -21"><span class='ocrx_word' id='word_1_1105' title='bbox 2121 5518 2226 5597; x_wconf 82' lang='lat' dir='ltr'><strong>Qui</strong></span> <span class='ocrx_word' id='word_1_1106' title='bbox 2258 5518 2391 5591; x_wconf 65' lang='lat' dir='ltr'><strong>regis</strong></span> <span class='ocrx_word' id='word_1_1107' title='bbox 2434 5518 2631 5597; x_wconf 72' lang='lat' dir='ltr'><strong>Israel,</strong></span> <span class='ocrx_word' id='word_1_1108' title='bbox 2672 5524 2898 5582; x_wconf 80' lang='lat' dir='ltr'><strong>intende.</strong></span> <span class='ocrx_word' id='word_1_1109' title='bbox 2940 5518 3101 5591; x_wconf 82' lang='lat' dir='ltr'><strong>Quasi</strong></span> <span class='ocrx_word' id='word_1_1110' title='bbox 3140 5528 3317 5582; x_wconf 81' lang='lat' dir='ltr'><strong>dicat:</strong></span> <span class='ocrx_word' id='word_1_1111' title='bbox 3354 5530 3430 5582; x_wconf 81' lang='lat' dir='ltr'><strong>&#39;l‘u</strong></span> <span class='ocrx_word' id='word_1_1112' title='bbox 3462 5518 3616 5597; x_wconf 79' lang='lat' dir='ltr'><strong>cujus</strong></span> 
     </span>
    </p>
   </div>
   <div class='ocr_carea' id='block_1_151' title="bbox 2045 5593 3613 5665">
    <p class='ocr_par' dir='ltr' id='par_1_151' title="bbox 2045 5593 3613 5665">
     <span class='ocr_line' id='line_1_152' title="bbox 2045 5593 3613 5665; baseline 0.003 -15"><span class='ocrx_word' id='word_1_1113' title='bbox 2045 5596 2267 5650; x_wconf 89' lang='lat' dir='ltr'><strong>arbitrio</strong></span> <span class='ocrx_word' id='word_1_1114' title='bbox 2312 5593 2487 5665; x_wconf 83' lang='lat' dir='ltr'><strong>omnia</strong></span> <span class='ocrx_word' id='word_1_1115' title='bbox 2541 5604 2792 5648; x_wconf 67' lang='lat' dir='ltr'><strong>creantur</strong></span> <span class='ocrx_word' id='word_1_1116' title='bbox 2841 5607 2894 5649; x_wconf 79' lang='lat' dir='ltr'><strong>et</strong></span> <span class='ocrx_word' id='word_1_1117' title='bbox 2940 5598 3326 5665; x_wconf 67' lang='lat' dir='ltr'><strong>gubernantur,</strong></span> <span class='ocrx_word' id='word_1_1118' title='bbox 3380 5593 3613 5654; x_wconf 69' lang='lat' dir='ltr'><strong>mutuus</strong></span> 
     </span>
    </p>
   </div>
   <div class='ocr_carea' id='block_1_152' title="bbox 2047 5663 3611 5738">
    <p class='ocr_par' dir='ltr' id='par_1_152' title="bbox 2047 5663 3611 5738">
     <span class='ocr_line' id='line_1_153' title="bbox 2047 5663 3611 5738; baseline 0.001 -17"><span class='ocrx_word' id='word_1_1119' title='bbox 2047 5677 2224 5721; x_wconf 87' lang='lat' dir='ltr'><strong>tamen</strong></span> <span class='ocrx_word' id='word_1_1120' title='bbox 2251 5666 2387 5738; x_wconf 69' lang='lat' dir='ltr'><strong>regis</strong></span> <span class='ocrx_word' id='word_1_1121' title='bbox 2419 5663 2589 5717; x_wconf 80' lang='lat' dir='ltr'><strong>Israel</strong></span> <span class='ocrx_word' id='word_1_1122' title='bbox 2612 5707 2624 5731; x_wconf 89' lang='lat'><strong>,</strong></span> <span class='ocrx_word' id='word_1_1123' title='bbox 2656 5666 2705 5738; x_wconf 88' lang='lat' dir='ltr'><strong>id</strong></span> <span class='ocrx_word' id='word_1_1124' title='bbox 2736 5674 2851 5731; x_wconf 87' lang='lat' dir='ltr'><strong>est,</strong></span> <span class='ocrx_word' id='word_1_1125' title='bbox 2885 5663 3003 5722; x_wconf 82' lang='lat' dir='ltr'><strong>illos</strong></span> <span class='ocrx_word' id='word_1_1126' title='bbox 3035 5671 3119 5738; x_wconf 88' lang='lat' dir='ltr'><strong>qui</strong></span> <span class='ocrx_word' id='word_1_1127' title='bbox 3149 5680 3274 5723; x_wconf 84' lang='lat' dir='ltr'><strong>sunt</strong></span> <span class='ocrx_word' id='word_1_1128' title='bbox 3306 5663 3397 5723; x_wconf 84' lang='lat' dir='ltr'><strong>viri</strong></span> <span class='ocrx_word' id='word_1_1129' title='bbox 3430 5671 3611 5723; x_wconf 77' lang='lat' dir='ltr'><strong>viduu-</strong></span> 
     </span>
    </p>
   </div>
   <div class='ocr_carea' id='block_1_153' title="bbox 2047 5735 3606 5809">
    <p class='ocr_par' dir='ltr' id='par_1_153' title="bbox 2047 5735 3606 5809">
     <span class='ocr_line' id='line_1_154' title="bbox 2047 5735 3606 5809; baseline 0.003 -18"><span class='ocrx_word' id='word_1_1130' title='bbox 2047 5747 2128 5793; x_wconf 87' lang='lat' dir='ltr'><strong>tes</strong></span> <span class='ocrx_word' id='word_1_1131' title='bbox 2170 5747 2218 5790; x_wconf 90' lang='lat' dir='ltr'><strong>te</strong></span> <span class='ocrx_word' id='word_1_1132' title='bbox 2250 5735 2417 5809; x_wconf 87' lang='lat' dir='ltr'><strong>Deum</strong></span> <span class='ocrx_word' id='word_1_1133' title='bbox 2456 5750 2595 5809; x_wconf 86' lang='lat' dir='ltr'><strong>nunc</strong></span> <span class='ocrx_word' id='word_1_1134' title='bbox 2633 5737 2734 5809; x_wconf 80' lang='lat' dir='ltr'><strong>[ide</strong></span> <span class='ocrx_word' id='word_1_1135' title='bbox 2761 5777 2777 5802; x_wconf 93' lang='lat'><strong>,</strong></span> <span class='ocrx_word' id='word_1_1136' title='bbox 2814 5735 3237 5809; x_wconf 55' lang='lat' dir='ltr'><strong>tandcm&#39;visuri</strong></span> <span class='ocrx_word' id='word_1_1137' title='bbox 3275 5742 3490 5809; x_wconf 88' lang='lat' dir='ltr'><strong>specie;</strong></span> <span class='ocrx_word' id='word_1_1138' title='bbox 3527 5751 3606 5805; x_wconf 90' lang='lat' dir='ltr'><strong>tu,</strong></span> 
     </span>
    </p>
   </div>
   <div class='ocr_carea' id='block_1_154' title="bbox 2054 5806 3601 5887">
    <p class='ocr_par' dir='ltr' id='par_1_154' title="bbox 2054 5806 3601 5887">
     <span class='ocr_line' id='line_1_155' title="bbox 2054 5806 3601 5887; baseline 0 -19"><span class='ocrx_word' id='word_1_1139' title='bbox 2054 5810 2267 5881; x_wconf 87' lang='lat' dir='ltr'><strong>inquam</strong></span> <span class='ocrx_word' id='word_1_1140' title='bbox 2300 5806 2476 5878; x_wconf 78' lang='lat' dir='ltr'><strong>{quasi</strong></span> <span class='ocrx_word' id='word_1_1141' title='bbox 2507 5807 2706 5879; x_wconf 88' lang='lat' dir='ltr'><strong>dicat),</strong></span> <span class='ocrx_word' id='word_1_1142' title='bbox 2740 5808 2885 5881; x_wconf 88' lang='lat' dir='ltr'><strong>prius</strong></span> <span class='ocrx_word' id='word_1_1143' title='bbox 2918 5812 3172 5869; x_wconf 88' lang='lat' dir='ltr'><strong>remissus</strong></span> <span class='ocrx_word' id='word_1_1144' title='bbox 3202 5806 3354 5887; x_wconf 74' lang='lat' dir='ltr'><strong>eras,</strong></span> <span class='ocrx_word' id='word_1_1145' title='bbox 3388 5813 3601 5883; x_wconf 85' lang='lat' dir='ltr'><strong>quando</strong></span> 
     </span>
    </p>
   </div>
  </div>
