3984 6362
368 213 475 276 915

827 218 1038 278 BEDIE
1075 218 1530 277 VENERABILIS
1566 219 1718 277 OPP.
1762 180 1944 277 DARS
1982 217 2048 275 Π.
2089 219 2282 277 SECT.
2324 221 2386 277 ll.
2416 250 2491 267 ι·-
2526 221 2734 279 DUBIA
2770 219 2860 277 ET
2897 218 3167 276 SPURIA.

3530 221 3656 280 916

374 336 662 412 subgnube
699 339 877 395 carnis
916 340 1157 412 latebas,
1197 339 1445 412 intende,
1483 336 1539 412 id
1588 343 1711 404 est,
1767 336 1857 412 fac
1904 346 1957 394 te
1984 341 2036 399 Δ
2066 339 2263 412 carnis,
2289 339 2573 412 obtexisti,
2620 338 2744 408 quia
2791 353 2898 393 non
2927 338 3217 412 _videbaris
3241 339 3388 408 ipse,
3419 345 3660 412 quando

369 408 527 466 nobis
551 409 823 465 intensum
845 451 859 474 ,
880 409 1174 465 revelando
1201 409 1359 465 nobis
1388 409 1625 464 divinam
1655 410 1952 477 potentiam

371 491 559 543 tuam,
591 491 645 536 et
672 482 855 536 lumen
894 482 1084 547 gratiae
1124 491 1249 536 tuae.
1293 481 1374 535 'l‘u
1411 479 1570 548 dico,
1612 481 1703 550 qui
1742 480 1953 534 deducis

370 567 482 626 per
509 552 780 608 desertum
823 550 980 626 hujus
1012 552 1134 626 vitm
1171 550 1404 626 Joseplg,
1449 550 1499 605 id
1540 560 1668 626 est,‘
1698 553 1953 626 populum

372 621 709 692 designatum
741 637 835 691 per
863 622 1060 691 Josepb
1086 663 1100 686 ,
1132 621 1405 694 pascendo
1436 637 1557 677 eum
1590 621 1955 694 spiritualibus

372 694 635 750 institutis
666 702 826 761 atque
856 693 1398 764 mysteriistanquam
1430 709 1565 757 oves,
1599 693 1839 748 intende.
1872 694 1955 748 lu-

372 776 600 821 vocatur
628 773 686 820 ut
712 766 931 831 veniat,
963 776 1304 834 exSpectatur
1331 773 1391 819 ut
1420 765 1637 831 veniat,
1671 765 1951 820 desidera-

375 845 468 891 tur
494 846 552 891 ut
581 837 798 905 veniat,
836 850 966 905 ergo
993 836 1286 906 dirigentes
1323 837 1581 906 inveniat.
1617 835 1736 904 Ipse
1768 844 1951 892 autem

371 907 573 976 Joseph
602 916 687 963 est
716 922 865 962 oves.
911 906 975 961 Et
1016 909 1255 978 intellige
1296 923 1391 974 per
1418 905 1615 978 .loseph
1660 906 1845 961 fideles
1885 907 1953 964 de

374 980 649 1051 gentibus,
670 978 820 1051 juxta
848 978 1083 1051 uomiuis
1110 977 1604 1051 interpretationem
1630 994 1642 1044 ;
1671 992 1766 1047 per
1792 978 1953 1034 Israel

373 1048 506 1105 itero
536 1048 720 1104 ﬁdeles
748 1050 817 1105 de
844 1049 1043 1105 Judaeis
1064 1093 1079 1115 ,
1106 1048 1287 1107 audito
1312 1048 1509 1118 Josepb
1530 1091 1545 1115 ,
1576 1058 1826 1115 tanquam
1858 1064 1953 1104 no-

373 1122 534 1176 minis
583 1122 954 1192 interpretatio
1001 1122 1224 1192 multum
1268 1123 1450 1192 juvct,
1500 1120 1764 1192 signiﬁcat
1805 1124 1951 1175 enim

370 1190 737 1264 augmentumg
771 1191 839 1246 Et
887 1191 1018 1247 illud
1050 1194 1235 1263 utique
1266 1190 1488 1264 granum
1526 1190 1726 1264 cecidit
1756 1190 1807 1245 in
1839 1200 1951 1264 ter:

370 1278 487 1318 ram
540 1263 940 1330 mortiﬁcatum,
970 1274 1029 1318 ut
1076 1261 1381 1332 resurgeret
1430 1263 1863 1332 multiplicatum,
1896 1261 1950 1316 id

372 1344 484 1399 est,
517 1343 575 1388 ut
602 1343 889 1403 augeretur
918 1335 1144 1404 p0pulus
1177 1334 1265 1390 Dei
1293 1354 1306 1398 ;
1342 1344 1518 1389 tamen
1566 1333 1951 1404 attendendum

374 1414 461 1460 est
488 1405 646 1459 nobis
676 1405 818 1475 quod
848 1405 903 1459 in
923 1403 1053 1475 ipso
1081 1405 1285 1474 Josepb
1324 1406 1565 1475 contigit.
1605 1406 1650 1459 A
1691 1403 1949 1460 fratribus

378 1475 576 1545 quippe
606 1486 691 1530 est
718 1476 1003 1543 venditus,
1034 1492 1062 1530 a
1094 1478 1204 1531 suis
1236 1478 1585 1531 inhonoratos
1605 1517 1620 1540 ,
1650 1475 1789 1544 apud
1819 1476 1951 1530 alie-

378 1546 601 1617 nigenas
648 1547 954 1613 exaltatus;
996 1558 1049 1603 et
1090 1547 1448 1617 intelligamus
1488 1548 1541 1602 in
1584 1547 1735 1614 cujus
1787 1559 1950 1616 grege

373 1630 496 1689 esse
533 1616 859 1682 debeamus,
901 1633 1019 1673 cum
1060 1617 1145 1673 his
1183 1616 1279 1687 qui
1308 1618 1420 1689 jatn
1461 1619 1695 1687 dirigunt
1747 1632 1839 1683 se,
1891 1626 1951 1672 ut

2060 410 2402 479 prtecedebas
2452 411 2504 465 in
2550 425 2744 473 cruce,
2793 409 2939 480 quod
2980 412 3089 477 jam
3136 410 3333 466 factum
3365 409 3464 467 est.
3499 413 3658 481 Quia

2056 498 2164 537 non
2195 481 2447 551 cognovit
2478 482 2656 551 Asapb
2690 481 2978 536 Dominum
3013 483 3065 536 in
3099 492 3243 538 terra
3275 496 3608 551 praesentem
3630 526 3656 552 ,

2058 554 2316 608 miracula
2366 553 2689 617 facientem,
2742 553 3109 620 morientem;
3170 563 3447 623 postquam
3506 573 3661 614 vero

2056 625 2287 679 surrexit
2316 639 2344 677 a
2376 624 2602 679 mortuis
2632 623 2927 690 Dominus,
2960 633 3012 679 et
3039 627 3327 689 ascendit;
3353 637 3475 683 tunc
3508 644 3654 686 eum

2055 696 2305 764 agnovit,
2339 705 2394 749 et
2423 704 2805 765 compunctum
2834 697 2998 752 corde
3028 695 3131 751 hoc
3173 697 3540 753 testimonium
3572 701 3661 758 de

2055 779 2121 820 eo
2148 767 2302 820 dixit.
2339 765 2418 839 Illi
2453 781 2581 821 vero
2608 766 2799 835 quibus
2850 766 2951 822 hoc
2995 765 3360 839 testimonium
3392 770 3554 839 dicit,
3588 769 3660 828 id

2055 846 2174 908 est,
2208 838 2446 908 Assyrii,
2479 840 2751 905 quomodo
2774 840 3102 905 agnoscent?
3128 838 3261 906 Quia
3285 838 3545 897 ostendet
3562 844 3663 903 eis

2056 906 2247 993 [eicient
2278 906 2465 993 suam,
2496 920 2549 964 et
2579 909 2711 993 salvi
2745 917 2925 993 erunt.
2962 910 3029 965 Et
3058 919 3143 993 est
3171 911 3364 993 (quasi
3396 912 3547 967 dicat
3572 914 3606 993 )l
3627 929 3652 969 :

2056 978 2321 1053 Dbtexisti
2371 980 2557 1034 faciem
2610 992 2784 1053 tuam,
2832 990 2889 1035 et
2944 978 3360 1053 aegrotavimus;
3419 978 3649 1041 ostende

2055 1050 2235 1119 faciem
2268 1061 2439 1117 tuam,
2473 1060 2521 1105 et
2550 1052 2678 1105 salvi
2706 1052 2915 1107 erimus.

2132 1120 2378 1187 Domine,
2430 1121 2571 1176 Deus
2617 1124 2888 1195 virtutum.
2936 1123 3207 1190 Ostende,
3253 1125 3468 1195 inquam
3495 1167 3512 1194 ,
3565 1133 3661 1181 ta-

2054 1190 2192 1265 eiem
2245 1202 2407 1247 tuam.
2444 1195 2575 1249 Nam
2591 1194 2992 1265 ‘viderisquasi
3027 1197 3228 1263 iratus,
3260 1190 3507 1265 quandiu'
3541 1196 3658 1252 dif-

2055 1262 2165 1317 fers
2211 1264 2497 1319 ostendere
2523 1282 2537 1329 ;
2566 1264 2659 1319 sed
2682 1305 2699 1331 ,
2728 1278 2762 1319 ο
2791 1262 3012 1320 Domine
3045 1267 3179 1320 Deus
3198 1262 3221 1328 ,ί
3244 1262 3405 1321 etiam
3448 1284 3654 1335 super-

2053 1335 2351 1389 etelestium
2384 1337 2629 1389 virtutum
2656 1376 2669 1399 ,
2700 1352 2964 1405 quousque
2992 1338 3230 1392 irasceris
3269 1353 3427 1405 super
3454 1341 3657 1395 oratio-

2054 1421 2205 1478 nem,
2240 1405 2291 1460 id
2324 1414 2438 1478 est,
2481 1408 2720 1478 quandiu
2760 1406 2876 1478 haec
2910 1406 2987 1461 ira
3042 1418 3130 1463 tua
3178 1410 3282 1463 erit
3322 1423 3489 1478 super
3517 1425 3655 1465 ora-

2056 1477 2292 1540 tionem,
2346 1477 2469 1546 quia
2519 1477 2646 1533 facit
2695 1487 2752 1532 ut
2801 1476 3051 1535 allectum
3086 1495 3192 1533 non
3238 1476 3434 1534 habeat
3464 1482 3646 1537 oratio

2052 1548 2182 1602 servi
2212 1547 2335 1602 tui?
2365 1549 2525 1616 Quasi
2558 1549 2739 1603 dicat:
2774 1548 2831 1604 Si
2861 1550 3181 1605 irascebaris
3231 1552 3493 1615 inimicis,
3541 1553 3653 1607 ira-

2053 1619 2220 1673 sceris
2251 1618 2424 1693 adhuc
2454 1621 2626 1693 servis
2658 1620 3156 1693 tuisaC‘onvertisti
3188 1636 3304 1693 nos,
3338 1633 3392 1677 et
3421 1625 3651 1693 agnovi-

378 1686 514 1769 lopis
540 1689 1000 1769 abadiﬁcantibus
1024 1686 1347 1769 reprob’atus',
1376 1690 1466 1769 ﬁat
1495 1691 1544 1743 in
1576 1686 1725 1769 caput
1751 1690 1947 1769 anguli,
1980 1701 2029 1765 Β
2060 1705 2207 1756 mus,
2242 1700 2295 1745 et
2320 1690 2497 1769 _ad_hue
2524 1691 2816 1769 irasceris?
2846 1689 3012 1769 Plane
3038 1693 3219 1769 utique
3243 1686 3516 1759 irasceris,
3550 1693 3656 1750 sed

378 1766 570 1814 tenens
599 1761 732 1814 duos
763 1764 997 1828 parietes
1027 1778 1057 1817 e
1087 1763 1302 1817 diverso
1334 1762 1642 1825 venientes,
1676 1760 1727 1814 in
1756 1760 1953 1828 angulo

372 1837 558 1885 tamen
589 1832 990 1886 convenientes.
1024 1833 1276 1900 Sequitur
1303 1851 1315 1885 :

452 1902 556 1969 Qui
580 1902 722 1956 sedes
748 1919 901 1974 super
926 1903 1191 1974 cherubin.
1213 1901 1483 1974 Cherubin
1509 1902 1773 1971 plenitudo
1795 1902 1958 1957 scien-

380 1974 467 2026 tia:
505 1972 909 2042 interpretatur.
952 1973 1127 2030 Habet
1165 1982 1343 2029 autem
1386 1972 1475 2028 ille
1506 1974 1743 2029 scientia:
1774 1974 1958 2042 pleni-

377 2043 619 2098 tudinem
640 2086 657 2109 ,
692 2045 794 2113 qui-
814 2044 976 2100 habet
1006 2046 1317 2100 cbaritatem
1342 2088 1355 2112 ,
1387 2047 1508 2114 quia
1539 2044 1800 2107 plenitudo
1832 2045 1957 2114 legis

378 2124 455 2169 est
484 2115 731 2171 Charitas.
765 2114 842 2170 Ne
869 2131 999 2187 ergo
1029 2132 1125 2187 per
1151 2117 1317 2171 multa
1349 2116 1731 2187 distrahantur,
1767 2129 1835 2169 ne
1866 2130 1962 2183 per

379 2187 548 2240 multa
595 2203 888 2257 vagamur,
938 2186 985 2241 Si
1034 2186 1283 2243 volumus
1331 2186 1529 2241 habere
1566 2186 1809 2257 scientiae
1848 2188 1960 2255 ple-

378 2256 714 2328 nitudinem,
764 2258 1056 2315 habeamus
1099 2261 1438 2315 charitatem.
1493 2257 1629 2324 Quid
1670 2256 1811 2311 enim
1855 2271 1955 2311 ue-

382 2330 487 2399 ucit
525 2330 614 2399 qui
655 2330 971 2386 cbaritatem
1012 2331 1161 2387 scit?
1200 2331 1399 2399 Utique
1438 2331 1615 2384 omnia
1654 2330 1795 2393 scit,
1835 2328 1961 2398 quia

378 2397 556 2455 Deuni
596 2403 717 2457 scit.
751 2401 1017 2471 Scriptum
1063 2412 1146 2458 est
1191 2397 1334 2458 enim
1381 2400 1505 2470 quia
1548 2399 1690 2455 Deus
1734 2397 1960 2471 charitas

376 2478 472 2527 est.
515 2472 580 2525 Et
605 2484 701 2546 est
736 2470 1079 2546 dicereingu
1116 2475 1205 2546 qui
1243 2473 1396 2546 sedes
1424 2487 1577 2546 super
1603 2471 1872 2535 cherubin,
1906 2470 1960 2525 id

377 2549 499 2615 eet,
530 2543 620 2612 qui
659 2544 816 2600 sedes
845 2544 896 2597 in
927 2544 1030 2601 illis
1060 2542 1147 2615 qui
1190 2555 1314 2600 sunt
1352 2542 1611 2615 cherubin
1632 2584 1663 2615 ,_
1689 2550 1749 2596 ut
1789 2556 1961 2615 _s_upe-

384 2611 737 2687 rius;’auima
771 2616 917 2670 enim
944 2611 1090 2687 justi'
1116 2617 1271 2672 sedes
1311 2625 1394 2670 est
1436 2613 1733 2687 sapientiae.
1780 2611 1957 2667 Mani-

375 2682 592 2752 festare.
624 2688 786 2753 Quasi
825 2682 1008 2741 dicai:
1060 2688 1397 2752 Erravimus,
1432 2685 1555 2754 quia
1598 2694 1649 2738 te
1689 2691 1960 2753 pastorem

376 2770 484 2808 non
517 2759 833 2826 agnovimus
860 2775 873 2821 ;
905 2767 959 2813 et
988 2758 1107 2813 ideo
1137 2758 1422 2812 manifesta
1455 2768 1506 2810 te
1537 2755 1694 2810 nobis
1715 2796 1730 2819 ,
1761 2764 1818 2809 ut
1847 2770 1960 2809 am-

375 2826 514 2898 plius
545 2844 653 2883 non
684 2843 947 2883 erremus.
981 2828 1317 2898 Manifestum
1337 2868 1352 2893 ,
1384 2828 1529 2893 dico,
1562 2835 1621 2881 ut
1646 2828 1955 2898 sis_corom,

373 2897 428 2970 i_t_i
459 2905 578 2970 est,
601 2908 659 2954 ut
681 2913 940 2969 appareas
966 2896 1210 2968 Eplu'aim
1232 2939 1247 2963 ,
1281 2899 1553 2970 Benjamin
1576 2939 1591 2963 ,
1621 2906 1668 2952 et
1694 2896 1959 2952 Manasse.

373 2966 637 3024 Videntur
666 2966 837 3041 majus
868 2966 1120 3037 quiddqu
1152 2972 1266 3025 luce
1293 2966 1509 3024 nomina
1535 2970 1760 3023 alterum
1790 2971 1961 3041 altero

2059 1777 2167 1816 non
2215 1771 2271 1815 ut
2313 1762 2477 1831 judex
2523 1762 2882 1831 domiuaudo,
2916 1763 3011 1817 sed
3045 1765 3221 1831 potius
3253 1773 3307 1817 ut
3342 1773 3495 1832 pater
3524 1779 3657 1821 cor-

2058 1833 2304 1906 rigendo.
2356 1832 2522 1906 Plane
2566 1834 2847 1906 irasceris,
2881 1835 3006 1902 quia
3047 1836 3304 1902 scriptum
3336 1846 3457 1889 est:
3495 1833 3654 1906 Fili,

2059 1905 2302 1957 accedens
2347 1903 2416 1957 ad
2461 1905 2751 1958 servitutem
2796 1907 2955 1973 patris
3005 1905 3116 1969 tui,
3159 1916 3237 1958 sta
3280 1906 3334 1958 in
3377 1908 3564 1960 timore
3605 1903 3657 1962 et

2059 1984 2299 2041 tremore,
2330 1983 2379 2031 et
2406 1991 2645 2045 pra'para
2672 1974 2901 2028 animum
2929 1983 3073 2028 tuum
3102 1978 3168 2029 ad
3198 1978 3548 2032 tentationem.
3582 1978 3661 2034 Ne

2060 2060 2310 2114 putemus
2360 2047 2490 2100 iram
2537 2046 2632 2100 Dei
2676 2045 2968 2111 transisse,
3002 2048 3127 2115 quia
3173 2062 3475 2103 conversus
3523 2058 3658 2117 est;

2062 2117 2299 2183 transiit,
2328 2117 2421 2171 sed
2452 2132 2519 2171 ne
2548 2119 2599 2171 in
2627 2127 2889 2172 teternum
2918 2120 3122 2186 puniat.
3157 2117 3415 2188 Flagellat
3440 2130 3651 2186 autem,

2060 2198 2113 2244 et
2144 2204 2251 2243 non
2287 2189 2487 2253 parcit,
2521 2189 2642 2257 quia
2674 2187 2882 2256 corrigit
2912 2205 3113 2244 omnem
3138 2187 3305 2257 ﬁliuni
3334 2207 3489 2257 quem
3518 2193 3654 2244 reci-

2062 2261 2158 2328 pit.
2190 2260 2246 2315 Si
2275 2272 2405 2327 ergo
2436 2258 2644 2329 ﬂagella
2674 2258 2973 2324 detrectas,
3012 2259 3283 2331 quomodo
3323 2263 3497 2329 recipi
3542 2263 3645 2316 de-

2058 2330 2309 2387 sideras?
2348 2331 2578 2402 tlagellat
2622 2334 2765 2386 enim
2810 2330 3043 2385 omnem
3070 2346 3232 2402 quem
3275 2333 3507 2401 recipit,
3557 2332 3652 2402 qts’.

2062 2416 2161 2457 nec
2202 2402 2416 2470 proprio
2460 2401 2593 2456 Filio
2634 2416 2736 2456 suo
2782 2404 3057 2471 pepercit,
3091 2401 3160 2457 et
3206 2403 3257 2457 in
3302 2402 3406 2458 hoc
3446 2412 3533 2460 est
3574 2401 3656 2460 ira

2061 2473 2197 2543 ejus.
2245 2472 2553 2527 Orationem
2599 2482 2776 2527 autem
2826 2474 2893 2528 de
2939 2488 3042 2542 qua
3086 2473 3236 2540 dicit,
3269 2475 3456 2543 accipe
3504 2475 3653 2530 illam

2060 2559 2181 2616 qua:
2238 2544 2510 2616 proxime“
2539 2544 2829 2613 praecedit,
2889 2546 3139 2616 scilicet,
3198 2546 3410 2600 ostende
3466 2546 3653 2615 facient

2063 2614 2232 2677 tuam,
2279 2625 2332 2669 et
2373 2614 2576 2670 similes
2624 2616 2677 2670 in
2728 2616 2958 2683 psalmo.
3007 2615 3104 2670 Cui
3155 2618 3385 2671 orationi
3437 2614 3652 2673 videtur

2062 2685 2356 2757 praevalere
2387 2686 2501 2757 ira,
2548 2687 2784 2754 quandiu
2828 2688 2893 2741 ab
2926 2688 3157 2741 inimicis
3205 2687 3551 2754 ﬂagellamur
3598 2697 3651 2743 et

2062 2756 2370 2826 allligimur.
2420 2756 2649 2830 Etcum
2697 2757 2827 2812 dicit
2858 2758 3183 2830 :Quousque
3227 2760 3469 2813 irasceris
3502 2776 3651 2830 super

2063 2831 2353 2884 orationem
2383 2828 2514 2881 servi
2552 2829 2658 2900 tui,
2692 2830 2761 2882 ita
2791 2829 2996 2898 accipe,
3047 2828 3199 2900 quasi
3244 2830 3433 2886 dicat:
3479 2828 3649 2898 Quan-

2063 2902 2153 2957 diu
2184 2913 2334 2956 certe
2363 2899 2725 2954 necessarium
2758 2900 2862 2954 erit
2893 2899 3074 2956 nobis.

2098 3002 2103 3007 ι
2138 2971 2340 3027 Cibabis
2382 2987 2474 3025 nos
2509 2973 3046 3040 panelacrymarum.
3089 2972 3253 3037 Quasi
3295 2973 3483 3028 dicat:
3521 2972 3652 3029 Vere

379 3050 589 3129 uetare,
622 3044 715 3099 sed
750 3040 925 3097 tamen
974 3043 1194 3129 eosdem
1239 3042 1571 3111 signiﬁcant,
1613 3041 1714 3129 vel.
1751 3040 1959 3122 scilicet
1983 3063 2034 3129 α
2064 3043 2313 3129 irasceris
2356 3041 2714 3129 nobis.”l\latti‘
2756 3043 2945 3124 cibabis
2977 3059 3068 3129 nu‘s
3097 3060 3242 3129 pune
3274 3044 3651 3129 lacrumarum,

376 3110 704 3169 illuminatos
746 3124 801 3169 et
832 3122 1128 3170 correctos.
1168 3110 1598 3181 Interpretantur
1626 3119 1810 3165 autem
1842 3111 1959 3167 sic:

382 3181 643 3251 Ephraim
684 3185 1045 3255 fructiﬁcatio,
1087 3186 1363 3255 Beujamin
1404 3185 1544 3254 ﬁlius
1583 3184 1817 3250 dextrte,
1856 3183 1968 3239 Ma-

384 3269 572 3326 nasses
598 3257 800 3312 oblivio.
846 3256 913 3311 Et
945 3272 1129 3313 revera
1180 3258 1263 3311 his
1312 3256 1399 3326 qui
1430 3256 1813 3311 fructilit-autes
1839 3266 1968 3313 sunt

381 3324 437 3381 in
457 3326 622 3408 bouis
652 3328 907 3408 operibus
929 3369 942 3394 ,
975 3338 1031 3384 et
1061 3329 1153 3399 qui
1184 3329 1274 3408 lilii
1306 3324 1513 3383 dextrae
1542 3336 1700 3391 sunt,
1748 3327 1800 3382 id
1846 3335 1962 3394 est,

378 3399 706 3471 quipotiora
735 3401 1021 3464 insistunt,
1054 3412 1107 3455 et
1136 3402 1224 3471 qui
1255 3415 1443 3455 eorum
1495 3415 1616 3468 quae
1662 3408 1808 3471 retro
1843 3408 1968 3456 sunt

379 3467 820 3542 obliviscuntur;
871 3472 922 3526 in
969 3487 1033 3527 ea
1078 3467 1207 3528 vero
1251 3488 1368 3542 quae
1408 3467 1535 3527 ante
1578 3469 1964 3542 extenduntur,

378 3541 761 3599 manifestatur
791 3545 1084 3609 Dominus,
1114 3545 1237 3614 quia
1268 3541 1439 3615 magis
1468 3554 1524 3600 et
1564 3544 1736 3612 magis
1776 3543 1844 3597 ab
1885 3541 1967 3598 eis

377 3615 737 3681 cognoscitur.

453 3684 674 3749 Eccita,
706 3687 959 3751 Domine,
992 3689 1271 3757 potentiam
1308 3696 1481 3751 tuam,
1526 3696 1573 3741 et
1623 3685 1754 3738 ueni.
1802 3682 1966 3751 Quasi

382 3753 528 3809 dicat
554 3771 568 3809 :
604 3757 670 3810 Et
701 3769 757 3813 ut
786 3753 1146 3813 inatiifesteris
1166 3798 1182 3826 ,
1215 3762 1373 3823 ideo,
1406 3760 1653 3821 Domine,
1684 3757 1849 3810 excita
1878 3773 1967 3825 po-

378 3827 592 3901 tentiam
625 3838 767 3883 tuom
788 3871 803 3893 ,
832 3845 951 3898 qua:
980 3832 1128 3898 prius
1153 3833 1327 3901 sopita
1356 3840 1475 3885 erat
1500 3846 1621 3884 cum
1648 3843 1677 3901 a
1704 3828 1968 3895 discipulo

381 3897 672 3971 tradereris
693 3943 706 3967 ,
740 3897 860 3954 cum
897 3897 1267 3971 ﬂagellareris,
1300 3899 1716 3965 erut'iligereris,
1745 3908 1799 3971 et
1833 3913 1966 3971 pcn-

380 3968 528 4043 d_enti
562 3969 614 4023 iu
647 3986 806 4043 cruce
836 3968 1108 4027 diceretur
1136 3991 1148 4024 :
1185 3968 1261 4028 Si
1290 3974 1431 4043 [ilius
1464 3972 1671 4043 Deies,
1721 3969 1969 4043 descende

383 4041 447 4095 de
494 4054 663 4096 cruce.
711 4042 864 4097 Tunc
910 4042 1053 4097 enim
1101 4044 1233 4098 nihil
1278 4040 1455 4097 valere
1497 4041 1795 4107 videbaris,
1845 4040 1970 4108 quia

386 4114 666 4237 prmvaluit
713 4115 810 4168 tibi
858 4126 1196 4182 persecutor,
1245 4116 1388 4183 quod
1430 4116 1869 4186 prmliguraveras
1915 4112 1969 4165 in

413 4194 627 4237 uetante
656 4184 824 4237 Jacob
853 4196 906 4237 et
936 4188 1150 4237 anuelo.
1185 4188 1421 4237 Ancelus
1452 4186 1598 4237 enim
1630 4200 1658 4237 a
1691 4183 1855 4236 Jaeob
1887 4182 1968 4236 vi-

413 4194 627 4239 ucmnte
656 4184 824 4239 Jacob
853 4196 906 4257 et
936 4188 1150 4257 angelo.
1185 4182 1658 4257 Attgelus'cuinia
1691 4183 1855 4236 .lacob
1887 4182 1968 4236 vi-

387 4267 505 4309 etus
535 4265 654 4320 est,
686 4258 781 4310 sed
813 4256 937 4325 quia
970 4254 1178 4323 voluit;
1213 4260 1290 4313 sic
1338 4269 1392 4314 et
1440 4267 1496 4313 tu
1541 4270 1570 4309 a
1609 4254 1834 4310 Judaieo
1877 4269 1971 4324 po-

386 4327 516 4397 pulo
549 4328 720 4381 vietus
750 4343 810 4382 es
831 4367 848 4394 ,
878 4330 1001 4397 quia
1050 4329 1397 4397 interfectus,
1429 4329 1525 4384 sed
1566 4328 1687 4397 quia
1732 4326 1967 4381 voluisti.

384 4395 537 4453 Unde
569 4407 623 4452 et
649 4397 831 4452 dixisti
864 4395 1035 4452 {Non
1065 4399 1276 4454 haberes
1306 4402 1359 4455 in
1385 4395 1467 4455 me
1500 4395 1800 4469 potestatem
1823 4437 1841 4464 ,
1870 4398 1969 4451 nisi

2069 3117 2121 3172 id
2153 3125 2236 3171 est
2257 3156 2271 3182 ,
2305 3113 2669 3169 reficientibus
2700 3113 2976 3185 lacrymis.
3013 3115 3168 3168 Ponit
3192 3112 3334 3169 idem
3368 3112 3465 3185 per
3495 3117 3651 3170 aliam

2068 3187 2492 3244 similitudinem.
2550 3184 2611 3239 Et
2661 3184 3001 3239 dabisnobis
3053 3195 3229 3258 potum
3285 3187 3337 3239 in
3374 3184 3651 3258 lacrymis.

2070 3260 2268 3315 Panem
2322 3258 2714 3327 lacryutarum,
2763 3267 2818 3312 et
2858 3267 3042 3325 potum
3089 3257 3450 3328 lacrymosum
3495 3257 3649 3314 i’ocat

2070 3330 2442 3386 tribulationes
2473 3338 2528 3383 et
2559 3329 2762 3399 llagclla
2788 3370 2802 3395 ,
2835 3344 2953 3397 qua:
2982 3329 3153 3383 sancti
3184 3330 3237 3383 in
3270 3328 3370 3385 liae
3401 3330 3499 3383 vita
3527 3328 3644 3399 edo-

2070 3402 2273 3457 loribus
2306 3401 2458 3470 plena
2491 3398 2783 3467 patiuntur.
2817 3399 2873 3453 ltt
2902 3400 3097 3470 quibus
3126 3400 3219 3454 dat.
3263 3401 3349 3455 eis
3389 3398 3641 3454 Dominus

2069 3488 2261 3543 panem
2311 3480 2364 3526 et
2408 3470 2723 3543 polumtid
2775 3479 2892 3543 est,
2945 3471 3211 3540 integram
3254 3470 3641 3543 refectionem,

2068 3541 2407 3614 Scilicet,ut
2436 3556 2539 3614 nou
2569 3541 2759 3614 solum
2806 3542 3152 3607 tribuleutur,
3198 3542 3294 3598 sed
3341 3545 3501 3598 etiam
3546 3544 3655 3614 glo-

2070 3616 2278 3671 rientur
2323 3613 2375 3668 in
2425 3612 2889 3680 tribulationibus,
2944 3615 3180 3670 scientes
3226 3615 3348 3682 quia
3397 3612 3656 3668 tribulatio

2072 3686 2370 3758 patientiam
2398 3694 2659 3755 operatur,
2688 3685 2933 3758 patientia
2957 3685 3342 3758 probationem,
3366 3695 3421 3739 et
3441 3695 3654 3740 caetera.

2072 3759 2138 3812 Et
2161 3759 2246 3811 dat
2268 3757 2338 3809 eis
2361 3758 2413 3809 in
2435 3772 2691 3820 mensura,
2720 3757 2766 3810 id
2793 3765 2896 3823 est,
2927 3767 3086 3825 prout
3106 3757 3248 3812 terre
3272 3764 3656 3823 potesteorum

2072 3830 2366 3899 fragilitas,
2408 3828 2619 3881 scilicet
2650 3839 2706 3882 ut
2737 3828 3071 3894 erudiantur,
3117 3844 3224 3883 non
3264 3827 3657 3895 opprimantur.

2072 3901 2139 3955 Et
2169 3910 2225 3953 ut
2254 3915 2358 3953 non
2389 3900 2639 3953 deﬁt-iant
2662 3899 2756 3953 sed
2787 3901 3099 3967 proﬁciant,
3124 3902 3280 3968 quia,
3314 3908 3371 3950 ut
3400 3899 3479 3953 ait
3510 3901 3657 3966 Apo.

2072 3972 2280 4026 stolus:
2337 3968 2535 4024 Fidelis
2585 3968 2758 4036 Deus,
2800 3971 2889 4040 qui
2929 3987 3030 4025 non
3071 3971 3293 4039 patietur
3334 3984 3424 4023 vos
3479 3969 3660 4023 tentari

2070 4059 2231 4112 supra
2258 4041 2310 4094 id
2333 4043 2467 4113 quod
2498 4043 2725 4110 potestis,
2756 4042 2844 4095 sed
2871 4042 3026 4111 faciet
3057 4058 3172 4096 cum
3198 4040 3483 4096 tentatioue
3508 4043 3661 4096 etiam

2072 4122 2393 4184 proventum,
2425 4124 2477 4165 ut
2508 4114 2714 4184 possitis
2745 4120 3013 4168 sustinere.

2146 4183 2374 4238 Posuisti
2424 4200 2517 4237 nos
2564 4185 2616 4236 in
2659 4185 3130 4240 contradictionem.
3182 4184 3338 4252 lloc,
3393 4186 3654 4253 inquam,

2074 4257 2235 4313 modo
2263 4254 2465 4310 eibabis
2494 4265 2549 4309 et
2580 4257 2789 4327 potabis
2815 4271 2911 4309 uos
2942 4256 2993 4309 iu
3026 4257 3296 4327 lacrymis,
3324 4255 3453 4325 quia
3486 4256 3658 4324 posui-

2074 4330 2137 4383 sti
2169 4343 2258 4381 nos
2293 4328 2346 4380 in
2375 4326 2824 4380 contradictionem
2860 4328 3037 4381 uicinis
3070 4328 3278 4389 nostris,
3309 4328 3359 4381 id
3392 4336 3496 4389 est,
3531 4329 3659 4380 tales

2076 4416 2173 4454 nos
2205 4398 2400 4464 iecisti,
2429 4398 2621 4467 quibus
2664 4398 3123 4454 contradiceretur
3168 4415 3199 4455 a
3229 4399 3422 4453 vicinis
3464 4398 3660 4453 nosuis

383 4469 474 4522 tibi
501 4469 681 4522 datum
710 4478 839 4523 esset
871 4471 1107 4538 desuper.
1159 4471 1227 4525 Et
1275 4473 1354 4527 sic
1400 4458 1567 4527 Jaeob
1614 4458 1859 4540 angelum
1891 4470 1969 4523 vi-
1998 4458 2050 4520 D
2076 4472 2144 4527 de
2174 4472 2362 4526 eodem
2388 4458 2610 4539 populo.
2644 4467 2713 4520 Et
2754 4469 2945 4523 inimici
2975 4470 3159 4537 ποθεν-ἱ,
3190 4470 3242 4525 id
3269 4480 3375 4537 est,
3411 4483 3658 4536 persecu-

387 4549 533 4613 ctum
562 4540 760 4606 tenuit,
788 4549 843 4596 et
870 4541 937 4595 ab
967 4557 1032 4596 eo
1061 4543 1304 4598 benedici
1335 4545 1573 4613 rogavit,
1604 4545 1692 4611 qui
1724 4551 1777 4595 et
1808 4542 1969 4596 bene-

386 4612 523 4666 dixit
552 4613 600 4665 ei
629 4630 642 4678 ;
676 4622 724 4665 et
760 4614 990 4682 quodam
1040 4614 1201 4668 modo
1250 4612 1527 4670 maledixit
1553 4656 1567 4681 ,
1617 4614 1741 4682 quia
1792 4614 1972 4666 latitu-

387 4684 568 4738 dinem
601 4686 820 4738 lemoris
851 4684 967 4753 ejus
1000 4686 1204 4754 tetigit,
1237 4697 1290 4741 et
1322 4688 1629 4742 claudicare
1652 4700 1775 4739 eum
1808 4684 1967 4750 fecit;

386 4757 469 4828 sic
496 4764 558 4828 et_
582 4757 810 4823 populus
835 4755 1087 4828 Jodaieus
1116 4770 1167 4812 te
1200 4758 1396 4813 vietum
1428 4759 1481 4815 iu
1510 4767 1659 4828 parte
1692 4757 1884 4819 tenuit,
1920 4764 1973 4809 et

385 4825 817 4882 benedictionem
846 4826 898 4881 in
931 4842 1129 4897 genere
1162 4830 1398 4885 ﬁdelium
1429 4825 1668 4899 accepit,
1702 4828 1972 4880 claudica-

385 4900 588 4955 tionem
631 4912 763 4953 vero
793 4901 847 4954 in
876 4914 1073 4970 genere
1106 4902 1426 4958 inﬁdelium.
1460 4901 1610 4958 Nunc
1640 4899 1705 4953 ad
1736 4899 1969 4954 litteram

376 4972 683 5029 redeamus.

464 5043 650 5115 Excita
696 5045 974 5115 potentiam
1018 5053 1183 5100 tuam.
1230 5044 1391 5111 Quasi
1421 5044 1563 5099 dicat
1596 5060 1608 5096 :
1645 5041 1884 5115 Mortuus
1915 5055 1972 5096 es

390 5130 453 5168 ex
485 5114 833 5174 inﬁrmitate.
868 5131 1087 5185 resurge
1138 5118 1191 5171 in
1238 5118 1459 5171 virtute.
1509 5114 1661 5181 Quod
1712 5124 1971 5185 quantum

387 5186 455 5239 ad
486 5188 839 5254 cognitionem
874 5184 1211 5244 referendum
1262 5197 1376 5254 est,
1426 5197 1471 5241 et
1521 5188 1621 5239 huc
1665 5184 1822 5236 modo
1856 5184 1967 5237 teni

385 5258 443 5310 in
472 5258 715 5313 notitiam
754 5271 990 5315 nostram
1012 5298 1027 5325 ,
1058 5261 1121 5311 ad
1151 5259 1273 5324 hoc,
1298 5269 1352 5312 ut
1381 5259 1542 5328 facias
1572 5272 1663 5310 nos
1692 5256 1973 5309 credentes

390 5328 444 5381 in
478 5337 529 5400 te
556 5329 742 5383 salvos.
789 5332 978 5386 Omnis
1024 5330 1166 5385 enim
1196 5333 1284 5400 qui
1313 5332 1485 5385 credit
1514 5332 1569 5386 in
1615 5328 1823 5396 ipsum,
1861 5342 1969 5379 nou

385 5398 762 5454 confundetur.

462 5467 608 5525 Deus
628 5511 641 5534 ,
669 5484 901 5544 converte
932 5491 1044 5529 nos.
1078 5476 1243 5544 Quasi
1271 5474 1412 5530 dicat
1438 5491 1449 5528 ι
1486 5474 1551 5529 Et
1580 5482 1636 5527 ut
1664 5485 1760 5524 nos
1792 5472 1971 5544 saltos

398 5542 601 5608 facias,
634 5541 753 5616 ideo
776 5585 790 5611 ,
827 5560 859 5615 ο
908 5541 1240 5616 Βειιδ,ἠ‹)ιι
1291 5547 1461 5601 solum
1515 5547 1826 5609 hominum,
1878 5541 1970 5616 sed

393 5616 553 5670 etiam
603 5614 857 5688 virtutum
908 5614 1405 5688 superetelestium,
1465 5628 1518 5672 tu
1565 5630 1854 5672 (.‘OllVCI'SUS
1903 5614 1968 5688 ad

384 5701 504 5752 nos,
540 5690 631 5757 qui
663 5686 816 5759 prius
841 5686 1013 5745 aversi
1044 5706 1280 5756 eramus,
1314 5700 1539 5744 converte
1572 5707 1661 5744 nos
1694 5689 1757 5741 ad
1795 5695 1864 5740 te.
1901 5686 1968 5739 Et

378 5768 438 5815 ut
468 5771 773 5833 convertas,
801 5762 1010 5843 ostende
1032 5766 1187 5827 nobis
1212 5764 1399 5835 faciem
1430 5774 1603 5833 inani,
1637 5774 1796 5833 quant
1828 5759 1991 5844 nube“

2080 4554 2221 4599 tores
2251 4544 2316 4596 de
2344 4541 2589 4610 gentibus
2627 4540 3066 4595 subsannaverunt
3096 4558 3206 4609 nos,
3233 4542 3477 4595 dicentes
3512 4557 3525 4592 :
3563 4540 3660 4605 Qui

2077 4625 2199 4669 sunt
2224 4614 2309 4667 isti
2337 4615 2575 4668 colentes
2598 4620 2888 4675 mortuum,
2914 4614 3197 4667 credentes
3225 4613 3278 4665 iu
3307 4610 3662 4667 cruciﬁxum!

2077 4686 2190 4741 lloc
2220 4701 2343 4739 vere
2390 4681 2589 4737 factum
2634 4690 2738 4737 est.
2792 4680 3082 4752 Postquam
3133 4684 3273 4739 enim
3325 4685 3562 4742 surrexit
3608 4691 3663 4740 et

2078 4756 2317 4812 ascendit
2348 4756 2629 4822 D0tuinus,
2660 4754 3055 4824 praedicabatur
3085 4771 3223 4810 nova
3253 4754 3386 4817 vita.
3422 4770 3661 4810 resurre-

2076 4832 2182 4883 ctio
2227 4842 2373 4891 vera,
2421 4841 2509 4881 res
2548 4828 2765 4892 quidem
2807 4824 3104 4892 credibilis,
3152 4829 3193 4881 si
3244 4827 3320 4881 rei
3361 4827 3659 4881 incredibili

2076 4899 2331 4953 miracula
2364 4897 2524 4952 iidem
2558 4896 2845 4953 faciebant.
2884 4898 3367 4952 Contradicebatur
3392 4912 3424 4949 a
3453 4898 3657 4961 multis,

2074 4973 2168 5026 sed
2221 4969 2584 5025 contradictor
2633 4968 2986 5034 vincebatur,
3042 4981 3096 5025 et
3143 4984 3210 5023 ex
3256 4970 3655 5023 (Otttradiclorc

2078 5043 2250 5097 lidelis
2287 5039 2639 5114 el‘liciebatur.
2690 5038 2892 5114 Tamen
2927 5041 3151 5114 ﬂamina
3197 5049 3316 5095 erat
3362 5042 3551 5101 multa,
3605 5041 3652 5092 id

2076 5123 2180 5180 est,
2217 5112 2489 5167 tribulatio
2520 5121 2638 5167 erat.
2680 5112 2870 5166 multa.
2922 5113 2981 5165 Et
3016 5112 3185 5166 sancti
3220 5120 3487 5180 martyres
3523 5125 3653 5179 pauc

2076 5186 2434 5256 lilCl'ylllal‘Ulll
2464 5184 2650 5249 cibati,
2685 5192 2739 5238 et
2768 5186 3018 5256 lacrymis
3051 5182 3253 5255 putati;
3294 5184 3390 5235 sed
3426 5185 3477 5235 in
3510 5192 3652 5256 mett-

2074 5253 2218 5321 Sura,
2255 5258 2355 5309 hoc
2386 5264 2493 5321 εει,
2540 5264 2798 5325 quantum
2846 5253 3072 5325 quisque
3104 5256 3245 5309 terre
3275 5263 3480 5321 posset,
3516 5253 3661 5309 scili—

2074 5339 2179 5392 cet,
2213 5334 2270 5381 ut
2302 5341 2394 5392 per
2435 5341 2746 5382 mensuram
2789 5326 3193 5381 tribulationum
3228 5338 3545 5395 sequeretur
3574 5340 3661 5379 eo.

2075 5414 2206 5454 roua
2232 5397 2571 5468 gaudiorum.

2147 5471 2284 5523 Deus
2306 5471 2575 5537 virtutum,
2598 5478 2829 5525 converte
2855 5484 2972 5524 nos.
3003 5469 3233 5524 Posuisti
3270 5482 3388 5533 nos,
3421 5469 3654 5536 inquam,

2074 5542 2556 5596 contradictionem
2596 5552 2650 5596 et
2690 5541 3202 5605 subsauuatitmem;
3251 5555 3316 5595 ne
3348 5552 3529 5594 autem
3563 5555 3654 5608 per

2076 5614 2176 5668 hoc
2218 5623 2522 5667 avertamur
2564 5630 2594 5668 a
2626 5623 2695 5677 te,
2728 5627 2761 5666 0
2789 5611 2928 5666 Deus
2968 5615 3240 5677 virtutum,
3268 5627 3561 5667 conversus
3591 5611 3654 5664 ad

2076 5702 2196 5753 nos,
2226 5694 2457 5739 converte
2487 5700 2599 5749 nos,
2633 5694 2737 5739 etc.
2781 5684 3070 5754 Repetitio,
3105 5700 3208 5741 non
3239 5700 3305 5743 ex
3336 5686 3654 5742 necessitate

2042 5838 2045 5841 η
2076 5758 2364 5830 narrantis,
2394 5757 2489 5824 sed
2517 5756 2798 5820 allectione
2822 5754 3049 5817 orantis.
