3984 6362
261 217 384 280 917-

950 211 1020 270 IN
1057 211 1474 271 PSALMORUM
1514 211 1772 270 LIBRUM
1811 207 2164 269 EXEGESIS.
2194 239 2265 253 —
2303 209 2548 269 PSALM.
2587 209 2825 274 LXXIX.

347 326 555 384 νίηωυι
580 322 643 380 de
663 283 892 396 Εενριο
933 327 1256 382 transtulisti.
1308 327 1569 383 Hactenus
1610 328 1678 384 de
1718 330 1815 385 ad-
1841 323 1899 387 Α
1921 321 2056 376 hanc
2085 331 2140 377 et
2166 336 2379 378 causam
2406 324 2681 396 attendant
2711 341 2736 396 :7
2759 331 2814 379 et
2841 322 2921 396 sic
2945 335 3016 379 ne
3040 321 3178 396 quid
3201 321 3376 396 simile
3412 322 3498 381 in-

254 407 430 455 ventu
457 396 746 453 Salvatoris
771 397 902 467 egit,
932 397 1153 462 scilicet,
1183 411 1288 467 quo
1317 397 1550 466 quotidie
1578 402 1725 455 venit
1761 403 1813 455 in

261 470 542 539 notitiam;
583 480 723 522 nunc
750 479 927 522 autem
959 467 1067 539 agit
1093 468 1161 523 de
1187 469 1341 523 vinea
1368 469 1506 535 ejus.
1543 470 1604 522 Et
1634 469 1816 539 incipit

256 553 291 608 ξ
327 537 611 608 principio;
643 555 662 590 ι
695 539 864 608 prima
893 537 1207 608 enimgens,
1235 547 1293 592 ut
1314 539 1634 607 Augustinus
1658 537 1813 596 dicit:

257 606 448 662 Ju’daea
493 617 578 678 est
619 607 932 677 principium
960 606 1120 678 hujus
1147 609 1337 663 vineae.
1371 606 1416 662 si
1448 610 1513 663 Et
1557 621 1638 664 est
1665 612 1818 678 quasi

259 678 408 733 dicat
441 695 453 731 :
483 675 724 748 Converte
757 675 867 741 nos,
908 675 1142 746 inquam,
1165 678 1328 748 iDeus,
1362 687 1412 733 et
1441 680 1594 735 bonis
1624 675 1820 748 princi-

259 750 373 817 piis
417 749 576 816 junge
625 747 871 803 meliores
898 749 1090 802 exitus.
1137 747 1376 816 Namque
1423 751 1556 804 bene
1584 747 1816 818 cnepisti,

261 818 391 889 quia
419 818 614 872 vineam
654 828 797 889 tuam
825 818 1147 889 transtulisti.
1179 832 1272 886 per
1299 821 1538 889 cagnales
1564 834 1739 889 patres
1767 833 1820 878 et

260 888 554 959 etiamgper
590 888 848 959 quosdam
892 888 1213 959 spirituales,
1243 890 1305 940 de
1325 886 1581 957 rEggpto,’
1611 891 1698 944 ubi
1728 907 1822 959 op-

261 958 634 1030 primebantur
655 957 1286 1030 servitute,transtulisti.
1323 959 1386 1012 Et
1411 960 1599 1030 ejecisti
1627 975 1656 1014 a
1685 957 1852 1021 facie,

260 1028 602 1100 ejusgentes.
621 1041 750 1100 qua:
781 1028 1146 1096 promissionis
1175 1038 1374 1084 terram
1403 1028 1815 1100 occupaverant,

260 1109 311 1151 et
345 1099 589 1166 plantasti
619 1099 688 1151 ibi
720 1113 850 1152 eam.

343 1167 463 1222 Dux
500 1168 699 1222 itineris
745 1168 909 1238 fuisti.
957 1168 1268 1224 Praecedens
1296 1184 1482 1224 versus
1520 1177 1725 1225 tantum
1755 1172 1821 1228 ad

258 1237 754 1309 litteramaccipit,
797 1237 898 1293 iste
936 1253 1062 1309 vero
1109 1239 1172 1292 ad
1223 1250 1538 1309 utrumque,
1595 1244 1823 1306 scilicet,

258 1306 536 1379 etiamad
578 1309 910 1379 mysterium.
953 1308 1083 1362 Nam
1118 1310 1254 1364 sicut
1300 1306 1522 1378 praebuit
1567 1313 1641 1366 illi
1685 1314 1826 1379 plebi

258 1377 556 1430 carnaliter
599 1378 844 1431 ducatum
896 1379 948 1432 in
978 1379 1178 1433 lumine
1227 1377 1488 1434 nocturno
1532 1391 1586 1435 et
1615 1377 1828 1438 umbra-

257 1447 392 1518 culo
417 1445 630 1512 diurno,
661 1448 728 1518 ita
751 1449 918 1518 etiam
962 1449 1085 1502 huic
1115 1450 1281 1505 vineae
1309 1451 1656 1516 spiritualiter
1687 1469 1824 1518 pra:-

257 1516 359 1571 bet
388 1517 659 1581 ducatum,
707 1517 1049 1572 illuminando
1096 1533 1218 1573 eum
1266 1521 1626 1587 spiritualibus
1672 1516 1828 1578 donis

256 1587 400 1652 suis,
430 1587 479 1641 id
502 1596 605 1652 est,
638 1588 688 1640 in
719 1589 1009 1656 ignorantia
1036 1589 1194 1658 hujus
1218 1594 1360 1653 victe,
1385 1600 1439 1643 et
1463 1593 1828 1647 obumbrando

1921 401 2154 458 currant,
2187 403 2431 449 caveant.
2459 393 2626 449 Causa
2656 395 2798 450 enim
2831 393 3210 450 destructiouis
3239 391 3353 448 haec
3383 403 3491 462 est,

1920 463 2040 530 quia
2068 474 2252 518 contra
2291 465 2552 534 cultorem
2592 479 2780 530 suum,
2819 463 3048 534 superba
3083 463 3296 519 exstitit
3328 483 3341 517 :
3372 461 3497 534 quis

1920 547 2105 606 servos
2139 534 2330 606 missos
2356 533 2422 606 ad
2453 548 2512 589 se
2537 535 2602 588 ad
2632 533 2950 606 exigendam
2983 534 3288 606 mercedem
3319 533 3497 606 coloni

1921 604 2135 675 occidit,
2185 603 2305 675 quia
2356 604 2528 672 ipsum
2583 603 2848 660 haeredetn
2898 605 3060 675 ejecit
3105 613 3160 659 et
3209 604 3501 660 interfecit.

1921 673 2021 739 Qui
2053 685 2228 729 tamen
2256 674 2456 745 ejectus
2487 677 2636 745 plura
2672 677 2906 745 possedit
2931 673 2943 728 Ξ
2973 675 3092 743 quia
3120 691 3183 729 ea:
3206 682 3352 745 parte
3377 691 3503 729 cou-

1922 745 2033 816 t_t'git
2063 745 2262 798 cwcitas
2289 746 2342 798 in
2372 743 2560 816 Israel,
2603 757 2657 800 ut
2675 743 2951 813 plenitudo
2993 743 3218 816 gentium
3258 745 3501 800 intraret.

1923 813 1995 886 Et
2009 816 2210 886 accipe
2251 815 2536 872 maceriam
2565 816 2678 884 ejus
2722 819 2921 886 vineae,
2964 813 3316 870 munitionem
3357 815 3500 884 ejus,

1921 882 2128 957 scilicet
2171 899 2391 957 regnum
2430 895 2486 942 et
2523 882 2915 955 sacerdotium,
2951 896 3003 942 et
3047 887 3287 957 maxime,
3324 882 3504 957 prote-

1923 954 2155 1026 ctionem
2191 955 2550 1022 Dominicam,
2584 971 2685 1022 qua
2715 954 3067 1026 magisquam
3101 971 3194 1024 per
3223 955 3365 1010 aliud
3398 956 3500 1011 ali-

1923 1023 2048 1092 quid
2082 1028 2178 1078 tuti
2205 1037 2356 1078 erant
2389 1044 2400 1079 :
2435 1037 2490 1080 ut
2515 1028 2638 1095 quid
2666 1023 2876 1096 inquam
2907 1023 3196 1083 destruxisti
3226 1027 3504 1080 maceriam

1924 1097 2055 1162 ejus,
2083 1103 2127 1167 et
2153 1110 2248 1167 cur
2274 1096 2583 1167 vindemiant
2617 1109 2730 1152 eam
2757 1116 2928 1152 omnes
2953 1099 3040 1166 qui
3067 1097 3502 1167 prwtergrediuu-
3544 1133 3545 1136 η

1925 1173 2007 1217 tur
2053 1166 2224 1218 viam?
2272 1165 2373 1222 hoc
2413 1167 2610 1221 dictum
2653 1178 2733 1222 est
2773 1169 2840 1222 ad
2878 1165 3308 1223 similitudinem.
3353 1167 3506 1221 Sicut

1927 1233 2067 1288 enim
2112 1236 2156 1290 si
2201 1249 2306 1304 qua
2350 1237 2500 1290 vinea
2531 1252 2687 1293 secus
2718 1238 2853 1292 viam
2894 1237 2984 1303 sit,
3018 1247 3072 1292 et
3111 1238 3342 1292 maceria
3385 1235 3504 1304 ejus

1927 1303 2104 1378 diruta
2133 1303 2237 1378 sit,
2267 1319 2295 1358 a
2321 1307 2648 1378 quibuslibet
2677 1307 3171 1378 pertranseuntibus
3203 1303 3502 1362 vindemia-

1930 1381 2016 1447 t_ur
2046 1393 2066 1447 :A
2093 1375 2163 1429 ita
2195 1377 2401 1430 vineam
2435 1377 2576 1432 illam
2608 1375 2903 1433 munitione
2943 1377 3056 1447 ejus
3083 1378 3354 1434 destructa
3388 1378 3507 1430 vin-

1927 1443 2320 1517 demiaverunt,
2351 1447 2450 1502 hoc
2477 1459 2578 1508 e5t,
2603 1449 2656 1502 in
2675 1449 2916 1504 diversas
2942 1443 3120 1517 partes
3142 1447 3506 1503 distraxerunt

1931 1513 2227 1588 Antiochus
2257 1527 2309 1570 et
2339 1518 2490 1588 multi
2521 1519 2645 1588 alii,
2681 1519 2892 1573 tandem
2936 1513 3062 1574 vero
3103 1519 3369 1587 principes
3399 1517 3506 1571 Ro-

1935 1587 2099 1658 matri.
2130 1585 2640 1658 Prtetergredientes
2661 1598 2838 1644 autem
2861 1592 2998 1644 viam
3027 1585 3310 1658 dupliciter
3334 1596 3512 1658 potest

256 1671 387 1711 eam
416 1658 482 1712 ab
531 1659 812 1738 incentivis
843 1659 1086 1740 vitiorum
1107 1656 1185 1740 lin
1216 1662 1367 1738 nobis
1397 1667 1743 1740 proiectione,
1775 1665 1826 1719 id

1947 1656 2126 1722 accipi,
2159 1657 2362 1713 scilicet
2390 1659 2473 1740 vel
2501 1674 2680 1740 veram
2713 1663 2878 1726 viam,
2908 1659 2959 1714 id
2989 1656 3365 1740 est.C_hris‘tun—t
3397 1673 3508 1740 non

255 1739 372 1792 est,
408 1742 502 1795 per
531 1730 838 1796 mysterium
879 1729 1261 1785 lncarnationis
1286 1745 1413 1785 sum.
1451 1732 1514 1785 Et
1547 1733 1714 1786 lactus
1743 1746 1823 1789 est

256 1797 383 1870 ipse
410 1798 492 1850 via
520 1799 704 1870 quide
729 1813 787 1853 se
814 1799 952 1854 dixit
980 1817 992 1851 :
1039 1799 1146 1870 Ego
1184 1818 1299 1856 sum
1329 1803 1432 1867 via,
1462 1810 1512 1856 et
1555 1806 1762 1867 veritas,
1789 1814 1834 1858 et

256 1868 396 1932 vita,
422 1870 542 1936 quia
578 1869 678 1923 nisi
700 1870 812 1937 ipse
843 1871 923 1924 via
941 1871 1056 1939 ejus
1079 1868 1241 1934 esset,
1261 1872 1413 1926 aliter
1440 1874 1577 1940 quod
1596 1876 1838 1941 sequitur

255 1951 397 2010 esse
432 1955 534 2010 non
576 1949 776 2006 posset,
822 1941 1049 2005 scilicet,
1079 1943 1218 2010 quod
1269 1941 1382 2009 ipse
1430 1953 1590 1997 totam
1640 1954 1835 2000 terram

259 2006 618 2131 impledvisset.
663 2010 730 2064 Et
771 2012 959 2065 transit
1000 2006 1575 2084 hic'ad-niy51erium.
1609 2023 1831 2085 tantum,

259 2091 391 2131 cum
460 2090 589 2131 tctt:

257 2091 391 2132 ’.ιυιη
421 2090 548 2132 ιιιειι
574 2095 589 2132 ζ

338 2146 411 2202 Et
440 2151 681 2224 plantasti
710 2153 906 2207 radices
933 2169 1064 2224 ejus.
1110 2154 1337 2210 Radices
1366 2155 1520 2221 hujus
1545 2156 1714 2210 vinea:
1744 2173 1840 2210 vo-

257 2229 357 2274 cat
387 2223 734 2294 patriarchas,
767 2237 900 2290 quos
928 2223 1180 2290 plantavit
1209 2241 1301 2294 per
1330 2224 1486 2280 [idem
1529 2226 1578 2280 itt
1607 2229 1839 2294 posteris

259 2293 872 2362 eoruttrspiritualibus,
902 2303 957 2349 et
987 2296 1040 2348 in
1070 2293 1380 2362 quibusdam
1410 2297 1570 2349 etiam
1601 2293 1836 2351 carnali-

261 2359 394 2433 bus.
431 2359 494 2412 Et
522 2360 624 2433 hoc
652 2363 808 2416 modo
829 2365 1050 2432 implevit
1075 2359 1280 2427 terram,
1316 2381 1418 2417 non
1451 2381 1543 2433 per
1571 2368 1838 2422 carnalem

261 2430 501 2505 prolem,
537 2431 759 2505 sedper
797 2430 1147 2505 spiritualem.
1183 2436 1243 2488 Et
1274 2430 1463 2488 umbra
1489 2437 1617 2505 ejus,
1649 2436 1700 2489 id
1732 2446 1834 2503 est,

264 2500 570 2572 uttibratica
614 2503 752 2556 dicta
793 2504 859 2557 de
909 2504 1056 2557 vinea
1110 2505 1208 2558 hac
1254 2500 1836 2572 operueruntmontes.

264 2569 483 2644 Montes
525 2581 678 2626 vocat
722 2572 813 2644 hic,
854 2575 1134 2641 prophetas
1189 2569 1468 2628 virtutibus
1514 2576 1837 2644 eminentes,

264 2641 367 2709 qui
400 2651 608 2695 montes
644 2643 818 2710 operti
855 2653 999 2707 sunt,
1032 2645 1083 2698 id
1113 2653 1229 2710 est,
1270 2645 1480 2699 obscuri
1511 2655 1565 2700 et
1591 2641 1840 2703 nebulosi

263 2710 401 2786 lacti
441 2722 582 2786 sunt,
607 2713 751 2786 __quia
780 2714 1088 2785 umbratice,
1121 2715 1171 2769 id
1199 2725 1298 2780 εει,
1330 2717 1551 2786 mystice
1581 2717 1745 2772 multa
1775 2717 1844 2774 de

264 2781 376 2835 hac
407 2784 454 2834 vi
464 2797 558 2834 nea
587 2782 855 2838 dixerunt.

348 2850 429 2923 Et
466 2851 674 2905 arbusta
725 2856 834 2923 ejus
881 2855 1069 2908 cedrus.
1131 2854 1360 2911 Arbusta
1406 2864 1559 2911 vocat
1607 2857 1842 2914 minores

265 2921 590 2996 prophetas,
622 2921 810 2996 cedros
838 2940 964 2978 vero
992 2925 1242 2980 sublimes
1271 2937 1324 2980 et
1363 2936 1604 2996 potentes
1640 2928 1691 2982 in
1731 2943 1845 2982 sa:-

264 2996 421 3067 culo.
467 2994 532 3046 Et
572 3003 655 3067 est
704 2995 882 3067 dicere
921 2997 1040 3067 quia
1086 3012 1190 3051 non
1235 2994 1408 3051 solum
1451 2999 1684 3066 majores
1719 3014 1842 3067 pro-

267 3065 818 3136 phettegpraalucrunt
847 3065 969 3118 huic
998 3066 1184 3132 vineae,
1219 3068 1311 3120 sed
1341 3067 1502 3122 etiam
1530 3065 1756 3136 arbusta,
1787 3069 1838 3125 id

265 3143 382 3197 est,
417 3134 648 3189 minores
679 3136 950 3203 pr0phetae
977 3147 1298 3204 operuerunt
1326 3139 1522 3202 cedros,
1559 3139 1610 3193 id
1647 3134 1751 3205 est,
1786 3142 1839 3194 in

267 3214 485 3258 tantum
514 3215 957 3273 supercreverunt
1006 3207 1208 3262 umbris
1251 3208 1418 3272 cedri,
1468 3210 1518 3260 id
1547 3219 1648 3274 εει,
1680 3211 1842 3266 subli-

271 3276 456 3347 inibus
489 3275 782 3347 ntundi,_ut
809 3279 1111 3344 operirent,
1163 3279 1213 3332 id
1243 3292 1354 3345 εει,
1389 3280 1756 3347 humiliarent,
1787 3289 1843 3336 et

269 3345 617 3398 involverent
659 3345 777 3400 illas
814 3348 1026 3412 cedrus,
1076 3356 1131 3402 et
1175 3349 1407 3404 iacerent
1441 3350 1628 3404 cedi-os
1662 3345 1842 3405 mundi

269 3417 458 3489 cedros
487 3414 613 3489 Dei,
633 3417 768 3470 sicut
792 3425 850 3489 ct
870 3417 922 3470 iit
950 3417 1116 3472 Paulo
1146 3429 1200 3473 et
1229 3419 1478 3489 Dionysio
1513 3421 1706 3474 factum
1738 3430 1838 3476 est.

273 3486 546 3539 Praeterea
601 3487 717 3539 haec
759 3488 946 3557 eadem
988 3491 1140 3542 vinea
1183 3486 1406 3542 extendit
1449 3491 1680 3557 paintiles
1722 3507 1840 3544 suos

273 3571 443 3628 usque
470 3557 538 3628 ad
565 3572 729 3628 mare.
769 3556 1019 3611 Palmites
1049 3568 1202 3612 vocat
1233 3561 1353 3612 illos
1383 3556 1570 3628 quibus
1600 3563 1713 3628 ipse
1742 3563 1844 3616 Do-

272 3627 462 3678 minus
490 3626 623 3679 dixit
650 3645 661 3679 :
691 3627 799 3698 Ego
829 3643 940 3680 sum
970 3629 1103 3693 vitis,
1136 3645 1222 3682 vos
1249 3626 1417 3683 autem
1447 3626 1710 3697 palmites,
1745 3634 1846 3686 hoc

274 3705 368 3749 est
407 3709 620 3750 sinctos
649 3699 1063 3769 apostolos,ﬂqui
1097 3699 1455 3768 principaliter
1482 3701 1551 3754 ab
1597 3701 1710 3769 ipsa
1739 3705 1845 3756 vite

279 3778 680 3842 processerunt,
713 3767 834 3836 quia
880 3781 910 3820 a
942 3768 1165 3842 Domino
1192 3767 1345 3824 electi
1374 3767 1700 3842 luerunt.‘lli
1731 3773 1845 3842 pal-

279 3839 442 3909 mites
469 3840 673 3890 extensi
714 3845 839 3909 sunt
863 3852 1038 3909 usque
1067 3839 1132 3894 ad
1159 3855 1324 3905 mare,
1360 3841 1411 3896 id
1450 3851 1551 3905 est,
1586 3839 1749 3909 usque
1779 3843 1844 3896 ad

279 3908 565 3980 gentilium
614 3908 1057 3974 amaritudinem,
1109 3911 1231 3980 quia
1287 3912 1338 3965 itt
1386 3927 1596 3966 onmem
1649 3908 1846 3968 terram

279 3989 448 4034 θιινιι
473 3991 634 4031 sonus
662 3993 866 4032 COI'lllli.

360 4047 428 4099 Et
473 4050 774 4118 propagines
814 4051 923 4119 eius
961 4065 1119 4125 usque
1158 4052 1226 4104 ad
1267 4055 1478 4122 ﬂumen.
1528 4054 1849 4125 Propagines

282 4129 820 4196 vocat‘regeueratos
867 4126 914 4173 in
956 4120 1056 4174 title
1103 4137 1193 4196 per
1225 4120 1486 4189 palmites.
1529 4125 1606 4178 Ex
1635 4120 1850 4196 palmite

283 4191 428 4265 enim
453 4187 510 4241 lit
537 4187 790 4265 prapago,
813 4205 937 4265 qua;
959 4187 1260 4260 prapaginés
1284 4207 1517 4249 exiens-.e
1545 4187 1666 4249 sun't
1693 4213 1849 4265 usque

283 4261 354 4314 ad
374 4263 584 4334 ﬂumen,
614 4263 736 4334 quia
769 4276 860 4334 per
889 4263 1101 4315 illorum
1131 4268 1431 4334 exemplum
1462 4276 1515 4320 ει
1543 4261 1852 4322 admonitio-

286 4344 410 4384 nem
442 4332 600 4384 etiam
647 4331 717 4403 illi
763 4331 852 4399 qui
879 4334 1072 4386 llumett
1113 4331 1369 4400 erantpet
1399 4338 1485 4403 qui
1517 4340 1745 4391 tnaximc
1795 4339 1847 4391 in

1868 3033 1914 3097 C

1938 1735 2291 1799 agnoscentes
2324 1744 2336 1780 :
2370 1730 2452 1782 vel
2485 1745 2514 1782 a
2559 1732 2640 1784 via
2673 1745 2794 1786 vere
2835 1731 3090 1799 regnandi
3119 1729 3510 1793 deorbitantes,

1939 1795 2151 1868 hoc_est
2183 1800 2544 1866 teutporaliter
2571 1811 2874 1868 regnantes.

2011 1864 2379 1940 Exterminavit
2418 1885 2528 1923 eam
2556 1864 2676 1936 ape}
2702 1873 2765 1923 de
2791 1873 2952 1940 sylva.
2983 1870 3143 1937 Quasi
3175 1868 3315 1940 dicat
3349 1885 3362 1921 :
3396 1867 3514 1923 Non

1939 1950 1970 1989 a
2021 1938 2351 2006 quibuslibet
2404 1938 2959 2008 prtetergredientibus
3006 1941 3143 1994 viam
3191 1939 3518 1994 vindemiata

1940 2015 2060 2073 est,
2102 2008 2195 2063 sed
2225 2009 2291 2063 ab
2331 2010 2428 2063 illis
2459 2025 2592 2076 quos
2625 2010 2721 2078 ipsi
2754 2013 2983 2066 maxime
3025 2009 3325 2064 immundos
3363 2018 3518 2078 puta-

1944 2081 2069 2131 bant
2101 2096 2112 2129 :
2148 2081 2266 2144 quia
2291 2096 2414 2147 aper
2443 2077 2792 2134 exterminavit
2816 2097 2947 2134 eam.
2975 2081 3112 2135 Nihil
3142 2080 3285 2134 enim
3315 2077 3518 2136 Jtidteil

1942 2149 2109 2216 magis
2140 2149 2471 2203 immundum
2498 2151 2577 2204 vel
2607 2152 2930 2205 contrarium
2951 2166 3105 2220 quam
3133 2163 3354 2220 porcus;
3384 2164 3518 2218 aper

1942 2230 2117 2270 autem
2148 2229 2472 2291 estpurcus.
2509 2220 2575 2273 Et.
2604 2220 2836 2290 itttellige
2879 2217 2981 2289 per'
3009 2217 3194 2291 aprum
3218 2217 3515 2291 Vespasia-

1943 2302 2068 2342 num
2099 2289 2395 2359 gentilem,
2438 2292 2554 2358 quia
2598 2291 2739 2344 nulla
2779 2289 2948 2359 major
2993 2289 3326 2345 immunditia
3355 2303 3516 2356 quam

1944 2358 2247 2431 gentilium,
2280 2361 2369 2429 qui
2397 2371 2695 2414 creaturam
2728 2358 2963 2416 Creatori
2997 2369 3420 2431 praeposuerunt.
3451 2359 3521 2431 Et

1943 2439 2026 2481 est
2051 2427 2230 2484 dicere
2252 2447 2271 2502 7:
2297 2427 2444 2498 Ἀρεῖ
2474 2432 2691 2486 veniens
2720 2433 2781 2484 de
2804 2434 2966 2502 sylva,
2997 2427 3051 2486 id
3079 2442 3184 2499 est,
3213 2430 3279 2485 de
3306 2429 3520 2500 gentili-

1943 2507 2072 2562 tate,
2101 2515 2219 2567 qure
2249 2501 2451 2555 inculta
2480 2509 2631 2566 erat;
2660 2504 2781 2570 quia
2811 2501 2908 2556 tiec
2935 2505 3126 2572 legem,
3160 2515 3257 2556 nec
3286 2504 3518 2572 prophe-

1944 2575 2026 2624 tas
2065 2581 2374 2640 acct'perat,
2412 2575 2793 2638 exterminavit,
2837 2573 2886 2627 id
2925 2570 3034 2639 est,
3074 2582 3224 2627 extra
3263 2570 3522 2627 terminos

1942 2642 2278 2712 suos_posuit
2305 2643 2517 2696 vineam
2551 2645 2693 2697 illam
2725 2659 2739 2697 :
2769 2643 2889 2711 quia
2919 2645 3008 2712 qui
3042 2656 3146 2698 non
3177 2641 3339 2712 occisi
3370 2650 3520 2705 sunt,

1943 2718 2036 2764 aut
2061 2707 2201 2765 latine
2228 2713 2532 2781 perierunt,
2562 2724 2654 2766 aut
2683 2707 2874 2780 captivi
2904 2707 3044 2768 dueti
3077 2723 3220 2768 sunt.
3250 2707 3316 2765 Et
3339 2713 3520 2781 singu~

1946 2781 2094 2858 laris,
2115 2781 2165 2835 id
2179 2779 2446 2858 es_t,_Titus
2457 2784 2600 2858 illius
2615 2779 2950 2858 Vespasiani;
2969 2785 3130 2858 ferus,
3149 2783 3198 2837 id
3211 2793 3312 2846 est,
3327 2779 3521 2858 crude-

1933 2849 2012 2906 .lis
2034 2862 2088 2907 et
2115 2853 2376 2924 superbus
2396 2894 2413 2921 ,
2433 2856 2666 2924 depastus
2692 2849 2784 2920 est,
2819 2855 2869 2909 id
2896 2849 2999 2921 est,
3031 2849 3304 2924 depastum
3337 2851 3524 2908 habuit

1946 2935 2055 2993 eam
2085 2923 2330 2989 vineam;
2365 2923 2616 2993 quia’iste
2657 2926 2888 2979 maxime
2922 2923 3241 2990 despoliavit
3268 2932 3320 2978 et
3348 2931 3526 2976 vasta-

1950 2991 2023 3064 vit
2068 3007 2206 3046 eam.
2261 2991 2416 3048 Patre
2462 2995 2602 3047 enim
2634 2993 2959 3064 Vespasiano
3002 2995 3223 3050 Romam
3257 3006 3521 3062 regresso,

1947 3061 2045 3116 iste
2074 3063 2125 3116 itt
2167 3065 2444 3118 obsidione
2485 3061 2771 3131 remansit,
2805 3075 2859 3122 et
2887 3065 3100 3120 tandem
3129 3061 3397 3119 civitatem
3429 3078 3526 3120 ce-

1945 3132 2041 3200 pit,
2069 3141 2123 3186 et
2151 3131 2386 3188 funditus
2415 3136 2624 3188 evertit.

2016 3202 2159 3275 Deus
2199 3205 2461 3258 virtutum.
2506 3205 2668 3270 Quasi
2711 3205 2854 3260 dicat
2883 3221 2896 3265 _:
2933 3203 2976 3260 si
3007 3205 3084 3260 sic
3117 3204 3379 3275 agendum
3411 3213 3528 3263 erat

1945 3271 2000 3346 in
2027 3273 2194 3340 paleis
2217 3315 2232 3338 ,
2274 3289 2380 3329 non
2422 3276 2498 3328 sic
2528 3276 2746 3332 Domine
2775 3285 2959 3344 agatur
2988 3277 3042 3330 in
3076 3271 3256 3346 granis
3283 3291 3300 3328 :
3327 3276 3424 3329 sed
3445 3314 3460 3338 ,
3492 3290 3528 3330 o
3556 3328 3579 3340 _

1945 3341 2084 3395 Deus
2123 3345 2385 3410 virtutum,
2427 3355 2713 3398 convertere
2743 3341 2833 3400 ad'
2858 3361 2977 3410 nos,
3030 3341 3103 3400 ιη’
3122 3345 3199 3400 sic
3241 3355 3526 3402 convertas

1945 3427 2063 3484 nos.
2107 3414 2170 3468 Et
2198 3416 2287 3484 qui
2317 3417 2462 3482 prius
2492 3416 2757 3470 videbaris
2787 3417 3099 3484 despexisse
3131 3418 3339 3471 vineam
3368 3415 3524 3484 istam

1947 3483 2022 3556 in_
2041 3484 2146 3538 illis
2175 3481 2478 3539 carnalibus
2510 3487 2744 3556 patribus
2765 3528 2780 3553 ,
2811 3481 3005 3556 respice
3034 3504 3151 3542 eam
3183 3481 3525 3543 misericordi

1945 3553 2136 3628 aliectu
2167 3557 2229 3609 de
2259 3559 2384 3628 creto
2415 3553 2701 3623 caelorum,
2743 3559 2796 3613 id
2838 3553 2953 3622 est,
2996 3574 3089 3628 per
3121 3559 3389 3614 hominem
3425 3557 3527 3628 DQ-

1949 3627 2204 3680 ntinicnm
2229 3665 2242 3689 ,
2272 3627 2476 3682 scilicet
2507 3629 2763 3683 mittendo
2792 3629 2841 3684 ei
2868 3625 3024 3697 quem
3057 3629 3315 3684 missurus
3342 3644 3420 3684 es.
3453 3625 3527 3681 Et

1947 3698 2093 3770 vide,
2125 3697 2178 3750 id
2208 3707 2316 3762 est,
2337 3713 2457 3770 prie
2487 3700 2657 3754 oculis
2689 3700 2834 3756 illam
2861 3700 2997 3754 habe
3017 3740 3034 3765 ,
3064 3711 3119 3755 ut
3149 3699 3384 3768 plenarie
3409 3697 3528 3769 ejus

1949 3768 2274 3840 miserearis.
2323 3767 2392 3822 Et
2431 3770 2500 3823 ita
2546 3770 2690 3824 visita
2737 3787 2829 3838 per
2873 3773 3095 3840 gratiam
3143 3767 3286 3825 tuam
3330 3767 3530 3823 vincant

1949 3838 2126 3901 istaut,
2167 3850 2418 3910 tanquam
2468 3841 2766 3909 languidam
2811 3838 3276 3910 et_impotentem,
3326 3855 3421 3909 per
3451 3852 3530 3910 se

1949 3909 2300 3980 surgerelt‘t
2341 3910 2524 3980 perﬁce
2567 3927 2676 3964 eam
2719 3913 2906 3968 merito
2933 3909 2999 3966 et
3019 3925 3277 3976 numero,
3310 3925 3412 3965 non
3445 3909 3530 3964 in-

1951 3983 2111 4052 stitue
2152 3979 2308 4033 aliam
2345 3999 2355 4033 :
2399 3983 2523 4051 quia
2567 3983 2636 4036 ibi
2667 3983 2856 4052 .(quasi
2905 3983 3070 4049 dicat)
3115 3993 3530 4052 verumsemen

1953 4051 2182 4104 Abrahte
2223 4061 2324 4105 est.
2371 4050 2444 4105 IDl
2487 4067 2668 4105 semen
2695 4050 2871 4114 illud,
2921 4053 2972 4106 in
3017 4066 3123 4120 quo
3169 4050 3529 4120 benedicentur

1954 4136 2123 4174 omnes
2149 4131 2337 4191 gentes,
2366 4122 2414 4174 id
2447 4131 2526 4175 εει
2557 4123 2703 4175 radix
2729 4122 2814 4176 illa
2841 4122 2888 4174 in
2913 4137 3014 4190 qua
3038 4118 3267 4176 insertus
3294 4118 3531 4177 oleaster

1956 4201 2179 4258 ponatur
2204 4209 2215 4244 :
2240 4193 2423 4260 perfice
2444 4208 2573 4256 eam,
2599 4192 2736 4254 dico,
2762 4208 2878 4260 qua:
2900 4208 3004 4246 non
3030 4191 3188 4246 habet
3209 4205 3276 4260 ex
3300 4205 3359 4246 se
3385 4204 3527 4259 esse,

1954 4263 2048 4315 sed
2077 4277 2138 4314 ex
2169 4258 2249 4326 ιε,
2270 4264 2389 4329 quia
2415 4275 2531 4315 eam
2561 4258 2802 4330 plantavit
2832 4262 3035 4315 dextera
3067 4274 3174 4315 tua.
3210 4258 3274 4314 Et
3308 4263 3374 4315 ita
3405 4258 3532 4318 dico

1960 4334 2176 4398 perlice,
2224 4342 2276 4384 ut
2317 4333 2384 4384 sit
2427 4332 2641 4385 fundata
2672 4349 2823 4399 super
2850 4333 3016 4401 [ilium
3056 4332 3295 4399 hominis,
3339 4331 3392 4386 id
3424 4340 3527 4399 est,

288 4403 668 4474 amaricantes_
692 4396 881 4474 [luctus
918 4403 1086 4474 hujus
1129 4396 1307 4474 saeculi
1357 4396 1671 4474 inlluebant,
1725 4407 1847 4462 facti
1877 4396 1932 4458 Β
1955 4396 2246 4454 Christum.
2276 4401 2409 4454 Dicit
2430 4403 2570 4456 enim
2600 4396 2919 4474 Apostolus:
2946 4396 3359 4457 Fundamentum
3380 4396 3529 4474 aliud

287 4481 414 4524 sunt
457 4471 791 4546 propagines.
826 4471 888 4546 Et
916 4473 1014 4525 hoc
1045 4473 1222 4538 modo,
1255 4476 1457 4530 scilicet
1483 4491 1577 4544 per
1623 4471 1849 4546 prophe-

290 4551 532 4615 tas,_turn
576 4542 971 4615 perpalmites,
1019 4552 1130 4596 tum
1174 4558 1266 4612 per
1303 4542 1638 4615 propagines
1657 4542 1852 4602 factum

291 4610 523 4685 est__hoc,
555 4613 692 4685 quod
727 4615 839 4666 haec
870 4617 1021 4666 vinea
1055 4610 1214 4666 totam
1247 4610 1438 4669 terram
1467 4610 1725 4685 implevit.

369 4681 435 4734 Ut
483 4683 604 4757 quid
651 4684 941 4757 destruxisti
988 4685 1278 4757 maceriam.
1332 4685 1495 4740 Deilet
1544 4681 1629 4742 hic
1675 4687 1854 4757 Asaph

293 4753 634 4828 corporalem
656 4753 1226 4828 destructionemejus
1267 4759 1481 4823 populi,
1521 4775 1676 4824 quem
1717 4753 1855 4828 pra:-

294 4823 526 4896 dirtmus
561 4823 872 4896 principium
903 4838 1022 4877 esse
1051 4825 1249 4890 vineae,
1292 4829 1382 4880 sed
1426 4823 1551 4881 nun
1573 4831 1686 4883 sine
1719 4823 1852 4896 spe;

294 4892 416 4961 quia
455 4895 704 4959 loquitur,
750 4903 805 4945 ut
847 4895 899 4946 iu
942 4896 1091 4948 titulo
1133 4897 1442 4962 pl'iniCiUtl't
1469 4909 1570 4960 est,
1602 4900 1668 4954 de
1707 4892 1854 4954 dire;

295 4965 495 5038 Cilone.
618 4965 668 5038 si
698 4963 776 5016 sic
805 4962 857 5016 in
887 4965 1086 5038 paleis,
1132 4980 1234 5038 nou
1265 4967 1341 5018 sic
1371 4971 1630 5038 agendum
1658 4981 1772 5023 erat
1803 4971 1857 5024 in

298 5035 498 5108 granis.
534 5034 596 5108 l_£t
618 5032 742 5108 est,
767 5032 920 5108 quaSi
951 5034 1090 5108 dicat
1123 5036 1386 5108 {Quando
1407 5032 1626 5108 quidem
1648 5079 1662 5104 ,
1691 5055 1723 5092 ο
1758 5041 1858 5093 Do-

302 5106 464 5178 mine,
489 5102 708 5178 eduxists'
732 5103 926 5169 vineam
955 5105 1096 5178 illam
1118 5106 1186 5178 de
1215 5102 1464 5176 Egypto.
1495 5120 1538 5162 et
1570 5102 1679 5162 eam
1710 5111 1861 5178 plan-

301 5166 664 5248 tastiputqaid
685 5187 812 5242 ergo
833 5167 1126 5229 destrua‘isti
1156 5166 1418 5231 mareiia'm
1445 5166 1592 5248 ejus?
1617 5166 1728 5234 Non
1759 5180 1859 5234 hoc

301 5243 443 5320 dicit:
482 5245 806 5320 illuminatus
855 5251 1014 5320 atque
1064 5258 1334 5301 correctus
1382 5243 1559 5316 Asaph
1609 5261 1858 5320 tauquam

303 5316 568 5390 nesciens.
595 5313 812 5390 Sciebat
828 5315 970 5368 enim
992 5328 1110 5390 eam
1125 5322 1434 5390 necessario
1455 5313 1856 5390 destruendam,

301 5389 424 5453 quia
473 5386 838 5458 interminatus
875 5392 992 5439 erat
1022 5388 1077 5458 ei
1123 5384 1381 5441 Dominus
1426 5403 1518 5458 per
1557 5391 1742 5444 Isaiam
1781 5384 1863 5444 di;

301 5470 430 5529 cens
471 5470 487 5510 :
531 5453 799 5529 Destruam
845 5456 1118 5529 maceriam
1162 5458 1292 5526 eius.
1342 5453 1629 5529 Et'adjicit
1677 5475 1858 5528 quare.

302 5523 604 5597 Exspectavi
631 5527 764 5578 enim
793 5535 847 5578 ut
888 5527 1070 5596 faceret
1100 5523 1280 5593 uvam,
1319 5538 1364 5582 et
1401 5523 1532 5597 fecit
1555 5523 1861 5588 labruscnm.

307 5595 701 5668 yaspectaviut
739 5595 927 5668 faceret
957 5598 1235 5665 judicium,
1279 5609 1324 5653 et
1373 5595 1487 5668 fecit
1530 5601 1861 5668 iniquitatem.

305 5664 414 5723 Sed
468 5680 563 5737 pro
608 5664 848 5740 Assyriis
894 5664 996 5724 hoc
1042 5668 1202 5739 dicit,
1251 5680 1308 5725 ut
1353 5664 1406 5726 et
1451 5664 1864 5728 destructionem

1955 4487 2100 4544 nemo
2124 4484 2518 4544 ponerepotest,
2546 4483 2729 4543 praeter
2755 4473 2808 4526 id
2831 4475 2965 4544 quod
2991 4475 3210 4542 positum
3235 4483 3333 4540 est,
3359 4475 3410 4544 id
3437 4473 3537 4544 est,

1957 4543 2208 4596 Christus.
2256 4541 2446 4614 Filium
2495 4541 2725 4597 hominis
2770 4541 2888 4598 dico
2928 4541 3078 4614 quem
3131 4554 3186 4599 tu
3231 4543 3535 4614 specialiter

1955 4613 2273 4681 conﬁrmasti
2313 4614 2449 4667 inter
2474 4629 2659 4670 omnes
2689 4615 2810 4680 tibi,
2852 4615 2903 4669 id
2931 4613 3013 4670 est
3033 4656 3048 4678 ,
3092 4616 3157 4668 ad
3189 4625 3335 4669 tuum
3363 4613 3533 4672 hono-

1957 4699 2092 4738 rem.
2125 4686 2292 4738 Adam
2325 4683 2534 4750 quidem
2567 4686 2618 4739 ιιι
2651 4686 2969 4739 abundantia
3001 4687 3249 4740 virtutum
3280 4683 3529 4755 posuisti.

1955 4758 2056 4826 sed
2083 4770 2184 4807 non
2217 4757 2567 4824 conﬁrmasti,
2596 4759 2717 4826 quia
2747 4757 2849 4810 labi
2881 4757 3066 4824 potuit.

2029 4823 2246 4879 Incensa
2273 4827 2397 4896 igni.
2429 4823 2566 4881 Vere
2594 4823 2835 4895 perﬁcies
2863 4823 2979 4880 eam
2998 4869 3012 4893 ,
3043 4826 3164 4896 quia
3194 4825 3398 4896 incensa
3423 4825 3536 4894 igni

1959 4907 2002 4950 et
2041 4897 2260 4964 stt/fossa
2298 4895 2531 4963 peribunt
2578 4899 2721 4952 inea
2751 4897 2814 4949 ab
2846 4895 3189 4965 increpatione
3230 4895 3398 4952 vultus
3439 4896 3531 4951 tui.

1960 4967 2144 5020 Vultus
2171 4967 2259 5020 Dei
2285 4967 2457 5021 Patris
2487 4977 2570 5022 est
2598 4971 2710 5036 ipse
2729 4967 2994 5032 Christus,
3016 4968 3258 5035 splendor
3288 4977 3333 5020 et
3362 4968 3535 5038 ﬁgura

1957 5038 2251 5091 substantite
2280 5039 2408 5106 ejus,
2446 5048 2502 5091 ut
2530 5039 2604 5092 ait
2632 5039 2939 5107 Apostolus.
2988 5037 3122 5092 Vere
3160 5037 3318 5092 etiam
3359 5037 3532 5092 sancti

1961 5108 2353 5178 praulicatores,
2389 5109 2442 5163 in
2475 5109 2666 5178 quibus
2694 5117 2912 5178 apparet
2945 5111 3116 5162 vultus
3141 5108 3288 5178 ejus;
3322 5108 3408 5162 hic
3438 5124 3530 5161 au-

1963 5189 2067 5232 tent
2110 5182 2284 5232 vultus
2327 5179 2450 5246 Dei,
2491 5181 2616 5248 quid
2655 5179 2800 5232 aliud
2846 5180 3084 5248 increpat
3125 5179 3228 5233 nisi
3276 5179 3534 5246 peccata?

1962 5248 2063 5303 Per
2101 5249 2218 5318 ejus
2250 5248 2430 5318 utique
2469 5249 2886 5318 increpationem
2933 5258 3145 5318 peccata
3183 5259 3361 5304 nostra
3405 5264 3527 5318 per-

1963 5319 2133 5374 ibunt.
2175 5318 2332 5373 Fiunt
2357 5329 2532 5373 autem
2560 5329 2777 5389 peccata
2801 5321 2990 5390 omia
3009 5334 3128 5390 quae
3160 5330 3348 5389 sponte
3376 5333 3527 5375 com-

1964 5390 2224 5444 mittimus
2245 5430 2261 5456 ,
2303 5398 2392 5444 aut
2419 5391 2558 5444 malo
2588 5405 2800 5457 amore,
2837 5399 2930 5445 aut
2957 5389 3149 5445 timore
3178 5391 3318 5445 malo
3347 5408 3358 5444 :
3393 5392 3534 5446 sicut

1963 5476 1995 5515 e
2015 5470 2197 5515 contra
2225 5475 2383 5514 omne
2408 5474 2540 5527 opus
2578 5461 2776 5517 bonum
2815 5470 2906 5517 aut
2930 5463 2987 5516 lit
3024 5463 3165 5517 bono
3209 5477 3410 5529 amore,
3441 5471 3534 5520 aut

1966 5532 2105 5585 bono
2132 5531 2340 5584 timore.
2369 5529 2435 5586 Ut
2463 5529 2508 5583 si
2535 5530 2722 5600 aliquis
2754 5533 2878 5588 velit
2903 5548 3000 5586 nos
3023 5532 3275 5588 inducere
3303 5533 3370 5587 ad
3402 5533 3528 5600 hoc,

1968 5612 2025 5656 ut
2070 5601 2657 5674 falsumtestimonium
2699 5613 2881 5658 contra
2924 5606 3230 5674 proximum
3269 5605 3531 5672 dicamus,

1967 5681 2056 5727 aut
2086 5671 2279 5744 aliquid
2307 5673 2431 5742 tale,
2459 5675 2716 5746 promittit
2741 5675 2893 5733 nobis
2921 5671 3086 5733 inulta
3113 5693 3124 5728 :
3150 5679 3340 5748 quibus
3365 5674 3406 5730 si
3442 5678 3544 5734 dc-
