3984 6362
401 178 509 236 919

870 176 1075 235 senm
1114 175 1561 235 VENERABILIS
1598 173 1748 232 ore.
1789 171 1967 231 rans
2004 168 2067 226 ιι.
2107 122 2297 225 Sacr.
2340 166 2405 223 ll.
2444 193 2514 209 --
2552 163 2758 223 DUBIA
2794 164 2897 248 ur,
2924 164 3215 256 SPUlil_A;_

3551 152 3686 229 ξω

3549 243 3683 263 η-σ-

399 297 663 355 lectamur
691 304 746 353 et
782 282 1165 359 consentimus.
1208 308 1334 349 ecce
1374 292 1515 347 malo
1556 305 1759 357 amore,
1803 290 1854 343 id
1897 294 1978 343 est
2004 287 2058 347 Α
2083 288 2344 359 ιθοοεξεηο
2380 277 2509 332 llem
2536 276 2803 359 Arnobius
2821 277 2883 359 .in
2913 277 3306 359 septuagesimo
3342 293 3487 336 nono
3510 270 3675 359 psal-

401 370 655 436 cupidate
694 383 855 437 prava
894 368 1102 422 accensi
1140 378 1445 437 peccamus.
1492 363 1547 418 Si
1592 373 1783 437 autem
1807 360 1972 437 gratia

398 429 502 495 Dei
546 448 673 495 tunc
698 429 806 493 ἠοξ
842 429 1181 503 inspiramur,
1231 444 1285 489 et
1322 434 1617 503 cogitamus
1658 432 1786 487 illud
1816 429 1973 503 quod

397 510 521 579 ipse
550 510 826 579 proposuit
852 501 1028 572 nobis,
1050 501 1547 579 exempliﬁcandum
1572 505 1775 579 scilicet
1800 519 1813 557 :
1839 501 1976 566 Quid

397 575 608 652 prodest
642 575 826 634 ’ξοπιὶηὶ
850 579 906 651 si.
919 586 1078 652 totum
1101 578 1351 652 munjum
1374 577 1620 652 lucretur,
1642 575 1825 652 anima:
1841 589 1977 652 _vero

397 644 512 706 iure
536 644 1180 715 detrimentum'patiatur?
1209 648 1347 704 Ecce
1372 661 1466 715 per
1489 648 1623 702 hanc
1648 644 1976 700 Dominicam

396 722 821 790 increpationem
848 720 1071 774 effectus
1103 719 1225 774 mali
1254 717 1471 784 amoris,
1500 716 1551 771 id
1565 726 1674 790 est,
1704 725 1977 783 peccatum

398 792 457 849 in
488 788 642 847 nobis
682 791 836 860 perit.
868 791 1022 846 Tunc
1061 790 1153 845 ille
1182 789 1368 845 videns
1407 788 1668 857 promissa
1712 802 1816 860 sua,
1846 802 1976 843 con-

396 864 589 929 temni,
630 858 851 918 forsitan
895 861 962 916 ad
1005 862 1174 916 minas
1222 876 1288 917 se
1326 859 1611 922 convertit,
1653 866 1707 913 et
1747 858 1981 913 minatur

396 934 556 989 nobis
603 948 712 989 non
762 942 965 988 tantum
1013 933 1405 1003 expulsionem,
1451 930 1544 985 sed
1596 930 1764 1003 ipsam
1816 930 1978 984 etiam

320 1062 326 1068 ,
397 1015 651 1059 mortem.
677 1003 828 1070 Quod
863 1006 908 1057 si
947 999 1277 1058 tunc'territi
1317 1003 1366 1057 ei
1400 999 1819 1063 consentiamus,
1854 1015 1980 1056 ecce

398 1073 606 1129 timore
622 1076 763 1129 malo
794 1073 1052 1128 ltumiliati
1087 1087 1389 1143 peccamus.
1415 1070 1473 1127 Si
1499 1079 1677 1143 autem
1710 1078 1835 1124 tunc
1864 1086 1985 1139 gra-t

398 1144 472 1198 tia
502 1145 678 1200 divina
710 1145 941 1201 interius
977 1141 1317 1208 roboremur,
1359 1151 1415 1197 et
1451 1142 1591 1208 quod
1633 1141 1751 1209 ipse
1793 1155 1981 1196 exem-

397 1215 656 1283 plandum
699 1216 1003 1283 proposuit,
1046 1216 1097 1270 in
1140 1223 1321 1270 mente
1363 1212 1675 1277 habeamus,
1731 1212 1977 1268 scilicet:

402 1284 584 1340 Nolite
605 1288 780 1341 timere
807 1288 895 1357 qui
925 1302 1110 1355 corpus
1132 1286 1398 1351 occidunt,
1431 1283 1656 1337 animam
1684 1292 1851 1337 autem
1879 1300 1982 1339 non

439 1368 615 1412 ossnnt
659 1358 905 1420 occidere,
956 1365 1012 1412 et
1054 1357 1370 1421 resistimus,
1418 1363 1472 1411 et
1518 1368 1624 1407 non
1672 1366 1978 1421 peccamus.

457 1428 592 1482 elius
622 1436 706 1483 est
731 1429 876 1483 enim
916 1438 972 1481 ut
1006 1427 1178 1481 aliena
1218 1428 1467 1495 iniquitas
1507 1422 1733 1493 perimat
1765 1438 1981 1479 carnem

398 1506 664 1568 postram,
695 1513 851 1566 quam
898 1498 1155 1568 injustitia
1194 1497 1420 1566 perimat
1458 1495 1689 1568 animam
1722 1505 1979 1568 nostrain.

396 1566 469 1622 Et
499 1564 968 1637 quantumcunque
998 1564 1228 1622 mundus
1269 1564 1711 1637 promittitinobis
1743 1564 1976 1634 injustis,

392 1634 565 1693 mulio
598 1641 714 1710 plus
744 1634 896 1693 dabit
930 1639 1071 1694 Deus
1099 1634 1284 1707 justis,
1308 1651 1427 1692 cum
1457 1636 1582 1691 dicit
1611 1652 1626 1691 :
1669 1634 1865 1703 Venite,
1896 1637 1982 1692 be-
2014 1649 2060 1710 Β

393 1710 584 1762 nedicti
634 1709 807 1763 Patris
858 1711 979 1775 mei,
1032 1720 1088 1764 et
1131 1716 1343 1763 caetera.
1401 1710 1464 1761 Et
1508 1714 1978 1776 quantumcunque

393 1781 628 1836 mundus
658 1780 890 1835 minatur
937 1780 1090 1835 nobis
1135 1780 1313 1847 justis,
1363 1779 1529 1832 multo
1576 1778 1693 1843 plus
1746 1777 1980 1847 minatur

391 1850 552 1905 nobis
581 1851 721 1905 Deus
750 1850 982 1919 injustis,
1007 1846 1396 1916 quia’dicturus
1420 1857 1539 1919 est:
1569 1847 1669 1919 (te,
1697 1846 1974 1919 maledicti,

390 1920 451 1992 in
489 1922 658 1992 ignem
694 1916 962 1977 quernum.
1008 1921 1071 1974 Et
1111 1919 1212 1992 hoc
1251 1928 1333 1975 est
1373 1918 1514 1989 quod
1552 1918 1677 1992 dicit
1711 1916 1980 1992 :_lncensa

389 1988 527 2060 igni;
566 1992 619 2046 id
658 2000 741 2047 est
780 2001 998 2058 peccata
1040 1990 1232 2045 ardore
1273 1988 1449 2059 prava:
1480 1988 1785 2058 cupiditatis
1824 2004 1977 2044 com-

390 2064 582 2130 missa,
613 2073 660 2116 et
680 2062 924 2130 sit/fossa,
956 2060 1007 2116 id
1031 2071 1130 2122 est,
1160 2061 1246 2115 illa
1276 2060 1434 2115 etiam
1464 2069 1699 2127 peccata,
1734 2075 1851 2125 quae
1882 2076 1979 2127 per

388 2134 813 2188 humiliationem
857 2131 981 2187 mali
1029 2132 1231 2187 timoris
1275 2131 1697 2186 committuntur.
1746 2130 1814 2183 Et
1858 2130 1979 2187 ideo

389 2203 612 2269 stt/fossa
650 2204 918 2269 dicuntur,
958 2205 1078 2272 quia
1123 2217 1306 2257 murus
1333 2202 1422 2270 qui
1452 2200 1755 2266 suffoditur,
1804 2200 1981 2257 humi-

388 2273 580 2345 liatur;
606 2284 852 2345 utraque,
877 2276 1115 2343 inquam,
1141 2274 1255 2345 haec
1279 2287 1475 2342 genera
1500 2280 1840 2345 peccatorum
1864 2289 1980 2341 per-

388 2344 533 2416 ibunt
562 2347 625 2399 ab
653 2343 997 2416 increpatione
1021 2360 1116 2416 per
1140 2343 1344 2398 vultum
1371 2354 1517 2416 tuum
1545 2343 1705 2416 facta,
1735 2355 1768 2395 0
1790 2343 1935 2416 Deus
1960 2360 1977 2400 :

388 2413 506 2471 haec
544 2418 758 2484 quidem
786 2412 1051 2472 sententia
1075 2415 1216 2471 beati
1244 2422 1326 2469 est
1357 2412 1642 2484 Augusuni
1664 2424 1715 2468 et
1750 2414 1979 2470 aliorum

389 2482 766 2554 complurium.
810 2486 1161 2542 Cassiodorus
1198 2500 1327 2541 vero
1365 2482 1581 2540 incensa
1629 2482 1739 2554 igni
1788 2486 1977 2540 eodem

390 2558 552 2612 modo
588 2559 800 2628 accipit,
837 2556 1044 2613 scilicet
1081 2565 1298 2627 peccata
1334 2555 1425 2611 illa
1464 2570 1584 2624 qua:
1623 2555 1816 2610 ardore
1855 2556 1979 2612 mali

389 2629 587 2683 amoris
625 2628 777 2694 ﬁunt,
828 2628 1052 2684 snﬁ‘ossa
1092 2643 1222 2686 vero
1260 2641 1323 2682 ea
1362 2635 1580 2697 peccata
1618 2636 1792 2689 vocat,
1834 2641 1981 2697 quat-

386 2710 602 2823 Eunque
647 2714 743 2767 per
800 2699 1021 2756 insidias
1064 2707 1156 2754 aut
1212 2713 1309 2769 per
1353 2697 1539 2754 dolum
1584 2698 1735 2767 quasi
1778 2697 1979 2754 infossa

430 2784 495 2823 un
526 2808 541 2823 .

430 2780 541 2823 unt.

385 2859 389 2863 ·
466 2838 590 2895 Fiat
638 2856 821 2895 manus
872 2850 979 2897 tua.
1011 2840 1238 2909 Quando
1287 2838 1503 2910 quidem
1533 2848 1660 2910 itam
1702 2839 1850 2894 utilis
1892 2848 1979 2895 est

390 2911 693 2981 increpatio
712 2921 822 2976 tua,
848 2913 938 2976 ﬁat
963 2927 1092 2981 ergo
1118 2909 1431 2974 manustua,
1461 2924 1494 2964 0
1527 2909 1773 2975 Domine,
1799 2910 1850 2964 id
1872 2919 1974 2976 est,

392 2996 611 3050 semper
657 2983 931 3038 adhaereat
957 2982 1221 3037 correctio
1267 2989 1355 3035 tua
1383 2995 1536 3047 super
1563 2981 1729 3034 virum
1774 2982 1978 3035 consti-

393 3054 674 3120 tuendum,
727 3052 777 3107 id
821 3062 922 3119 est,
973 3062 1030 3107 ut
1070 3052 1428 3107 constituatur
1475 3065 1613 3104 unus
1658 3050 1742 3103 vir
1796 3050 1975 3118 perfe-

392 3130 533 3191 ctus,
564 3125 615 3179 id
637 3132 744 3189 est,
774 3122 1038 3190 Christus,
1068 3130 1228 3190 caput
1253 3120 1455 3176 scilicet
1482 3130 1536 3174 et
1561 3134 1775 3190 corpus.
1804 3120 1975 3184 Super

391 3194 558 3248 virum
610 3196 729 3250 dico
780 3194 1002 3249 dextera:
1044 3202 1162 3258 tute,
1216 3192 1271 3247 id
1302 3201 1404 3256 est,
1438 3192 1492 3246 in
1540 3207 1646 3261 quo
1693 3191 1975 3260 apparebit

392 3264 638 3333 dextera,
670 3266 723 3320 id
751 3272 855 3332 est,
903 3265 1142 3334 potentia
1172 3272 1277 3319 tua.
1331 3262 1398 3317 Et
1424 3276 1591 3334 quem
1614 3262 1786 3334 virum
1828 3263 1972 3334 acci-

392 3336 525 3405 piat,
576 3330 1111 3394 determinafdicens
1140 3352 1154 3389 :
1189 3334 1259 3389 Et
1304 3330 1456 3403 super
1488 3330 1968 3405 FiliumAthninis.

394 3402 597 3462 Omnes
645 3409 787 3463 enim
843 3417 1122 3474 portantes
1178 3402 1466 3474 imaginem
1516 3402 1639 3458 Filii
1696 3402 1971 3474 hominis,

394 3480 547 3559 quasi
572 3494 716 3559 _unus_
743 3472 911 3559 [filius
942 3476 1176 3559 h‘ominis
1205 3472 1472 3559 cum‘ipso
1500 3482 1657 3556 εψιι.⁸
1688 3475 1850 3559 Quem
1884 3472 1971 3556 Fio

390 3544 524 3603 lium
571 3549 804 3604 hominis
853 3548 1170 3617 conﬁrmasti
1218 3545 1434 3616 quidem
1488 3544 1858 3617 principaliter
1915 3544 1970 3617 in

395 3620 575 3689 capite
608 3638 621 3673 :
650 3614 970 3675 secundario
1012 3614 1327 3689 veroieti'arn
1361 3617 1415 3669 in
1443 3616 1709 3689 membris
1755 3615 1869 3689 tibi,
1906 3614 1970 3689 id

394 3684 500 3753 esi,
533 3690 597 3743 ad
630 3701 779 3743 tuum
818 3691 1098 3745 honorem.
1129 3688 1229 3743 Vel
1255 3687 1410 3742 aliter
1436 3686 1613 3755 (quasi
1658 3684 1823 3755 dicat)
1857 3702 1869 3737 :
1904 3685 1972 3740 Et

392 3768 455 3812 ut
484 3758 791 3827 perﬁciatur
837 3760 993 3813 vinea
1036 3757 1271 3827 plantata
1320 3756 1622 3827 andextera
1654 3762 1765 3827 tua,
1813 3763 1972 3827 etut

392 3824 622 3899 pereant
654 3832 703 3883 in
730 3844 793 3884 ea
822 3824 1163 3899 incensa'igni
1191 3838 1239 3881 et
1280 3824 1541 3899 suﬂ’ossa;
1584 3839 1714 3899 ergo
1746 3826 1972 3899 Domine

396 3896 491 3966 ﬁat
520 3916 700 3955 manus
729 3912 836 3965 tua,
869 3898 921 3953 id
947 3909 1051 3965 est,
1077 3896 1459 3969 protectio__tua
1486 3896 1830 3969 superstratis
1853 3897 1973 3969 demo

398 3964 523 4024 tera:
554 3981 671 4036 luce,
702 3970 755 4026 id
785 3964 887 4036 est,
919 3964 1320 4038 super—omnem
1350 3965 1502 4020 illum
1531 3966 1621 4035 qui
1648 3964 1747 4038 hoc
1773 3966 1970 4038 virium

398 4043 540 4110 quod
568 4034 726 4097 habet
768 4034 1063 4095 exercet'in
1109 4038 1355 4104 dextera,
1388 4050 1503 4110 npn
1539 4038 1591 4090 in
1619 4036 1858 4110 sinistra.
1905 4034 1972 4110 Et

397 4104 730 4180 specialiter,
763 4111 857 4165 ﬁat
883 4126 1073 4165 manus
1105 4119 1190 4164 tua
1220 4125 1372 4180 super
1394 4104 1594 4180 Filium
1619 4107 1859 4180 hominis,
1878 4106 1972 4180 qui

392 4176 485 4237 est
510 4192 668 4251 caput
696 4176 905 4237 eorum.
933 4181 1046 4235 Non
1075 4176 1398 4251 enim_dedit
1424 4178 1475 4251 ei
1527 4177 1782 4251 Dominus
1811 4176 1972 4244 spiri-

397 4260 513 4307 tum
539 4247 606 4306 ad
631 4265 960 4306 mensuram.
996 4251 1167 4319 Super
1194 4247 1391 4303 Filium
1423 4248 1641 4303 hominis
1669 4248 1974 4318 dico,quem

396 4330 457 4377 tu
486 4322 803 4393 conﬁrmasti
832 4321 943 4393 tibi,
972 4331 1029 4375 ut
1056 4321 1443 4393 supra_dictum
1470 4328 1573 4374 est.

2001 3012 2051 3078 ο

2078 367 2188 416 mo,
2222 350 2385 405 Vinea
2412 355 2709 420 repargtur,
2737 356 2791 402 et
2821 348 2891 420 in_
2904 350 3265 418 octuagesimo
3293 365 3391 420 pro
3417 348 3671 408 torculac

2078 423 2225 478 ribus
2268 422 2440 491 agitur
2470 416 2506 473 ἐ
2544 416 2811 491 Exsultate
2852 417 2983 481 Deo,
3012 416 3137 488 quia
3177 416 3457 475 resurrexit
3509 425 3671 479 vinea

2081 494 2236 564 ejus,_
2264 489 2501 564 surrexit
2548 489 2713 564 enim,
2744 504 2902 557 quem
2935 491 3315 564 exterminavit
3341 492 3670 564 incredulus

2079 560 2306 636 populus
2339 576 2357 626 ;
2400 562 2570 629 ipsum
2600 560 2784 630 utique
2809 561 3204 627 exterminavit,
3230 561 3319 632 qui
3344 561 3518 618 dixit:
3548 562 3674 636 Ego
3742 560 3753 600 '-

2079 633 2194 688 sum
2222 633 2335 687 vitis
2361 646 2501 686 vera.

2688 738 3045 779 EXPLANL'I'IO.

2151 819 2347 884 Quinta
2388 816 2616 883 sabbati,
2643 826 2726 873 est
2770 817 2952 886 quinta
2973 816 3088 872 dies
3131 830 3163 872 a
3191 815 3437 885 sabbato,
3464 832 3593 887 qua
3641 833 3676 875 ι

2080 890 2364 962 gentilibus
2379 890 2505 962 dies
2533 888 2764 962 Jo_vis,_a
2797 888 2949 944 nobis
2976 888 3156 957 quinta
3181 888 3312 962 feria
3339 898 3587 962 vocatur,
3617 890 3671 946 in

2083 958 2187 1031 qua
2217 961 2350 1015 dixit
2376 960 2555 1031 Deus:
2587 959 3071 1031 Producantaqua:
3117 958 3325 1031 r_eptilia
3360 961 3671 1015 animarum

2081 1028 2343 1096 vivarum,
2374 1039 2429 1085 et
2452 1029 2687 1085 volatilia
2714 1030 2949 1085 volantia
2985 1033 3085 1084 sub
3128 1028 3468 1085 ﬁrmamento
3498 1032 3628 1085 cmli
3659 1052 3673 1085 :

2082 1102 2309 1172 mystice
2329 1100 2633 1171 signiﬁcans
2652 1100 2887 1172 diversae
2901 1101 3118 1172 yirtutis
3142 1099 3286 1172 viros
3309 1115 3372 1172 ex
3402 1102 3560 1168 aquis
3584 1103 3676 1156 ba-

2082 1168 2349 1243 ptismatis
2383 1168 2513 1226 esse
2544 1171 2872 1243 nascituros.
2899 1168 3062 1243 Titqu
3091 1184 3219 1243 ergo
3250 1170 3408 1243 hujus
3435 1172 3672 1227 intentio

2089 1240 2211 1298 talis
2237 1251 2340 1306 est,
2384 1251 2443 1296 ut
2469 1244 2523 1296 in
2549 1240 2712 1312 linem
2762 1242 3005 1312 designet
3033 1240 3317 1296 Dominum
3345 1242 3673 1310 Christum;

2083 1327 2183 1384 pro
2212 1313 2585 1377 torcularibus,
2619 1311 2913 1384 Ecclesiam
2955 1312 3424 1384 persecutionibus
3452 1327 3673 1384 exami-

2088 1382 2300 1448 natam;
2332 1384 2533 1450 Asapb,
2565 1382 3060 1453 congregationem:
3087 1382 3540 1453 quiutasabbati,
3578 1383 3671 1436 ba-

2084 1455 2358 1523 ptismum.
2390 1453 2542 1509 Unde
2565 1451 2833 1523 colligitur
2871 1451 3133 1521 psalmum
3165 1454 3216 1507 in
3258 1452 3505 1523 Ecclesia
3558 1453 3672 1508 Do-

2085 1520 2217 1580 inini
2250 1525 2319 1580 de
2368 1520 3133 1594 regenerata'congregatione
3170 1537 3296 1578 esse
3324 1520 3665 1582 locuturum.

2090 1595 2185 1650 llic
2213 1598 2356 1651 enim
2385 1593 2563 1661 ASaph
2594 1593 2660 1649 ad
2693 1594 2973 1665 historiam
3017 1594 3231 1663 quidem
3287 1593 3531 1665 loquitur
3574 1595 3671 1649 Ju-

2085 1666 2236 1727 daeis.
2270 1665 2364 1721 sed
2411 1665 2603 1721 melius
2637 1664 2987 1733 spiritualiter
3026 1664 3342 1735 intelligitur
3374 1680 3416 1735 ra
3467 1668 3672 1735 populo

2081 1737 2394 1792 christiano.
2420 1735 2476 1790 ln
2507 1738 2675 1803 prima
2703 1746 2850 1803 parte
2876 1733 3072 1790 Psalmi
3100 1733 3332 1805 loquitur
3356 1733 3560 1804 Asapli
3592 1738 3656 1791 ﬁ-

2080 1807 2313 1872 delibus,
2343 1816 2399 1861 ut
2422 1820 2516 1875 per
2547 1821 2745 1877 organa
2774 1805 2986 1877 diversa
3009 1806 3337 1877 musicorum
3368 1816 3669 1877 personent

2082 1878 2268 1933 laudes
2300 1877 2526 1932 Domino
2555 1875 2650 1945 pro
2678 1876 2941 1946 perceptis
2969 1890 3113 1946 saepe
3155 1875 3457 1931 beneﬁciis.
3492 1877 3553 1931 In
3584 1894 3670 1934 se.

2080 1948 2253 2004 cunda
2271 1987 2287 2015 ,
2311 1948 2473 2003 verba
2497 1956 2621 2002 sunt
2653 1946 2863 2002 Domini
2899 1946 3272 2002 comminantis
3301 1961 3372 2001 ne
3400 1946 3550 2001 idola
3580 1964 3670 2005 ccc

2078 2018 2215 2085 lant,
2248 2018 2341 2072 sed
2369 2019 2483 2086 ipse
2510 2019 2655 2073 solus
2680 2017 2961 2083 adoretur,
2990 2018 3079 2087 qui
3098 2031 3444 2071 remunerare
3467 2018 3665 2075 soleat.

2081 2088 2141 2143 In
2170 2089 2322 2144 tertia
2351 2087 2527 2157 Asaph
2554 2088 2868 2157 reloquitur,
2898 2102 3130 2157 arguens
3162 2087 3412 2143 inﬁdeles
3438 2102 3539 2143 cur
3568 2092 3665 2145 lal-

2082 2159 2225 2285 iatlttlas
2249 2158 2569 2227 exstiterint,
2595 2157 2786 2230 quibus
2828 2159 2971 2214 dona
3014 2157 3225 2214 Domini
3274 2158 3383 2214 sint
3438 2160 3665 2231 copiose

2082 2245 2143 2285 co
2185 2239 2291 2285 ata.

2080 2239 2291 2288 collata.

2651 2314 2795 2356 COII
2803 2315 2905 2355 ENT
2915 2313 3087 2355 sums.

2155 2416 2425 2498 Exsultate
2451 2414 2817 2498 Deo-adjutori
2845 2425 3039 2498 nostra.
3064 2414 3272 2498 Titulus
3300 2415 3530 2498 est_talis
3556 2418 3665 2498 {In

2082 2488 2243 2560 ﬁnem,
2288 2505 2380 2558 pro
2412 2486 2754 2560 torcularibus
2799 2486 2975 2560 quinta
3021 2486 3238 2560 sabbati,
3289 2488 3522 2560 psalmus
3566 2491 3665 2560 ipsi

2081 2557 2259 2627 Asopi:
2286 2575 2304 2616 :
2334 2559 2424 2626 qui
2452 2558 2529 2613 sic
2557 2558 2865 2627 exponitur.
2899 2557 3026 2613 Haec
3050 2557 3212 2613 verba
3259 2557 3568 2615 referuntur
3587 2557 3658 2617 'in

2082 2628 2266 2695 ﬁnem,
2297 2645 2415 2697 quae
2444 2636 2569 2684 sunt
2615 2630 2847 2697 psalmus
2894 2638 3141 2684 cantatus
3191 2628 3291 2697 ipsi
3343 2631 3554 2698 Asapb,
3603 2631 3658 2688 id

2082 2710 2167 2755 est
2214 2700 2505 2755 Dominicaa
2573 2698 2972 2768 congregationi
3026 2713 3123 2768 pro
3196 2699 3556 2755 torcularibus
3602 2703 3655 2758 in

2083 2770 2264 2840 quinta
2293 2770 2521 2825 sabbati.
2559 2770 2617 2825 In
2656 2769 2909 2824 torculari
2940 2779 3066 2824 sunt
3098 2768 3224 2840 duo,
3266 2770 3479 2838 pondus
3507 2772 3648 2828 scili-

2082 2839 2189 2909 Cet,
2218 2846 2289 2908 {et
2328 2855 2613 2910 pressura;
2669 2850 2721 2895 et
2750 2840 2818 2895 de
2868 2854 3119 2908 pressura
3166 2839 3274 2895 duo
3320 2841 3646 2908 procedunt,

2084 2911 2261 2966 oleum
2292 2911 2498 2967 scilicet
2518 2921 2574 2967 et
2599 2925 2837 2965 amurca.
2864 2911 3051 2965 Oleum
3086 2910 3292 2967 scilicet
3316 2912 3372 2966 in
3395 2916 3649 2980 apotheca

2084 2982 2509 3049 recondendum,
2537 2990 2592 3037 et
2631 2995 2846 3035 amurca
2874 2981 2924 3034 in
2955 2980 3148 3050 plateis
3175 2982 3568 3039 conculcanda.
3600 2987 3650 3040 ln

2080 3055 2263 3122 quinta
2315 3067 2442 3107 vero
2499 3051 2709 3108 sabbati
2756 3053 2956 3107 creavit
3010 3052 3150 3122 Deus
3210 3051 3389 3107 omnia
3445 3055 3650 3121 reptiha

2074 3121 2331 3193 aquarum
2357 3138 2374 3178 :
2402 3124 2524 3192 quia
2546 3122 2727 3193 quinta
2741 3122 2829 3178 die
2844 3122 3000 3193 dixit,
3021 3121 3319 3176 Produeant
3336 3138 3486 3192 aqua
3509 3141 3652 3180 omne

2075 3192 2258 3265 reptile
2282 3192 2575 3265 animarum
2590 3194 2881 3249 viventium.
2913 3192 3017 3249 Per
3042 3194 3252 3265 reptilia
3272 3203 3449 3249 autem
3472 3208 3646 3251 creata

2075 3263 2141 3318 in
2156 3264 2694 3334 aquissigniﬁcantur
2739 3278 2929 3318 omnes
2972 3278 3110 3334 aqua
3139 3264 3466 3332 baptismatis
3491 3280 3645 3333 rege-

2075 3335 2267 3390 nerati.
2298 3333 2536 3402 Quorum
2567 3336 2780 3402 quidem
2807 3334 2898 3388 alii
2925 3333 3084 3404 digne
3103 3335 3290 3389 vivunt
3320 3347 3637 3390 sacramento

2074 3405 2432 3472 baptismatis,
2464 3416 2518 3461 et
2545 3406 2598 3461 hi
2626 3406 2998 3476 designanturg
3023 3419 3119 3473 per
3154 3408 3351 3459 oleum.
3381 3406 3479 3459 Alii
3510 3420 3636 3462 vero

2074 3475 2294 3548 indigne
2352 3478 2538 3548 vivunt
2580 3474 2947 3548 sacramento
2985 3474 3360 3544 baptismatis;
3414 3476 3501 3545 qui
3551 3492 3645 3548 per

2074 3545 2349 3602 amurcam
2376 3547 2770 3618 intelliguntur.
2806 3547 2871 3601 Et
2898 3545 2951 3600 hi
2982 3548 3336 3618 communiter
3365 3556 3487 3601 sunt
3544 3545 3647 3602 Do-

2075 3618 2272 3672 minica
2323 3617 2685 3688 congregatio,
2736 3618 2820 3672 cui
2860 3617 3124 3686 prepheta
3174 3619 3436 3685 psalmum
3491 3618 3650 3674 istum

2075 3697 2255 3742 cantat
2306 3703 2402 3756 pro
2449 3688 2805 3743 torcularibus
2850 3688 3038 3756 quinta
3082 3688 3317 3758 sabbati,
3350 3688 3403 3742 id
3430 3698 3515 3744 est
3560 3704 3653 3757 pro

2073 3771 2329 3827 pressura
2358 3758 2679 3815 intendenda
2705 3767 2760 3814 et
2783 3758 3082 3829 appetenda
3105 3799 3120 3823 ,
3155 3758 3279 3829 quia
3320 3773 3548 3815 necesse
3573 3770 3658 3815 est

2075 3841 2264 3884 omnes
2292 3830 2379 3899 gui
2413 3830 2498 3899 pie
2514 3830 2896 3885 voluntvivere
2917 3827 3218 3895 inChristo,
3250 3829 3365 3899 pati
3392 3845 3654 3899 persecu-

2075 3898 2582 3954 tionem.’Pressura
2605 3900 2728 3956 dico
2751 3908 3040 3965 separante
3083 3914 3173 3954 res
3201 3898 3533 3969 signiﬁcatas
3565 3918 3657 3969 per

2076 3983 2165 4043 res
2194 3981 2404 4043 creatas
2428 3970 2480 4024 in
2509 3972 2697 4043 quinta
2716 3970 2943 4043 sabbati,
2977 3970 3080 4043 hoc
3109 3980 3190 4043 est
3218 3986 3314 4026 eos
3341 3971 3513 4040 ipsos,
3537 3973 3657 4043 qui-

2074 4038 2176 4094 bus
2206 4041 2307 4095 ista
2337 4038 2639 4096 cantari—tur.
2666 4041 2767 4106 Qui
2796 4041 2934 4095 enim
2961 4038 3119 4111 digne
3147 4042 3329 4096 vivunt
3349 4038 3659 4098 sacramen-

2076 4111 2570 4182 to_baptisrnatis,
2637 4126 2745 4166 non
2790 4111 3183 4182 subterlugiunt
3227 4111 3317 4168 hic
3370 4113 3656 4182 tribulari,

2075 4180 2200 4249 quia
2233 4194 2336 4235 non
2368 4184 2541 4237 solum
2576 4182 2885 4252 afﬂiguntur
2934 4180 3178 4249 interius,
3210 4197 3271 4237 se
3315 4184 3464 4250 ipsos
3492 4180 3661 4243 abne-

2077 4260 2288 4321 gantes,
2320 4253 2416 4307 sed
2459 4252 2618 4308 etiam
2672 4253 2811 4323 apud
2859 4268 3051 4320 aquam
3092 4253 3557 4319 contradictionis,
3606 4266 3660 4313 ut

2080 4322 2321 4396 psalmus
2350 4324 2498 4396 dicit,
2524 4323 2834 4396 probantur,
2864 4323 2913 4378 id
2933 4333 3034 4386 est,
3059 4325 3295 4379 exterius
3314 4325 3652 4396 afﬂiguntur.

472 4373 1026 4464 Εἷὲἑὸὶῖἇὲδρέάὶἡιιὶέ
1048 4373 1175 4445 ἀεὶ.
1210 4373 1329 4444 Fiat
1355 4373 1695 4464 manusrtua.
1720 4389 1970 4464 _inquam,
2002 4373 2055 4435 ι)
2082 4373 2340 4464 δ’ὡῖὲτῷ
2355 4373 2805 4464 usitatam
2818 4373 3659 4463 ἒεὲἑτξιίἕθῐιῖἶΒῖιὶιῖέιῖιέῗιῖξξῖῐιῖ

398 4478 565 4534 super
596 4466 767 4518 virum
798 4461 1033 4517 dexterae
1073 4470 1201 4534 tuae,
1232 4470 1286 4534 et
1313 4474 1474 4529 super
1504 4459 1696 4516 Filium
1720 4458 1972 4514 hominis.

396 4531 483 4591 Et
512 4538 583 4589 ita
610 4549 707 4604 nos
742 4534 832 4604 qui
878 4535 1024 4600 prius
1067 4531 1412 4604 discessimus
1440 4546 1468 4585 a
1498 4541 1573 4604 te,
1602 4544 1724 4604 cum
1767 4541 1819 4585 te
1860 4544 1980 4599 pro—

394 4616 519 4676 pter
557 4595 704 4660 aliud
733 4595 1076 4670 colebamus,
1104 4620 1208 4676 non
1238 4602 1464 4670 amplius
1489 4595 1798 4676 discedimus
1828 4595 1875 4653 α’
1897 4610 1975 4676 te,

394 4671 640 4731 colentes
676 4688 892 4745 propter
918 4683 1000 4740 te;
1028 4673 1153 4744 quia
1176 4682 1231 4728 tu
1258 4688 1357 4727 nos
1376 4671 1981 4745 mortiﬁcatosinterius

393 4748 453 4802 in
486 4738 743 4817 peccatis,
774 4738 1060 4814 iu'viﬁcabis
1080 4761 1192 4812 nos,
1226 4745 1279 4799 in
1310 4743 1678 4811 spiritualibus
1706 4742 1883 4817 donis.
1907 4738 1983 4817 Et

397 4812 523 4873 ideo
549 4818 802 4879 deinceps
833 4812 1017 4871 nomen
1046 4824 1210 4879 tuum
1243 4824 1466 4879 tantum,
1499 4823 1552 4868 et
1577 4828 1683 4868 non
1712 4812 1856 4866 aliud
1901 4812 1982 4865 in-

399 4890 711 4942 vocabimus.
742 4880 815 4942 Ut
865 4895 1043 4942 autem
1089 4888 1191 4941 hoc
1233 4886 1341 4951 ﬁat,
1395 4883 1616 4937 Domine
1644 4880 1787 4937 Deus
1814 4882 1981 4936 virtu-

401 4968 509 5013 tum
533 4972 825 5015 conversus
851 4959 1067 5025 ad'nos,
1094 4966 1326 5011 converte
1354 4955 1420 5009 ad
1444 4970 1558 5019 nos,
1588 4962 1693 5008 etc.

860 5094 928 5150 IN
967 5091 1289 5151 PSALMUM
1330 5088 1544 5147 LXXX.

400 5205 459 5262 In
490 5206 651 5264 ﬁnem
682 5219 783 5279 pro
819 5201 1440 5330 torcularilgungialmus
1466 5201 1565 5271 ipsi
1592 5198 1773 5268 Asaph
1801 5198 1984 5271 quinta

1110 5291 1137 5329 a
1214 5290 1239 5329 a
1270 5291 1307 5328 ι.

1110 5290 1283 5329 θοῠθιι
1294 5314 1307 5327 .

991 5382 1369 5425 ABGUIIENTUM.

476 5462 729 5519 Raditum
759 5462 935 5531 populi
968 5462 1035 5517 de
1056 5460 1328 5532 Babylone
1350 5456 1669 5532 praedicens,
1698 5468 1886 5511 omnes
1912 5456 1979 5532 ad

405 5536 693 5607 gratiarum
742 5527 1322 5607 pro'vocatuactiohem.
1354 5527 1664 5607 'l‘orc_ularia
1693 5538 1871 5607 autem
1917 5527 1983 5581 ti-

404 5599 517 5663 tulo
548 5604 898 5676 pratnotavit,
925 5604 1118 5676 quibus
1161 5603 1244 5658 vel
1277 5599 1379 5670 ipsi
1423 5599 1630 5676 alﬂicti,
1683 5599 1982 5676 nieorum

406 5668 754 5737 sunt'bostes
777 5668 968 5732 attriti.
997 5674 1169 5733 Aliter
1194 5668 1309 5733 vox
1324 5672 1690 5743 aposwlorum
1721 5669 1789 5726 ad
1839 5668 1974 5727 Peu-

2085 4462 2299 4532 quidem
2326 4462 2529 4519 malunt
2558 4464 2648 4520 hic
2673 4464 2925 4519 delectari
2968 4480 3129 4535 quam
3154 4462 3413 4521 tribulari.
3464 4467 3531 4520 Et
3558 4470 3661 4523 hoc

2084 4535 2246 4589 modo
2277 4549 2372 4603 per
2396 4549 2703 4603 pressuram
2732 4536 2785 4589 in
2821 4536 3066 4605 praesenti
3095 4546 3447 4603 separantur:
3478 4538 3532 4592 in
3576 4537 3661 4593 fu-

2086 4611 2207 4677 turo
2223 4619 2353 4659 vero
2356 4606 2579 4677 penitus
2592 4607 3001 4674 separabantur,
3018 4607 3232 4677 quando
3243 4606 3422 4662 oleum
3451 4608 3502 4662 in
3524 4623 3660 4677 apo-

2085 4675 2301 4730 thecam
2352 4676 2679 4732 Dominicam
2708 4675 3050 4745 eliquabitur,
3083 4691 3298 4731 amurca
3327 4693 3457 4732 vero
3497 4675 3657 4734 aster-

2086 4747 2280 4817 naliter
2299 4748 2657 4817 conculcanda
2690 4747 2954 4814 ejicietur.
2980 4748 3116 4803 Ecce
3141 4749 3317 4802 lumen
3349 4750 3540 4817 psalmi
3562 4765 3660 4804 au-

2085 4815 2335 4888 divitnus,
2364 4816 2645 4882 intremus,
2668 4817 2965 4881 audiamus,
2983 4818 3327 4888 gaudeamus,
3349 4815 3657 4885 iimeamus,

2086 4884 2373 4958 fugiamus,
2401 4898 2711 4958 appetamus
2735 4904 2748 4941 :
2777 4889 2901 4958 quia
2925 4884 3038 4944 hic
3066 4889 3121 4943 in
3144 4890 3349 4958 psalmo
3370 4884 3660 4946 inveniuné

2085 4965 2193 5039 tur.
2228 4958 2530 5028 Alloquitur
2556 4970 2734 5015 autem
2774 4959 3033 5029 propheta
3061 4960 3207 5029 prius
3246 4960 3443 5027 oleum,
3468 4961 3659 5017 dicens

2084 5037 2195 5083 ita:

2162 5097 2430 5155 Exsultate
2458 5098 2773 5174 DeoaQuasi
2794 5099 2973 5174 dicat:
3005 5099 3157 5174 Circa
3182 5115 3278 5159 vos
3298 5111 3423 5157 sunt
3443 5104 3535 5174 qui
3559 5119 3659 5160 ex-

2085 5170 2286 5244 sultant
2333 5171 2534 5244 mundo
2584 5172 2858 5243 deceptori
2906 5182 2961 5228 et
3003 5172 3264 5229 desertori
3292 5188 3407 5238 suo,
3436 5170 3657 5244 quidam

2085 5242 2245 5297 etiam
2274 5241 2448 5298 ventri
2496 5242 2599 5298 deo
2628 5241 2732 5299 suo
2754 5261 2767 5296 :
2812 5257 2911 5299 vos
2933 5253 3134 5310 autem,
3161 5258 3195 5298 ο
3236 5259 3361 5299 vere
3390 5241 3659 5303 dominica

2086 5317 2450 5382 congregatio,
2485 5316 2734 5369 exsultate
2778 5312 2911 5379 Deo,
2936 5314 2989 5367 id
3016 5322 3122 5380 est,
3151 5330 3271 5370 cum
3300 5315 3443 5369 omni
3471 5315 3655 5370 laetitia

2087 5384 2657 5459 aggratulaminiDcn,
2695 5401 2807 5459 non
2839 5384 3059 5459 mundo,
3091 5385 3223 5452 Deo,
3254 5385 3398 5459 dico,
3422 5388 3656 5459 adjutori

2088 5463 2282 5508 nostro.
2326 5454 2458 5509 Cum
2490 5456 2617 5509 dicit
2644 5456 2872 5524 adjutori
2904 5463 3107 5521 nostro,
3160 5470 3259 5510 nec
3290 5454 3528 5521 ingratiis
3572 5471 3657 5513 est

2088 5526 2293 5595 gratiae,
2342 5541 2439 5579 nec
2469 5526 2603 5579 tollit
2628 5526 2832 5580 arbitrii
2873 5526 3196 5581 libertatem.
3237 5525 3461 5581 Jubilate
3492 5528 3653 5583 etiam

2089 5596 2222 5661 Deo,
2255 5598 2344 5667 qui
2376 5610 2500 5652 vere
2529 5597 2668 5667 Deus
2690 5606 2773 5652 est
2802 5595 2985 5663 Iacob,
3010 5597 3273 5666 posterius
3314 5599 3443 5664 nati,
3469 5596 3522 5651 id
3548 5610 3651 5661 est.

2090 5666 2505 5739 populi’gratiae.
2534 5666 2697 5735 Quasi
2718 5668 2859 5726 dicat
2882 5686 2895 5724 :
2922 5668 3064 5740 quod
3095 5669 3339 5741 poteritis
3361 5668 3629 5739 explicare
