3984 6362
66 268 131 323 25

677 259 746 320 IN
783 260 1204 321 PSALMORUM
1241 260 1496 321 LIBRUM
1535 260 1893 321 EXEGESIS.
1932 291 2006 307 —
2042 262 2294 326 PSALII.
2334 264 2595 323 LXXXII.

3214 145 3315 166 κρυ.

3196 269 3303 330 926

66 400 78 436 I
129 378 268 443 suis,
306 377 478 433 factus
506 376 731 433 visibilis
762 377 815 431 in
845 379 1059 449 nostris.
1092 376 1246 432 Stetit
1272 378 1396 444 (pro
1419 376 1601 447 stabit)
1630 378 1685 439 Α
1710 377 2046 446 fundamenta
2070 388 2217 432 terra:
2237 377 2375 433 illius
2402 379 2749 449 movebuntur,
2774 379 2827 436 id
2851 388 2953 449 est,
2985 381 3297 442 auferemus

66 470 78 506 ι
124 451 439 521 Synagoga.
490 448 973 521 Synagogamideo
1000 450 1168 521 ponit,
1194 449 1325 521 quia
1360 448 1604 521 (legente

72 527 115 577 la
164 518 331 577 nauis
356 518 484 577 luit.
532 518 660 575 Inde
692 518 876 583 David,
906 519 973 573 de
999 519 1161 573 David
1189 520 1367 581 Maria,
1395 520 1462 573 de
1485 520 1607 573 Ma-

66 598 100 649 ia
154 608 292 647 vero
335 592 601 649 Christus.
653 591 716 644 Et
745 592 881 644 bene
909 590 1040 643 dicit
1069 591 1245 657 Stetit,
1277 592 1394 659 quia
1423 607 1603 656 pecca-

65 680 131 717 im
161 681 273 718 non
303 663 439 733 fecit,
471 679 562 717 nec
588 664 820 715 inventus
853 671 927 714 est
951 660 1100 715 dolus
1140 664 1192 715 in
1222 678 1306 715 ore
1337 663 1465 731 ejus.
1491 662 1605 717 Non

66 747 210 789 utem
263 737 444 803 (quasi
473 734 639 803 dicat)
670 733 840 787 otiose
867 733 1051 803 stabit,
1081 733 1201 797 quia
1239 734 1351 803 ipse
1376 741 1523 785 stans
1552 734 1608 787 in

66 806 217 867 tedio,
264 801 320 858 id
366 815 469 868 est,
509 807 562 859 in
606 801 812 867 aperto.
858 801 1014 857 Juxta
1059 804 1228 858 illud:
1270 802 1396 857 Post
1425 805 1531 857 hiec
1554 805 1607 858 in

66 878 175 931 trris
218 878 360 932 visus
401 886 491 941 est,
534 884 717 931 etcum
737 873 1023 928 hominibus
1045 886 1369 929 conversatus
1388 884 1478 928 est.
1514 875 1606 930 Vel

66 967 82 1002 ι
116 948 323 1013 medio,
351 947 402 1001 id
431 956 513 1004 est
542 949 591 1001 in
621 946 912 1009 communi,
944 946 1063 1013 quia
1094 948 1241 999 venit
1269 962 1372 1000 non
1404 955 1607 1000 tantum

72 1030 259 1086 ropter
308 1021 532 1073 salutem
579 1017 884 1073 Judaeomm
935 1018 1201 1085 (quamvis
1250 1016 1348 1085 ipsi
1400 1019 1500 1071 soli
1543 1018 1610 1072 de

70 1092 197 1143 ralia
220 1091 651 1158 prmsumerenl)
690 1089 784 1143 sed
814 1089 970 1142 etiam
1002 1094 1216 1153 propter
1247 1089 1479 1141 omnium
1507 1090 1611 1142 sal-

70 1162 509 1225 ationem.Deus,
542 1163 773 1229 inquam.
794 1172 893 1214 eus
922 1159 973 1211 in
996 1160 1158 1212 medio
1184 1159 1435 1225 diiudicat
1466 1163 1608 1224 deos,

66 1232 86 1285 J
113 1241 219 1295 est,
250 1233 509 1287 discernit
537 1228 659 1287 illus
689 1231 776 1295 qui
808 1246 865 1283 se
905 1228 1167 1283 faciebant
1188 1230 1338 1289 deos.
1370 1229 1502 1282 alios
1524 1247 1609 1284 as-

66 1303 322 1369 umendo,
377 1303 512 1357 alios
562 1301 889 1368 repellenda.
943 1301 1074 1367 Ipse.
1121 1302 1261 1366 dico,
1308 1300 1378 1354 ita
1425 1300 1610 1356 dicens

71 1374 147 1427 is:
183 1371 460 1445 Usquequo
500 1374 749 1445 judicatis
771 1372 1305 1445 iniquitatem?Quasi
1338 1372 1521 1445 dicat”:
1556 1373 1611 1427 Si

65 1444 321 1498 udicastis
369 1442 698 1511 iniquitatem
750 1457 919 1509 usque
968 1444 1067 1496 sub
1111 1445 1392 1497 adventum
1442 1442 1605 1509 illius,

66 1516 122 1581 iui
176 1516 272 1569 lux
331 1526 413 1570 est
453 1515 650 1579 cordis,
693 1529 757 1567 an
789 1514 959 1566 adhuc
986 1517 1145 1568 etiam
1172 1513 1514 1581 juilicabitis?
1551 1515 1615 1569 Et

65 1596 161 1639 tem
202 1604 216 1639 :
272 1586 399 1639 Dedi
424 1586 637 1657 legem,
666 1599 761 1639 vos
792 1586 982 1657 acriter
1018 1584 1305 1657 restitistis.
1333 1586 1524 1638 Servos
1548 1586 1614 1640 ad

66 1660 260 1711 tineam
316 1656 457 1721 misi,
499 1654 642 1710 'alios
669 1654 1005 1710 contumeliis
1030 1654 1306 1716 aﬂ‘ecistis,
1337 1658 1471 1708 alios
1500 1657 1606 1723 eje.

1713 448 1884 519 abfeis
1912 464 1939 500 a
1974 452 2209 505 romanis
2240 451 2585 519 principibus.

1782 518 1895 588 Ego
1932 521 2064 575 dixi.
2093 521 2221 575 Item
2246 518 2357 576 vox
2404 522 2615 577 Domini
2667 522 2789 578 illos
2817 524 3170 593 alloquentis.
3229 525 3295 584 Et

1709 590 1788 667 sic
1817 594 2159 667 continuatur
2187 609 2226 667 :_
2254 594 2411 667 Deiri,
2466 595 2702 663 inquam,
2755 598 2806 649 in
2837 590 3013 652 medio
3036 596 3299 667 dijudicat

1710 660 1864 723 deos,
1895 662 2185 735 dicenseis
2213 662 2283 717 ita
2316 682 2328 716 :
2365 663 2475 734 Ego
2497 660 2645 720 solus
2668 668 2733 720 ad
2759 668 2859 723 hoc
2890 660 3155 735 potens'et
3175 669 3293 724 ido-

1708 747 1842 809 neus
1872 734 1989 809 disi
2015 734 2165 788 vobis
2181 736 2301 803 quia
2332 736 2405 788 dii
2427 737 2566 809 estis,
2597 736 2649 791 id
2673 747 2772 803 est,
2798 739 2871 793 dii
2896 734 3123 804 potestis
3150 754 3293 809 esse,

1708 803 1753 857 si
1788 804 2022 875 l’eceritis
2048 820 2165 873 qua:
2202 820 2301 872 ego
2336 808 2639 874 praecipiam
2672 810 2839 864 vobis.
2896 803 3186 875 Etromnes,
3237 803 3298 868 ut

1712 874 1913 952 nullum
1945 876 2230 952 excipiam,
2266 879 2637 952 potestisesse
2662 880 2757 943 ﬁlii
2786 883 3003 949 excelsi,
3041 884 3136 938 lilii
3166 874 3291 952 qui-

1707 944 1829 1018 dem
1862 961 1952 1013 per
1981 946 2346 1013 adoptionem,
2380 958 2429 1002 et
2455 948 2526 1002 dii
2570 965 2664 1018 per
2684 954 2934 1017 gratiam.

1793 1016 1892 1068 Vos
1916 1026 2082 1069 autem
2123 1019 2251 1070 sicut
2300 1020 2525 1074 homines
2564 1016 2878 1087 .inoriemini,
2926 1032 2972 1078 et
3004 1027 3135 1078 sicut
3165 1039 3303 1079 unus

1710 1086 1775 1165 de
1801 1089 2114 1165 principibus
2135 1090 2347 1165 cadetis.
2377 1091 2538 1157 Quasi
2556 1092 2713 1165 dicat
2736 1111 2749 1147 :
2812 1086 2923 1161 Ego
2943 1094 3155 1165 quidem
3188 1108 3303 1153 etn-

1714 1158 1865 1212 lcstia
1917 1159 2066 1232 vobis
2118 1161 2356 1232 promisi,
2407 1171 2459 1215 et
2504 1162 2568 1216 ad
2611 1176 2818 1219 summa
2849 1158 3177 1232 vos'vocavi,
3204 1181 3301 1222 vos

1710 1240 1887 1304 autem
1933 1230 1995 1304 in
2017 1231 2197 1304 intima
2253 1230 2604 1297 descenditis,
2658 1237 2778 1304 quia
2822 1236 2875 1291 in
2924 1253 3012 1291 vos
3062 1230 3300 1293 minores

1712 1301 2074 1378 morieminiin
2104 1303 2279 1355 anima
2314 1318 2415 1378 per
2452 1301 2823 1373 deceptionem
2856 1308 3134 1378 majorum.
3166 1309 3300 1363 sicut

1713 1372 1961 1451 nomines,
2014 1372 2063 1425 id
2109 1381 2212 1451 est,
2267 1374 2417 1434 primi
2470 1372 2732 1451 parentes,
2792 1394 2886 1447 per
2918 1372 3305 1451 deceptionem

1713 1441 2135 1519 diabolimortui
2168 1444 2293 1519 sint,
2343 1454 2391 1498 et
2433 1441 2527 1501 vos
2570 1441 2807 1519 majores
2830 1449 3023 1504 cadetis
3061 1441 3167 1519 per
3198 1449 3307 1519 pri-

1716 1528 1866 1589 mam
1880 1514 2194 1589 elationem,
2228 1518 2359 1589 sicut
2386 1532 2521 1589 unus
2551 1518 2614 1569 de
2640 1520 2977 1589 principibus,
3010 1520 3060 1574 id
3076 1514 3297 1585 —est,'de

1717 1586 1919 1653 angelis
1962 1588 2050 1661 qui
2093 1585 2359 1661 principes
2409 1585 2685 1661 hominum
2730 1585 2875 1657 sunt,
2925 1606 3058 1661 quos
3090 1598 3299 1661 regunt,

1721 1669 1814 1722 per
1849 1660 2118 1723 propriam
2150 1658 2439 1711 elationem
2472 1660 2683 1726 cecidit,
2733 1676 2853 1715 cum
2882 1658 3047 1714 disit:
3106 1660 3308 1715 Ponam

66 1728 185 1780 istis
230 1739 285 1782 et
335 1727 625 1783 occidistis.
670 1726 916 1798 Nunquid
942 1727 1103 1781 etiam
1138 1727 1499 1798 litereditatem
1527 1742 1617 1781 oc-
1648 1735 1697 1798 Β
1721 1726 1894 1798 sedem
1924 1743 2089 1798 meum
2116 1727 2184 1779 ad
2212 1730 2533 1793 Aquilonem,
2579 1741 2622 1783 et
2652 1747 2738 1785 ero
2778 1733 2959 1786 similis
2991 1734 3273 1786 Altissimo.

66 1799 266 1851 :idetis?
318 1798 428 1853 Hoc
476 1798 609 1853 dixit
666 1797 990 1866 majoribus:
1027 1798 1130 1851 Vos
1175 1797 1393 1861 subditi,
1428 1812 1621 1865 usque-

65 1884 141 1928 iuo
175 1869 426 1935 tacendo,
457 1885 565 1924 non
604 1868 903 1923 resistendo
934 1870 1087 1935 facies
1111 1877 1433 1934 peccatoium
1462 1870 1622 1921 sumi-

66 1942 151 1992 is?
211 1940 260 1993 id
311 1950 415 2006 est,
467 1941 624 1994 vultis
668 1939 861 1993 imitari
893 1939 1140 2005 praalatns
1173 1938 1292 1991 illos
1317 1949 1625 2006 peccatores

66 2011 191 2063 ἐιιιι
224 2010 581 2065 innocentes?
636 2010 733 2077 Qui
787 2009 928 2064 enim
978 2010 1091 2063 vult
1136 2010 1291 2063 alicui
1318 2010 1623 2078 assimilari,

65 2082 199 2151 [nasi
255 2081 444 2136 faciem
499 2081 638 2135 illius
686 2080 907 2134 induere
950 2082 1169 2147 quierit;
1226 2080 1345 2151 ideo
1376 2082 1473 2133 hoc
1501 2082 1630 2136 dicit

66 2150 214 2217 ilvbi,
263 2153 383 2221 quia
440 2154 489 2206 in
520 2153 806 2222 Evangelia
833 2151 1025 2205 dicitur
1047 2152 1185 2219 quod
1212 2150 1445 2220 majores
1478 2162 1629 2206 tene-

71 2236 175 2275 iant
214 2224 437 2291 plebem.
477 2224 625 2279 Unde
652 2231 861 2277 constat
887 2223 1009 2290 quia
1048 2224 1195 2287 plebs
1228 2230 1452 2275 mortem
1479 2224 1632 2276 Chri-

65 2295 111 2345 sti
146 2304 334 2360 posset
386 2294 689 2363 prohibere.
736 2294 803 2347 Et
851 2292 1092 2362 quisquis
1146 2292 1287 2362 quod
1346 2294 1632 2360 prohibere

66 2376 235 2435 ioleSl
262 2380 365 2419 non
397 2365 662 2435 prohibet,
696 2379 823 2418 vere
853 2378 1172 2435 consensum
1198 2364 1418 2432 prmhet.

110 2434 353 2489 Judirate
377 2433 531 2505 egeno
558 2446 604 2489 et
628 2435 845 2506 pupillo.
885 2434 1011 2497 Vos,
1047 2433 1299 2503 majores,
1334 2450 1437 2489 non
1468 2434 1633 2491 debe-

69 2507 110 2557 is
144 2507 480 2575 iniquitatem
511 2520 697 2562 contra
727 2506 997 2560 Christum
1019 2506 1278 2573 judicare,
1314 2520 1486 2573 neque
1510 2521 1628 2573 vos,

66 2578 304 2640 ninores,
328 2579 651 2642 consentire,
675 2580 797 2647 quia
826 2591 1001 2631 nonne
1032 2578 1144 2640 ipse
1168 2593 1261 2643 pro
1292 2576 1444 2631 nobis
1464 2579 1635 2631 esuri-

66 2650 138 2709 rit,
180 2664 276 2717 pro
297 2651 450 2704 nobis
472 2648 635 2703 si'tivit
667 2649 809 2703 velut
836 2649 1068 2719 egenus?
1094 2657 1147 2701 et
1169 2648 1255 2713 qui
1281 2648 1330 2701 in
1359 2647 1496 2702 etelo
1520 2656 1636 2703 erat

65 2719 167 2773 sine
196 2733 385 2787 matre,
410 2734 712 2793 nonnepro
743 2719 897 2793 nobis
927 2720 979 2793 in
1011 2728 1152 2793 terra
1183 2719 1344 2793 voluit
1371 2736 1490 2793 esse
1518 2721 1636 2776 sine

66 2803 206 2845 intre
236 2799 289 2845 ut
312 2792 573 2860 pupillus?
596 2792 660 2845 Et
682 2789 858 2845 nonne
877 2789 943 2844 ad
969 2804 1061 2844 vos
1082 2790 1329 2844 clamavit
1357 2801 1409 2845 et
1438 2792 1637 2845 clama-

68 2863 121 2913 iit
152 2880 166 2912 :
200 2861 386 2915 Discite
412 2879 442 2912 a
485 2879 562 2915 me
602 2863 721 2929 quia
745 2864 881 2916 mitis
911 2877 1021 2914 sum
1052 2872 1097 2916 et
1126 2862 1331 2915 humilis
1353 2864 1543 2916 corde?
1582 2872 1639 2917 et

66 2948 231 2985 ionne
258 2932 527 2999 qui'dives
557 2943 671 2987 erat
702 2934 753 2986 in
785 2949 843 2987 se
887 2947 1084 3001 pauper
1115 2933 1286 2987 factus
1317 2943 1419 2998 est,
1452 2943 1510 2986 ut
1539 2948 1637 2989 nos

66 3018 141 3055 tua
180 3013 485 3073 paupertate
532 3004 773 3059 ditaret?
815 3002 1053 3058 Judicate
1081 3018 1208 3073 ergo
1237 3018 1351 3070 vos,
1388 3003 1636 3075 majores,

1803 1797 1991 1871 surge,
2026 1796 2180 1871 Deus.
2217 1799 2350 1852 Ecce
2378 1801 2609 1867 loquitur
2635 1803 2811 1869 Asaph
2844 1804 2894 1857 in
2926 1817 3157 1871 persona
3184 1818 3308 1858 sua.

1727 1866 1890 1935 Quasi
1941 1868 2120 1921 dicat:
2156 1868 2257 1935 Ipsi
2289 1866 2501 1937 quidem
2547 1866 2757 1925 malunt
2788 1866 3016 1938 deprimi
3061 1873 3127 1927 ad
3180 1875 3314 1937 ima,

1728 1954 1889 2008 quant
1922 1939 2099 2013 vocari
2129 1940 2193 1991 ad
2225 1953 2471 1993 summa:
2508 1951 2562 1994 tu
2592 1955 2795 2007 autem,
2830 1944 2992 2008 Deus,
3045 1947 3126 1997 lac
3166 1942 3311 2013 quod

1735 2020 1882 2085 tuum
1914 2019 2019 2063 est.
2053 2008 2278 2074 Morere,
2302 2013 2508 2065 scilicet
2541 2013 2690 2085 inter
2720 2029 2906 2068 manus
2952 2013 3148 2085 injuste
3168 2008 3313 2084 Ῑιιιιί-

1728 2080 2011 2153 ε.ηιιὶυῐη;
2057 2091 2112 2134 ει
2151 2095 2381 2153 exsurge
2420 2092 2483 2153 ut
2541 2083 2676 2137 Deus
2714 2087 2778 2137 ad
2807 2080 3314 2153 judicatidnm.’Mo-

1730 2166 1853 2225 rere
1893 2152 2104 2218 quidem
2136 2151 2565 2225 exinl‘trtnitate,
2599 2165 2651 2207 et
2691 2151 2849 2225 surge
2896 2156 2946 2209 iti
2992 2156 3209 2221 virtute,
3260 2165 3316 2209 et

1727 2220 1909 2291 jndica
1953 2231 2168 2286 terram,
2219 2222 2267 2275 id
2321 2233 2424 2285 est,
2472 2224 2662 2277 damna
2719 2220 2838 2280 illos
2880 2235 3147 2289 terrenos,
3208 2240 3312 2279 non

1734 2301 1937 2345 tantunt
1970 2294 2203 2347 exterius
2229 2292 2559 2359 tlissipando,
2590 2296 2681 2349 sed
2709 2298 2930 2351 interius
2968 2296 3307 2352 esciecaiido.

1735 2364 1975 2435 Etivere
1998 2363 2068 2416 ita
2109 2362 2287 2435 iacies,
2320 2366 2532 2432 quando
2563 2377 2641 2431 tu,
2672 2368 2773 2422 illis
2804 2368 3060 2435 repulsis,
3089 2366 3314 2422 haeredi-

1736 2433 1895 2519 tabis,
1928 2433 2086 2519 idnest
2115 2434 2479 2519 haareditatem
2507 2438 2777 2519 obtinebis
2818 2433 3149 2519 immunibus
3179 2452 3313 2519 gen-

1736 2505 1897 2579 tibus.
1938 2502 2044 2579 _E:c
2103 2515 2245 2579 parte
2298 2507 2434 2579 enim
2502 2510 2703 2579 cwcitas
2761 2511 2814 2563 in
2862 2508 3026 2563 Israel
3069 2502 3313 2579 contigit,

1736 2586 1789 2630 ut
1815 2575 2075 2652 plenitudo
2100 2577 2328 2646 gentium
2356 2578 2590 2652 intraret.
2618 2578 2712 2633 Vel
2735 2581 2887 2636 aliter
2916 2599 2930 2634 :
2963 2580 3129 2652 Surge
3152 2575 3316 2648 Déus,

1736 2654 1791 2702 et
1807 2658 1993 2701 terram
2009 2647 2149 2701 illam
2164 2663 2283 2717 quae
2301 2650 2493 2702 tumuit
2514 2660 2698 2704 contra
2717 2660 2791 2715 te,
2806 2668 2925 2706 cum
2945 2660 2997 2706 te
3015 2647 3316 2715 damnaret,

1737 2732 1859 2791 cum
1889 2719 2242 2791 cruciﬁgeret,
2265 2720 2472 2790 judico,
2502 2722 2551 2774 id
2592 2730 2693 2784 est,
2726 2722 2943 2777 humilia
2974 2723 3027 2776 in
3054 2731 3230 2791 parte,
3257 2728 3317 2776 ut

1738 2789 1827 2863 qui
1870 2789 2019 2858 prius
2060 2789 2234 2863 voluit
2269 2789 2603 2859 praecedere,
2645 2803 2918 2863 sequatur.
2971 2792 3038 2847 Et
3059 2789 3201 2847 ’νει-ε
3242 2792 3316 2847 ita

1738 2860 2159 2931 erit,_quoniam
2215 2869 2270 2914 tu
2323 2876 2417 2928 per
2467 2863 2588 2917 illos
2638 2860 2945 2918 humiliatos
3008 2878 3101 2931 per
3149 2873 3318 2917 totum

1741 2929 1997 2984 mundum
2052 2932 2118 2985 ad
2167 2933 2563 3001 praedicandum
2614 2947 2831 2995 Sparsos
2876 2929 3217 2991 increditabis
3260 2933 3318 2989 in

1740 3002 1987 3056 omnibus
2016 3002 2283 3069 gentibus.
2306 3001 2372 3055 In
2392 3019 2591 3057 omnem
2610 3008 2748 3059 enim
2774 3016 2962 3059 terram
2986 3007 3138 3061 exiuit
3161 3019 3317 3061 sonus

66 3090 209 3140 rqeiio
253 3072 295 3127 et
314 3147 323 3156 _
344 3075 647 3167 pupillo,”it1
690 3086 809 3167 csth
837 3076 903 3129 ad
955 3072 1210 3167 honorem
1242 3075 1380 3167 illitis
1422 3072 1634 3167 propter
1663 3099 1713 3167 ρ
1741 3088 1937 3140 eorum,
1962 3083 2009 3127 et
2034 3074 2087 3127 in
2107 3072 2235 3141 ﬁnes
2257 3075 2392 3128 orbis
2415 3086 2561 3129 terra:
2581 3080 2728 3129 verba
2758 3091 2957 3132 eorum.

66 3161 144 3198 ros
174 3147 325 3213 egeni
358 3155 412 3199 et
434 3147 645 3215 pupilli,
676 3155 729 3201 et
759 3146 907 3200 illum
934 3158 1149 3215 propter
1173 3146 1414 3200 humilem
1435 3156 1480 3200 et
1506 3164 1637 3217 pau-

66 3232 225 3288 ierem
243 3218 545 3288 justiﬁcate,
582 3219 632 3272 id
663 3226 766 3285 est,
795 3217 996 3286 justum
1025 3216 1250 3284 credite,
1275 3220 1473 3285 justum
1503 3216 1637 3286 pra:-

66 3286 255 3341 licate.
284 3287 396 3343 Non
427 3303 520 3342 vos
554 3288 699 3357 ipsos
738 3300 955 3358 propter
1001 3302 1095 3343 vos
1143 3300 1343 3344 tantum
1371 3288 1562 3345 divites
1585 3297 1641 3347 et

66 3360 331 3425 .uperbos,
365 3360 488 3423 hoc,
523 3361 759 3429 inquam,
791 3360 968 3426 tacite,
1001 3360 1250 3428 majores,
1298 3374 1392 3414 vos
1440 3370 1638 3428 autem,

66 3432 315 3495 ninures,
343 3431 522 3501 eripite
550 3430 792 3499 quatdatn
822 3432 874 3485 in
905 3432 1050 3485 illum
1085 3441 1300 3500 pr0pter
1327 3446 1424 3485 vos
1449 3448 1641 3501 paupe-

66 3516 179 3561 'em,
215 3512 258 3556 et
306 3503 514 3556 liberate
561 3502 707 3555 illum
752 3511 965 3570 propter
1009 3518 1100 3554 vos
1128 3518 1336 3571 egenum
1382 3502 1444 3556 de
1485 3518 1643 3559 manu

66 3572 333 3626 icccatoris
385 3573 659 3642 principis.
710 3573 991 3627 'l‘iniebant
1032 3572 1172 3625 enini
1213 3573 1444 3640 plebem,
1478 3583 1534 3628 ut
1562 3575 1641 3630 di-

66 3656 201 3696 :tum
230 3653 329 3699 est.
359 3644 426 3698 Et
456 3644 533 3697 sic
558 3644 690 3698 adeo
727 3643 1174 3711 reprehendendi,
1220 3646 1307 3710 qui
1339 3645 1559 3699 taeendo
1588 3656 1644 3702 et

66 3730 164 3766 ‘tou
198 3715 493 3771 resistendo
513 3724 919 3781 consenserunt,
943 3715 1084 3784 quod
1112 3716 1203 3769 lict
1229 3716 1331 3769 illis
1354 3716 1443 3785 qui
1467 3717 1641 3786 ipsum

72 3789 211 3839 tetas
234 3796 685 3855 perpetraverunt.

132 3856 435 3929 Nescierunt
488 3874 646 3927 neque
691 3858 1067 3912 intellexerunt.
1131 3858 1240 3911 Vox
1292 3866 1375 3929 est
1406 3880 1409 3881 ν
1437 3859 1638 3929 Asaph.

66 3927 221 3992 Quasi
246 3930 383 3982 dicat
414 3949 425 3981 :
463 3929 716 3983 Dominus
745 3930 957 3998 quidem
1005 3929 1107 3984 illis
1150 3939 1205 3983 et
1252 3927 1561 3997 majoribus
1589 3940 1645 3988 et

74 4000 356 4052 minoribus
400 4001 470 4055 ita
520 4001 729 4055 locutus
776 4009 876 4063 est,
926 4016 1030 4054 non
1074 4011 1250 4055 autetn
1295 4004 1436 4068 cepit
1465 4016 1644 4058 sermo

66 4072 177 4136 ejus
211 4071 260 4123 in
301 4071 399 4136 eis,
427 4070 548 4140 quia
600 4072 698 4140 ipsi
748 4074 1053 4137 nescierunt,
1099 4073 1151 4125 id
1195 4081 1297 4135 εει,
1346 4072 1645 4129 nescientes

66 4140 293 4195 ‘nernnt.
345 4140 408 4197 Si
452 4144 583 4196 enim
630 4145 1015 4211 cognovissent,
1068 4158 1321 4211 nunquam
1374 4142 1646 4200 Dominum

66 4213 241 4275 gloria:
267 4214 655 4281 cruciﬁxisscnt.
691 4212 870 4280 Neque
897 4214 1274 4279 intellexerunt,
1311 4212 1361 4268 id
1394 4224 1496 4280 est,
1539 4232 1645 4271 non

74 4283 419 4357 ntelligenter
447 4285 499 4339 in
525 4299 686 4353 opera
718 4285 833 4357 ejus
880 4287 1106 4350 ivernnt,
1138 4290 1259 4355 quia
1301 4286 1345 4340 si
1389 4285 1647 4357 intellige-

66 4366 207 4419 't‘lll,
236 4371 334 4408 non
369 4356 652 4415 Barrtibatn
686 4356 899 4410 liberari
929 4370 1191 4425 peterent,
1221 4357 1489 4412 Christum
1521 4356 1647 4414 vero

66 4425 316 4495 :ruciﬁgi.
351 4427 416 4481 Et
456 4427 575 4481 ideo
606 4441 712 4481 non
764 4428 1160 4493 intellexerunt,
1206 4426 1327 4495 quia
1372 4430 1647 4484 ambulant

76 4515 115 4551 η
167 4499 422 4563 tenebris,
457 4497 509 4552 id
558 4508 660 4563 est,
690 4496 811 4567 quia
855 4500 1190 4553 delectantur
1240 4498 1293 4552 in
1344 4500 1461 4553 loco
1509 4511 1562 4554 ει
1592 4500 1646 4555 in

65 4580 221 4637 gente
246 4577 297 4623 et
322 4571 372 4622 in
403 4569 521 4624 aliis
550 4572 795 4637 terrenis,
825 4586 943 4637 qua;
970 4580 1094 4623 sunt
1123 4584 1278 4624 causa
1310 4585 1471 4637 quare
1499 4580 1646 4626 tene-

66 4642 232 4704 Jl'l)Sl,
254 4640 303 4693 id
326 4650 426 4706 est,
455 4641 753 4696 nescientes
783 4642 909 4696 sint.
941 4641 1077 4705 Non,
1106 4642 1342 4709 inquam,
1374 4641 1648 4697 intellexe-

66 4721 205 4775 'unl,
240 4712 330 4765 sed
363 4720 537 4767 tamen
570 4711 871 4783 intelligere
901 4722 1206 4780 potuerunt,
1238 4714 1358 4777 quia
1391 4723 1496 4765 tam
1536 4728 1647 4769 ma-

69 4784 257 4835 iifesta
304 4784 454 4850 signa
503 4785 555 4839 in
609 4784 726 4853 ejus
769 4786 1015 4854 passione
1059 4784 1180 4838 data
1226 4794 1368 4854 sunt,
1396 4799 1488 4849 per
1527 4801 1646 4851 qua:

66 4854 186 4907 tatis
219 4856 383 4922 patuit
414 4856 583 4923 ipsum
625 4870 747 4911 esse
775 4853 985 4910 Deum.
1026 4855 1177 4922 Quod
1224 4853 1342 4923 quia
1384 4870 1503 4909 cum
1534 4856 1647 4913 haec

66 4925 365 4979 licetenlur
412 4927 646 4981 l'uturum
694 4935 829 4991 erat,
881 4927 1114 4983 futurum
1163 4942 1372 4996 quoque
1410 4931 1648 4984 enuntiat

66 4997 243 5050 licens
273 5016 283 5050 :
322 4998 506 5052 Omnia
527 4996 859 5066 fundamenta
879 5010 1026 5053 terra:
1048 4998 1394 5053 movebuntur.
1422 5000 1645 5064 Quando

66 5070 202 5120 tltllll
237 5079 344 5123 tota
377 5080 515 5122 terra
550 5086 642 5137 per
666 5080 822 5125 terrae
862 5080 1063 5125 motum
1092 5084 1349 5125 concussa
1374 5080 1473 5136 est,
1519 5081 1646 5127 tunc

66 5142 219 5192 :tiam
267 5137 613 5194 fundamenta
636 5142 752 5211 ejus
793 5151 933 5196 mota
981 5151 1122 5196 sunt.
1160 5141 1253 5195 Vel
1304 5142 1456 5195 aliter
1493 5161 1503 5193 :
1540 5144 1644 5209 Ipsi

65 5212 275 5279 μιὶιιειη
306 5228 410 5265 non
447 5212 757 5281 intelligent,
792 5213 886 5268 sed
915 5222 1089 5267 tamen
1119 5220 1360 5279 possunt,
1393 5214 1515 5280 quia
1553 5215 1641 5268 alii

81 5281 381 5354 i-motiores
423 5282 525 5338 hoc
569 5283 885 5354 intelligent.
932 5283 1062 5338 Nam
1110 5285 1280 5335 omnia
1312 5284 1645 5349 fundamenta

66 5371 230 5419 eme,
262 5353 315 5408 id
340 5364 443 5420 est,
474 5357 654 5410 omnia
686 5353 827 5411 eain
857 5356 1049 5425 quibus
1088 5356 1284 5425 terreni
1332 5354 1639 5421 fundantur,

66 5437 104 5479 it
134 5425 448 5494 dignitates,
481 5427 702 5495 ὼνίιίεε,
737 5424 1029 5494 potestates
1059 5437 1114 5481 et
1134 5424 1347 5491 similia,
1374 5428 1643 5480 movebun-

66 5515 158 5561 κν,
192 5498 246 5551 id
276 5509 379 5562 est,
410 5514 437 5550 a
473 5499 655 5554 multis
700 5508 1130 5553 contemnemur.
1164 5497 1451 5550 Praedicata
1498 5499 1641 5550 enim

66 5584 189 5621 iuva
231 5568 337 5621 vita
369 5580 422 5623 et
453 5571 848 5625 ri-snrreCtione
875 5572 1034 5622 etiam
1066 5578 1368 5634 contempla
1410 5579 1491 5622 est
1524 5567 1643 5621 feli-

78 5644 91 5694 Ξ
123 5657 187 5694 as
215 5652 452 5695 terrena.
490 5642 580 5696 Vel
612 5643 763 5697 aliter
804 5658 818 5697 :
869 5640 981 5708 Ipsi
1026 5641 1287 5692 ambulant
1322 5640 1371 5691 in
1401 5640 1637 5707 tenebris,

84 5730 173 5767 uia
226 5716 433 5767 malunt
466 5714 691 5783 perdere
741 5713 1097 5767 innocentiam
1146 5728 1301 5778 quam
1332 5722 1541 5783 gentem
1590 5720 1645 5767 et

66 5786 308 5843 auiam.
352 5782 477 5845 Sed
501 5796 679 5844 tamen
726 5785 859 5845 nihil
899 5786 977 5843 eis
1025 5783 1279 5855 proderit,
1319 5782 1443 5855 quia
1470 5783 1646 5845 omnia

2162 3165 2227 3219 IN
2269 3164 2591 3221 PSALMUM
2632 3166 2894 3222 LXXXII.

2168 3253 2443 3311 Canticum
2476 3256 2665 3326 psalmi
2695 3256 2900 3328 Asaph.

2342 3363 2720 3406 ABGUMENI'UII.

1813 3440 2010 3495 Contra
2035 3441 2268 3511 gentium
2303 3442 2581 3509 perﬁdiam
2610 3444 2946 3509 deprecatur,
2969 3458 3086 3511 quis
3114 3442 3325 3500 Macha-

1743 3511 1978 3567 htcorutn
2002 3513 2223 3580 gloriam
2245 3513 2561 3579 invidentes,
2585 3516 2833 3583 religiose
2855 3525 3026 3584 ccepta
3046 3515 3325 3571 destruere

1742 3598 1865 3638 cum
1895 3584 2056 3637 totius
2079 3584 2256 3652 populi
2283 3584 2500 3638 interitu
2522 3589 2876 3640 conabantur.
2905 3589 3072 3641 Aliter
3090 3602 3192 3641 vox
3217 3586 3326 3641 Ec-

1743 3655 1924 3711 clesia:
1952 3654 2017 3709 ad
2046 3653 2328 3710 Dominum
2357 3655 2425 3710 de
2454 3656 2674 3723 Judzeis,
2695 3657 2836 3714 etde
2856 3658 2997 3713 vitiis
3028 3659 3325 3714 hominum.

2367 3763 2719 3804 ΕιΡιΑΝΑτιο.

1819 3837 2088 3893 Canticum
2116 3839 2300 3908 psalmi
2322 3850 2414 3901 est,
2449 3857 2565 3895 cum
2594 3856 2790 3912 organo
2823 3844 3129 3912 praecinente
3156 3842 3328 3895 subse-

1746 3922 1955 3982 quentes
1995 3920 2041 3964 et
2081 3912 2267 3965 (urnula
2297 3928 2490 3981 organo
2538 3929 2636 3967 uox
2685 3915 2788 3967 oris
2829 3914 3065 3977 auditur,
3098 3913 3326 3967 canentis

1746 3984 1926 4037 modos
1968 3982 2197 4049 psalterii
2247 3984 2469 4037 modulis
2508 3984 2710 4037 imitata
2740 3985 2993 4051 vociferis.
3033 3984 3167 4046 Quia
3210 3998 3328 4037 vero

1748 4054 2004 4107 canticum
2053 4056 2262 4123 mystice
2307 4054 2493 4107 divina:
2532 4056 2795 4120 sapientiic
2825 4053 3320 4121 contemplationem,

1748 4128 1978 4191 psalmus
2020 4137 2191 4178 autem
2231 4125 2320 4193 qui
2363 4124 2592 4177 manibus
2623 4125 2704 4191 ﬁt,
2748 4125 2915 4187 operis
2962 4124 3326 4193 perlectionem

1750 4194 2104 4249 demonstrat:
2134 4196 2390 4247 canticum
2419 4195 2602 4262 psalmi
2632 4197 2810 4247 merito
2835 4207 3063 4259 vocatur,
3095 4210 3210 4247 cum
3236 4195 3325 4249 bo-

1753 4281 1935 4320 norum
1960 4281 2181 4335 operum
2208 4265 2505 4335 e/ﬁcientiir,
2532 4266 2743 4319 scientia
2775 4276 2820 4318 et
2849 4267 3079 4319 doctrina
3105 4266 3324 4334 conjun-

1753 4340 1915 4407 gitur.
1939 4334 2102 4389 Juxta
2144 4337 2198 4388 id
2243 4337 2378 4404 quod
2424 4335 2615 4407 dictum
2642 4346 2757 4390 est:
2788 4336 3101 4391 Desiderain
3123 4338 3329 4407 sapien-

1751 4406 1899 4471 tiam,
1929 4422 2070 4479 serva
2101 4408 2362 4479 mandata,
2395 4406 2611 4479 etDeus
2632 4408 2817 4473 prtebet
2844 4407 2990 4462 illam
3019 4408 3127 4462 tibi.
3158 4406 3323 4479 Cujus

1676 4474 1729 4535 D
1752 4479 1827 4533 rei
1856 4477 2141 4547 exemplum
2164 4478 2218 4531 in
2261 4476 2563 4531 Centurione
2583 4478 2820 4533 Cornelio
2861 4480 3076 4547 miriﬁce
3113 4474 3320 4534 claruit.

1754 4549 1889 4616 Quid
1920 4564 2033 4601 vero
2066 4548 2289 4616 psalmus
2314 4548 2497 4601 cantici
2532 4549 2614 4609 sit,
2646 4551 2828 4619 quidve
2846 4551 3115 4618 signiﬁcet,
3157 4552 3206 4603 in
3231 4565 3328 4619 un-

1750 4621 2067 4675 detricesimo
2108 4620 2306 4691 psalmo
2326 4622 2437 4688 jam
2474 4618 2665 4673 dictum
2708 4631 2803 4676 est.
2835 4621 3011 4688 Αωρὴ
3042 4622 3130 4691 qui
3162 4618 3328 4675 multa

1738 4693 1853 4762 jam
1882 4689 2114 4760 superius
2137 4691 2197 4744 de
2224 4689 2431 4762 Domini
2450 4690 2805 4746 incarnatione
2826 4689 3158 4761 prcedixerat,
3188 4707 3324 4743 nunc

1747 4764 1801 4816 in
1830 4766 1993 4829 primo
2018 4764 2238 4815 membro
2268 4761 2329 4814 dc
2354 4764 2573 4834 adventu
2593 4765 2705 4834 ejus
2734 4765 2951 4816 secundo
2979 4762 3204 4834 dicturus
3228 4772 3323 4825 est,

1747 4844 2005 4901 expetens,
2034 4843 2088 4886 ut
2114 4833 2366 4900 quomodo
2406 4833 2456 4885 in
2503 4834 2603 4899 ﬁne
2644 4835 2817 4888 steculi
2855 4833 3051 4887 inimici
3076 4836 3189 4900 ejus
3236 4848 3327 4899 per

1748 4907 2117 4960 Antichristum
2164 4906 2314 4957 nimis
2363 4905 2589 4974 erigendi
2636 4914 2774 4968 sunt,
2807 4906 2968 4974 ipsius
3010 4906 3111 4958 cito
3148 4902 3327 4958 debeat

1745 4979 1905 5031 veniri
1943 4978 2217 5042 iudicium,
2244 4992 2307 5030 ne
2347 4973 2634 5045 grauissimi
2660 4975 2822 5029 hostis
2851 4978 3096 5028 diuturna
3127 4973 3329 5029 licentia

1746 5058 1974 5101 cunctam
2015 5056 2214 5101 vastare
2262 5044 2419 5114 possit
2466 5046 2767 5100 Ecclesiam.
2810 5048 3051 5101 Secundo
3100 5044 3323 5101 membro

1744 5120 1797 5173 in
1841 5136 1924 5173 eos
1972 5120 2057 5184 qui
2102 5134 2190 5187 per
2228 5118 2590 5171 similitudines
2624 5118 2874 5185 quasdam
2903 5120 3166 5172 nominum
3196 5132 3324 5185 sup-

1746 5190 1921 5258 plicat,
1954 5190 2201 5244 vindicari
2247 5188 2578 5257 correptionis
2623 5198 2758 5255 voto,
2792 5206 2893 5245 non
2941 5187 3319 5244 maledictionis

1745 5263 2002 5316 instinctu.

2316 5345 2749 5386 COIIIENTARIUS.

1819 5422 1974 5487 Deus,
2004 5423 2115 5494 quis
2154 5421 2332 5494 similis
2361 5424 2454 5474 erit
2480 5420 2614 5494 tibi?
2644 5438 2707 5477 ne
2755 5434 2942 5489 taceas,
2985 5438 3141 5494 neque
3186 5438 3329 5477 com-

1745 5512 1988 5565 pescaris,
2018 5492 2201 5565 Deus.
2246 5492 2531 5555 Canticum,
2570 5493 2621 5548 id
2668 5503 2770 5562 est,
2817 5496 2929 5548 haec
2972 5492 3323 5565 aggratulatio

1743 5564 1824 5621 est
1871 5566 2084 5635 psalmi,
2140 5564 2202 5636 id,
2245 5574 2344 5625 est,
2395 5565 2563 5618 laudis
2617 5566 2811 5636 Asaph,
2845 5567 2964 5633 quia
3012 5564 3200 5636 ’Asaph
3264 5568 3319 5621 in

1747 5640 1846 5691 hoc
1899 5640 2120 5699 iisaltnn,
2157 5635 2207 5687 id
2246 5646 2324 5687 est
2358 5636 2411 5687 in
2444 5640 2541 5691 hac
2566 5635 2737 5697 laude,
2774 5654 2891 5705 quae
2923 5654 3048 5693 vere
3079 5635 3193 5692 laus
3227 5638 3319 5692 Dei

1745 5719 1826 5764 est
1846 5750 1857 5771 ,

1891 5712 2011 5778 quia
2064 5706 2359 5761 destructio
2414 5708 2627 5777 maligni
2671 5710 2940 5763 exercitus
3000 5725 3092 5779 per
3145 5710 3320 5779 ipsum

1744 5780 1885 5843 Iacta
1956 5780 2043 5838 hic
2104 5789 2580 5842 commemoratur.

2659 5780 2882 5854 Cantat,
2940 5781 2995 5841 id
3053 5791 3176 5855 est.
3229 5788 3334 5853 ar
