3984 6362
619 272 726 332 937

1075 265 1282 326 BEDE
1322 263 1772 326 VENERABILIS
1809 264 1961 323 OPP.
2002 261 2179 322 PARS
2217 259 2283 320 ll.
2324 260 2517 320 SECT.
2557 260 2623 317 ll.
2654 290 2725 306 —
2765 260 2971 320 DUBIA
3010 260 3100 319 ET
3136 257 3408 319 SPURIA.

3798 262 3887 321 ωε

656 393 951 459 ratulatur;
998 406 1104 447 non
1132 390 1273 447 enim
1310 387 1588 443 defuerunt
1619 384 1689 439 de
1732 382 2065 459 populo_illo
2092 382 2183 451 qui
2211 386 2261 447 Α
2287 380 2519 459 carnalis
2560 379 2772 437 animus
2826 380 3101 453 suggerit,
3175 380 3402 452 implere
3448 388 3743 455 satagunt.
3802 384 3887 443 Se-

622 454 982 535 intelligerent
1002 462 1259 536 habentes
1282 459 1442 536 (idem
1463 472 1581 527 quae
1608 462 1793 536 postea
1812 454 2050 536 revelata
2076 462 2178 536 est.

621 536 690 593 Hi
712 526 963 619 erg‘onper
977 532 1219 619 spiritum
1245 526 2187 619 p_raevidentes,_quod_2illiquimus

2289 454 2507 523 quuur:

2363 522 2516 577 Moab
2560 530 2605 577 et
2632 522 2872 593 Agareni,
2913 522 3073 578 Gebal
3113 534 3161 579 et
3206 527 3423 584 Ammon
3448 535 3500 580 et
3543 526 3891 595 Analecta

628 623 726 678 per
769 594 1136 678 inﬁrmitatem
1168 594 1387 678 veniens
1415 594 1694 678 occultus;
1725 596 1845 678 quia
1869 595 2188 678 iudicandus
2282 594 2591 678 alienigena
2631 610 2757 678 cum
2787 596 3129 678 aspirantibus
3161 596 3373 678 Tyrum.
3416 597 3585 678 _Mo_ab
3620 600 3887 671 interpret.

628 667 811 749 inultis
839 675 1117 731 assimilari
1150 672 1336 749 voluit,
1368 672 1421 726 in
1459 676 1668 749 tantum
1694 667 1833 736 quod
1874 668 2187 749 etiamcum

626 748 832 820 iniquis
848 755 1124 820 reputatus
1155 745 1271 800 fuit.
1299 745 1364 820 lit
1384 740 1506 820 quia
1536 739 1702 820 multa
1731 738 2015 820 opprobria
2045 738 2186 820 tulit,

621 828 679 892 et
710 810 865 874 nobis
907 810 1239 892 patientiam
1265 814 1498 892 reliquit,
1537 812 1625 892 _sic
1664 810 1878 892 tandem
1908 811 1977 891 sit
2007 810 2191 891 mani-

620 888 759 945 {este
789 882 1067 953 venturus,
1099 888 1241 958 quod
1274 885 1451 958 nullus
1475 882 1639 958 etiam
1669 882 1873 946 piorum
1903 882 1951 958 ei
1981 882 2189 958 assimi-

623 959 841 1033 labitur.
871 952 1207 1033 Et_tu_n_c'sit
1251 971 1351 1011 nos
1395 953 1750 1033 iudicaturus,
1791 960 1845 1006 et
1884 952 1949 1006 ab
1985 953 2191 1033 oppro-

627 1029 759 1085 briis
788 1030 994 1085 cunctis
1024 1030 1378 1089 liberaturus;
1405 1026 1539 1088 haec,
1572 1024 1805 1093 inquam,
1834 1022 2192 1089 praevidentes

596 1156 599 1157 ν
625 1103 1042 1170 aggratuiantur,
1070 1110 1124 1155 et
1160 1099 1229 1154 ad
1276 1098 1417 1170 idem
1460 1094 1954 1170 nosexhortantur,
1984 1103 2038 1149 et
2067 1108 2192 1170 can-

625 1164 759 1235 tant,
791 1174 862 1227 ita
890 1172 1163 1227 dicentes:
1191 1170 1234 1226 Ο
1263 1166 1402 1223 Deus
1446 1166 1671 1223 veniens
1719 1164 1981 1233 occultus,
2028 1164 2189 1219 etiam

627 1242 1005 1316 cumuiniquis
1054 1249 1329 1316 reputatus
1367 1236 1553 1316 luiSti;
1600 1237 2192 1316 cum.a_utem__ve‘ner_is

628 1306 966 1378 manifestus,
992 1306 1132 1383 quis'
1150 1312 1311 1367 etiam
1344 1311 1550 1383 piorum
1578 1308 1674 1383 erit
1710 1307 1799 1361 tibi
1826 1306 2014 1383 similis
2032 1308 2055 1359 ?
2084 1308 2191 1361 uti-

627 1398 732 1453 que
756 1376 961 1449 nullus,
983 1376 1104 1453 quia
1137 1392 1259 1437 tunc
1288 1376 1446 1436 etiam
1471 1377 1644 1460 angeli
1679 1386 1923 1460 trement.
1958 1376 2042 1431 Ne
2064 1391 2194 1447 ergo

625 1451 770 1527 tunc
796 1471 982 1515 μασθαι.
1003 1451 1190 1527 neque
1211 1451 1570 1527 compescaris,
1605 1459 1681 1527 tu_
1698 1451 1787 1527 qui
1818 1462 1944 1527 vere
1971 1463 2194 1527 anppare-

623 1523 708 1579 bis
736 1524 895 1591 Deus,
928 1527 1062 1580 sicut
1090 1518 1239 1592 prius
1265 1518 1454 1585 fecisti,
1488 1536 1607 1575 cum
1635 1518 1903 1592 videbaris
1928 1520 2191 1574 inﬁrmus.

626 1589 888 1662 Quandiu'
916 1595 1055 1650 enim
1091 1589 1156 1650 in
1188 1593 1499 1650 inlirmitate
1535 1592 1752 1662 positus
1768 1589 1885 1657 fuit,
1930 1598 2195 1662 praecepta

624 1661 841 1736 quidem
866 1666 1035 1731 dedit,
1069 1667 1160 1721 sed
1190 1680 1219 1720 a
1251 1665 1485 1720 vindicta
1514 1663 1698 1736 tacuit.
1734 1661 2033 1736 Potentiam
2058 1676 2191 1736 quo-

2291 673 2431 719 tatur
2462 681 2524 719 ex
2554 673 2733 730 patre:
2780 667 2901 741 quia
2926 681 3049 741 ‘per
3074 667 3383 726 abusionem
3416 670 3550 741 legis
3577 685 3657 725 ex
3691 667 3801 725 avo
3847 687 3891 729 et

2290 750 2479 791 sorore
2512 746 2668 808 natus
2689 745 2793 791 est.
2824 737 3030 793 Dicitur
3067 747 3227 793 etiam
3255 737 3494 798 abutens'
3511 740 3659 808 lege,
3696 752 3755 797 et
3776 741 3887 799 ideo

2290 821 2552 881 perteum
2608 807 3056 881 abutentesdlege
3081 818 3185 863 tam
3217 814 3446 867 naturali
3475 807 3648 881 quam
3696 814 3887 881 scripta

2296 877 2685 953 intelliguntur,
2720 878 3026 953 denquibus
3056 890 3221 953 patet,
3267 885 3408 953 quod
3448 877 3581 938 vere
3611 877 3887 940 utentibus

2294 948 2411 1025 lege
2439 958 2560 1025 sunt
2588 948 2865 1025 contrarii.
2896 951 3125 1025 Agareni
3148 948 3574 1025 interpretantur
3599 955 3883 1025 praselyti,
3966 948 3969 1017 ἲ

2292 1020 2377 1094 vel
2406 1022 2643 1094 advenm.
2674 1019 2937 1094 Proselyti
2959 1019 3136 1076 autem
3168 1019 3505 1089 dicebantur,
3533 1019 3631 1093 qui
3661 1024 3733 1094 de
3762 1019 3886 1094 g'enL
3974 1019 3977 1065 ἒ

2292 1089 2485 1146 tilitate
2507 1091 2560 1145 in
2591 1091 2722 1163 ritus
2749 1089 3057 1163 Judinorum
3097 1089 3574 1163 conyertebantur,
3597 1089 3887 1151 et‘infelli-

2301 1171 2498 1233 guntur
2522 1177 2616 1228 per
2646 1161 2777 1233 istos
2806 1162 2903 1227 illi,
2931 1164 3020 1233 qui
3050 1161 3331 1221 occasione
3371 1166 3608 1223 nocendi
3642 1166 3828 1221 alieno
3850 1179 3888 1222 et

2293 1232 2583 1303 adventitio
2608 1232 2788 1286 animo
2813 1232 2864 1287 in
2892 1232 3087 1303 populo
3110 1234 3203 1289 Dei
3233 1249 3658 1293 conversantur.

2367 1301 2531 1357 Gehal
2563 1320 2694 1388 uana
2716 1304 2863 1388 vallis
2894 1301 3329 1388 interpretatum“
3350 1309 3521 1363 Vallis
3552 1316 3643 1363 est
3678 1306 3892 1388 humili-

2297 1381 2379 1428 tas
2409 1376 2669 1441 superba;
2722 1376 2934 1443 quidam
2966 1376 3110 1431 enim
3146 1379 3504 1434 humilitatem
3540 1380 3790 1433 exterius
3819 1382 3889 1435 si-

2296 1447 2522 1519 mulant,
2582 1456 2637 1500 et
2684 1447 2986 1519 superbiam
3044 1447 3103 1519 in
3130 1449 3292 1503 corde
3334 1459 3583 1519 gestant,
3615 1451 3673 1503 in
3707 1450 3885 1519 quitus

2299 1515 2576 1589 multiplex
2607 1525 2691 1589 est
2716 1517 2990 1587 iniquitas,
3022 1518 3140 1589 quia
3171 1515 3418 1574 simulata
3469 1515 3761 1587 iniquitas,
3802 1520 3887 1575 du-

2298 1585 2419 1661 plex
2447 1596 2531 1641 est
2555 1585 2828 1661 iniquitas.
2862 1585 3089 1642 Ammon
3118 1592 3338 1661 populus
3368 1585 3637 1655 maroris,
3693 1591 3776 1645 vel
3802 1609 3884 1658 po.

2298 1658 2699 1731 pulusturbidus
2726 1658 3140 1731 interpretatur;
3174 1658 3229 1716 et
3259 1661 3379 1717 ideo
3408 1678 3507 1731 per
3556 1664 3795 1716 Ammon
3829 1664 3887 1717 illi

625 1727 729 1802 que
759 1752 871 1793 sua:
898 1727 1191 1792 divinitatis
1237 1735 1589 1807 compescuit,
1618 1731 1830 1807 quando
1864 1727 2087 1807 carnem
2139 1732 2191 1787 in
2225 1744 2276 1807 Β
2302 1727 2686 1807 intelliguntur,
2742 1730 2832 1799 qui
2885 1730 3268 1807 de_amis_sion_e
3300 1727 3721 1807 temporaliumt
3748 1734 3886 1789 nimis

624 1822 783 1876 quam
813 1809 1080 1873 saevirent,
1112 1807 1341 1864 inimicis
1368 1804 1634 1876 Opposuit.
1662 1804 1770 1858 Nisi
1792 1804 2022 1876 enim_se
2052 1816 2197 1857 com-

698 1887 839 1955 scat,_
863 1872 1074 1948 quando
1101 1872 1419 1955 caperetur,
1438 1872 1713 1955 ieneretur
1726 1915 1753 1955 ,_
1773 1872 2198 1955 crucifigeretur.

653 1950 725 2020 llo
754 1944 898 2004 enini
927 1944 1306 2018 respondente,
1348 1948 1460 2020 Ego
1480 1960 1650 2020 sum_:_
1674 1944 1753 1998 illi
1780 1944 2022 2020 qui_eum
2063 1960 2202 2013 qua:-

622 2018 823 2096 rebant,
852 2013 1129 2096 retrorsum
1163 2013 1820 2096 abierunt'et-cecideruntt
1856 2013 1990 2096 cum
2021 2025 2196 2096 autem

624 2084 835 2167 venerit
866 2091 920 2145 in
951 2092 1255 2167 manifesto,
1289 2100 1412 2167 tunc
1445 2087 1758 2167 utiquenon
1800 2084 1991 2139 tacebit
2019 2100 2049 2140 a
2084 2087 2201 2140 viu-

628 2158 792 2239 dicta,
824 2175 924 2239 nec
950 2158 1738 2239 reprimeturejuspotentia..
1823 2236 1832 2239 _
1935 2226 1948 2239 .

699 2232 955 2298 Quoniam
993 2229 1104 2288 ecce
1132 2229 1425 2287 inimicitui
1460 2235 1760 2292 sonuerunt,
1786 2236 1832 2281 et
1861 2229 1948 2293 qui
1989 2229 2206 2281 oderunt

624 2309 673 2357 te
699 2302 985 2377 emtulerunt
1006 2312 1178 2377 caput.
1193 2304 1360 2377 Super
1378 2302 1625 2377 populum
1642 2310 1783 2353 tuum
1799 2298 2205 2377 ittalignaceruttt

623 2373 913 2445 consilium,
932 2383 979 2427 et
990 2369 1585 2445 cogitaverunt'adversus
1595 2380 1795 2445 sanctos
1808 2380 1939 2445 tuos.
1954 2369 2085 2435 Quia
2099 2370 2205 2425 duo

624 2438 908 2513 praemisit,
930 2444 1035 2499 duo
1051 2438 1214 2502 ctiam
1245 2446 1439 2501 reddit.
1486 2442 1647 2511 Quasi
1670 2441 1844 2495 dicat:
1880 2438 2004 2494 Ideo
2029 2456 2093 2493 ne
2125 2451 2207 2495 ta-

625 2530 743 2592 ceas
791 2524 937 2583 tunc,
968 2517 1207 2586 quoniam
1249 2517 1443 2571 inimici
1484 2514 1559 2567 tui
1586 2513 1730 2592 prius
1766 2526 1872 2565 non
1897 2520 2202 2592 tacuerunt,

623 2585 721 2641 sed
745 2584 1024 2642 sonuerunt
1046 2597 1232 2645 contra
1272 2598 1326 2643 te
1368 2597 1424 2643 et
1468 2594 1619 2663 tuos,
1661 2584 1781 2638 ideo
1820 2584 1998 2652 potius
2032 2584 2204 2663 ponit,

623 2667 922 2735 sonuerunt
946 2673 1128 2735 quam,
1158 2667 1468 2735 tacuerunt;
1500 2655 1624 2725 quia
1662 2664 1857 2735 tacere
1886 2655 2206 2735 n_o_n_dicit_ur

625 2726 727 2806 nisi
754 2736 873 2795 post
898 2724 1239 2806 locutionem,
1258 2730 1406 2806 quod
1439 2724 1617 2806 autem
1661 2724 2097 2806 irrationabiliter

626 2794 789 2861 citur,
816 2814 925 2854 non
971 2810 1053 2855 est
1080 2794 1363 2857 dicendum
1393 2798 1618 2861 locutio,
1648 2797 1741 2852 sed
1772 2809 1956 2851 sonus.
1988 2796 2056 2848 Et
2084 2794 2207 2851 ideo

625 2883 690 2921 ne
734 2872 1069 2941 compescaris
1094 2882 1241 2938 tunc,
1284 2872 1406 2941 quia
1444 2870 1530 2940 qui
1559 2868 1775 2922 oderunt
1802 2876 1870 2933 te,
1919 2865 2209 2922 extulerunt

627 2948 806 3007 caput,
834 2940 884 2993 id
907 2951 990 2995 est
1018 2942 1177 2997 nimis
1197 2941 1426 3010 superbe
1455 2946 1745 2995 erexerunt
1768 2946 2040 3010 se_contra
2074 2946 2126 2993 te
2151 2946 2207 3010 et

626 3015 770 3081 tuos.
804 3010 956 3081 Nunc
982 3022 1140 3080 caput
1180 3007 1280 3081 pro
1308 3021 1487 3067 mente
1529 3010 1808 3081 accipitur.
1833 3008 1889 3063 Si
1935 3017 2116 3063 autem
2138 3007 2206 3063 ad

625 3080 916 3159 novissima
960 3079 1200 3159 tempora
1227 3084 1327 3137 hoc
1373 3081 1574 3137 referre
1619 3079 1871 3159 velimus,
1923 3088 2208 3159 percaput

623 3149 1012 3223 Antichristum
1044 3149 1289 3223 accipere
1319 3166 1621 3223 possumus.
1654 3153 1729 3206 De
1768 3164 1877 3218 quo
1904 3149 2034 3223 dicit
2062 3152 2204 3219 Apo-

621 3221 830 3295 stolus:
862 3221 1495 3295 Quodrextollitur‘super
1521 3238 1688 3295 omne,
1720 3236 1855 3295 quoa
1881 3221 2090 3295 dicitur,
2121 3232 2210 3276 aut

623 3293 763 3362 quod
793 3294 979 3349 colitur
1007 3294 1167 3350 Deus.
1194 3296 1260 3352 Et
1289 3292 1417 3351 ecce
1440 3294 1613 3365 (quasi
1637 3293 1799 3361 dicat)
1824 3292 2093 3365 quomodo
2119 3306 2211 3365 so-

623 3372 880 3435 nuerunt,
935 3367 1207 3433 quomodo
1250 3375 1411 3435 caput
1448 3362 1806 3428 extulerunt;
1850 3362 2057 3418 scilicet
2085 3363 2209 3430 quia

621 3434 895 3508 consilium
922 3434 1353 3508 malignaverunt,
1385 3437 1437 3493 id
1475 3445 1558 3492 est
1587 3435 1881 3508 malignum
1922 3434 2208 3508 consilium

623 3505 947 3579 invenerunt
1002 3503 1154 3579 super
1201 3512 1448 3579 populum
1489 3518 1654 3579 tuum,
1707 3503 1761 3561 et
1791 3503 1910 3559 ideo
1938 3504 2205 3560 consiliati

629 3585 776 3649 sunt,
808 3578 933 3647 quia
982 3576 1127 3646 prius
1177 3576 1521 3649 cogitaverunt
1573 3576 1818 3649 adversus
1846 3583 2207 3649 sanctostaos.

628 3644 766 3711 Quid
818 3644 997 3703 autem
1048 3644 1332 3705 valuerunt
1384 3650 1641 3705 adversus
1706 3648 1829 3702 illos
1890 3648 1978 3715 qui
2031 3647 2211 3703 dicere

621 3726 919 3791 noverunt:
976 3718 1041 3774 Si
1089 3719 1227 3776 Deus
1257 3736 1350 3791 pro
1376 3721 1541 3786 nobis,
1569 3719 1683 3789 quis
1706 3728 1885 3773 contra
1912 3718 2043 3772 nos?
2069 3717 2210 3776 Nihil

620 3789 822 3841 utique.

748 3859 974 3927 ixerunt,
1000 3863 1183 3917 venite.
1195 3862 1643 3934 iMalignaverunt,
1658 3861 1897 3934 inquam,
1913 3859 2207 3934 consilium,

620 3934 677 3983 et
705 3939 824 3999 post
865 3934 1146 3988 consilium
1175 3929 1427 3989 dixerunt
1453 3935 1592 3988 alter
1617 3932 1683 3987 ad
1714 3929 1973 3986 alterum:
2031 3929 2211 3984 Venite

619 4007 675 4075 e_t
700 4001 1053 4075 disperaamus
1078 4005 1142 4059 de
1164 4014 1310 4075 gente
1332 4012 1512 4059 nostra
1542 4019 1628 4075 eos
1652 4002 2014 4075 despectione.
2046 4001 2209 4075 Quasi

621 4069 795 4126 dicat:
841 4073 1007 4144 Viles,
1044 4069 1444 4142 abominabiles,
1477 4083 1526 4128 et
1566 4073 1639 4128 ita
1670 4069 2037 4144 disperdaulus
2068 4072 2209 4144 quod

622 4156 728 4216 non
771 4142 1097 4214 memoratur,
1151 4146 1203 4201 id
1233 4156 1333 4211 εει,
1365 4148 1506 4216 quod
1550 4160 1652 4200 uec
1681 4146 1735 4200 in
1783 4142 2041 4216 memoria
2068 4143 2210 4196 ultra

620 4210 903 4282 habeatur,
932 4216 1035 4272 hoc
1063 4210 1244 4271 nomen
1275 4210 1442 4271 Israel
1472 4216 1762 4271 secundum
1794 4215 1975 4280 tidem,
2000 4228 2108 4268 non
2124 4227 2210 4269 se-

622 4283 854 4340 cundum
884 4302 1119 4350 carnem,
1158 4289 1211 4341 id
1240 4298 1341 4353 est,
1374 4287 1723 4342 christianum
1750 4301 1966 4342 nomen.

701 4355 954 4419 Quoniam
974 4358 1319 4428 cogitaverunt
1340 4358 1665 4412 unanimiter.
1690 4357 1815 4412 Ideo
1835 4357 1934 4412 hoc
1960 4355 2208 4413 dixerunt

627 4439 839 4498 omnes,
867 4430 1109 4497 quoniam
1140 4429 1286 4498 prius
1314 4431 1641 4493 unanimiter,
1677 4428 1729 4483 id
1758 4436 1860 4494 est,
1893 4442 2078 4481 omnes
2107 4430 2207 4483 hoc

626 4477 1000 4569 ennium:
1009 4477 1447 4569 classant;
1455 4477 1861 4569 insistant;
1888 4477 2015 4552 nas
2029 4477 2205 4565 sinsi;
2234 4477 2288 4540 Ι)

624 4566 679 4623 id
708 4577 809 4634 est,
838 4584 1026 4625 omnes
1052 4566 1411 4640 disposuerunt
1446 4566 1819 4635 testamentum,
1880 4569 1931 4621 id
1966 4579 2066 4632 est,
2123 4586 2213 4639 pa-

627 4651 770 4693 etum
811 4642 1125 4707 praedictum
1171 4642 1404 4697 scilicet:
1446 4642 1623 4697 Venite
1662 4640 2022 4708 disperdamus
2070 4656 2208 4705 eum,

620 4718 729 4781 etc.
748 4711 1147 4768 Testamentum
1172 4712 1314 4768 enim
1349 4728 1454 4768 non
1479 4713 1651 4767 solum
1676 4720 1896 4764 vocatur
1922 4710 2052 4765 illud
2070 4713 2211 4781 quod

620 4779 767 4835 valet
791 4785 1019 4838 mortuis
1058 4784 1529 4848 contestatoribus,
1554 4782 1648 4837 sed
1670 4782 1832 4836 etiam
1862 4779 2213 4851 quodcunque

622 4862 836 4922 pactum
863 4854 1004 4923 quod
1030 4854 1275 4909 homines
1296 4857 1639 4924 paciscuntur
1664 4854 1802 4924 inter
1820 4866 1899 4905 se.
1928 4852 2211 4922 Disposue-

621 4932 766 4988 runt,
790 4922 1028 4992 inquam,
1047 4922 1422 4990 testamenlum,
1440 4932 1496 4978 et
1512 4924 1612 4977 hoc
1623 4922 1880 4977 adversus
1912 4931 1964 4977 te
1987 4932 2041 4977 et
2067 4932 2208 4980 tuos.

540 5044 547 5053 ,
624 4992 727 5059 Qui
754 5002 932 5049 autem
973 4995 1077 5051 hoc
1116 4993 1823 5051 fecerunt?tabernaculum
1877 4994 2104 5062 scilicet,
2155 4996 2209 5051 id

625 5073 733 5129 est,
761 5064 963 5121 militiae
1012 5067 1390 5129 ldumaeorum,
1421 5073 1478 5122 et
1508 5064 1790 5119 lsmaelitte
1831 5079 1956 5118 cum
1999 5067 2209 5122 caeteris

625 5134 992 5207 sequentibus.
1047 5139 1185 5192 Ecce
1237 5136 1484 5207 collectio
1530 5135 1747 5205 maligni
1794 5136 2079 5203 exercitus,
2114 5139 2205 5207 qui

622 5206 880 5276 populum
926 5207 1018 5263 Dei
1043 5206 1399 5277 persequitur.
1447 5206 2044 5277 Perinterpretationes
2075 5222 2206 5277 ergo

622 5277 923 5360 nominum,
950 5288 1146 5348 quanta
1180 5276 1377 5332 malitia
1421 5280 1492 5332 sit
1519 5276 1872 5360 singulorum
1894 5276 2191 5360 videamus.

623 5346 843 5420 ldumaai
890 5346 1305 5420 interpretantur
1361 5346 1652 5420 sanguinei,
1697 5350 1816 5420 sive
1856 5346 2060 5420 terreni.
2105 5348 2207 5420 Per

621 5416 888 5474 Idumaeos
905 5416 1083 5488 itaque
1113 5416 1479 5489 intelliguntur
1499 5420 1598 5485 illi,
1618 5419 1709 5489 qui
1733 5434 1838 5473 non
1862 5434 1926 5472 ex
1952 5419 2085 5483 Deo,
2110 5419 2205 5474 sed

622 5504 692 5546 ex
719 5491 1065 5559 sanguinibus
1087 5499 1141 5545 et
1158 5504 1224 5545 ex
1246 5491 1519 5546 voluntate
1539 5493 1738 5554 carnis,
1765 5491 1866 5544 hoc
1890 5500 1969 5543 est
1985 5492 2073 5559 qui
2098 5506 2203 5545 non

625 5561 993 5631 spiritualiter,
1020 5562 1113 5616 sed
1144 5563 1428 5617 carnaliter
1454 5564 1562 5616 nati
1588 5570 1732 5625 sunt,
1759 5570 1813 5616 et
1834 5562 2207 5627 concupiscen-

621 5634 712 5686 tiis
740 5635 941 5697 carnis,
990 5641 1043 5686 ct
1073 5641 1288 5689 terreno
1310 5633 1574 5689 desiderio
1615 5632 1725 5685 dati
1757 5640 1898 5685 sunt.
1925 5631 2204 5687 lsmaclita:

622 5716 753 5758 vero
817 5703 1131 5760 obedientes
1201 5704 1304 5759 sibi
1368 5706 1806 5773 interpretantur.
1879 5701 2204 5759 Obedieutes

620 5784 799 5832 autem
841 5774 944 5831 sibi
971 5775 1062 5846 qui
1087 5774 1287 5833 rectius
1333 5774 1439 5833 dici
1480 5772 1725 5846 possunt,
1756 5787 1914 5844 quam
1944 5772 2203 5846 quidquid

2306 1800 2728 1871 contristantur,
2789 1808 2880 1854 aut
2941 1802 3008 1856 de
3063 1801 3349 1871 adeptione
3406 1800 3578 1858 nimis
3629 1803 3886 1859 inﬂantur.

2308 1867 2523 1942 Amalec
2551 1871 2746 1941 (ingens
2771 1880 2959 1925 terram
2989 1867 3402 1941 interpretatur:
3427 1889 3609 1940 quare
3630 1889 3733 1942 per
3753 1877 3891 1929 Ama-

2305 1937 2388 2015 lec
2421 1937 2963 2015 terrena'apipetentes
2993 1951 3049 1998 et
3076 1937 3313 2015 amantes
3338 1937 3736 2015 designantur.
3768 1946 3890 2000 Alie-

2307 2009 2527 2087 tiigenas
2578 2028 2674 2081 pro
2711 2012 3036 2087 Philisthasis
3088 2014 3170 2087 vel
3208 2009 3772 2087 allophyli'siposuit,
3820 2019 3891 2085 qui

2306 2080 2726 2155 interpretantur
2770 2084 2986 2153 potione
3029 2080 3330 2141 cadentes!
3369 2080 3472 2155 per
3524 2080 3635 2141 lius
3679 2102 3798 2154 ergo
3826 2080 3890 2141 in-

2307 2152 2617 2217 telliguntur
2650 2155 2745 2219 illi,
2774 2152 2908 2224 quos
2947 2156 3180 2210 ebrietas
3230 2152 3471 2212 carnalis
3520 2152 3881 2214 delectaiiouis

2308 2224 2518 2291 penitus
2541 2223 2841 2291 infatuavit,
2863 2235 2916 2279 et
2942 2226 3205 2282 excedere
3227 2242 3286 2283 se
3308 2228 3460 2283 fecit.

2382 2294 2553 2369 Tyrus
2595 2295 2852 2369 Hebraice
2899 2297 3092 2369 dicitur
3123 2296 3244 2365 Sor,
3286 2306 3342 2353 et
3374 2298 3486 2354 Sor
3510 2298 3887 2369 interpretatur

2308 2364 2700 2441 ll‘_ib_tll_t1_l50_V8l
2748 2368 3004 2441 angustia.
3036 2364 3264 2441 Possunt
3291 2384 3445 2441 ergo_
3456 2386 3563 2437 per
3598 2364 3791 2441 Tyrum
3817 2386 3889 2425 ac-

2308 2434 2416 2503 cipi
2444 2437 2536 2501 illi,
2568 2437 2635 2492 de
2676 2434 2866 2507 quibus
2893 2439 3179 2505 Apostolus
3211 2434 3381 2495 dicitf
3400 2434 3717 2496 Tribulaiio
3741 2455 3784 2495 et
3805 2460 3886 2494 rut-

2308 2508 2479 2581 gustin
2499 2509 2552 2562 in
2576 2509 3011 2581 omnem_animam
3032 2511 3251 2581 hominis
3273 2513 3545 2581 operantis
3567 2515 3783 2567 malum.
3802 2514 3889 2566 lla-

2310 2576 2541 2633 bitantes
2595 2594 2721 2634 vero
2748 2579 2965 2651 Tyrum
3010 2579 3086 2634 illi
3125 2576 3405 2647 dicuntur,
3454 2583 3555 2651 qni
3594 2584 3807 2638 studiosi
3843 2595 3887 2638 et

2309 2661 2713 2717 perseverantes
2742 2650 2796 2706 iu
2828 2650 3076 2721 operibus
3116 2650 3490 2708 tribulationis
3544 2665 3610 2711 et
3657 2656 3886 2725 augusti:

2308 2728 2452 2774 sunt.

2382 2791 2586 2847 Etenim
2626 2795 2786 2847 Assur
2812 2794 2945 2848 venit
2984 2808 3101 2847 cum
3139 2793 3268 2850 illis.
3314 2792 3449 2851 ideo
3484 2794 3542 2849 hi
3577 2811 3768 2853 omnes
3804 2795 3890 2851 ad.

2312 2876 2500 2937 versus
2540 2875 2613 2932 te,
2638 2865 2889 2937 Domine,
2923 2874 3296 2937 testamentum
3331 2866 3748 2935 disposuerunt,
3776 2868 3892 2937 quia

2311 2934 2604 3016 principem
2637 2938 2833 2989 malum
2862 2935 3185 3016 habuerunt.
3233 2936 3374 3016 Nam
3406 2934 3585 3016 Assur
3620 2941 3753 3016 venit

2309 3004 2415 3058 illis
2440 3016 2496 3061 ut
2522 3007 2628 3061 dux
2658 3022 2865 3061 eorum.
2896 3007 2998 3060 Per
3017 3006 3187 3062 Assur
3214 3008 3478 3077 populum
3512 3010 3670 3063 illum
3696 3010 3895 3065 intelli-

2350 3090 2810 3151 erexpossumus,
2867 3078 2959 3151 qui
2994 3088 3320 3147 persecutor
3380 3078 3679 3151 Israelitici
3732 3082 3897 3151 populi

2235 3115 2286 3182 ϐ
2313 3090 2770 3199 get-epossumus
2796 3120 2810 3144 ,
2867 3092 2959 3146 qui
2994 3090 3320 3147 persecutor
3380 3090 3679 3135 Israeliuci
3732 3090 3897 3151 populi

2342 3157 2437 3214 ult,
2460 3147 2623 3222 juxta
2655 3148 2829 3222 illud:
2869 3147 3023 3222 Virga
3053 3151 3244 3222 furoris
3271 3151 3374 3204 mei
3396 3150 3592 3208 Assur.
3631 3152 3753 3222 ipse
3776 3169 3899 3208 vero

2324 3232 2428 3291 non
2457 3219 2741 3291 intellexit.
2792 3218 3107 3289 lntelligitur
3136 3220 3407 3286 diabolus,
3438 3223 3535 3290 qui
3564 3218 3821 3291 operatur
3852 3224 3901 3277 in

2318 3288 2441 3344 liliis
2482 3288 2825 3363 difﬁdentiae,
2878 3288 3130 3363 tanquam
3182 3292 3234 3346 in
3266 3293 3406 3346 vasis
3449 3288 3568 3347 suis
3607 3288 3701 3347 —ad
3749 3310 3900 3363 oppu~

2316 3362 2587 3429 gnandum
2614 3362 2863 3432 populqu
2892 3361 3245 3432 DeisDicitur
3273 3370 3439 3418 autem
3480 3378 3511 3415 a
3541 3361 3897 3432 quibusdam,

2318 3432 2459 3510 quod
2490 3433 2660 3488 Assur
2684 3431 2934 3511 afﬂigens
2955 3431 3040 3487 vel
3064 3431 3901 3511 elatusinterpretatur-:Aucto.

2318 3500 2533 3629 Iéitatem
2564 3518 2692 3559 vero
2724 3500 2882 3572 huius
2920 3503 3380 3574 interpretationis
3407 3500 3533 3559 'non
3564 3504 3898 3561 audivimus.

2391 3583 2607 3629 uultur:

2391 3577 2570 3641 quitur
2593 3592 2607 3628 :

2391 3643 2460 3697 Et
2501 3647 2625 3716 facti
2669 3654 2788 3701 sunt
2821 3660 3025 3717 omnes
3057 3662 3194 3715 quos
3243 3647 3415 3701 Assur
3458 3646 3738 3712 adduxit;
3788 3649 3903 3717 ﬁliis

2316 3713 2417 3788 ζιοι
2460 3713 2514 3770 in
2558 3713 3219 3788 adjutorium:quia‘sunt
3263 3720 3631 3774 instrumenta
3682 3713 3901 3774 ﬁliorum

2318 3784 2438 3855 Lnt,
2479 3789 2529 3842 id
2571 3784 2673 3854 est,
2707 3789 2935 3843 liliorum
2962 3784 3368 3844 declinationis.
3419 3788 3524 3844 Lot
3553 3794 3709 3845 enim
3739 3792 3892 3845 decli-

2319 3873 2450 3914 nans
2482 3860 2879 3930 interpretatur.
2921 3860 2985 3914 Et
3014 3859 3299 3916 declinatio
3326 3874 3369 3931 7a
3402 3862 3640 3931 veritate
3688 3862 3898 3931 angelos

2318 3938 2596 3995 apostatas
2650 3934 2802 3999 quasi
2877 3930 3192 4002 generavit,
3243 3930 3355 4002 qui_
3384 3930 3545 3986 malis
3593 3930 3895 3987 hominibus

2320 4008 2560 4065 utuntur,
2592 4002 2741 4056 velut
2784 4000 2951 4057 armis
2997 4000 3064 4073 ad
3094 4000 3452 4058 infestandum
3511 4005 3776 4073 populum
3802 4002 3887 4057 Dei

2317 4073 2690 4196 tqrporaliter,
2744 4086 2901 4142 quem
2947 4081 3004 4129 et
3042 4072 3143 4143 ipsi
3193 4072 3599 4144 persequuntur
3652 4076 3894 4145 spiritua-

2340 4158 2458 4196 ter.

2340 4152 2458 4198 llel'.

2390 4212 2501 4286 Fac
2548 4214 2652 4269 illis
2705 4214 2835 4269 sicut
2883 4214 3122 4269 Madian.
3171 4214 3284 4270 lloc
3327 4214 3456 4270 dicit
3506 4230 3617 4271 non
3673 4216 3899 4286 optando

2318 4285 2521 4354 Asaph,
2566 4288 2660 4340 sed
2706 4286 3255 4358 prophetandopnon
3298 4286 3529 4351 orando,
3578 4288 3684 4343 sed
3716 4285 3898 4358 pradi-

2317 4357 2509 4411 cendo.
2551 4358 2708 4425 Quasi
2756 4357 2902 4412 dicat
2936 4376 2948 4411 :
2984 4357 3229 4413 Praedicti
3269 4371 3458 4413 omnes
3507 4357 3806 4414 adversum
3854 4368 3900 4411 te

2316 4436 2372 4499 et
2395 4428 2649 4497 populum
2696 4438 2863 4499 tuum
2883 4437 3181 4499 venerunt:
3210 4437 3262 4483 tu
3288 4438 3487 4491 autem,
3539 4429 3801 4491 Domine,
3829 4430 3899 4499 {ac

2313 4497 2418 4552 illis
2468 4500 2597 4553 sicut
2646 4499 2817 4554 fecisti
2842 4498 3083 4566 Madian,
3116 4499 3323 4553 scilicet
3351 4508 3410 4554 ut
3436 4500 3578 4554 sicut
3608 4497 3837 4555 Madian
3876 4516 3899 4551 α

2313 4569 2512 4641 carnali
2548 4570 2707 4625 Israel
2733 4571 3039 4626 destructus
3091 4580 3195 4639 est,
3232 4571 3303 4625 ita
3335 4582 3389 4626 et
3429 4572 3530 4639 ipsi
3571 4587 3601 4623 a
3636 4571 3902 4641 spirituali

2314 4639 2502 4712 Israel,
2534 4642 2582 4695 id
2614 4650 2714 4705 est,
2750 4658 2778 4694 a
2810 4641 3007 4711 populo
3049 4650 3139 4696 tuo
3180 4642 3529 4697 destruantur
3558 4651 3616 4697 et
3653 4639 3895 4712 pereant,

2312 4711 2451 4765 sicut
2478 4711 2631 4767 Jabin
2664 4722 2717 4767 et
2741 4713 2919 4769 SiSara
2953 4713 3245 4780 perierunt.

2386 4782 2594 4837 Madian
2644 4784 3028 4851 interpretatur
3076 4784 3351 4840 declinans
3398 4782 3687 4851 iudicium.
3735 4786 3905 4841 Decii-

2312 4865 2504 4909 nantes
2534 4861 2713 4909 autem
2752 4853 3013 4924 judicium
3045 4866 3191 4920 sunt,
3222 4857 3331 4909 vim
3377 4854 3602 4909 rationis
3665 4872 3782 4911 non
3834 4868 3903 4908 at-

2315 4926 2627 4990 tendentes;
2678 4935 2728 4980 et
2779 4924 2902 4997 ideo
2949 4925 3389 4981 irrationabiliter
3440 4935 3696 4994 agentes,
3735 4939 3795 4981 ut
3828 4932 3909 4997 qui

2312 5004 2616 5050 creaturam
2638 4996 2891 5065 creatori,
2918 5005 3129 5053 terrena
3151 4999 3369 5053 aeternis
3392 5012 3753 5067 przeponuut,
3784 5011 3841 5054 et
3869 5000 3909 5049 hi

2312 5068 2447 5138 tales
2484 5067 2675 5138 merito
2721 5067 3091 5122 destruuntur.
3143 5070 3323 5138 Sisara
3378 5068 3595 5137 quidam
3658 5075 3910 5138 princeps

2311 5134 2723 5209 Madianitarum
2762 5138 2880 5209 l'uit,
2910 5141 2999 5208 qui
3039 5154 3161 5195 cum
3198 5134 3410 5208 fugiens
3453 5141 3505 5193 in
3549 5134 3783 5209 tugurio
3825 5134 3915 5194 cil-

2306 5204 2522 5279 jusdam
2571 5204 3158 5279 mulierculm'lateret,
3218 5204 3282 5265 ef
3320 5204 3786 5277 obdorniivi'sset,
3838 5216 3911 5265 illa

2312 5277 2604 5354 _clam_eum
2633 5279 2786 5354 clavo
2833 5288 2888 5335 et
2916 5282 3089 5336 maleo
3117 5277 3367 5354 accessit,
3397 5293 3452 5336 et
3486 5291 3648 5336 terra:
3684 5286 3913 5354 attigeris

2309 5348 2596 5424 interfecit.
2632 5352 3016 5424 Interpretatur
3046 5361 3222 5408 autem
3250 5353 3449 5424 Sisara,
3480 5354 3755 5409 CXClUSiO
3784 5348 3905 5424 {an

2309 5420 2406 5493 dii,
2440 5432 2494 5475 et
2525 5420 2890 5491 intelliguntur
2922 5438 3013 5490 per
3042 5438 3165 5478 eum
3200 5433 3402 5479 tantum
3439 5423 3494 5477 hi
3526 5425 3618 5492 qui
3655 5420 3911 5493 gaudium

2309 5490 2362 5545 in
2409 5496 2642 5617 ltetirenis
2680 5490 2970 5563 quaerunt,
3019 5509 3204 5550 verum
3255 5507 3432 5549 autem
3482 5490 3756 5566 gaudium
3808 5516 3837 5552 a
3870 5512 3921 5553 se

2309 5576 2403 5617 exc
2430 5581 2459 5617 u
2505 5575 2617 5617 unt.

2305 5575 2617 5618 excludunt.

2379 5635 2533 5689 Jabin
2572 5651 2785 5706 quoque
2834 5636 3082 5707 princeps
3127 5637 3536 5694 Madianitarum
3591 5640 3646 5693 in
3688 5652 3917 5698 torrem;

2308 5702 2485 5783 Qissort
2513 5702 3056 5783 interlc'ctus'luit,_et
3080 5710 3465 5783 interpretatur
3489 5710 3651 5766 Jabin
3679 5716 3919 5783 sapiens.

2305 5777 2407 5844 Qui
2454 5793 2581 5835 vero
2629 5780 2886 5849 sapiens?
2927 5778 3137 5842 scilicet
3182 5777 3274 5840 ille
3312 5781 3385 5842 de
3425 5798 3537 5855 quo
3569 5777 3916 5855 Apostolus:

3034 5912 3038 5923 i
