3984 6362
134 282 267 346 933
847 282 921 345 IN
954 280 1380 346 PSALMORUM
1421 282 1677 344 LIBRUM
1714 278 2079 347 EXEGESIS.
2109 314 2184 333 --
2217 284 2461 349 PSALM.
2504 284 2790 350 LXXXIII.

138 402 307 458 nulla
337 398 443 475 erit
467 397 707 475 miseria.
738 400 938 457 Littera
981 413 1161 458 autem
1210 405 1290 459 sic
1329 402 1538 471 legitur.
1584 404 1746 473 Quasi
1776 405 1828 467 Α
1853 406 1937 460 lex
1969 414 2241 474 peccatum
2285 408 2673 475 demonstrare,
2724 408 2818 466 sed
2864 420 2971 465 non

141 475 355 528 dicat:
402 472 538 527 Vere
602 474 779 526 anima
832 489 949 528 mea
993 482 1037 527 et
1084 491 1200 528 caro
1252 472 1629 529 exsultaverunt
1695 479 1749 528 in

146 546 337 597 Deum
366 546 549 607 virum,
578 545 700 613 quia
729 544 905 599 anima
936 561 1051 599 mea
1083 562 1177 601 ens
1207 564 1400 615 passer,
1436 546 1625 599 invenit
1654 547 1748 599 sibi

145 616 400 681 domum,
436 624 484 669 el
516 629 642 668 caro
681 630 797 669 mea
827 630 924 670 ens
968 626 1133 670 turtur
1166 618 1363 671 invenit
1406 616 1501 670 sibi
1550 618 1749 681 nidum,

3323 291 3433 357 954

2996 410 3168 483 potuit
3195 410 3428 483 auferre,

1859 478 1997 545 quod
2033 478 2169 532 idem
2186 481 2471 548 Apostolus
2493 479 2725 535 ostendit
2748 482 2930 537 dicens
2956 500 2967 535 :
3001 478 3276 540 Occasione
3297 478 3431 541 enim

1859 558 2085 618 accepta,
2117 562 2373 620 peccatum
2408 568 2496 624 per
2522 552 2820 607 mandatum
2850 565 3113 624 speratum
3151 564 3223 610 est
3260 557 3313 611 in
3354 572 3433 614 me

1859 634 2056 693 omnem
2086 623 2569 693 concupiscentiam,
2622 632 2678 679 et
2727 623 2949 693 reliqua.
2994 627 3058 680 Et
3089 628 3158 681 ita
3185 628 3268 683 les
3317 629 3433 693 qui-

147 686 252 739 ubi
286 694 497 755 reponat
530 688 697 755 pullos
726 702 860 741 suos.
900 687 965 741 Et
1012 687 1184 758 (quasi
1216 687 1382 755 dicat)
1424 703 1754 757 quiscunque

147 772 294 812 caro
324 758 447 810 talis
497 768 599 823 εει,
651 758 978 813 exsultantcr
1010 758 1219 812 transiit
1248 760 1296 811 in
1345 758 1510 812 Deum
1550 760 1749 817 vivum.

149 827 270 953 (dini
310 828 384 881 sit
429 836 605 883 autem
636 827 794 883 nidus
832 828 943 895 ille,
986 830 1053 884 de
1096 844 1203 899 quo
1231 829 1380 895 dicit,
1414 831 1755 900 prosequitur

200 913 404 953 ltenS:

200 913 404 954 ιιεηεε

240 970 448 1022 Altaria
480 978 588 1032 tua,
627 968 859 1024 Domine.
904 969 1087 1025 Altare
1134 971 1282 1025 locus
1314 978 1394 1025 est
1426 970 1513 1025 tibi
1562 985 1755 1040 super-

157 1051 447 1111 ponuntur
471 1050 590 1092 vota
626 1052 828 1104 nostra,
882 1051 936 1094 itt
970 1040 1077 1094 Deo
1122 1042 1228 1095 sint
1266 1042 1638 1111 acceptabilia.
1692 1043 1757 1097 Et

159 1110 294 1164 ideo
326 1111 511 1163 altaria
542 1122 807 1180 ponuntur
848 1127 943 1180 pro
992 1110 1115 1176 ﬁde,
1165 1129 1283 1181 qua:
1314 1115 1364 1165 in
1402 1110 1564 1167 nobis
1597 1112 1759 1169 debet

160 1183 483 1253 przecedet-e
512 1220 526 1244 ,
592 1191 645 1234 et
692 1194 872 1249 postea
915 1182 1330 1253 supermdilicari
1382 1183 1514 1236 bona
1571 1198 1755 1253 Opera,

159 1252 413 1315 alioquin
448 1254 645 1320 ingrata
678 1263 730 1305 et
762 1252 993 1306 inutilia.
1021 1253 1218 1307 Littera
1251 1254 1329 1307 sic
1360 1253 1591 1323 legitur:
1628 1252 1757 1306 Tur-

162 1332 277 1386 tur,
314 1327 551 1391 inquam,
605 1324 805 1376 invenit
842 1325 1041 1388 nidum,
1096 1325 1299 1379 scilicet
1333 1324 1532 1377 invenit
1570 1324 1758 1379 altaria

166 1403 288 1459 tua,
327 1393 377 1446 id
404 1402 504 1452 est,
542 1393 700 1447 fidem
735 1403 876 1447 tuam
902 1403 955 1449 et
985 1407 1176 1449 caetera
1207 1395 1565 1449 ecclesiastica
1599 1395 1757 1448 insti-

171 1474 313 1516 tuta.
362 1465 405 1517 υ
439 1462 677 1528 Domine,
720 1466 877 1517 etiam
904 1465 1164 1529 virtutum,
1209 1465 1319 1518 Rea:
1366 1480 1505 1517 meus
1532 1474 1577 1516 et
1622 1464 1760 1521 Deus

174 1550 348 1597 meus,
391 1533 440 1588 id
472 1542 574 1597 est,
628 1536 715 1603 qui
767 1551 852 1589 me
884 1535 1044 1605 regis,
1094 1536 1159 1591 ad
1205 1538 1321 1590 haec
1366 1534 1556 1589 altaria
1604 1536 1757 1591 inve-

174 1606 401 1669 nienda,
431 1608 567 1658 sicut
597 1615 649 1658 ct
677 1620 830 1659 creas
858 1621 963 1660 itte.

247 1674 401 1729 Beati
420 1676 507 1743 qui
530 1676 755 1729 habitant
779 1678 829 1729 in
856 1677 1006 1729 domo
1028 1685 1136 1730 tua.
1162 1675 1266 1732 lste
1295 1676 1382 1745 qui
1414 1674 1500 1729 hic
1527 1674 1762 1746 loquitur

171 1748 388 1815 positus
428 1763 475 1800 tn
500 1748 784 1816 pressuris,
823 1757 873 1801 et
897 1750 1173 1816 suspirans
1196 1749 1246 1802 iii
1281 1747 1370 1800 illa
1394 1748 1757 1815 tabernacula,

176 1818 270 1871 ubi
292 1818 435 1871 milia
454 1819 551 1872 erit
573 1832 837 1885 pressura,
857 1833 977 1871 cum
997 1818 1226 1885 quodam
1248 1827 1462 1885 stupore
1477 1828 1529 1873 et
1544 1820 1772 1874 admira-

181 1889 329 1942 tioiie
349 1888 505 1943 dicit:
531 1886 674 1941 Beati
698 1898 914 1957 vere,et
931 1887 1263 1943 inefl‘aliiliter
1284 1889 1444 1951 beati,
1468 1903 1500 1941 o
1532 1888 1769 1955 Domine,

182 1970 333 2023 sunt,
355 1961 713 2026 peitiiigetiles
732 1961 782 2013 itt
798 1960 929 2013 atria
952 1970 1060 2026 tua,
1082 1960 1168 2013 ubi
1190 1961 1329 2012 nulla
1346 1974 1614 2024 pressura,
1632 1962 1767 2015 nulla

185 2032 431 2084 miseria.
485 2030 551 2083 Et
600 2039 748 2085 notat
797 2031 1059 2099 duplicem
1109 2030 1489 2085 beatitudinem
1534 2031 1767 2099 illorum,

180 2100 413 2175 scilicet,
445 2111 497 2158 ct
523 2103 571 2157 in
600 2101 843 2159 habendo
869 2112 923 2158 et
949 2101 997 2158 iu
1030 2101 1257 2169 agendo.
1289 2102 1345 2158 lu
1382 2101 1630 2160 habendo
1652 2103 1770 2175 qui-

183 2173 335 2237 dem,
392 2190 509 2229 cum
543 2176 707 2230 dicit:
742 2176 846 2243 Qui
895 2176 1123 2230 habitant
1155 2177 1207 2229 in
1251 2177 1404 2229 domo
1451 2187 1538 2229 tua
1576 2173 1768 2245 super-

182 2245 421 2316 ccclesti,
457 2246 506 2316 in
537 2261 661 2316 qua,
695 2250 924 2309 scilicet,
957 2255 1011 2300 et
1042 2252 1247 2301 mansio
1271 2260 1469 2302 {eterna
1502 2256 1554 2300 et
1584 2247 1769 2302 liciitia

182 2315 307 2369 sine
338 2314 576 2370 tristitia.
628 2317 763 2384 Quia
803 2318 980 2372 nullus
1009 2318 1079 2372 ibi
1108 2332 1327 2387 pauper,
1377 2318 1551 2371 nullus
1582 2322 1762 2382 miser,

182 2388 365 2440 nullus
392 2389 652 2453 ini.ritius,
708 2390 883 2442 nullus
926 2403 1149 2456 egenus,
1198 2389 1432 2458 denique
1464 2389 1637 2443 nullus
1665 2390 1766 2443 nisi

182 2473 397 2511 Summa
430 2457 681 2512 felicitate
703 2459 957 2526 repletus.
989 2460 1193 2524 Agendi
1228 2457 1356 2513 vero
1382 2460 1765 2514 beatitudinem

180 2540 337 2583 notat
365 2544 484 2582 cuin
502 2530 654 2583 dicit:
682 2527 987 2582 Laudabunt
1008 2538 1054 2583 te
1076 2529 1126 2582 in
1152 2530 1680 2596 swculasa'culorum,
1711 2531 1765 2585 id

182 2609 289 2662 est,
320 2600 670 2654 :Blet'llalilel'.
703 2601 781 2654 Ne
807 2602 1019 2655 dubites
1049 2616 1115 2655 ne
1138 2603 1311 2670 possis
1346 2601 1491 2654 illnnt
1523 2601 1763 2668 laudare,

183 2686 345 2735 quem
391 2686 496 2725 non
543 2671 744 2739 poteris
775 2688 878 2724 non
919 2685 1121 2725 amare.
1173 2671 1495 2726 Insatiabilis
1525 2683 1608 2726 est
1642 2672 1765 2740 pul-

187 2740 464 2807 chritudo,
495 2750 549 2796 et
580 2742 701 2796 ideo
729 2757 879 2795 amor
900 2741 1219 2799 sinetaedio.

267 2809 459 2865 Beatus
480 2813 573 2866 vir.
610 2814 927 2879 Quasi'dicat
954 2829 965 2864 :
997 2812 1109 2865 Non
1139 2813 1309 2866 solum
1334 2812 1471 2866 beati
1501 2813 1551 2867 in
1570 2813 1763 2880 patria,

190 2882 286 2939 sed
315 2885 477 2937 etiam
500 2884 639 2939 beati
671 2887 721 2938 in
751 2884 829 2937 via
858 2893 911 2938 et
943 2886 994 2938 in
1025 2884 1229 2936 militia.
1282 2884 1409 2937 Nam
1451 2886 1627 2938 ontnis
1676 2883 1765 2939 ille

189 2965 275 3011 est
311 2955 505 3019 beatus,
537 2963 590 3009 et
621 2964 821 3008 tantum
852 2956 947 3020 vir,
982 2956 1031 3008 id
1062 2964 1163 3020 est,
1197 2955 1422 3009 viriliter
1446 2969 1628 3023 agens,
1658 2953 1763 3009 nisi

186 3026 413 3090 femina,
455 3027 602 3097 cujus
652 3027 905 3097 auxilium
933 3037 1007 3078 est
1051 3025 1138 3077 abs
1178 3035 1246 3090 te,
1282 3026 1337 3097 id
1385 3038 1486 3092 εει,
1518 3041 1673 3095 quem
1707 3035 1762 3080 tu

188 3098 435 3166 adjuvas.
477 3096 609 3151 Nam
641 3112 734 3164 per
764 3096 1022 3149 auxilium
1048 3106 1191 3148 tuum
1234 3096 1482 3165 disposuit
1503 3098 1761 3151 ascensio-

186 3185 297 3232 nes,
332 3168 383 3222 id
412 3178 514 3228 est,
546 3169 743 3237 gradus
773 3182 876 3220 non
900 3169 1232 3235 corporales,
1260 3168 1354 3221 sed
1382 3168 1435 3220 in
1466 3168 1619 3221 corde
1645 3183 1761 3234 suo,

187 3243 238 3295 id
271 3249 372 3306 εει,
396 3239 697 3308 spirituales
724 3255 739 3304 ;
767 3245 822 3292 et
850 3238 951 3291 hoc
976 3239 1027 3290 in
1043 3238 1174 3291 valle
1192 3238 1556 3308 lacrymarum,
1582 3239 1634 3293 id
1663 3248 1770 3303 est,

188 3312 244 3366 in
278 3313 529 3377 prtesenti
558 3310 683 3375 vita,
731 3324 851 3377 quae
880 3310 1175 3378 lacryinosa
1217 3318 1299 3363 est
1337 3320 1392 3364 et
1431 3310 1648 3365 miSera.
1696 3310 1774 3365 lbi

189 3382 333 3438 enim
361 3380 705 3451 lacrymatur,
756 3379 845 3434 ubi
891 3384 1229 3444 seminatur;
1281 3380 1351 3435 ibi
1400 3381 1636 3444 laetatur,
1682 3381 1774 3436 ubi

194 3452 481 3521 colligitur.
527 3452 883 3521 Ascensiones
910 3452 1028 3505 dico
1066 3452 1116 3503 in
1161 3452 1311 3505 illum
1358 3452 1530 3505 locum
1576 3451 1774 3520 perdu-

197 3520 403 3587 centes,
447 3539 596 3593 quem
628 3524 742 3590 ipse
789 3520 928 3593 Deus
972 3522 1163 3591 posuit,
1208 3523 1479 3593 proposuit
1525 3522 1775 3576 omnibus

197 3592 505 3666 petendum.
535 3598 726 3666 Quem,
754 3592 981 3666 scilicet,
1002 3594 1173 3666 locum
1197 3592 1499 3666 oculusnon
1518 3594 1662 3666 vidit,
1683 3607 1774 3647 nec

202 3664 345 3740 auris
373 3664 587 3740 audiuit,
619 3680 710 3740 nec
728 3666 780 3717 in
806 3678 894 3740 cor
922 3664 1142 3740 hominis
1182 3664 1555 3740 ascendit._\’el
1581 3665 1772 3740 aliter:

198 3734 467 3806 Disposuit
488 3736 805 3789 ascensiones
829 3736 881 3788 in
895 3737 1048 3806 Avalle
1066 3732 1409 3803 lacrymarum
1434 3736 1487 3789 in
1507 3732 1639 3806 loco‘,
1665 3734 1775 3806 scig

196 3804 340 3871 licet,
370 3806 462 3861 illo
488 3822 640 3876 quem
684 3806 801 3874 ipse
836 3804 998 3876 miser
1039 3805 1199 3859 homo
1246 3804 1645 3874 praevaricando
1673 3805 1774 3860 sibi

193 3880 387 3947 posuit,
439 3875 623 3942 idest,
676 3878 818 3931 iecit.
865 3875 971 3947 ,νει
1018 3877 1183 3929 etiam
1228 3892 1374 3943 quem
1425 3876 1564 3931 Dens
1607 3877 1775 3946 posuit

193 3948 347 4016 quasi
375 3947 442 4002 ad
470 3950 703 4001 stadium
731 3946 1001 4013 omnibus,
1026 3949 1247 4011 scilicet,
1300 3955 1355 4000 ut
1378 3948 1428 4000 iit
1458 3962 1523 4001 eo
1551 3963 1671 4001 cum
1701 3947 1776 4000 vi-

196 4022 284 4073 tiis
332 4028 386 4074 ει
429 4018 799 4088 spiritualtbus
840 4018 1070 4071 inimicis
1098 4018 1531 4087 conlligeremus.
1579 4016 1776 4071 Militia

193 4090 329 4144 enim
350 4090 451 4143 vita
473 4090 692 4143 hominis
712 4103 866 4157 super
888 4098 1094 4141 terram.
1124 4089 1466 4143 Ascetisionis
1489 4099 1641 4143 voeat
1669 4089 1775 4142 vir-

198 4170 337 4216 tutes
367 4162 586 4230 agendtc
615 4161 735 4214 vita:
757 4161 1109 4225 necessarias,
1141 4160 1367 4225 scilicet,
1401 4160 1579 4224 tidem,
1598 4174 1774 4228 spem,

198 4231 532 4286 charitutem.
570 4233 637 4287 Et
666 4231 762 4284 has
803 4231 963 4285 etiam
994 4241 1222 4297 quatuor
1253 4231 1576 4299 principales
1610 4234 1777 4284 virtu-

196 4314 300 4369 tes,
333 4304 559 4369 scilicet,
610 4301 968 4371 prudentiam,
1010 4302 1298 4371 justitiam,
1344 4303 1773 4371 temperantiam,

200 4376 590 4439 fortitudinem,
634 4382 691 4428 et
733 4388 852 4440 quae
880 4373 981 4425 sub
1031 4373 1133 4427 illis
1158 4382 1300 4426 sunt.
1354 4373 1638 4426 Prudentia
1669 4380 1773 4438 est,

199 4460 303 4515 qua
332 4445 685 4500 discernimus
710 4444 847 4498 inter
869 4443 1077 4515 bonum
1097 4454 1150 4497 et
1178 4442 1374 4496 malum
1399 4460 1413 4507 ;
1439 4443 1644 4511 justitia
1666 4456 1768 4511 εει,

1791 3140 1839 3204 ϐ

1858 690 1977 744 deni
2010 692 2327 757 producebat
2359 693 2617 757 infirmos,
2672 695 2764 749 sed
2794 690 2899 750 non
2949 698 3175 751 sanabat
3200 712 3314 753 eos.
3337 690 3433 754 ’δί-

1859 770 1949 814 ειιι
1984 772 2036 838 et
2065 763 2298 838 quinque
2328 764 2563 838 porticus
2611 764 2719 838 illae
2746 768 2887 822 circa
2919 769 3242 836 probaticam
3274 768 3433 838 pisci-

1862 845 1984 885 nam
2018 833 2260 904 inlirinos
2288 835 2502 903 quidem
2548 833 2932 904 producebant,
2975 840 3067 894 sed
3100 833 3300 893 nulloin
3344 855 3434 893 sa-

1860 904 2081 979 tiabant.
2135 903 2282 979 Aqua
2337 903 2569 979 quinque
2618 908 2909 979 porticibus
2952 909 3125 964 cincta
3175 920 3259 964 est
3305 925 3435 979 gens

1860 971 2043 1027 Judma
2095 971 2327 1044 quinque
2355 971 2634 1043 legalibus
2677 978 2826 1031 libris
2874 980 3145 1035 conclusa.
3202 980 3257 1034 In
3300 971 3436 1034 hanc

1859 1057 2054 1116 aquam
2084 1046 2440 1100 descendebat
2465 1048 2686 1114 angelus
2719 1049 2924 1104 Domini
2953 1048 3022 1105 de
3050 1051 3209 1116 coelo,
3237 1060 3292 1104 et
3321 1062 3437 1105 tur-

1861 1114 2177 1188 babatcam.
2228 1116 2293 1171 Et
2317 1119 2559 1187 quisquis
2591 1134 2728 1173 unus
2776 1120 2922 1188 prior
2970 1114 3333 1176 descendebat
3381 1122 3434 1176 iit

1861 1184 2125 1261 turbatam
2153 1184 2365 1261 aquam,
2390 1184 2705 1261 satiabatur.
2736 1184 2995 1246 Similiter
3024 1192 3228 1259 Angeln
3259 1189 3436 1261 magni

1858 1257 2067 1331 consilii
2098 1258 2453 1331 descendente
2502 1260 2568 1313 de
2609 1260 2749 1314 coelo
2778 1303 2791 1327 ,
2838 1276 3007 1329 aqua,
3053 1257 3132 1315 id
3154 1270 3238 1315 est
3286 1257 3433 1331 gens,

1862 1326 2067 1377 turbata
2106 1337 2189 1381 est
2230 1328 2280 1380 in
2315 1338 2540 1391 tantum,
2571 1332 2711 1399 quod
2740 1326 2904 1385 etiam
2941 1331 3234 1399 phrenetici
3264 1326 3435 1387 inedi;

1859 1409 1979 1473 cum
2011 1399 2345 1473 occiderunt.
2364 1400 2708 1473 ΔΙιιιειιίίςὶιυι
2734 1411 2911 1473 autem
2944 1417 3037 1471 per
3058 1418 3249 1473 aquam
3292 1405 3438 1459 illam

1863 1466 2125 1545 turbatam
2151 1470 2327 1545 passio
2353 1470 2572 1545 Christi,
2616 1471 2909 1545 qiiaelacta
2938 1466 3017 1527 est
3046 1466 3122 1527 εί
3141 1473 3441 1545 turbatione

1863 1537 1971 1612 illa.
2009 1538 2065 1591 In
2091 1540 2245 1612 cujus
2270 1542 2531 1609 passionis
2570 1537 2924 1597 humilitatem
2955 1546 2997 1596 si
3029 1546 3148 1612 quis
3168 1542 3440 1598 credendo

1869 1607 2357 1684 descenderitpet
2387 1628 2522 1684 unus
2564 1614 2721 1667 fuerit
2764 1627 2868 1666 non
2910 1607 3134 1678 divisus,
3177 1615 3299 1684 quia
3341 1615 3441 1668 Ec-

1869 1678 2032 1732 clesia
2062 1696 2166 1734 non
2198 1682 2353 1734 habet
2375 1682 2630 1747 scltisma,
2657 1684 2746 1738 ille
2770 1698 2890 1737 vere
2917 1699 3012 1751 per
3044 1678 3222 1751 fidem,
3258 1684 3307 1739 id
3336 1693 3438 1750 est,

1800 1772 1848 1833 Β
1876 1752 2207 1833 pergratiatn
2230 1752 2530 1833 sanabitur,
2558 1756 2707 1833 _quia
2752 1768 2855 1833 noti
2887 1765 3089 1833 potest
3118 1755 3295 1833 sanari
3346 1770 3440 1833 per

1876 1821 2158 1895 porticum,
2193 1822 2241 1874 id
2269 1834 2371 1886 εει,
2423 1824 2746 1895 perlegem.
2795 1826 2857 1877 Et
2885 1824 3003 1878 ideo
3040 1826 3232 1879 dicitur
3273 1821 3443 1895 gratia

1871 1890 2175 1964 sublevans,
2216 1908 2373 1959 quam
2414 1890 2636 1961 gratiam
2665 1906 2816 1947 vocat
2851 1890 3298 1961 benedictionem,
3320 1897 3445 1964 quia

1870 1963 2094 2014 contulit
2138 1966 2329 2015 inultas
2361 1966 2609 2017 virtutes.
2662 1966 2765 2017 Alii
2794 1970 2928 2017 enim
2968 1967 3120 2018 datus
3162 1974 3238 2019 est
3279 1963 3446 2020 sermo

1869 2033 2125 2111 ξςιεηέὶιῑιι,
2154 2032 2245 2111 alii
2284 2034 2584 2111 prop/retire,
2612 2036 2704 2091 alii
2744 2034 3041 2109 linguarum
3082 2052 3289 2111 genera,
3337 2047 3445 2091 etc.

1872 2103 1936 2159 Et
1977 2110 2129 2176 quissi
2170 2103 2347 2162 dicat:
2380 2103 2528 2175 Quid
2571 2103 2748 2163 autem
2788 2103 2864 2164 eis
2906 2126 2999 2178 per
3044 2103 3183 2164 illam
3229 2103 3449 2167 benedi-

1872 2178 2153 2251 etionein?
2204 2180 2556 2251 llespondet:
2610 2180 2833 2234 Multum
2882 2182 3135 2250 quidem,
3175 2183 3296 2251 quia
3350 2197 3447 2251 per

1869 2262 1985 2299 eam
2016 2248 2154 2301 ibunt
2178 2250 2239 2301 de
2267 2252 2451 2303 virtute
2469 2252 2715 2317 actionis,
2747 2266 2867 2319 qua:
2904 2248 3011 2305 non
3056 2262 3139 2306 est
3176 2248 3313 2316 una,
3346 2248 3443 2308 sed

1872 2320 2167 2387 multiplex,
2202 2329 2259 2373 ut
2286 2337 2443 2388 supra
2484 2322 2680 2377 dictum
2712 2332 2815 2389 est,
2847 2324 2899 2375 in
2941 2324 3175 2375 uirtutem
3201 2333 3445 2378 contem-

1872 2389 2143 2455 plationis.
2186 2390 2235 2443 id
2282 2401 2401 2456 est,
2448 2406 2615 2461 usque
2663 2392 2729 2446 ad
2773 2392 3239 2461 contemplandum
3279 2394 3440 2447 Chri-

1873 2468 2034 2525 stum,
2073 2461 2265 2529 quiest
2305 2463 2399 2516 Dei
2428 2463 2594 2516 virtus
2616 2474 2671 2517 et
2710 2463 2803 2517 Dei
2837 2462 3134 2531 sapientia;
3170 2479 3263 2531 per
3283 2480 3446 2534 quam

1869 2544 2025 2602 uitaui
2057 2540 2331 2593 virtutem,
2372 2534 2503 2586 alias
2544 2535 2685 2588 enim
2728 2534 2949 2589 virtutes
2978 2535 3446 2602 conieitiplationis

1870 2600 2179 2675 habebunt,
2230 2604 2466 2675 scilicet,
2516 2604 2832 2675 cliaritatem
2876 2600 3342 2675 perfectissimam,
3388 2613 3448 2660 ut

1870 2673 2193 2726 mternaliter
2253 2673 2421 2728 Deum
2477 2674 2715 2742 laudent,
2775 2685 2828 2729 et
2867 2673 3341 2740 immortalitatem,
3394 2685 3449 2731 et

1869 2742 2368 2815 inipassibilitatein,
2411 2754 2464 2798 et
2506 2746 2739 2811 similia,
2788 2756 2843 2801 et
2885 2748 2937 2801 in
2988 2762 3146 2815 quam
3194 2748 3449 2802 virtutem

1867 2810 2039 2876 ibunt,
2072 2814 2390 2885 determinat
2419 2815 2604 2870 dicens
2629 2834 2640 2868 :
2673 2810 2795 2885 quia
2822 2810 3073 2870 uidebitur
3102 2818 3155 2870 in
3192 2816 3324 2871 Sion
3353 2832 3448 2871 su-

1872 2884 2177 2951 percmlesti
2218 2885 2353 2940 Deus
2382 2887 2612 2953 deorum,
2654 2884 2707 2941 id
2736 2896 2836 2951 cst,
2863 2890 3107 2942 Christus
3127 2888 3453 2941 Christiano-

1865 2968 2007 3010 rum.
2034 2956 2135 3023 Qui
2174 2958 2307 3008 dedit
2332 2960 2402 3011 eis
2422 2967 2719 3021 potestatein
2753 2958 2890 3027 ﬁlios
2930 2956 3026 3012 Dei
3065 2957 3177 3026 ﬁeri
3201 2998 3218 3026 ,
3244 2959 3321 3012 Itis
3364 2958 3454 3027 qui

1866 3028 2077 3098 credunt
2105 3027 2157 3079 in
2183 3031 2380 3098 nomine
2397 3030 2526 3098 ejus.

1938 3095 2157 3169 Domine
2178 3096 2312 3152 Deus
2340 3095 2597 3154 virtutum.
2628 3098 2733 3154 Iste
2761 3100 2849 3169 qui
2883 3098 2970 3152 hic
2999 3099 3230 3168 loquitur
3261 3113 3327 3154 es
3365 3113 3457 3155 re-

1871 3168 2182 3223 cordatione
2207 3169 2522 3237 gaudiorum
2551 3170 2762 3223 rediens
2784 3169 2851 3223 ad
2876 3184 2971 3223 sua
2998 3172 3298 3237 superiora,
3341 3170 3450 3223 sci-

1874 3238 2000 3293 licet
2035 3242 2101 3291 ad
2134 3240 2440 3303 toreularia,
2486 3242 2612 3310 quia
2664 3241 2796 3294 vidit
2830 3241 2973 3309 quod
3009 3239 3117 3309 jam
3159 3255 3453 3310 praecesse-

1872 3311 1941 3363 rit
1970 3324 2085 3377 spe,
2125 3319 2179 3364 et
2208 3310 2295 3381 ubi
2341 3310 2514 3365 adhuc
2560 3312 2631 3365 sit
2669 3311 2724 3364 in
2750 3326 2839 3381 re,
2887 3318 2942 3365 ει
2986 3311 3109 3381 quia
3145 3313 3321 3367 adhuc
3370 3320 3453 3367 εει

1873 3388 2084 3449 tempus
2133 3379 2339 3446 orandi,
2381 3381 2614 3435 nonduin
2663 3380 2950 3447 laudandi,
3009 3379 3067 3437 et
3112 3391 3319 3450 tempus
3359 3396 3453 3450 ge—

1872 3451 2073 3513 mendi,
2117 3451 2351 3506 nondum
2396 3451 2683 3521 gaudendi,
2730 3453 2849 3507 ideo
2892 3462 3011 3507 orat
3050 3462 3104 3508 et
3140 3453 3306 3508 dicit:
3338 3451 3452 3507 Do-

1872 3522 2009 3576 mine
2036 3522 2177 3575 Deus
2203 3522 2362 3578 etiam
2393 3525 2659 3587 uirtutum,
2690 3524 2877 3577 exaudi
2918 3526 3203 3578 orationem
3248 3537 3455 3589 nteant;

1874 3595 2099 3662 percipe,
2133 3592 2277 3661 dico,
2307 3592 2466 3647 etiam
2507 3594 2736 3657 auribus,
2771 3595 2821 3648 id
2851 3603 2954 3659 est,
2990 3596 3059 3648 ita
3098 3610 3216 3650 eam
3245 3595 3453 3662 audias,

1876 3674 1932 3718 ut
1989 3679 2087 3732 per
2135 3663 2383 3719 effectum
2446 3674 2496 3720 te
2554 3680 2700 3734 eam,
2733 3665 3038 3734 percepisse
3096 3667 3455 3721 attentissime

1873 3736 2148 3803 ostendas,
2181 3743 2233 3788 tu
2263 3736 2353 3805 qui
2391 3749 2450 3790 es
2490 3734 2624 3790 Deus
2668 3733 2853 3802 Iacob,
2894 3733 3096 3790 lactens
3133 3736 3202 3791 de
3243 3736 3463 3806 prolici-v

1874 3806 2143 3859 scentibus
2188 3808 2580 3871 pervenientes.
2622 3806 2786 3873 Quasi
2833 3807 3014 3862 dicat:
3044 3806 3161 3873 Tu,
3203 3808 3450 3873 Domine,

1874 3878 1964 3945 qui
1991 3877 2168 3931 fecisti
2192 3876 2258 3948 de
2283 3876 2445 3931 Jacob
2491 3876 2676 3941 lsrael,
2708 3879 2791 3933 l‘ac
2814 3877 2881 3933 de
2902 3893 2989 3935 me
3028 3880 3453 3948 proﬁciscentem

1878 3956 1935 4000 ut
1966 3948 2171 4002 videam
2198 3945 2361 4001 Dettttt
2389 3948 2610 4002 deorum
2644 3951 2696 4002 in
2726 3950 2877 4003 Sion.

1875 4035 1909 4087 ι,
1948 4018 2217 4072 Protector
2240 4028 2424 4072 noster.
2451 4016 2677 4082 Exaudi,
2702 4020 2939 4087 inquam,
2962 4020 3245 4072 orationem
3266 4033 3449 4085 meam,

1876 4086 2014 4143 Deus
2042 4088 2225 4153 Jacob,
2262 4099 2336 4155 tu,
2381 4088 2524 4154 dico,
2557 4086 2990 4159 Deus‘protector
3031 4099 3222 4159 noster,
3256 4090 3307 4142 id
3345 4098 3450 4155 est,

1875 4164 1964 4229 qui
1992 4175 2090 4214 nos
2137 4164 2189 4212 in
2234 4161 2315 4213 via
2366 4158 2599 4227 protegis
2642 4172 2747 4211 non
2793 4170 2897 4211 tant
2947 4160 3147 4214 lumine
3192 4170 3456 4215 nocturno

1876 4246 2033 4300 quam
2077 4231 2233 4283 etiam
2283 4230 2661 4283 obumbraeulo
2705 4229 2919 4285 diurno.
2967 4230 3149 4298 Aspice
3199 4247 3296 4285 nos
3355 4245 3451 4296 per

1877 4302 2317 4365 llllsel'iCOI‘dlam,
2372 4310 2425 4352 et
2470 4301 2557 4367 qui
2594 4300 2739 4367 prius
2769 4300 3065 4369 despexisti
3099 4315 3198 4355 nos
3229 4304 3279 4356 in
3313 4301 3449 4356 facie

1878 4382 2081 4435 nostra,
2111 4372 2309 4441 respice
2337 4370 2387 4421 in
2416 4372 2597 4439 [aciem
2629 4369 2818 4425 Christi
2866 4373 2962 4436 tui,
3013 4372 3063 4425 id
3108 4382 3211 4436 est,
3242 4373 3454 4441 respice

1880 4443 1932 4496 in
1961 4457 2079 4507 nos,
2126 4444 2177 4495 in
2209 4440 2401 4507 quibus
2436 4440 2547 4508 jam
2590 4454 2814 4509 apparet
2847 4444 3006 4497 iacies
3038 4443 3235 4497 Christi
3270 4440 3365 4510 tui,
3399 4453 3457 4497 ut

198 4511 303 4585 qua
330 4517 523 4584 cuique
571 4517 853 4585 tribuimus
881 4514 1019 4582 quod
1051 4514 1331 4580 debemus,
1382 4522 1439 4567 ut
1460 4553 1474 4577 ,
1521 4515 1660 4568 sicut
1696 4515 1771 4566 ait
1796 4515 1849 4576 D
1876 4514 2040 4568 facias
2064 4526 2160 4567 nos
2189 4512 2259 4566 de
2283 4511 2658 4585 Jacob1srael,
2694 4513 2747 4567 id
2773 4522 2875 4581 εει,
2924 4524 2980 4568 ιιι
3007 4517 3177 4569 simus
3206 4515 3449 4570 videntes

196 4584 486 4654 Apostolus
508 4605 519 4640 :
555 4584 765 4640 Nemini
789 4586 1066 4655 quidquam
1088 4586 1307 4638 debeatis
1329 4586 1429 4637 nisi
1455 4600 1539 4638 vos
1561 4585 1771 4637 invicem

197 4660 459 4727 diligatis;
510 4658 859 4727 temperantia
889 4665 992 4723 est,
1042 4671 1145 4724 qua
1179 4656 1538 4727 libidinemret
1584 4670 1772 4708 omnes

197 4726 441 4782 carnales
466 4727 925 4797 concupisceitiias
948 4727 1317 4791 refrenamus;
1352 4726 1610 4780 fortitudo
1639 4740 1772 4780 vero

198 4812 298 4865 est,
330 4815 434 4867 qua
457 4800 685 4854 adversa
732 4802 1045 4853 tolerantur.
1076 4798 1142 4851 Et
1174 4798 1255 4852 ha:
1285 4800 1504 4852 virtutes
1535 4811 1772 4862 praised-

197 4873 265 4924 tis
296 4880 498 4923 tantum
530 4881 653 4924 sntit
680 4870 823 4933 vitm,
873 4885 978 4923 non
1011 4870 1220 4922 futurae.
1266 4868 1381 4923 Non
1413 4868 1773 4937 indigebimus

200 4944 499 5011 prudentia,
554 4941 840 5011 ubiinulla
888 4943 1224 4997 incurrerunt
1270 4942 1448 5001 maia;
1496 4955 1667 5007 neque
1691 4937 1777 5011 ju-g

162 5009 382 5081 ‘Siilla,
432 5013 521 5066 ubi
570 5010 699 5065 nihil
751 5014 805 5065 lit
846 5011 1084 5080 injuste;
1144 5026 1244 5066 nec
1296 5016 1649 5078 temperantia
1695 5009 1778 5064 vel

199 5084 555 5149 fortitudine,
612 5083 703 5137 ubi
752 5084 1188 5152 concupiscentia
1236 5084 1421 5148 nulla,
1470 5082 1772 5136 adversitas

199 5156 363 5210 nulla.

267 5223 477 5278 Etenim
500 5223 918 5279 benedictionem.
964 5226 1207 5282 Ostendit
1227 5223 1496 5293 quomodo
1518 5223 1607 5278 ille
1625 5222 1780 5293 cujus

202 5308 284 5351 est
320 5297 580 5367 auxilium
606 5312 636 5350 a
666 5296 893 5351 Domino
919 5297 1204 5367 disponere
1223 5296 1476 5366 potuerit,
1505 5310 1781 5350 aseensm—

203 5383 296 5423 nes
326 5365 548 5432 scilicet,
605 5370 725 5436 quia
775 5369 987 5435 adjutus
1007 5365 1097 5425 est
1145 5384 1176 5423 a
1219 5365 1536 5422 subleVaitte
1584 5374 1778 5435 gratia.

200 5440 438 5509 Namque
469 5440 600 5492 lator
633 5439 758 5509 legis
783 5439 923 5493 dabit
952 5439 1368 5504 benedictionem,
1401 5439 1501 5491 hoc
1532 5450 1637 5503 est,
1675 5438 1751 5491 Do

204 5516 402 5577 minus,
434 5526 521 5578 qui
553 5512 703 5566 dedit
742 5513 913 5580 legent
945 5512 1354 5580 deprimentein,
1407 5509 1553 5563 dabit
1581 5520 1633 5561 et
1656 5524 1780 5576 gra-

204 5586 331 5638 tiam
359 5584 745 5636 sublevantem.
780 5586 893 5637 Les
928 5584 1046 5636 ideo
1075 5583 1271 5643 dicitur
1298 5582 1627 5648 deprimens,
1658 5581 1782 5648 quia

204 5669 306 5709 non
337 5658 506 5721 potuit
554 5658 781 5725 salvare,
831 5656 922 5709 sed
956 5666 1168 5721 peccata
1223 5662 1424 5706 tantum
1476 5651 1784 5705 ostendere.

204 5724 356 5783 Unde
384 5726 455 5778 nit
488 5728 805 5795 Apostolus:
846 5725 906 5781 Si
935 5728 1069 5779 enim
1103 5727 1224 5778 data
1246 5732 1373 5779 esset
1405 5726 1508 5790 lex,
1536 5737 1649 5791 qua:
1669 5737 1784 5791 pos-

203 5810 275 5859 set
309 5794 587 5869 vivi/icare,
610 5812 724 5875 uere
752 5812 815 5854 ea;
843 5798 951 5868 lege
979 5806 1107 5863 esset
1138 5796 1364 5868 justitia.
1421 5795 1599 5853 Potuit
1626 5794 1787 5850 etiam

1876 4585 2044 4638 Deuin
2075 4586 2295 4638 deorum
2324 4583 2374 4636 iit
2406 4582 2554 4638 Sion.

1947 4656 2079 4720 Quia
2118 4656 2297 4708 melior
2325 4664 2395 4706 est
2442 4656 2550 4707 dies
2592 4669 2746 4709 unus.
2793 4655 2918 4709 Ideo
2960 4670 3057 4709 oro
3091 4665 3149 4710 ut
3192 4654 3354 4709 iacias
3386 4654 3457 4713 de

1875 4726 2038 4781 Jaeob
2061 4727 2258 4789 Israel;
2307 4728 2427 4793 quia
2464 4728 2574 4779 dies
2615 4741 2731 4794 qua:
2753 4740 2969 4796 semper
2996 4738 3077 4781 est
3103 4744 3207 4780 una
3230 4728 3285 4779 in
3309 4729 3458 4781 atriis

1877 4799 1981 4851 tuis
2036 4797 2532 4865 superemlestibus,
2580 4797 2714 4863 dies,
2759 4798 2979 4863 scilicet,
3028 4799 3144 4852 sine
3185 4799 3308 4863 line,
3332 4800 3457 4865 quia

1877 4872 1991 4923 sine
2039 4879 2158 4924 ortu
2190 4879 2243 4921 et
2269 4884 2492 4933 occasu,
2540 4883 2658 4938 qua!
2690 4882 2787 4922 nec
2816 4870 3132 4938 prmceditur
3182 4871 3453 4930 hesterna.

1880 4950 2098 5009 urgetur
2142 4942 2396 5007 crastina,
2440 4948 2515 4993 est
2568 4938 2747 4992 melior
2787 4955 2941 5009 super
2989 4941 3175 5003 millia,
3235 4939 3287 4993 id
3336 4951 3454 5006 est,

1881 5011 2038 5078 longe
2084 5011 2202 5079 plus
2241 5024 2398 5079 quam
2441 5010 2602 5064 inulta
2656 5009 2816 5063 millia
2866 5012 3071 5065 dierum
3123 5019 3451 5064 nostrorum.

1881 5087 2153 5149 Appetunt
2185 5082 2364 5136 miseri
2392 5082 2637 5135 homines
2660 5082 2827 5135 millia
2854 5081 3061 5136 dierum
3079 5099 3093 5136 :
3111 5091 3459 5135 contemnant

1880 5155 2042 5207 millia
2065 5153 2294 5217 dierum,
2322 5162 2376 5206 et
2403 5159 2655 5219 appetant
2680 5167 2836 5204 unam
2869 5154 3031 5217 diem,
3063 5155 3184 5223 quia
3214 5167 3318 5205 una
3348 5154 3456 5207 dies

1886 5223 2067 5276 melior
2090 5232 2161 5277 est
2190 5226 2369 5278 multis
2390 5223 2619 5277 millibus
2640 5223 2867 5277 dierum.

1956 5293 2102 5365 Elogi
2126 5296 2348 5365 abjectus
2372 5311 2496 5349 esse.
2525 5296 2583 5347 Et
2607 5309 2726 5363 qnia
2754 5310 2856 5347 una
2882 5294 2988 5351 dies
3012 5294 3190 5351 melior
3210 5303 3309 5361 est,
3338 5294 3459 5349 ideo

1887 5376 1943 5419 ut
1976 5369 2329 5436 pei'tiiigereiu
2371 5369 2435 5419 ad
2473 5365 2617 5418 illam
2655 5380 2814 5419 uitam
2844 5366 3009 5428 diem.
3053 5367 3181 5435 elegi
3208 5366 3458 5434 abjectus,

1886 5439 1939 5493 id
1968 5449 2069 5504 est,
2103 5439 2315 5492 humilis
2343 5446 2397 5492 et
2426 5437 2707 5505 despectus
2730 5452 2837 5492 esse
2862 5439 2917 5491 in
2946 5439 3096 5491 domo
3140 5438 3233 5490 Dei
3259 5439 3376 5504 mei,
3409 5438 3461 5492 id

1886 5518 1989 5574 est,
2039 5511 2089 5563 in
2140 5510 2386 5579 praesenti
2435 5508 2692 5573 Ecclesia,
2746 5523 2862 5577 qua:
2904 5508 3100 5563 dicitur
3152 5510 3313 5563 etiam
3365 5523 3458 5576 per

1889 5581 2064 5635 simile
2095 5585 2232 5634 sicut
2258 5590 2310 5633 ct
2339 5578 2759 5646 tabernaculum,
2808 5582 2969 5650 magis
3013 5596 3167 5649 quam
3207 5580 3458 5647 habitare,

1890 5654 1940 5706 id
1976 5662 2075 5713 esl,
2108 5666 2268 5721 quam
2314 5650 2845 5722 divitiisabundare,
2875 5664 2929 5706 et
2956 5667 3182 5722 regnare
3208 5653 3261 5705 in
3293 5652 3465 5704 taber-

1890 5725 2111 5788 naculis,
2149 5724 2197 5776 td
2227 5731 2329 5787 est,
2359 5722 2412 5775 iii
2443 5721 2685 5778 satietate
2720 5721 3059 5791 peccatorum,
3102 5726 3261 5780 etiam
3301 5724 3345 5777 si
3391 5722 3463 5776 ibi

1891 5810 2103 5865 possem
2135 5793 2398 5864 habitare,
2431 5793 2481 5850 id
2508 5804 2612 5861 est,
2644 5806 2901 5867 perpetuo
2932 5810 3169 5853 manere.
3200 5792 3469 5853 Intellesit

2664 5996 2704 6007 ⁸-
2763 6000 2795 6014 9
