4006 6364
119 314 245 378 9'4!

821 309 888 370 IN
925 312 1348 374 PSALMORUM
1387 311 1647 370 LIBRUM
1688 311 2050 372 EXEGESIS.
2090 342 2161 355 —-
2196 309 2442 370 PSALM.
2483 301 2747 369 LXXXV.

3304 316 3412 374 942

117 430 280 486 lilia
308 426 794 502 Davld_sec_u_ndum
825 419 1232 502 humanitatem,
1269 429 1519 486 Dominus
1543 437 1722 502 autem
1753 432 1805 493 Α
1900 427 2371 502 Αωζίὸιιεᾼρενεῳε.
2403 425 2466 482 Et
2496 427 2619 502 quia
2668 426 2852 502 multa:
2898 425 3278 502 misericordia
3326 450 3410 502 es,

116 511 180 556 et
209 513 434 556 creator
472 500 637 554 David
682 500 971 553 secundum
1017 500 1349 555 divinitatem
1384 510 1501 554 orat
1541 499 1594 554 in
1623 498 1744 568 11οε¹

118 573 351 641 psalmo
373 574 426 625 in
459 586 679 639 persona
726 570 888 623 David
934 572 1099 636 servi,
1133 579 1188 625 et
1215 587 1278 626 ex
1313 585 1532 640 persona
1560 570 1722 641 servi.

114 637 272 697 Cum
298 643 443 699 enim
461 637 611 696 unus
626 641 871 695 Christus
901 643 968 698 sit
995 652 1152 709 caput
1173 649 1228 696 et
1247 637 1460 711 corpus,
1485 637 1756 710 quisquis'

115 715 180 768 in
227 729 462 783 corpore
485 711 682 767 Christi
708 721 852 778 orat,
901 714 1026 783 quia
1077 728 1239 774 unum
1282 712 1423 783 quod
1461 728 1580 768 cum
1610 711 1727 783 ipso

114 794 243 852 est,
277 782 346 840 in,
367 800 594 858 persona
618 785 732 852 ejus
758 794 891 837 orat.
918 782 1244 858 oratautem
1276 782 1527 853 prail‘atns
1561 782 1724 837 David

113 871 232 924 pro
259 855 655 912 resurrectione
680 869 774 908 sua
817 855 1089 920 exteriori,
1118 865 1170 910 et
1199 870 1294 925 pro
1339 869 1555 908 suorum
1586 868 1728 910 nunc

115 927 357 984 interim
389 927 650 990 interiori,
685 925 896 980 tandem
942 940 1068 980 vero
1115 927 1401 991 exteriori;
1435 941 1538 980 non
1584 925 1726 995 quod

117 1000 256 1069 ipse
289 1013 512 1054 necesse
543 997 733 1051 habeat
759 1012 933 1069 orare,
967 997 1148 1069 sedut
1178 996 1726 1069 nobis_det__lormam

115 1066 353 1136 orandi,
407 1069 546 1124 sicut
583 1079 636 1122 et
685 1066 989 1138 exeinplnm
1037 1067 1270 1122 vivendi.
1325 1066 1390 1122 Et
1440 1067 1567 1121 dicit
1613 1067 1723 1138 ita;

114 1143 167 1196 Ο
204 1142 456 1208 Domine,
485 1138 678 1193 inclina
719 1136 897 1192 aurem
925 1149 1065 1190 tuam
1101 1140 1166 1192 ad
1215 1154 1300 1192 me
1324 1179 1339 1204 ,
1364 1146 1613 1208 tanquam
1661 1136 1730 1192 ad

116 1207 447 1278 humilem,
478 1221 725 1277 tanquam
786 1211 852 1262 ad
897 1207 1316 1263 misericordiam
1373 1209 1721 1278 indigentem.

117 1285 304 1351 Quasi
334 1285 475 1336 dicat
507 1300 518 1334 :
549 1282 663 1335 Non
688 1281 830 1350 erigo
859 1294 956 1350 ego
1003 1284 1292 1346 cervicem,
1317 1279 1510 1334 inclina
1543 1289 1598 1334 tu
1636 1293 1730 1334 au-

119 1370 280 1408 rem.
315 1353 558 1424 Intelligo
587 1353 731 1406 enim
785 1363 841 1424 te
889 1352 1557 1424 sursum,medeorsnm;
1603 1351 1728 1406 tein

118 1426 441 1491 altitudine,
470 1421 554 1478 me
582 1423 632 1476 in
666 1423 976 1476 humilitate.
1002 1421 1226 1487 lnclina,
1257 1423 1467 1490 inquam
1487 1463 1501 1488 ,
1531 1438 1727 1486 aurem,

119 1505 172 1549 et
207 1499 410 1549 exaudi
433 1511 529 1560 me,
561 1495 611 1548 id
643 1502 745 1559 est,
797 1507 888 1561 per
915 1492 1162 1546 ell‘ectuin
1201 1493 1422 1547 ostende
1467 1494 1607 1562 quod
1638 1508 1732 1546 ex-

123 1568 382 1622 audieris
414 1582 518 1620 me.
565 1565 632 1618 Et
681 1565 846 1618 debes
894 1565 1166 1628 exaudire,
1197 1564 1439 1630 quoniam
1476 1579 1570 1634 ego
1617 1579 1732 1618 sum

119 1640 290 1707 inops
317 1638 371 1692 in
396 1652 480 1694 me
511 1646 563 1690 et
585 1635 650 1707 in
678 1637 834 1707 meis,
859 1635 910 1688 id
939 1645 1042 1701 est,
1073 1641 1264 1704 reputo
1292 1634 1728 1707 insullicientein,

121 1722 186 1764 et
227 1704 612 1762 misericordia
644 1705 988 1774 indigentem,
1020 1713 1066 1759 et
1109 1720 1226 1760 sum
1278 1720 1491 1774 pauper,
1524 1704 1578 1760 id
1625 1715 1730 1769 est,

127 1781 388 1834 immitis.
424 1779 649 1833 Divitem
681 1791 822 1830 enim
854 1787 908 1831 et
945 1775 1230 1844 superbum
1263 1775 1402 1830 Deus
1432 1792 1539 1831 non
1571 1791 1734 1832 exau-

123 1853 236 1904 dit.
289 1848 369 1904 Ne
415 1861 588 1906 tamen
632 1857 779 1916 putet
828 1848 1020 1917 aliquis
1060 1847 1200 1917 quod
1245 1848 1363 1900 illos
1393 1846 1483 1917 qui
1537 1849 1736 1902 habent

123 1937 335 1976 aurum
367 1931 419 1976 ct
463 1929 770 1989 argentum,
806 1935 910 1972 non
961 1919 1210 1972 exaudiat
1260 1917 1419 1989 Deus.
1464 1919 1732 1973 Abraham

123 1995 284 2047 enini
315 2003 368 2045 et
409 1988 574 2046 Jacob
599 1998 651 2043 et
690 1989 854 2042 David
887 1990 1051 2043 multa
1086 1988 1456 2060 possederunt,
1487 2005 1622 2058 quos
1653 1998 1726 2042 ta-

124 2078 266 2118 men
327 2062 468 2117 Dens
516 2061 832 2126 exaudivit,
881 2061 1004 2129 quia
1043 2059 1348 2132 pauperes
1391 2059 1508 2129 ejus
1559 2069 1733 2114 erant.

123 2135 329 2189 Omnis
374 2133 516 2188 enini
570 2132 660 2186 ille
692 2132 784 2202 qui
815 2129 1202 2202 ilbleilriiiUtiv,
1247 2129 1388 2184 unde
1430 2144 1609 2198 posset
1635 2145 1737 2197 ,διι-

127 2207 382 2276 perbire,
401 2205 560 2272 etqni
592 2201 724 2256 illud
749 2201 1046 2276 communit
1067 2204 1130 2276 in
1160 2215 1218 2257 se
1239 2203 1380 2276 quod
1407 2211 1588 2269 posset
1614 2216 1736 2276 eum

127 2272 355 2341 inﬂare,
387 2291 513 2328 vere
543 2283 624 2327 est
650 2287 872 2343 pauper.
895 2272 970 2326 De
1010 2273 1202 2328 talibus
1244 2273 1385 2326 enim
1420 2273 1738 2341 pauperibus

125 2351 272 2402 dicit
319 2345 633 2415 Apostolus,
667 2347 908 2398 scribens
956 2343 1022 2397 ad
1070 2343 1455 2398 ’l‘itnotlteum:
1502 2343 1737 2413 Prtecipe

127 2419 386 2473 divitibus
416 2417 570 2484 huius
599 2417 772 2469 saculi
802 2431 904 2467 non
932 2415 1145 2486 sublime
1173 2429 1368 2486 sapere,
1402 2429 1491 2467 nec
1533 2429 1739 2481 sperare

129 2494 187 2545 in
219 2492 421 2544 incerto
448 2488 765 2551 divitiarum,
793 2488 880 2539 sed
906 2486 959 2538 in
982 2484 1091 2538 Deo
1122 2484 1238 2538 vivo
1261 2496 1304 2539 et
1328 2499 1465 2552 vero,
1491 2486 1579 2556 qui
1603 2501 1741 2557 prte-

129 2572 240 2615 stat
275 2561 422 2629 nobis
442 2559 740 2628 sufficienter
769 2559 938 2611 omnia
966 2558 1034 2608 ad
1060 2557 1356 2629 fruendum.

209 2625 433 2688 Custodi
479 2625 704 2682 animam
749 2644 935 2682 meam.
970 2625 1131 2693 Quasi
1171 2627 1351 2681 dicat:
1386 2626 1457 2681 lta
1487 2625 1604 2682 dico
1653 2643 1741 2682 ea:-

132 2704 271 2756 audi
300 2718 401 2766 me,
421 2712 479 2756 ut
506 2700 779 2755 custodias
807 2700 1042 2753 animant
1073 2712 1268 2766 meam,
1301 2713 1370 2753 ne
1393 2698 1461 2751 ab
1482 2696 1741 2753 obedien-

137 2776 214 2828 tia
240 2776 480 2830 recedat.
535 2771 780 2825 Animam
833 2774 975 2825 enim
1013 2769 1143 2824 Adae
1193 2785 1298 2824 non
1349 2767 1656 2835 custodisui,
1687 2781 1742 2824 et

139 2847 278 2901 ideo
304 2844 361 2898 in
391 2843 692 2900 obedientia
717 2857 823 2896 non
857 2844 1172 2910 permansit.
1191 2840 1254 2894 Et
1283 2840 1404 2895 ideo
1434 2839 1556 2910 dico
1573 2851 1627 2893 ut
1649 2856 1738 2894 cu-

138 2917 346 2972 stodias
375 2917 598 2968 murtam
627 2927 811 2976 meam,
831 2909 1074 2983 quoniam
1093 2920 1302 2966 sanctus
1332 2927 1464 2966 sum.
1495 2909 1740 2966 Forsitan

138 2991 359 3042 videtur
387 2987 544 3040 alicui
576 2986 676 3039 lioc
705 2985 780 3038 illi
826 2986 926 3039 soli
957 2985 1283 3049 convenire,
1317 2984 1406 3052 qui
1458 2996 1736 3050 peccatum

139 3076 255 3114 non
287 3059 436 3124 fecit,
469 3067 524 3111 et
550 3055 636 3122 qui
659 3057 807 3110 solus
827 3055 1066 3110 ouium
1113 3064 1454 3124 peccatorum
1500 3064 1581 3109 est
1633 3070 1740 3108 non

139 3133 500 3193 couiniissor,
532 3128 629 3182 sed
658 3129 942 3192 dimissos;
979 3127 1077 3184 sed
1120 3137 1268 3181 certe
1296 3125 1549 3185 convenit
1577 3125 1739 3178 etiam

1829 514 1956 572 ergo
1981 499 2195 555 Domine
2225 502 2424 569 percipe
2440 501 2670 565 auribus,
2691 499 2740 556 id
2763 506 2864 562 est,
2895 500 3116 572 riStcude
3140 503 3189 554 in
3217 499 3411 562 effectu

1831 580 1882 628 te
1925 574 2224 639 percepisse
2266 571 2485 626 auribus
2538 573 2816 626 orationem
2861 587 3021 624 meam
3073 571 3263 630 factam
3319 593 3414 641 pro

1829 645 2225 710 perseverantia
2256 656 2518 710 nieorum,
2567 653 2614 696 et
2658 642 2860 696 intende
2905 644 3013 696 voci
3041 643 3408 708 deprecationis

1828 729 1993 776 mete,
2052 716 2201 770 lactze
2255 729 2352 782 pro
2409 715 2635 781 pet-catis
2703 729 2997 767 meorum:
3049 713 3135 770 hic
3191 716 3412 776 allectus

1831 799 2056 856 magnus
2099 785 2301 840 orantis
2343 795 2573 839 notatur.
2620 785 2747 856 Tale
2777 784 2922 840 enim
2960 794 3042 838 est
3088 801 3212 844 cum
3261 790 3410 856 dicit,

1831 851 2045 928 Percipe
2060 857 2288 912 auribus.
2321 858 2395 910 Ac
2421 857 2464 910 si
2495 856 2636 911 dicat
2673 874 2686 909 ;
2722 854 2884 925 lnlige
2933 857 3153 928 auribus
3201 863 3322 924 tuis,
3357 851 3414 918 ut

1832 925 1957 1001 inde
1986 925 2093 1001 non
2119 928 2351 1001 recedat,
2385 928 2680 1001 orationem
2708 943 2902 981 meam.
2937 927 2996 984 Et
3029 943 3209 986 revera
3241 931 3416 1001 inﬁgit

1831 996 1946 1066 ipse
1991 1000 2042 1053 in
2098 1000 2314 1054 auribus
2352 999 2464 1052 suis
2493 998 2787 1054 orationem
2837 1009 3095 1064 nostram,
3125 1004 3170 1055 si
3211 1019 3312 1058 nos
3340 996 3413 1061 "in

1830 1068 2083 1124 cordibus
2109 1070 2302 1125 nostris
2333 1069 2613 1138 iiiligaiiitis
2638 1069 2806 1139 legem
2839 1084 3009 1123 suam.

1903 1139 1969 1194 In
1991 1141 2071 1196 die
2089 1140 2450 1199 tribulationis.
2483 1140 2545 1194 Et
2577 1140 2696 1194 ideo
2721 1141 2883 1194 debes
2916 1143 3186 1208 percipere
3209 1147 3412 1201 oratio-

1833 1225 1954 1266 nem
1979 1229 2174 1277 meam,
2198 1225 2246 1266 et
2275 1211 2550 1266 intendere
2577 1209 2936 1278 deprecationi
2964 1229 3096 1266 mete
3121 1229 3215 1278 pro
3239 1222 3373 1270 meis
3401 1237 3413 1271 :

1831 1283 1953 1351 quia
1984 1297 2082 1354 ego
2103 1282 2318 1340 clamavi
2342 1282 2392 1336 in
2423 1283 2500 1337 eis
2521 1282 2588 1336 ad
2608 1292 2653 1335 te
2674 1283 2725 1336 in
2750 1281 2832 1336 die
2853 1282 3214 1351 tribulationis,
3234 1286 3283 1340 id
3313 1300 3417 1352 est,

1835 1362 1947 1407 toto
1978 1362 2220 1423 tempore
2266 1355 2727 1420 peregrinationis.
2763 1354 3008 1418 Qttandiu
3055 1356 3184 1408 enim
3227 1359 3279 1412 in
3323 1359 3420 1413 hoc

1833 1440 2044 1502 corpore
2070 1441 2265 1488 sumus,
2289 1441 2320 1476 tt
2348 1423 2565 1502 Domino
2609 1426 2987 1502 peregrinantur
3057 1424 3241 1502 Nullus
3290 1445 3420 1502 ergo

1835 1495 2171 1550 Christianus
2205 1504 2349 1562 putet
2373 1509 2434 1550 se
2461 1497 2575 1548 sine
2607 1496 2949 1549 tribulatione
2976 1511 3117 1564 esse,
3150 1499 3268 1567 quia
3293 1495 3421 1556 et'si

1837 1567 2211 1622 circnmlluant
2233 1567 2280 1621 ei
2303 1568 2478 1619 omnia
2500 1567 2810 1631 temporalia
2835 1568 2993 1630 bona,
3021 1577 3200 1623 tamen
3225 1575 3422 1628 acriter

1837 1636 2139 1710 ti-ibtilatur,
2173 1639 2294 1705 quia
2325 1638 2824 1710 ipsaiperegrinatio
2858 1647 2941 1693 est
2967 1655 3155 1710 magna
3201 1642 3422 1698 tribula-

1838 1708 1928 1762 tio.
1959 1711 2021 1763 Et
2043 1711 2343 1780 cuicunque
2376 1709 2642 1763 tribulatio
2674 1723 2777 1763 non
2809 1719 2892 1764 est
2926 1708 3123 1777 gravis,
3156 1711 3228 1766 illi
3254 1716 3423 1780 patria

1767 1787 1812 1848 Β
1842 1794 1947 1834 itoii
1978 1779 2170 1836 dulcis.
2204 1778 2259 1832 Si
2299 1791 2474 1834 autem
2520 1782 2855 1834 attendamus
2907 1797 3066 1848 quam
3109 1783 3180 1836 sit
3229 1778 3422 1838 misera

1841 1852 2220 1921 peregrinatio,
2237 1858 2346 1904 tota
2360 1850 2445 1904 die
2470 1860 2572 1904 erit
2595 1851 2893 1921 tribulatio:
2915 1853 3057 1917 quod
3090 1853 3270 1907 tandiu
3293 1856 3420 1920 erit,

1839 1919 2009 1992 donec
2034 1925 2084 1976 in
2115 1922 2278 1985 patria
2305 1923 2373 1980 sit
2397 1922 2699 1992 exsultatio.
2723 1919 2972 1986 Clamavi,
3005 1922 3240 1991 inquam,
3264 1929 3331 1978 ad
3353 1919 3423 1992 te,

1843 1991 2086 2052 Domine.
2110 1993 2162 2045 in
2187 2001 2409 2055 tempore
2437 1991 2806 2056 tribulationis;
2823 2001 2890 2063 "et
2914 2003 3011 2046 tioc
3027 1995 3151 2048 inde
3180 1991 3423 2063 apparet,

1838 2065 1960 2132 quia
1986 2073 2041 2119 tu
2072 2063 2324 2118 exaudiui
2349 2079 2427 2118 me
2439 2079 2459 2129 ;
2493 2064 2576 2120 liic
2605 2063 2746 2118 enim
2771 2062 2994 2119 elIectus
3026 2065 3307 2124 manifeste
3333 2062 3427 2124 de-

1839 2136 2007 2189 clarat
2029 2150 2114 2189 tne
2153 2137 2414 2188 clamasse
2437 2135 2499 2186 ad
2532 2143 2602 2190 te.

1912 2205 2125 2278 Nonest
2145 2204 2328 2278 similis
2347 2204 2440 2257 tui.
2453 2204 2524 2278 Et
2543 2204 2732 2278 merito
2757 2204 2824 2260 ad
2843 2215 2894 2259 te
2909 2205 3154 2274 clamavi,
3171 2209 3291 2278 quia
3318 2225 3424 2266 nou

1839 2277 2013 2334 solum
2039 2277 2090 2330 iit
2112 2276 2411 2331 simulacris
2433 2276 2840 2338 daemoniorum,
2861 2292 2980 2346 quae
3008 2276 3250 2336 heminas
3273 2283 3424 2337 Sttilti

1840 2346 2042 2403 faciunt
2064 2356 2117 2402 et
2147 2355 2470 2401 venerantur
2511 2362 2606 2418 pro
2635 2347 2757 2411 diis,
2791 2347 2885 2402 sed
2917 2364 3008 2402 nec
3029 2349 3188 2404 etiam
3224 2352 3275 2405 iit
3324 2352 3426 2409 diis

1841 2420 2043 2490 (gratia
2066 2427 2150 2472 tua
2180 2418 2468 2492 deiﬁcatis)
2494 2428 2568 2492 est
2590 2418 2784 2488 aliquis
2803 2418 2984 2492 similis
3005 2421 3096 2473 tibi
3117 2423 3171 2476 in
3193 2432 3430 2492 potesta-

1843 2489 1924 2557 te;
1947 2501 2002 2544 et
2027 2505 2136 2563 non
2164 2489 2356 2559 aliquis
2393 2489 2700 2563 angelorum
2743 2491 2826 2563 vel
2863 2491 3149 2563 hominum
3173 2489 3210 2557 ,’
3235 2496 3323 2563 qui
3356 2496 3428 2550 sit

1843 2562 2119 2617 secundum
2149 2577 2304 2627 opera
2335 2569 2446 2626 tua,
2471 2562 2594 2628 quia
2627 2571 2679 2614 tu
2704 2560 2850 2614 solus
2876 2561 3021 2616 nullo
3053 2560 3267 2630 adjutus
3297 2566 3426 2623 lacis

1841 2633 2096 2703 quidquid
2129 2632 2410 2706 lacis;_alii
2457 2645 2584 2706 vero
2614 2646 2801 2706 omnes
2830 2632 3086 2700 quidquid
3114 2647 3298 2702 agunt,
3333 2653 3428 2706 per

1841 2702 1894 2758 te
1922 2702 2104 2774 agunt.
2124 2704 2190 2760 Et
2215 2703 2336 2775 quia
2371 2715 2424 2759 tu
2457 2703 2573 2758 talis
2601 2718 2680 2775 es,
2717 2702 2834 2757 ideo
2863 2719 3035 2759 omnes
3064 2715 3233 2774 gentes
3273 2702 3429 2775 quas-

1843 2773 2041 2843 cunque
2055 2775 2242 2845 fecisti,
2264 2774 2312 2828 id
2339 2773 2657 2845 esttcreasti
2681 2777 2730 2826 in
2759 2775 3010 2842 operibus
3035 2773 3206 2841 bonis,
3232 2773 3429 2834 venient

1842 2850 1907 2900 ad
1936 2855 1985 2902 te
2011 2844 2252 2912 paSsibns
2277 2846 2419 2900 lidei.
2442 2844 2506 2898 Et
2533 2845 2618 2912 qui
2644 2846 2791 2912 prius
2818 2845 3100 2901 veniebant
3127 2846 3425 2906 Jerusalem

1843 2917 1909 2971 ad
1937 2918 2218 2980 orandum,
2262 2919 2422 2971 modo
2451 2916 2740 2988 adorabunt
2761 2931 2932 2969 coram
2961 2927 3026 2976 te,
3065 2920 3430 2988 unusquisque

1845 2989 1896 3043 in
1946 2989 2276 3044 conscientia
2323 3003 2440 3051 sua,
2472 2987 2560 3040 ubi
2615 2997 2664 3040 te
2696 2998 3016 3054 prteseiitem
3065 2987 3242 3042 bibet.
3273 2987 3430 3046 Otiiiti

1845 3060 1988 3114 enim
2015 3059 2352 3117 conscientiae
2371 3060 2524 3115 bonis
2548 3073 2782 3126 praesens
2797 3067 2876 3113 est
2905 3057 3062 3130 Dens.
3083 3058 3146 3114 Et
3170 3061 3260 3130 qui
3283 3064 3431 3130 prius

1884 3131 2283 3186 lorilicavcrunt
2310 3144 2502 3184 nomen
2532 3144 2710 3191 suum,
2741 3129 2900 3182 modo
2943 3129 3304 3196 glori/icabunt
3337 3148 3430 3198 per

143 3175 415 3257 membris
438 3175 571 3254 sdis.
601 3175 1077 3265 indiglt-lillvlptiliitllw
1092 3205 1242 3268 esset
1272 3183 1376 3249 tam
1398 3197 1559 3264 digno
1582 3197 1744 3264 capiti
1773 3175 1815 3237 ε

146 3271 399 3328 membra
429 3271 532 3324 nisi
564 3279 746 3323 sancta
771 3269 1028 3338 coaptati.
1073 3267 1242 3325 Aliter
1272 3281 1450 3321 autem
1485 3269 1596 3338 ipse
1622 3281 1744 3322 san-

145 3357 274 3399 ctus
304 3353 409 3407 est,
432 3342 589 3396 aliter
617 3354 734 3394 nos.
768 3341 886 3409 Ipse
925 3341 1067 3394 enim
1115 3348 1332 3394 sanctus
1383 3339 1743 3406 saiictilicaiis,

149 3431 258 3472 nos
287 3425 466 3468 autem
499 3411 670 3468 sancti
717 3410 1072 3477 sanctilicati,
1115 3413 1251 3465 sicut
1297 3409 1371 3462 ait
1416 3411 1742 3475 Apostolus:

146 3487 260 3542 Sed
291 3489 400 3539 haec
429 3485 620 3554 fuistis,
651 3485 738 3537 sed
759 3483 918 3536 abluti
959 3483 1096 3546 estis,
1135 3481 1226 3535 sed
1253 3479 1559 3554 sanctiﬁcati
1585 3481 1705 3534 estis
1726 3495 1746 3533 :

146 3569 203 3614 et
230 3558 277 3612 si
299 3552 808 3625 quis—iiiembrorum
849 3553 919 3608 de
940 3568 998 3607 se
1034 3554 1207 3618 dicat,
1253 3552 1495 3619 quoniam
1544 3561 1746 3625 sanctus

145 3645 290 3694 sum,
318 3621 432 3680 non
463 3627 563 3680 lioc
591 3627 694 3680 erit
721 3625 968 3694 superbia
998 3626 1158 3688 elati,
1189 3625 1282 3678 sed
1327 3621 1594 3678 confessio
1639 3637 1745 3677 non

148 3699 369 3772 ingrati.
403 3696 637 3772 Custodi,
670 3696 910 3766 inquam,
932 3709 1159 3750 animam
1180 3709 1364 3772 meam,
1395 3707 1446 3750 et
1479 3705 1534 3750 ut
1561 3703 1744 3752 custo-

147 3767 271 3825 dias
295 3811 309 3834 ,
351 3769 544 3822 salvum
574 3768 658 3837 fac
691 3776 905 3838 propter
932 3767 1380 3834 perseverantiam
1424 3781 1503 3838 me
1546 3780 1747 3838 servum

148 3853 324 3906 tuum,
351 3836 638 3908 sperantem
677 3839 730 3891 in
761 3836 830 3904 te,
859 3853 961 3892 non
993 3846 1402 3906 praesumentem
1421 3836 1489 3891 de
1509 3852 1587 3901 se,
1602 3836 1746 3905 quod

148 3914 336 3968 facere
360 3917 547 3974 debes,
577 3912 700 3978 quia
722 3924 781 3964 es
809 3908 946 3962 Deus
990 3923 1127 3960 meus
1155 3923 1174 3962 :
1200 3923 1306 3964 non
1345 3922 1445 3977 ego
1474 3924 1596 3963 sum
1612 3908 1746 3968 mibi

149 3984 322 4048 Deus,
354 3983 407 4036 id
439 3992 623 4045 cst,ex
658 3993 748 4034 tuo
779 3989 909 4034 nutu
941 3980 1176 4050 pendere
1209 3979 1354 4045 volo,
1374 3993 1480 4034 non
1505 3995 1570 4034 ex
1597 3994 1747 4050 ineo,

147 4056 298 4109 sicut
327 4055 494 4105 \'olu.t
533 4055 695 4107 miser
735 4048 956 4106 Adam.‘
983 4049 1223 4104 Miserere
1249 4064 1378 4120 ergo
1407 4052 1528 4114 mei,
1559 4048 1608 4104 id
1641 4059 1747 4114 est.

149 4140 426 4187 ineorum,
461 4123 705 4189 Domine,
748 4123 1112 4177 resuscitando
1167 4137 1260 4178 eos
1309 4137 1450 4176 nunc
1501 4123 1749 4189 interius,

148 4198 376 4250 tandem
418 4209 544 4248 vero
587 4195 840 4248 exterius.
877 4195 937 4246 lit
968 4194 1133 4248 debes
1182 4191 1458 4263 misereri,
1506 4193 1747 4262 quoniam

147 4284 257 4339 ego
284 4267 523 4332 clamavi,
554 4265 606 4318 id
648 4275 749 4332 est,
775 4263 1069 4339 irretiiisse
1113 4273 1365 4333 operatus
1403 4280 1522 4324 sum
1563 4265 1616 4318 iit
1648 4265 1744 4339 eis,

149 4336 390 4393 tendens
418 4340 484 4388 ad
515 4348 562 4390 te
589 4351 695 4389 non
723 4336 790 4390 ad
819 4337 965 4389 aliud
995 4341 1292 4403 praemium,
1312 4346 1366 4392 et
1393 4339 1492 4402 boc
1513 4343 1620 4390 tota
1641 4336 1744 4400 die,

148 4419 206 4466 id
243 4419 352 4472 est,
385 4410 616 4461 assidue.
652 4408 717 4460 Et
772 4417 828 4462 ut
878 4407 1218 4472 miserearis,
1267 4409 1472 4477 lani/ica
1519 4409 1748 4462 animm

146 4496 291 4536 scrin
320 4482 416 4543 tui,
467 4494 584 4548 qua:
626 4477 835 4533 videtur
863 4479 1176 4532 contristata
1228 4479 1294 4532 ab
1339 4481 1609 4542 inimicis,
1661 4493 1745 4532 rc-

1849 3290 1902 3327 es
1929 3288 2167 3342 magnus,
2194 3271 2420 3339 impletis
2449 3271 2650 3324 scilicet
2678 3285 2892 3326 omnem
2923 3272 3119 3335 locant,
3153 3277 3272 3340 quia
3307 3275 3428 3330 ubi-

1850 3360 1950 3415 que
1985 3357 2221 3415 pne-scus
2250 3356 2309 3395 es
2330 3382 2346 3408 ,
2378 3342 2625 3415 alit‘vero
2653 3354 2841 3415 omnes
2890 3343 3038 3409 parvi
3086 3353 3232 3401 sunt.
3281 3342 3350 3398 Et
3374 3355 3428 3400 tu

1847 3410 1997 3476 solus
2021 3428 2080 3468 es
2108 3413 2298 3482 faciens
2338 3410 2618 3477 mirabilia,
2650 3411 2700 3465 id
2725 3421 2828 3474 est,
2872 3416 3317 3482 resurrectiopem
3351 3418 3432 3470 iii-

1851 3487 2016 3546 terius
2056 3481 2417 3546 mortuorum,
2447 3491 2501 3536 et
2531 3483 2743 3536 humani
2771 3481 2983 3550 generis
3013 3485 3427 3551 reparationem.

1849 3553 1919 3680 Et
1949 3559 2068 3611 ideo
2083 3567 2136 3610 tu
2152 3557 2299 3610 solus
2325 3557 2440 3610 liaic
2469 3555 2647 3612 facere
2675 3563 2849 3623 poles,
2862 3557 2986 3623 quia
3006 3564 3060 3610 tu
3081 3557 3221 3612 soliis
3235 3573 3356 3615 vere
3376 3575 3430 3614 es

1901 3645 2010 3680 eus.

1901 3645 2010 3682 eus.

1918 3697 2098 3754 Deduc
2126 3713 2222 3764 nte,
2248 3693 2483 3770 Domine.
2513 3695 2581 3756 Et
2599 3694 2723 3766 quia
2751 3705 2806 3770 tu
2841 3697 3054 3770 solusss
3077 3712 3234 3758 verus
3269 3697 3430 3770 Deus,

1847 3771 1936 3842 qui
1994 3771 2120 3825 lacis
2165 3768 2612 3842 mirabili-.i,ergo
2643 3769 2859 3842 Domine
2892 3767 3081 3834 deduc,
3132 3771 3185 3825 id
3228 3781 3332 3838 est,
3363 3767 3432 3829 de

1852 3839 2040 3896 virtute
2068 3842 2117 3894 iii
2148 3840 2396 3895 virtutem
2437 3841 2538 3895 duc
2566 3855 2663 3904 me,
2693 3839 2742 3892 id
2782 3851 2898 3906 est,
2953 3855 3102 3896 meos
3131 3843 3334 3909 positos
3376 3845 3434 3900 in

1849 3913 1933 3966 via
1958 3924 2068 3979 tua,
2101 3912 2154 3966 id
2183 3921 2284 3971 est.
2337 3912 2534 3980 positos
2575 3913 2627 3965 in
2659 3924 2884 3978 corpore
2909 3925 3050 3974 meo,
3081 3914 3171 3978 qui
3200 3929 3317 3967 sum
3346 3916 3431 3968 via

1849 3992 1959 4050 tua,
1992 3984 2042 4040 id
2073 3990 2174 4048 est,
2198 3983 2264 4036 ad
2289 3993 2337 4039 te
2361 3984 2674 4051 perducens.
2704 3980 2768 4034 Et
2790 3980 3047 4052 ingrediar
3075 3998 3172 4049 ego
3192 3983 3244 4036 in
3273 3983 3428 4052 meis,

1849 4054 1899 4110 id
1936 4065 2038 4117 est,
2075 4055 2253 4108 vivant
2281 4057 2385 4108 mci
2426 4054 2478 4106 in
2512 4053 2610 4106 hac
2638 4053 2764 4114 vita,
2807 4067 2924 4119 qua:
2953 4051 3224 4117 ingressus
3253 4065 3332 4108 εει
3358 4051 3430 4110 ad.

1849 4126 2102 4191 futuram,
2133 4126 2190 4180 in
2220 4126 2426 4178 veritate
2451 4135 2561 4188 tua,
2591 4123 2643 4176 id
2671 4131 2773 4188 est,
2795 4123 2846 4175 in
2881 4122 3102 4176 veritate
3135 4136 3430 4190 praecepto-

1850 4213 1966 4252 rum
2019 4209 2250 4252 tuoruin.
2307 4196 2598 4252 Possumus
2643 4192 2803 4247 etiam
2855 4207 2952 4261 per
2987 4193 3123 4245 viain
3178 4195 3427 4262 accipere

1849 4277 2137 4339 pra-cepta,
2172 4277 2229 4339 ut
2248 4267 2388 4339 quod
2412 4269 2648 4339 sequitur
2679 4262 2908 4339 (scilicet
2954 4263 3218 4339 ingrediar
3247 4265 3300 4319 iii
3331 4282 3425 4320 ve-

1849 4331 2008 4394 i'ilate
2028 4331 2142 4406 iua)
2189 4331 2819 4392 sit—deterutiiiatio’vite.
2853 4331 3150 4404 Ingrediar,
3188 4337 3426 4402 inquam,

1849 4413 1901 4463 iii
1931 4409 2134 4462 veritate
2155 4417 2265 4475 tua,
2291 4418 2344 4462 et
2369 4411 2562 4461 lwtetur
2595 4422 2686 4475 per
2719 4420 2869 4474 spem
2909 4422 2996 4460 cor
3025 4423 3210 4472 meum,
3247 4409 3319 4463 ita
3351 4420 3429 4463 ta-

1851 4497 1971 4534 tiit-n
2002 4491 2054 4533 ut
2084 4481 2252 4535 timeat
2285 4494 2463 4532 nomen
2502 4477 2930 4534 tuum.Nondum
2961 4481 3104 4532 enim
3130 4489 3210 4534 est
3241 4480 3429 4535 laetitia

142 4541 501 4608 suscitando'
523 4565 607 4603 me
635 4550 888 4606 exterius.
917 4549 1002 4619 ΔΕι
1044 4552 1164 4604 ideo
1194 4549 1315 4604 dico
1346 4548 1577 4613 laetiﬁca,
1607 4564 1740 4619 quo-
1777 4541 1826 4600 D
1851 4554 1968 4606 sine
1996 4550 2226 4615 tristitia,
2253 4566 2372 4604 cum
2405 4558 2580 4604 antem
2608 4549 2708 4602 lioc
2733 4550 2956 4602 mortale
2985 4550 3168 4619 induet
3210 4551 3431 4604 immor-

143 4630 320 4687 niam,
353 4637 385 4674 ο
418 4621 495 4673 Do
520 4628 653 4685 ..i'ne,
699 4637 796 4688 ego
847 4613 950 4674 iioit
980 4620 1217 4687 depressi
1263 4623 1327 4671 ad
1371 4613 1736 4684 tti'reiia,'sed

144 4703 316 4749 levavi
348 4694 572 4744 animant
599 4709 764 4746 nteant
777 4707 884 4745 non
899 4705 1080 4745 contra
1101 4692 1321 4756 tc,sicut
1343 4691 1531 4755 Adam,
1554 4691 1647 4744 sed
1675 4692 1742 4743 ad

143 4783 196 4821 te
229 4782 356 4819 eain
387 4768 558 4817 levavi
588 4767 744 4832 :quia
769 4778 982 4818 omnem
1017 4766 1361 4816 intentionem
1395 4776 1566 4814 nteant
1596 4767 1659 4813 ad
1691 4772 1742 4816 te

140 4836 354 4891 illl'CXi.
389 4836 454 4890 Et
483 4835 676 4890 merito
716 4836 784 4888 ad
825 4847 899 4899 te,
919 4837 1159 4902 quoniam
1200 4848 1274 4899 tu,
1307 4832 1543 4895 Domine,
1574 4838 1746 4887 suavis

140 4929 208 4963 trs
234 4927 247 4960 :
279 4923 404 4975 quia
432 4915 571 4973 apud
603 4917 652 4961 te
677 4907 860 4960 laititia
887 4910 1000 4961 sine
1027 4906 1258 4969 tristitia,
1279 4915 1333 4959 et
1363 4905 1534 4975 omnis
1561 4906 1743 4957 suavi-

145 4999 233 5034 tas
261 4973 364 5043 ;iii
391 4993 530 5032 terra
573 4992 700 5032 vero
727 4981 900 5032 omnis
928 4977 1202 5032 acerbitas.
1247 4977 1310 5031 Et
1338 4991 1397 5030 es
1425 4973 1590 5041 mitis,
1621 4976 1748 5043 quia

143 5061 345 5122 portas
377 5065 497 5116 nos,
531 5051 656 5122 dum
697 5048 938 5117 perlicias
985 5064 1119 5115 nos,
1172 5047 1384 5122 scilicet
1434 5049 1604 5122 donec
1655 5061 1748 5100 cor

143 5119 407 5177 nosti-uin
442 5121 775 5175 inveniamus
805 5131 862 5174 ut
899 5134 1136 5175 oremus.
1168 5120 1454 5191 lusurgunt
1475 5119 1617 5172 enim
1643 5132 1744 5172 no-

143 5213 238 5251 ius
274 5196 438 5246 variae
486 5193 762 5247 illusiones
810 5201 868 5246 et
919 5194 1323 5259 phantasmata,
1355 5206 1475 5258 qum
1505 5205 1598 5244 cor
1647 5206 1747 5243 tto-

143 5282 336 5322 Siﬂltﬂ
388 5264 703 5330 impediunt,
738 5278 810 5318 ne
854 5263 1018 5332 digne
1036 5262 1105 5316 de
1155 5273 1206 5316 te
1255 5263 1452 5332 cogitet
1478 5266 1558 5317 vel
1589 5271 1745 5315 oret:

143 5340 256 5392 sed
281 5337 539 5406 patientia
571 5345 661 5388 tua
688 5335 870 5392 tamdiu
910 5349 1010 5388 tios
1039 5334 1300 5399 sustinet,
1342 5347 1622 5406 quousque
1653 5347 1752 5388 nos

146 5403 564 5476 resipiscanius,
590 5417 645 5460 et
672 5407 738 5460 ad
769 5422 862 5459 cor
889 5407 1192 5474 redeamus,
1235 5416 1288 5458 et
1314 5403 1392 5456 sic
1425 5416 1474 5458 te
1513 5419 1747 5458 ori-inus.

147 5486 225 5535 ιι
259 5497 322 5535 es
349 5479 525 5532 multa
587 5478 951 5545 nisericordiw,
995 5481 1117 5546 quia
1171 5478 1258 5532 ubi
1294 5486 1473 5530 nostra
1519 5478 1754 5528 abundat

146 5555 441 5622 iniquitas,
469 5552 867 5618 superabundat
887 5561 1056 5616 gratia
1079 5560 1184 5622 tua.
1223 5549 1287 5601 Et
1317 5547 1635 5622 quinetiam
1666 5558 1753 5600 tua

144 5620 304 5680 dona
347 5627 399 5678 iu
431 5624 587 5676 nobis
615 5636 958 5684 remutieras,
1009 5621 1132 5690 quia
1180 5622 1276 5674 das
1327 5620 1482 5671 nobis
1510 5620 1670 5682 velle,
1702 5627 1757 5672 et

145 5713 262 5768 pro
292 5697 434 5750 bona
472 5695 744 5768 voluntate
771 5694 1050 5768 perlicere,
1079 5703 1136 5747 et
1161 5692 1594 5768 siegreteriialiter
1622 5705 1753 5768 gau:

145 5759 290 5824 itere
321 5787 332 5819 :
357 5781 413 5823 et
435 5769 538 5823 boc
569 5764 702 5820 lacis
725 5759 953 5821 omnibus
987 5765 1338 5820 invocantibus
1354 5771 1419 5831 te,
1454 5764 1506 5818 id
1535 5772 1637 5830 est,
1666 5759 1756 5834 qui

147 5855 234 5912 te,
273 5857 382 5898 non
403 5838 550 5900 aliud
576 5849 775 5895 vocant
798 5837 853 5894 in
876 5854 954 5897 se.

1848 4626 2127 4685 talitateni,
2153 4633 2204 4676 et
2233 4638 2375 4674 mors
2407 4620 2693 4674 novnsima
2721 4616 3186 4686 destruetur-,tuiic
3206 4621 3426 4676 demum

1847 4701 1949 4748 erit
1993 4693 2191 4748 lzetitia.
2226 4693 2468 4746 Nondum
2499 4703 2580 4746 est
2608 4693 2762 4758 plena
2801 4695 3080 4754 securitas,
3122 4691 3244 4760 quia
3294 4707 3430 4746 iton-

1846 4763 1972 4819 dum
2006 4774 2087 4820 cst
2115 4761 2348 4833 perfecta
2371 4763 2698 4830 jucuuditas.
2731 4763 2785 4816 Si
2809 4775 2984 4816 anteiit
3008 4761 3151 4814 nulla
3180 4764 3428 4830 jucundi-

1849 4844 1929 4890 tas
1950 4844 2114 4899 esset,
2145 4835 2498 4889 deliceremus
2528 4851 2540 4886 :
2573 4845 2662 4888 aut
2695 4833 2737 4885 si
2783 4833 2938 4900 plena
2965 4834 3223 4888 securitas
3253 4847 3420 4897 esset,

1850 4909 1988 4960 male
2009 4909 2419 4962 exsultaremus.
2463 4905 2527 4958 Et
2575 4905 2697 4958 ideo
2726 4918 2845 4957 cuin
2877 4902 3006 4956 dicit
3034 4919 3047 4954 ;
3078 4901 3299 4962 Lattetur
3339 4921 3429 4958 cor

1850 4994 2038 5042 meum,
2078 4987 2130 5030 ut
2173 4979 2378 5041 timeat;
2410 4989 2557 5046 rogat
2585 4984 2642 5028 ut
2663 4975 2894 5027 laetitiam
2921 4973 3176 5046 Dominus
3206 4976 3428 5041 tribuat,

1850 5057 1904 5102 et
1933 5049 2092 5101 etiam
2125 5058 2368 5102 timorem
2400 5045 2639 5101 incutiat.
2668 5049 2926 5112 Quoniam
2957 5057 3009 5098 et
3036 5045 3158 5099 alibi
3186 5048 3377 5102 dicitur
3409 5063 3424 5099 :

1853 5119 2047 5175 Servite
2076 5117 2299 5173 Domino
2327 5120 2377 5171 in
2401 5119 2596 5181 timore,
2624 5127 2670 5171 et
2701 5116 2946 5170 exsultate
2971 5115 3019 5171 ei
3048 5132 3162 5170 cum
3190 5127 3426 5171 tremore.

1856 5195 1920 5245 Et
1947 5191 2234 5260 Apostolus
2255 5193 2326 5242 ait
2351 5207 2362 5241 :
2387 5188 2513 5242 Cum
2537 5192 2715 5243 timore
2741 5198 2786 5240 et
2814 5197 3028 5242 tremore
3049 5198 3262 5244 vestram
3289 5191 3428 5259 ipso-

1852 5279 1967 5317 rum
2006 5264 2218 5316 salutem
2263 5272 2543 5330 operantes.

1927 5332 2235 5402 Confitebur.
2270 5328 2337 5387 Et
2384 5348 2505 5386 vere
2546 5328 2787 5402 dedoces
2815 5344 2984 5398 meos,
3021 5330 3144 5399 quia
3173 5329 3336 5385 etiam
3377 5330 3432 5384 in

1856 5401 2103 5475 praesenti
2128 5404 2401 5473 confitebor
2427 5402 2512 5454 tibi
2542 5401 2594 5475 in
2635 5403 2788 5467 meis,
2821 5402 2875 5455 in
2907 5410 3010 5456 toto
3039 5403 3188 5475 corde
3214 5418 3341 5468 meo,
3378 5402 3431 5455 id
3501 5433 3510 5440 ~

1855 5473 1956 5539 est,
1991 5478 2060 5530 ita
2101 5489 2156 5531 ut
2187 5477 2384 5529 nullum
2431 5473 2677 5542 angulum
2715 5475 2901 5542 cordis
2945 5474 3227 5539 excipiam,
3279 5483 3326 5525 ει
3376 5475 3433 5526 its

1857 5559 2123 5608 wternum,
2157 5547 2206 5600 id
2236 5557 2338 5610 est,
2377 5546 2430 5596 in
2455 5541 2654 5596 irteriia
2680 5541 2804 5608 vita,
2828 5559 2947 5612 quae
2987 5546 3160 5598 ltitura
3180 5556 3282 5611 est,
3313 5543 3427 5613 glo-

1857 5622 2068 5686 riﬁt‘abo
2090 5633 2268 5670 nomen
2290 5626 2453 5668 tuum.
2487 5613 2632 5666 Beati
2673 5615 2804 5668 enim
2834 5617 2920 5680 qui
2950 5617 3175 5669 habitant
3204 5616 3256 5668 in
3280 5619 3431 5668 domo

1859 5701 1961 5754 tua,
1995 5690 2232 5752 Domine,
2263 5690 2317 5740 in
2345 5694 2529 5740 swcuta
2555 5686 2857 5740 smculorum
2882 5689 3164 5742 laudabunt
3189 5696 3252 5740 te.

1935 5763 2068 5829 Quia
2098 5758 2442 5813 misericordia
2482 5768 2568 5810 tua
2601 5773 2784 5826 magna
2810 5767 2880 5811 est
2906 5775 3058 5826 super
3084 5775 3179 5813 me.
3227 5760 3287 5811 lit
3316 5757 3400 5809 ide

1864 5835 2056 5892 merito
2081 5831 2352 5901 conﬁtebor
2375 5830 2465 5885 tibi
2486 5844 2648 5900 nunc,
2677 5837 2722 5886 et
2747 5829 3044 5901 gloriﬁcabo
3086 5846 3266 5886 nomen
3295 5839 3435 5883 tuum
