4006 6364
85 366 174 422 M5

743 365 807 425 iN
849 364 1272 425 PSALMORUM
1314 365 1568 424 LIBRUM
1611 366 1975 426 EXEGESIS.
2015 398 2087 411 —-
2128 368 2376 427 PSALM.
2422 367 2705 427 LXXXVI.

3226 362 3327 428 om

85 495 126 541 tt
147 482 510 540 desideremus
544 502 554 539 :
586 494 639 539 et
669 483 945 539 videamus
965 499 1122 556 quani
1153 482 1401 538 ardentes
1431 493 1633 537 amato-
1666 486 1717 545 Α
1743 485 1902 551 vobis,
1944 486 2063 548 quia
2090 488 2351 556 publicani
2397 496 2446 541 et
2487 489 2769 541 meretrices
2816 497 3098 555 preceaeut
3144 506 3231 545 vos
3274 493 3328 546 in

85 574 153 612 'es
187 557 326 612 illius
352 557 588 612 civitatis
618 556 688 610 illi
712 564 887 621 erant,
920 570 948 608 a
981 554 1170 622 quibus
1196 556 1347 609 nobis
1369 564 1493 608 sunt
1525 556 1637 609 hic

86 631 311 684 trtedrcta
337 637 491 695 atque
512 637 744 689 eautata,
762 636 815 681 et
836 639 1031 693 quanto
1054 625 1245 679 aﬂ'ectu
1268 629 1334 679 ab
1360 628 1459 679 illis
1484 627 1637 680 nobis

85 710 189 754 eunt
212 700 600 761 commendata,
639 714 796 767 quem
824 697 1071 753 ati‘ectum
1101 695 1223 751 fecit
1253 702 1330 750 eis
1360 698 1516 751 timor
1559 699 1631 752 ci-

85 771 261 835 vitatis,
293 786 527 825 amorem
558 782 733 824 autem
762 770 988 837 Spiritus
1032 782 1247 822 sanctus
1276 769 1504 822 infundit
1533 770 1634 823 eis.

86 844 177 897 ’loc
213 856 338 911 ergo
384 841 571 912 spiritu
611 842 842 911 repletus
885 850 934 912 et
981 841 1191 912 fervens
1237 841 1449 907 quidam
1481 841 1633 903 rivis,

86 915 155 983 jui
188 913 252 967 de
280 911 544 969 desiderio
570 923 620 965 et
646 928 828 967 amore
850 911 988 983 illius
1015 911 1242 983 civitatis
1269 912 1430 964 multo
1459 926 1637 966 secum

83 982 334 1049 rnlvehat,
379 992 433 1039 et
476 983 699 1038 interius
742 982 1113 1045 meditabatur,
1165 982 1217 1035 in
1269 983 1404 1036 lianc
1452 997 1638 1037 vocem

83 1055 311 1124 erumpit,
340 1056 486 1123 quasi
516 1056 584 1110 de
611 1071 671 1108 ea
703 1054 905 1123 aliquid
935 1054 998 1106 ad
1031 1052 1171 1122 quod
1202 1052 1317 1119 ejus
1350 1063 1527 1118 pOSset
1557 1068 1638 1107 re-

84 1128 214 1191 'erri,
244 1127 563 1196 pradixerit.
597 1124 819 1193 Quand»
848 1134 1021 1179 autem
1053 1126 1118 1177 de
1146 1138 1207 1178 ea
1240 1140 1343 1196 non
1364 1124 1524 1196 dixit,
1550 1125 1640 1193 qui

84 1200 129 1251 le
151 1194 323 1263 ea,'ex
344 1212 449 1267 quo
470 1204 735 1266 cognovit,
760 1197 921 1251 corde
949 1210 1050 1250 non
1081 1195 1275 1267 tacuit?
1296 1194 1482 1267 Utique
1508 1210 1642 1249 sem-

84 1286 157 1323 ier
182 1270 248 1323 de
277 1283 336 1323 ea
364 1266 528 1322 dixit.
574 1268 635 1323 Et
664 1278 766 1331 est,
792 1268 940 1337 quasi
970 1267 1109 1321 dicat
1134 1283 1147 1319 :
1168 1266 1308 1321 Mira
1346 1266 1557 1332 quidem
1586 1275 1641 1321 et

86 1340 343 1394 neli‘abilia
376 1340 443 1393 de
481 1340 697 1394 civitate
736 1340 824 1393 illa
866 1346 990 1391 sunt
1028 1338 1247 1392 dicenda
1278 1355 1290 1388 :
1323 1350 1422 1405 ego
1463 1345 1639 1391 autem

84 1428 167 1463 ioc
190 1411 361 1464 solum
400 1410 466 1463 de
490 1424 551 1464 ea
593 1409 736 1477 dico,
767 1409 907 1480 quod
941 1410 1273 1478 fundamenta
1299 1409 1409 1480 ejus
1440 1416 1563 1462 sunt
1588 1408 1640 1461 in

84 1483 313 1535 non'ibus
349 1483 559 1542 sanctis.
605 1482 703 1536 hoc
742 1479 846 1549 est,
885 1480 1056 1535 sancti
1101 1490 1329 1544 montes,
1373 1479 1425 1532 in
1452 1480 1641 1547 quibus

84 1568 183 1607 uec
212 1552 395 1607 civitas
421 1552 731 1617 aediﬁcatur,
764 1561 888 1607 sunt
928 1551 1088 1606 etiam
1120 1549 1456 1604 fundamenta
1500 1550 1637 1619 ejus.

84 1624 131 1677 Ξι
159 1625 306 1688 quasi
335 1623 639 1678 diceretur:
673 1622 836 1692 Cujus
861 1621 1010 1686 eius?
1061 1621 1195 1692 Dii-it
1237 1618 1364 1692 Sion
1384 1662 1399 1683 ,
1455 1620 1504 1673 id
1534 1618 1639 1685 est,

83 1694 350 1748 Ierusalem
378 1708 607 1762 superna
645 1703 725 1748 est
751 1690 1003 1761 quaedam
1032 1691 1259 1762 civitas,
1281 1690 1434 1762 cujus
1466 1703 1640 1758 portas

84 1767 228 1836 tiligit
254 1760 500 1818 Dominus
521 1780 671 1835 super
696 1760 1018 1836 tabernacula
1037 1760 1217 1816 Iacob.
1243 1760 1467 1836 sanctos
1490 1778 1641 1836 mon-

83 1833 175 1890 ;es'
202 1846 348 1890 vocat
379 1833 729 1904 patriarchas,
761 1834 1070 1904 prophetas.
1113 1833 1384 1901 apostolos
1423 1844 1475 1887 et
1504 1834 1635 1888 alios

84 1910 309 1962 loctores
354 1920 610 1971 summos,
641 1906 730 1976 qui
761 1915 977 1975 propter
1007 1904 1142 1976 _tidei
1182 1905 1535 1976 constantiam
1586 1915 1639 1958 et

81 1981 315 2031 .‘itltttum
346 1974 690 2032 eminentiam
741 1974 948 2031 montes
990 1974 1273 2041 dicuntur;
1313 1986 1366 2030 et
1421 1974 1473 2029 hi
1517 1986 1640 2030 sunt

82 2050 403 2129 'undamenta
433 2047 591 2129 hujus
635 2048 887 2113 civitatis,
912 2047 1035 2129 quia
1066 2045 1346 2129 iiitirmitas
1377 2056 1555 2129 nostra
1586 2047 1638 2101 in

82 2124 143 2175 ris
175 2121 376 2187 nititur,
427 2117 551 2186 quia
585 2134 680 2189 per
704 2134 889 2173 eorum
921 2117 1290 2189 auctoritatem
1316 2119 1638 2189 corrobora-

90 2209 174 2246 ur.
205 2190 264 2245 Et
297 2201 377 2245 est
405 2192 559 2245 aliter
588 2187 639 2243 in
672 2190 774 2244 hoc
801 2187 1025 2244 aedilicio
1054 2187 1194 2253 vivo,
1222 2203 1385 2255 quam
1421 2188 1473 2243 in
1504 2203 1636 2254 quo-

82 2264 197 2316 libet
243 2272 452 2315 mortuo
494 2271 547 2314 et
597 2271 815 2315 terreno
852 2259 1096 2314 aedilicio.
1141 2257 1195 2311 In
1227 2259 1450 2312 terrenis
1496 2260 1637 2312 enim

82 2333 303 2387 editiciis
339 2332 478 2387 aliud
508 2340 632 2386 sunt
666 2331 1029 2395 fundamenta,
1077 2329 1219 2382 aliud
1251 2329 1469 2394 lapides,
1501 2330 1642 2383 unde

81 2405 388 2459 :onstruitur
405 2402 711 2469 aediﬁcium,
735 2403 875 2456 aliud
911 2411 1099 2467 portae,
1122 2399 1264 2454 aliud
1296 2400 1637 2455 habitatores.

82 2476 123 2528 in
173 2475 271 2529 hoc
315 2490 443 2530 vero
468 2474 729 2542 spirituali
763 2472 991 2527 adiﬁcio
1028 2472 1197 2526 sancti
1230 2482 1457 2542 montes,
1508 2486 1643 2540 quos

82 2544 403 2600 Tundamenta
451 2540 571 2600 esse
613 2545 862 2606 diximus.
918 2552 1055 2597 sunt-
1088 2544 1251 2603 cives,
1295 2544 1381 2611 qui
1410 2540 1531 2596 ideo
1576 2543 1643 2596 de

91 2634 183 2684 pso
215 2617 579 2686 loquebantur,
626 2623 684 2669 ut
722 2616 857 2670 alios
898 2617 1041 2686 cives
1084 2614 1494 2686 exhortarentur
1525 2630 1549 2686 :_
1585 2622 1645 2686 et

86 2683 402 2753 apidcs'vtvi
440 2698 494 2743 et
528 2688 791 2757 quadrati,
834 2686 901 2741 de
932 2685 1123 2757 quibus
1152 2683 1641 2757 contexituraedili-

82 2760 248 2830 :ium,_
269 2767 394 2815 sunt
429 2769 481 2814 et
512 2753 697 2826 perite.
732 2755 985 2824 Quadrati
1011 2771 1139 2810 vero
1168 2753 1536 2830 lapides_ideo
1563 2756 1646 2808 di-

81 2826 279 2897 :untur,
301 2831 421 2899 quia
443 2830 581 2884 sicut
608 2830 747 2895 quod
769 2843 895 2883 vere
915 2830 1228 2899 quadratum
1250 2835 1352 2899 est,
1383 2826 1432 2899 in
1460 2842 1644 2899 quam-

82 2896 273 2967 :unque
303 2896 501 2969 partem
534 2900 709 2962 cadat,
740 2899 929 2955 stabile
956 2908 1060 2961 est,
1090 2896 1234 2951 velut
1266 2897 1354 2950 tali
1387 2898 1440 2951 in
1468 2898 1599 2951 aleis
1627 2914 1640 2953 :

82 2973 446 3043 iuicunque‘in
478 2972 580 3025 hoc
605 2970 829 3043 aedilicio
851 2979 995 3034 sunt,
1029 2969 1161 3023 tales
1177 2970 1474 3043 _sunt_quod
1498 2983 1645 3035 qua:-

79 3038 688 3104 iunque'trihulationes
731 3041 814 3096 vel
867 3053 1128 3109 pressura:
1175 3038 1506 3105 immineant,
1551 3054 1645 3107 per

80 3131 195 3182 luas
224 3113 372 3183 quasi
398 3115 590 3169 cadere
616 3113 946 3176 viderentttr,
980 3119 1157 3165 tamen
1198 3124 1302 3163 non
1340 3110 1531 3183 cadent
1568 3110 1645 3163 ul-

83 3179 124 3240 is
160 3179 557 3241 teu'tationibns.
602 3184 772 3239 Porta:
801 3197 1011 3252 quoque
1055 3191 1179 3252 sunt
1210 3179 1443 3252 praedicti
1494 3196 1645 3235 nion-

80 3272 163 3322 es,
190 3258 308 3325 quia
341 3271 433 3324 per
461 3270 646 3310 eorum
672 3255 966 3309 doctrinam
1009 3251 1075 3305 ad
1116 3251 1472 3325 cognitionem
1504 3252 1643 3325 veri-

81 3330 188 3382 atis
210 3322 481 3382 accessum
518 3326 793 3381 habemus.
826 3325 1109 3379 Sciendum
1138 3322 1337 3391 autem,
1370 3324 1493 3391 quia
1520 3322 1645 3377 licet

79 3397 351 3451 Iixerinius
393 3398 536 3465 plura
586 3398 635 3450 in
681 3397 782 3451 hoc
838 3396 1080 3465 aedilicio
1118 3408 1236 3447 esse
1282 3392 1640 3465 fundamenta,

80 3484 225 3522 mum
257 3463 439 3523 tamen
463 3468 749 3536 principale
779 3476 861 3521 est
900 3465 1017 3535 ejus
1061 3464 1481 3536 fundamentum.
1526 3463 1645 3517 iun-

79 3541 371 3595 lamentum
398 3540 602 3593 scilicet
630 3534 1120 3599 fundamentorum,
1150 3536 1217 3589 de
1257 3549 1363 3602 quo
1390 3534 1464 3587 ait
1499 3536 1644 3600 Apo-

89 3613 265 3667 tolus:
302 3609 712 3665 Fundamentum
740 3609 884 3663 aliud
916 3623 1063 3662 nemo
1087 3621 1271 3673 ponere
1295 3614 1477 3671 potest,
1510 3620 1646 3671 pra:-

80 3700 134 3735 ιγ
158 3683 298 3752 quod
327 3683 550 3752 positum
576 3691 668 3744 est,
700 3681 750 3734 id
780 3688 871 3745 est,
901 3677 1151 3752 Christus.
1188 3676 1252 3730 Et
1281 3676 1366 3752 hic
1395 3675 1533 3730 idem
1564 3684 1648 3752 est

79 3746 200 3821 apis
230 3754 284 3807 in
328 3746 432 3807 hoc
456 3751 683 3807 adiﬁcio
721 3750 1013 3821 angularis,
1048 3758 1235 3803 tenens
1254 3746 1397 3821 duos
1426 3748 1647 3821 populos

80 3818 315 3892 airquam
357 3823 493 3879 duos
534 3818 1106 3892 parietesfegdiverso
1148 3819 1445 3892 venientes,
1492 3829 1545 3871 et
1592 3818 1646 3892 in

79 3889 386 3965 lno—angulo
413 3889 951 3965 convenientesaQui
988 3892 1130 3965 lapis
1173 3889 1441 3965 angularis
1492 3898 1546 3942 et
1593 3890 1645 3943 in

83 3959 285 4021 ummd
299 3974 381 4019 est
407 3976 461 4020 et
491 3966 541 4019 in
573 3965 681 4019 imo
710 3982 721 4017 :
754 3963 876 4033 quia
908 3973 960 4017 et
986 3962 1039 4016 in
1070 3962 1152 4015 his
1179 3963 1267 4026 qui
1293 3959 1401 4033 jam
1434 3973 1645 4033 sursum

84 4048 209 4103 unt,
236 4046 291 4090 et
314 4035 363 4089 in
397 4035 479 4089 his
507 4037 597 4104 qui
624 4031 798 4091 adhuc
825 4042 875 4088 in
908 4045 1043 4088 terra
1075 4034 1321 4085 deorsum
1349 4031 1514 4104 (quod
1541 4045 1645 4084 non

79 4101 245 4161 totast
280 4121 401 4161 esse
425 4101 681 4175 quantum
726 4104 1235 4169 adiltumanitatem,
1268 4101 1362 4159 sed
1392 4112 1647 4175 quantum

86 4182 117 4233 d
147 4174 651 4255 divinitateni)_qu:e
682 4176 875 4255 ubique
906 4189 1162 4255 praesens
1181 4174 1647 4255 est,__quiantot-um

84 4262 132 4304 st
165 4251 223 4303 in
253 4243 715 4314 similitudinibus,
746 4243 873 4301 nihil
904 4243 957 4299 in
991 4245 1417 4315 proprietatibus.
1446 4243 1509 4299 Et
1546 4245 1649 4301 hoc

79 4321 297 4374 naxime
326 4319 769 4374 considerandum
794 4318 944 4373 estin
979 4321 1077 4371 hoc
1104 4316 1362 4377 :editicio;
1395 4317 1516 4383 quia
1541 4332 1647 4371 non

80 4409 119 4447 re
153 4391 285 4445 imis
314 4390 553 4444 ascendit
577 4392 641 4443 ad
670 4403 900 4456 summa,
931 4390 1068 4442 sicut
1112 4388 1211 4441 alia
1263 4386 1506 4451 aedilicia,
1554 4388 1648 4442 sed

86 4479 115 4516 e
148 4476 372 4515 summo
401 4462 565 4515 tendit
592 4460 657 4515 ad
698 4460 821 4515 ima.
849 4460 1092 4513 Christus
1116 4458 1258 4512 enim
1302 4459 1388 4525 qui
1420 4470 1498 4512 est
1522 4456 1647 4513 fun-

86 4543 400 4599 amentum,
432 4544 511 4587 est
540 4547 664 4587 vere
685 4546 971 4585 summum.
1002 4529 1105 4597 Qu-
1131 4528 1645 4597 superaedilicantur,

1742 572 1950 629 regnum
1988 556 2098 612 Dei.
2131 560 2406 613 Civitatem
2440 560 2528 613 Dei
2558 560 2683 612 dicit
2710 560 2982 615 caelestem
3011 559 3330 629 Jerusalem.

1741 629 1805 681 ad
1835 627 2185 682 diti'erentiam
2219 632 2483 684 terrestris
2506 641 2719 699 propter
2748 632 3080 699 dignitatem.

1814 699 2009 753 Memor
2036 717 2120 753 ero
2154 699 2315 755 Raab.
2371 702 2504 755 Veie
2548 704 2774 771 gloriosa
2813 704 2949 756 dicta
2990 713 3108 757 sunt
3149 705 3212 760 de
3257 716 3327 763 te.

1741 770 1869 845 [iam
1917 772 2074 845 etiam
2110 771 2360 845 Dominus
2412 772 2520 845 hoc
2552 770 2852 840 gloriosum
2902 774 3043 828 dixit
3086 777 3151 831 de
3196 788 3268 845 te,
3296 796 3329 833 ο

1742 840 1891 914 Sion,
1928 842 2213 895 scientibus
2254 860 2359 905 me,
2407 843 2455 896 id
2487 857 2587 907 est,
2642 848 3085 912 cognoscentibus
3134 840 3327 914 poten-

1744 913 1868 967 liam
1900 928 2070 984 meam
2113 922 2167 967 et
2194 915 2512 968 voluntatem
2545 929 2736 984 meam,
2783 924 2835 970 et
2864 916 2979 971 ideo
3012 919 3330 975 aedificanti-

1743 984 1842 1037 bus
1873 993 1921 1036 te
1952 1002 1963 1035 :
1999 983 2104 1037 Illis
2131 1001 2217 1037 ero
2248 1002 2458 1047 menter,
2517 986 2565 1037 id
2619 983 2729 1051 est,
2772 989 3081 1042 memoriam
3139 990 3328 1047 faciam

1744 1054 2285 1128 Raabet‘Bnbylonis,
2314 1057 2518 1110 scilicet
2542 1056 2660 1109 talis
2676 1058 2835 1111 etiam
2864 1062 3029 1128 qualis
3062 1061 3156 1114 fuit
3182 1063 3326 1119 Raab

1742 1136 1797 1181 et
1828 1126 2100 1199 Babyloni,
2132 1141 2421 1199 conversos
2464 1128 2514 1179 iii
2547 1127 2771 1181 mdilicio
2806 1126 2895 1183 tuo
2926 1142 3143 1199 ponant.
3179 1134 3325 1189 Raab

1744 1201 1997 1271 meretrix
2030 1198 2125 1271 fuit
2153 1199 2203 1250 in
2241 1196 2477 1271 Jericlio,
2507 1213 2640 1271 quia
2676 1200 2878 1265 legatos
2922 1196 3194 1257 lsraelitici
3228 1220 3323 1271 po-

1746 1268 1849 1339 puli
1877 1268 1940 1321 ad
1966 1268 2350 1335 explorandum
2395 1270 2585 1323 missos
2629 1269 2858 1336 hospitio
2894 1275 3148 1339 suscepit,
3182 1268 3323 1329 etil-

1744 1337 1824 1425 los
1852 1339 1999 1425 abire
2028 1340 2290 1425 permisit,
2324 1351 2495 1421 atque
2522 1355 2612 1393 eos
2641 1344 2740 1395 sub
2766 1337 3066 1407 juramento
3097 1348 3331 1425 proruit-

1744 1417 1859 1463 tere
1900 1409 2001 1483 sibi
2032 1409 2174 1470 fecit,
2207 1419 2261 1483 ut
2294 1412 2430 1465 sicut
2483 1411 2594 1478 ipsa
2623 1424 3052 1481 conservaverat,
3098 1409 3171 1469 ita
3226 1417 3329 1483 ipsi
3404 1432 3405 1437 ‘

1742 1494 1862 1533 cum
1904 1481 2173 1534 civitatem
2214 1480 2359 1536 illam
2389 1492 2661 1551 caperent,
2694 1498 2811 1539 eam
2840 1494 2892 1537 ct
2918 1485 3133 1540 domum
3174 1480 3327 1542 suam

1742 1552 2091 1632 cuStodirent.
2145 1550 2222 1632 illi
2268 1550 2465 1632 autem
2492 1556 2909 1632 acquiescentes,
2946 1568 3331 1632 praeceperunt

1742 1623 1791 1676 ei
1835 1623 1971 1676 ut.in
2002 1623 2279 1677 eversione
2320 1624 2549 1678 civitatis
2590 1629 2896 1680 coccineum
2942 1626 3119 1682 funem
3138 1623 3218 1683 de
3247 1629 3330 1686 fe-

1744 1704 1920 1765 nestra
1951 1710 2044 1748 sua
2090 1692 2467 1761 suspenderet,
2514 1695 2655 1763 quod
2688 1699 2756 1750 ita
2807 1696 2954 1765 fecit,
3007 1707 3061 1753 et
3108 1700 3330 1757 liberata

1742 1773 1845 1837 est.
1879 1763 2261 1837 Interpretatur
2288 1776 2466 1837 autem
2513 1767 2655 1837 Itaab
2686 1769 2924 1837 superba,
2943 1763 3169 1826 'Jericlio
3197 1786 3326 1829 vero

1745 1834 1913 1911 lunai
1942 1847 1994 1911 et
2024 1850 2117 1902 per
2145 1836 2319 1889 lunam
2351 1835 2577 1911 deiectio
2608 1834 2945 1911 mortalitatis
2985 1840 3324 1911 designatur.

1742 1903 2055 1977 [intelligitur
2090 1921 2216 1960 vero
2266 1921 2361 1977 per
2412 1908 2554 1977 Raab
2597 1909 2865 1977 generalis
2914 1903 3219 1977 fornicaria,
3272 1913 3327 1968 id

1742 1985 1846 2039 est,
1876 1976 2164 2046 gentilitas,
2191 1991 2308 2045 quae
2331 1976 2384 2030 in
2406 1976 2620 2033 Jericlio
2644 1989 2776 2045 erat,
2809 1980 2929 2047 quia
2958 1983 3074 2035 solo
3102 1976 3330 2038 terreni-

1743 2047 1867 2101 tatis
1900 2047 2128 2121 de_fectui
2167 2048 2499 2121 inhaerebat:
2529 2058 2581 2102 et
2610 2052 2835 2121 superba
2861 2060 2994 2115 erat,
3024 2054 3147 2121 quia
3177 2069 3329 2109 crea-

1743 2126 1915 2192 turam
1938 2118 2178 2192 Creatori
2210 2118 2569 2192 prieponebat.
2585 2119 2851 2192 Quisquis
2874 2118 3053 2176 autem
3077 2124 3143 2177 de
3164 2134 3326 2192 gente

1742 2188 1847 2261 illa,
1882 2188 2395 2261 legatoslsraelitici
2443 2190 2639 2257 populi,
2682 2188 2763 2261 id
2790 2201 2893 2259 est,
2951 2188 3326 2261 praedicatores

1742 2260 1979 2332 veritatis
2005 2260 2219 2332 accipit,
2250 2270 2303 2315 et
2335 2263 2633 2332 passionem
2665 2260 2882 2326 Christi,
2916 2260 3034 2332 qua:
3068 2280 3159 2332 per
3198 2280 3323 2321 coc-

1742 2331 1976 2395 cineum,
2002 2330 2053 2383 id
2082 2340 2184 2393 est,
2210 2331 2557 2386 rubicundum
2582 2332 2760 2387 funem
2790 2330 3117 2401 designatur,
3145 2335 3211 2391 de
3242 2337 3324 2391 fe-

1743 2411 1919 2454 nestra
1944 2401 2161 2455 rationis
2189 2403 2484 2470 suspendit,
2513 2404 2563 2457 id
2593 2414 2695 2469 est,
2724 2405 2767 2459 si
2799 2406 3180 2461 rationabiliter
3202 2422 3320 2463 eam

1742 2473 1954 2526 credit:
1989 2472 2092 2526 iste
2130 2472 2442 2537 salvabitur,
2476 2488 2598 2528 cum
2645 2474 2862 2530 Jericbo
2891 2476 2941 2529 in
2970 2489 3185 2532 aeterna:
3231 2480 3326 2533 de-

1742 2542 2050 2617 structionis
2077 2544 2251 2611 ignem
2294 2545 2548 2599 tradetur.
2581 2546 2816 2617 Babylon
2846 2561 3056 2617 quoque
3083 2550 3328 2605 conlusio

1744 2612 2152 2687 interpretatur,
2184 2630 2279 2681 per
2306 2630 2462 2686 quam
2512 2612 2742 2670 maxime
2783 2612 2988 2672 terrena
3035 2619 3326 2687 cupiditate

1743 2683 1949 2739 confusi
1980 2683 2353 2755 designantur,
2387 2688 2475 2753 qui
2503 2688 2660 2741 etiam
2699 2690 2947 2743 conversi
2986 2698 3041 2745 et
3087 2683 3327 2746 mundati

1746 2763 2017 2830 ponuntur
2033 2755 2100 2830 in
2139 2757 2353 2830 civitate
2385 2757 2584 2830 Dei,et
2613 2758 2712 2813 hoc
2750 2760 3046 2830 gloriosum,
3070 2760 3328 2817 Dominus

1744 2827 1811 2879 de
1832 2832 1907 2879 'ea
1939 2826 2091 2883 dixit.
2139 2826 2279 2881 Idem
2310 2839 2393 2883 est
2437 2829 2578 2882 enim
2616 2844 2734 2883 cum
2755 2826 2907 2883 'dicit
2940 2847 2952 2883 :
2998 2829 3126 2884 llaec
3153 2833 3329 2888 civitas

1744 2898 1957 2971 mundat
1985 2898 2157 2971 omnia
2184 2898 2471 2971 immunda,
2499 2908 2545 2953 et
2576 2900 2748 2968 dirigit
2775 2902 2945 2953 omnia
2966 2904 3197 2971 confusa.

1815 2965 1950 3043 Ecce
1978 2965 2466 3043 alienig_er_r_re._Dicit
2494 2971 2645 3043 quasi
2681 2965 3204 3043 pt'mterittttn,iquod
3233 2990 3329 3043 per

1743 3039 1987 3105 spiritum
2023 3040 2261 3102 praevidit
2305 3039 2560 3095 futurum.
2588 3042 2749 3107 Quasi
2796 3044 2937 3096 dicat
2967 3060 2978 3096 :
3014 3039 3147 3097 Ecce
3171 3039 3323 3101 coin-

1748 3110 1883 3187 pleta
1934 3118 2059 3187 sunt
2096 3110 2322 3187 gloriosa
2370 3113 2507 3187 dicta
2539 3112 2605 3187 de
2650 3114 2862 3187 civitate
2894 3115 3013 3177 Dei,
3063 3132 3164 3169 non
3214 3116 3327 3187 jam

1748 3180 1869 3248 ipsi,
1900 3180 2322 3251 sedimmutati.
2374 3183 2473 3237 Per
2520 3182 2845 3251 alienigenas
2896 3187 3078 3251 accipe
3136 3180 3327 3244 names

1748 3259 1924 3323 uti-nte
1960 3250 2163 3304 alienos
2208 3267 2237 3304 a
2286 3255 2476 3323 populo
2525 3252 2637 3317 Dei,
2678 3250 2728 3307 id
2777 3265 2879 3319 est,
2930 3250 3322 3323 persecutores.

1747 3318 1850 3406 ξει-
1880 3322 2100 3406 Tyrum,
2132 3336 2252 3406 quae
2282 3318 2548 3406 l'iebraice
2571 3318 3080 3406 diciturHSOrfquod
3112 3328 3330 3406 tribula-

1748 3392 1822 3446 tio
1865 3393 1946 3445 vel
1996 3394 2237 3462 angustia
2299 3396 2695 3467 interpretatur,
2742 3396 2817 3449 illi
2857 3392 3223 3467 designantur,
3275 3400 3330 3455 in

1746 3478 1969 3530 quorum
1998 3478 2227 3517 animam
2260 3466 2397 3519 male
2427 3466 2615 3521 merito
2646 3481 2745 3519 suo
2775 3469 2949 3521 omnis
2975 3466 3246 3525 tribulatio
3273 3482 3331 3526 et

1747 3536 1987 3604 angustia
1998 3543 2132 3605 _erat
2154 3533 2349 3599 l‘utura,
2379 3537 2421 3589 si
2452 3552 2557 3590 non
2588 3537 2919 3605 resipiscam.
2946 3536 3047 3593 Per
3078 3540 3330 3605 pepulum

1746 3602 1923 3681 autem
1970 3602 2284 3681 aEthiopum
2332 3606 2546 3661 maximi
2588 3608 2643 3661 in
2690 3602 2918 3677 peccatis
2958 3602 3220 3681 deiiigrati
3276 3622 3332 3671 et

1746 3673 2180 3740 deSperatissimi.

1820 3745 2067 3825 Nunquid
2094 3746 2393 3825 Sion_diret,
2424 3749 2595 3825 homo.
2623 3748 2740 3825 Non
2770 3750 2943 3825 solum
2974 3752 3101 3825 illud
3127 3755 3328 3825 glorio-

1750 3818 2078 3895 sutn,_quod_
2105 3818 2465 3895 praediximus,
2497 3821 2589 3876 sed
2620 3823 2920 3895 etiatnﬂhoc
2956 3824 3097 3878 aliud
3130 3818 3332 3895 glorio-

1746 3900 1864 3941 sum
1885 3888 1953 3942 de
1979 3889 2193 3964 civitate
2220 3889 2313 3944 Dei
2345 3891 2541 3964 dictum
2568 3902 2674 3957 est,
2704 3892 2908 3948 scilicet
2934 3896 3075 3963 quod
3115 3888 3330 3964 quidam

1747 3969 1802 4031 ει
1834 3968 2079 4031 natusest
2108 3961 2158 4013 in
2187 3976 2268 4025 ea,
2302 3970 2359 4014 ut
2386 3962 2535 4016 homo
2569 3976 2785 4031 propter
2812 3979 2927 4029 nos,
2955 3961 3016 4017 et
3038 3961 3145 4029 ipse
3169 3968 3334 4023 Altis-

1746 4030 2002 4101 simus,id
2042 4041 2141 4091 est,
2171 4046 2267 4085 eus
2297 4042 2418 4086 ante
2448 4048 2545 4086 nos
2588 4030 2713 4101 quia
2746 4033 2903 4098 Deus,
2935 4035 3167 4101 fundauit
3196 4054 3329 4093 eam.

1747 4100 1855 4155 Nec
1878 4100 2141 4174 mirumsi
2165 4101 2256 4174 ille
2280 4104 2372 4171 qui
2403 4100 2874 4169 creavit’matrem,
2905 4100 2971 4158 de
2996 4120 3098 4174 qua
3142 4122 3330 4164 nasce-

1748 4172 2204 4244 returtlundavit
2248 4175 2407 4244 etiam
2444 4174 2711 4228 civitatem
2762 4175 2813 4228 iu
2859 4189 2962 4244 qua
3000 4172 3327 4234 nasceretur.

1748 4241 1834 4305 Et,
1862 4259 1894 4295 ο
1920 4241 2070 4319 Sion,
2112 4243 2342 4311 nunquid
2384 4244 2535 4297 homo
2566 4254 2765 4319 tantum
2795 4241 3030 4319 dicet,iid
3060 4258 3161 4315 est,
3194 4266 3329 4319 prte-

1748 4322 1927 4384 s_umet
1958 4316 2059 4368 hoc
2114 4327 2384 4381 exponere
2428 4325 2519 4369 aut
2565 4316 2897 4381 intelligere?
2941 4318 3103 4384 Quasi
3145 4316 3327 4377 dicat:

1748 4382 1917 4461 Certe
1952 4399 2221 4461 nunquam
2244 4384 2416 4461 homo
2464 4401 2573 4461 per_
2600 4402 2681 4453 se,
2730 4387 2913 4461 idest,
2963 4382 3078 4445 sine
3106 4392 3336 4461 Spiritus

1750 4453 1920 4527 sancti
1973 4454 2364 4510 illuniinatione
2410 4457 2602 4525 poterit
2646 4462 2712 4511 ad
2754 4459 2855 4514 hoc
2900 4453 3161 4527 aspirare:
3202 4464 3333 4520 Sion

1750 4525 2240 4603 eamdem‘accipit,
2276 4541 2431 4603 quam
2460 4528 2761 4603 prius._Nec
2810 4541 2859 4603 te
2892 4525 3066 4586 turbet
3108 4536 3247 4603 quod
3280 4537 3332 4592 in

80 4608 349 4658 riteriores
379 4589 519 4659 sunt.
551 4603 810 4657 Dicuntur
831 4589 1309 4672 autem'duode'cim
1353 4589 1647 4672 portiehuL
1678 4589 1726 4650 D
1751 4597 1966 4672 civitate
1997 4596 2112 4661 Dei,
2135 4589 2595 4672 (inuictum-stent
2621 4599 2920 4657 Jerusalem
2941 4616 3061 4657 esse
3093 4589 3335 4672 p'raedixi;

80 4692 132 4729 ιε
161 4674 381 4729 aediﬁcii
411 4685 465 4728 et
492 4690 591 4728 una
624 4686 793 4743 porta.
823 4672 931 4728 Una
960 4670 1180 4743 quidem
1230 4679 1445 4743 prapter
1486 4669 1642 4725 Citri-

79 4757 225 4810 tum,
256 4748 346 4813 qui
388 4761 447 4800 se
482 4739 651 4815 ipsum
695 4757 901 4812 portam
934 4751 1086 4815 vocat
1111 4742 1330 4815 dit_ens_:
1382 4739 1491 4815 [figo
1534 4758 1646 4795 sum

80 4812 286 4882 stium,
306 4832 397 4887 per
425 4812 514 4870 me
547 4818 589 4870 si
636 4818 770 4884 quis,
818 4825 873 4870 et
910 4814 1133 4887 reliqua.
1175 4812 1463 4867 Duodecim
1520 4828 1647 4866 vero

85 4886 348 4955 ropterea
382 4888 648 4951 dicuntur,
681 4888 799 4955 quia
839 4886 1198 4940 duodenarius
1230 4897 1486 4937 numerus
1514 4898 1647 4937 con-

81 4971 166 5012 tat
196 4974 265 5013 ex
288 4968 517 5027 quatuor
540 4968 593 5012 et
615 4958 820 5023 tribus;
850 4968 902 5011 et
924 4957 988 5010 ad
1016 4956 1171 5027 hujus
1198 4956 1647 5027 cosstructionem

84 5026 330 5083 ocantur
360 5045 463 5083 non
493 5030 560 5083 de
603 5045 704 5082 tina
736 5038 881 5093 parte
921 5026 1125 5083 aediﬁcii
1169 5035 1388 5090 tantum,
1434 5026 1527 5081 sed
1583 5030 1649 5082 de

86 5100 321 5154 nimbus
346 5109 573 5167 quatuor
603 5099 840 5169 partibus
870 5100 1075 5162 mundi,
1113 5105 1168 5152 et
1198 5098 1288 5152 hor
1348 5111 1440 5165 per
1469 5098 1649 5169 cogni-

80 5186 266 5224 ιοιιΘΙΙΙ
310 5181 511 5225 sanctae
560 5171 879 5226 'l'rinitatis:
933 5171 1028 5223 has
1076 5169 1471 5239 itaquesortas
1523 5171 1651 5223 Sion

80 5242 226 5311 itigit
255 5241 507 5295 Dominus
530 5259 678 5309 super
702 5243 871 5296 omnia
899 5241 1223 5295 tabernacula
1247 5238 1429 5307 λαιοῦ,
1464 5238 1513 5293 id
1543 5251 1648 5307 est,

86 5316 178 5367 lus
220 5328 385 5380 quam
442 5314 618 5368 omnia
679 5312 862 5382 legalia
913 5312 1149 5366 instituta
1202 5320 1397 5364 Veteris
1447 5312 1646 5382 populi,

84 5402 176 5439 ua:
217 5383 435 5439 fuerunt
484 5381 831 5454 sigtiilieiitiva
872 5382 1265 5454 praedictorum,
1322 5390 1377 5454 et
1440 5381 1649 5454 tliorum

83 5473 176 5510 ue
206 5470 357 5510 nunc
397 5452 601 5511 suntin
647 5452 907 5509 Ecclesia.
941 5455 1040 5507 l’er
1066 5452 1228 5507 Jacob
1252 5452 1392 5507 enim
1421 5452 1652 5506 carnalis

82 5527 298 5594 opulus
341 5527 427 5579 hie
466 5526 743 5596 accipitur,
787 5542 879 5593 per
928 5525 1267 5596 tabernacula
1313 5538 1440 5576 vero
1466 5525 1651 5592 iegalia

86 5598 335 5663 istituta,
366 5612 485 5666 quae
511 5594 808 5664 ad'tempus
836 5596 1052 5651 luerunt
1071 5594 1338 5666 apposita.

120 5664 534 5723 Gloriosa‘dicta
558 5679 670 5722 sunt
693 5671 757 5722 de
785 5680 852 5733 te,
868 5668 1040 5721 ciuitas
1060 5664 1337 5732 Dei.Quasi
1353 5664 1495 5720 dicat
1511 5684 1524 5721 :
1543 5666 1649 5721 tte-

79 5742 158 5792 itn
194 5739 372 5808 diligit
423 5738 671 5793 Dominus
702 5750 872 5808 portas
914 5750 1048 5799 tuas,
1080 5737 1222 5805 quia,
1254 5754 1285 5790 υ
1317 5738 1487 5792 Civitas
1536 5739 1649 5803 Dei,

80 5814 159 5864 toi
180 5814 296 5863 iosa
313 5815 453 5864 dicta
475 5821 590 5865 sunt
619 5811 680 5866 de
710 5822 776 5878 te,
809 5826 838 5863 a
870 5809 1139 5879 prophetis
1159 5809 1382 5875 scilicet,
1408 5810 1567 5863 etiam
1590 5823 1657 5867 ac

80 5898 177 5937 μευ
218 5881 471 5941 Domino.
520 5898 644 5940 cum
681 5882 883 5940 diceret
923 5881 991 5937 ad
1036 5880 1289 5938 Judaeos:
1332 5882 1490 5936 Amen
1536 5883 1650 5937 dico

1752 4682 1891 4731 mus,
1927 4668 2088 4721 homo
2115 4669 2258 4740 nasci
2285 4667 2522 4724 dicitur:
2565 4673 2685 4740 quia
2728 4686 2831 4725 non
2876 4673 3048 4727 solum
3094 4667 3330 4731 Ecclesia

1751 4753 1997 4805 superna,
2033 4739 2125 4793 sed
2155 4742 2312 4793 etiam
2359 4739 2596 4810 priesens
2634 4744 2869 4798 cmlestis
2916 4742 3208 4799 Jerusalem
3239 4763 3335 4803 vo-

1750 4819 1925 4887 catur,
1955 4810 2074 4887 quia
2102 4813 2287 4864 eadem
2318 4821 2400 4865 est
2432 4822 2506 4887 et_
2530 4814 2615 4867 illa
2647 4826 2707 4887 et
2729 4815 2846 4868 ista.
2883 4816 2947 4869 Et
2968 4886 2971 4887 ν
2996 4827 3051 4869 ut
3078 4818 3150 4871 ait
3188 4820 3333 4887 Apo-

1751 4881 1920 4960 stolus
1947 4879 2189 4960 :.Nostra
2227 4885 2538 4960 conuersatio
2582 4894 2654 4938 est
2692 4886 2745 4938 in
2790 4886 3087 4960 catastibus,
3134 4890 3185 4943 in
3232 4879 3339 4960 qua

1752 4952 1955 5029 scilicet
1978 4952 2027 5029 i_n
2054 4953 2303 5029 prazsenti
2326 4954 2563 5008 Ecclesia
2593 4966 2746 5029 natus
2762 4967 2843 5029 est
2859 4956 3125 5027 Christus,
3148 4952 3336 5029 quain-

1753 5025 1833 5077 vis
1876 5024 1941 5077 de
1980 5023 2178 5098 iudicis
2218 5039 2557 5098 nasceretur:
2601 5027 2722 5097 quia
2775 5027 2922 5081 beata
2975 5023 3123 5098 virgo
3168 5023 3334 5088 Maria

1753 5106 1970 5165 propter
2000 5095 2179 5159 tidem,
2212 5111 2370 5165 quam
2409 5095 2633 5162 habuit,‘
2670 5098 2967 5154 ret/clauda:
3011 5095 3185 5159 adhuc
3232 5104 3333 5159 Ec-

1758 5164 1934 5220 clesiae
1959 5164 2253 5219 membrum
2288 5167 2404 5221 fuit.

1828 5237 2077 5289 Dominus
2106 5239 2334 5291 narrabit
2375 5239 2426 5292 in
2455 5240 2738 5307 scripturis.
2778 5240 2937 5307 Quasi
2966 5243 3107 5299 dicat
3134 5262 3145 5297 :
3182 5245 3334 5302 Licet

1754 5322 1859 5362 non
1881 5308 1957 5382 _sit
1988 5306 2216 5382 hominis
2266 5310 2443 5382 dicere
2489 5322 2579 5365 aut
2609 5306 2906 5382 intelligere
2944 5314 3090 5381 illud,
3126 5319 3332 5373 scilicet

1755 5379 1894 5448 quod
1924 5388 1968 5432 et
1989 5379 2139 5433 homo
2166 5390 2312 5433 natus
2336 5381 2482 5434 estin
2512 5398 2590 5447 ea,
2621 5396 2667 5435 et
2698 5379 2935 5451 fundauit
2963 5379 3122 5440 eam':
3156 5398 3334 5443 tamen

1755 5462 1956 5525 certum
1986 5460 2039 5503 ct
2062 5465 2241 5505 verum
2274 5461 2374 5525 est,
2426 5456 2547 5521 quia
2581 5453 2826 5525 Dominus
2848 5459 2938 5525 qui
2967 5473 3063 5512 nec
3085 5456 3217 5515 fallit
3242 5476 3339 5515 nec

1758 5522 1974 5598 fallitur,
1997 5524 2323 5598 et‘ttarravit
2349 5532 2401 5576 et
2430 5524 2653 5578 narrabit
2696 5526 2820 5580 illttd
2853 5522 2906 5580 in
2932 5530 3201 5598 scripturis
3232 5548 3337 5586 tton

1757 5593 2110 5669 Aristotelicis
2137 5604 2224 5644 aut
2256 5593 2557 5669 Platonicis,
2590 5598 2680 5651 sed
2713 5593 3046 5666 papulorum,
3072 5602 3120 5653 id
3148 5612 3250 5669 est,
3285 5604 3338 5657 in

1756 5664 2032 5743 scripturis
2061 5664 2277 5743 directis
2318 5666 2380 5717 ad
2412 5671 2634 5743 populos
2658 5664 3004 5737 corrigendos
3048 5682 3100 5725 et
3141 5664 3335 5728 decen.

1758 5736 1873 5788 dos.
1900 5734 1965 5815 Et
1989 5736 2038 5787 in
2071 5737 2351 5815 δ(ςι”ἱι)ιιιι·ιε⁸
2375 5740 2501 5803 prin.
2520 5740 2683 5806 ipum,
2710 5743 2760 5795 id
2783 5734 2884 5805 est,
2918 5758 3049 5810 quas
3074 5745 3338 5812 principes

1758 5816 1812 5861 et
1856 5808 2183 5882 scripserunt
2228 5816 2282 5882 et
2313 5808 2662 5882 docuerunt:
2716 5808 3009 5882 principum
3063 5808 3183 5869 dico
3232 5808 3338 5869 non

1757 5876 2134 5947 quorumlibet,
2165 5876 2257 5933 sed
2302 5879 2505 5951 horum,
2536 5881 2590 5939 id
2636 5876 2741 5953 est,
2788 5876 3102 5960 magnorum
3143 5886 3312 5957 princi
