4006 6364
166 320 286 375 949

892 314 955 369 ΙΝ
994 312 1409 370 PSALMOHUM
1451 311 1698 369 LIBRUM
1742 312 2176 373 EXEGESIS.--—
2200 315 2440 373 PSALM.
2484 315 2788 376 LXXXVII.

3326 323 3434 381 950

165 438 251 489 tio
279 446 424 489 mea.
454 431 701 487 Tractum
731 432 869 485 enim
907 438 989 485 est
1014 447 1075 485 es
1105 445 1170 485 eo
1195 433 1333 499 quod
1366 432 1518 499 legati
1563 431 1635 486 illi
1665 433 1752 499 qui
1786 434 1829 489 Α
1859 432 2253 492 damnationem
2283 436 2690 501 sceleratorum,
2722 445 2775 493 et
2808 437 2894 491 hic
2923 436 3158 495 tandem.
3213 446 3278 496 et
3308 443 3433 500 ideo

162 508 412 571 aliquam
463 503 776 570 legationem
822 503 1198 566 acceptabilem
1243 503 1457 573 principi
1498 503 1752 571 alieruut,

162 595 300 631 mox
337 586 461 631 ante
488 588 608 629 eum
656 576 1092 628 intromittuntur.

250 648 462 701 lnclinn
504 660 676 697 aurern
706 655 844 696 tuam
873 646 941 695 ad
976 659 1170 714 precem
1224 661 1401 698 meam.
1440 646 1579 698 Idem
1615 646 1754 699 vidc-

165 730 266 772 tur
303 735 399 786 per
440 719 569 770 alias
597 731 751 769 mres
778 716 977 769 dicere.
1013 716 1148 769 Nihil
1179 718 1319 769 enim
1348 718 1491 769 aliml
1514 727 1595 771 est
1616 720 1757 770 auris

167 791 481 851 inclinatio,
538 801 693 852 quam
765 788 1065 841 misericors
1116 788 1400 840 exauditio.
1466 790 1527 840 Iit
1579 790 1759 854 utique

166 872 306 913 tunc
336 861 552 914 inclinat
589 858 739 911 nobis
769 870 971 920 aurem,
1004 859 1047 911 si
1091 873 1185 912 nos
1217 873 1319 911 non
1350 858 1614 927 erigamus
1641 874 1758 913 cer-

168 933 378 986 vicmn.

258 1004 398 1067 Quia
424 1001 617 1068 repleta
645 1008 717 1053 est
764 1001 913 1052 malis
940 999 1110 1051 animo
1139 1016 1270 1063 mea,
1305 1010 1349 1053 et
1386 1002 1486 1053 vita
1526 1018 1636 1053 mea
1680 1002 1759 1054 in-

167 1074 335 1142 ferno
361 1072 805 1140 appropinquavit.
858 1072 920 1122 Ιηζι
950 1071 1066 1123 ideo
1096 1086 1224 1140 rogo
1273 1084 1325 1123 ιιι
1374 1072 1597 1125 inclines
1629 1075 1753 1125 mihi

168 1158 393 1205 aurem,
425 1144 545 1210 quia
580 1144 747 1207 patior
786 1142 1173 1195 necessitatem.
1227 1143 1409 1195 Anima
1458 1144 1596 1197 ettim
1648 1160 1757 1197 mea

166 1217 378 1284 repleta
415 1224 486 1267 est
536 1215 703 1265 malls.
734 1212 933 1275 Quibus
964 1213 1147 1264 malis?
1204 1211 1315 1265 Non
1369 1213 1546 1280 utique
1593 1215 1755 1278 vitiis,

167 1291 303 1350 quia
351 1293 606 1353 peccatum
638 1300 734 1335 non
778 1284 913 1350 fecit,
949 1299 1037 1335 nec
1066 1284 1293 1337 inuentus
1320 1296 1386 1337 est
1418 1285 1567 1339 dolus
1593 1288 1645 1335 in
1673 1302 1759 1338 ore

168 1356 446 1424 ejus;sed
487 1354 725 1409 humanis
776 1355 945 1415 malis,
998 1356 1221 1417 srilicct,
1272 1357 1500 1417 tristitia,
1535 1356 1755 1409 tribula-

173 1429 350 1491 tione,
399 1427 603 1479 dolore.
652 1426 981 1491 Compatitur
1025 1430 1162 1477 enim
1208 1427 1381 1478 anima
1428 1426 1571 1479 carni
1624 1443 1753 1489 sum,

168 1500 397 1565 quando
441 1497 812 1550 incvitabiliter
851 1496 1089 1549 imminet
1133 1496 1285 1549 dolor
1320 1496 1416 1562 ipsi
1460 1498 1626 1550 carni.
1684 1498 1755 1551 De

173 1570 266 1621 his
293 1568 448 1622 malis
476 1568 671 1635 quippe
697 1566 863 1619 dixit:
913 1565 1093 1619 Tristis
1127 1577 1197 1619 est
1240 1568 1411 1619 anima
1453 1585 1579 1621 meo.
1632 1568 1755 1623 llec

170 1649 383 1703 autem,
418 1638 466 1691 id
498 1649 601 1701 est,
638 1638 732 1690 hos
761 1638 979 1691 allectus
1011 1640 1253 1691 humana:
1292 1638 1613 1693 iulirmltatis
1646 1654 1749 1695 non

173 1712 489 1762 conditione
534 1710 886 1773 neceSsitatis,
930 1709 1023 1761 sed
1066 1710 1340 1762 voluntate
1390 1710 1751 1765 miserationis

170 1783 439 1848 suscepit,
480 1780 619 1833 sicut
663 1787 717 1832 et
746 1793 956 1832 carnem
1001 1790 1053 1833 et
1094 1780 1258 1846 ipsam
1305 1781 1463 1833 etiam
1497 1792 1741 1835 mortem.

176 1849 479 1904 Transtulit
522 1853 661 1903 enim
694 1851 742 1903 in
775 1865 832 1903 se
876 1851 1109 1903 membra
1141 1865 1256 1910 sua.
1291 1861 1346 1903 ut
1376 1852 1419 1903 si
1472 1851 1605 1907 forte
1645 1853 1741 1907 ali-

169 1922 322 1989 quod
358 1921 651 1974 membrum
677 1932 828 1975 sutnu
858 1922 1008 1974 inter
1048 1922 1352 1989 corporales
1384 1922 1749 1978 tribulatiOnes

172 2000 342 2058 atque
372 1992 640 2045 molestias
669 1995 1093 2056 contristaretur,
1136 2001 1227 2044 aut
1256 1992 1441 2046 dolore
1470 1996 1747 2063 contiugc-
1772 2026 1790 2039 ο

170 2072 348 2125 retur,
384 2077 486 2115 non
517 2063 635 2116 ideo
678 2072 881 2129 putaret
930 2077 990 2116 se
1035 2064 1264 2116 alienum
1314 2078 1341 2115 a
1387 2064 1747 2118 misericordia

168 2131 318 2199 ejus.
356 2135 418 2186 Et
461 2142 517 2187 ut
544 2134 846 2187 ostenderet
880 2134 989 2187 haec
1036 2148 1139 2186 non
1171 2148 1290 2187 esse
1320 2133 1465 2197 vitia,
1507 2136 1598 2188 sed
1650 2136 1748 2189 hu-

172 2218 353 2257 mana:
382 2202 699 2258 inﬁrmitatis
729 2202 943 2258 indicia.
990 2204 1049 2257 Et
1078 2205 1198 2258 ideo
1227 2205 1399 2273 (quasi
1427 2205 1589 2275 dicat)
1620 2208 1740 2261 dico

171 2274 298 2341 quia
328 2277 497 2328 anima
528 2290 638 2327 mea
662 2276 865 2347 repleta,
891 2284 967 2329 est
1014 2276 1179 2336 malis,
1212 2276 1329 2341 quia
1378 2277 1479 2327 vita
1514 2291 1624 2330 mea
1654 2294 1749 2347 ap-

173 2347 539 2415 propinquavit
568 2348 789 2415 inferno.
822 2346 870 2399 id
917 2356 1019 2411 est,
1050 2348 1226 2400 morti.
1266 2347 1553 2400 Possumus
1581 2346 1746 2402 etiam

175 2430 279 2483 per
308 2418 444 2469 mala
478 2418 561 2469 hie
589 2418 830 2483 accipere
855 2420 1119 2471 tristitiam
1154 2428 1207 2471 et
1238 2416 1474 2471 dolorem
1506 2432 1749 2487 compas-o

178 2488 376 2551 sionis,
409 2502 566 2555 quatn
600 2490 711 2557 ipse
763 2488 967 2551 ltabuit,
1017 2490 1149 2558 quia
1171 2488 1301 2540 vidit
1342 2488 1459 2541 illos
1491 2500 1625 2554 ιμιοε
1655 2506 1745 2544 ve-

179 2569 339 2610 nerat
370 2559 607 2619 reticere,
643 2561 815 2628 potius
846 2574 874 2611 a
905 2560 1125 2628 veritate
1156 2558 1401 2623 delicere,
1440 2562 1570 2613 etin
1604 2571 1748 2615 tanto

171 2630 385 2681 scelere
413 2645 470 2684 se
502 2627 755 2696 polluere.
789 2630 941 2683 Juxta
971 2627 1108 2698 quod
1144 2630 1428 2696 Apostolus
1460 2630 1529 2682 ait
1569 2648 1579 2682 :
1624 2631 1745 2685 Ma-

172 2714 283 2771 gna
331 2703 559 2769 tristitia,
604 2711 648 2754 et
697 2703 962 2753 continuus
991 2702 1136 2753 dolor
1167 2702 1319 2751 menti
1366 2714 1488 2771 mete
1516 2716 1608 2770 pro
1640 2708 1749 2771 fra-

175 2770 343 2822 tribus
378 2774 496 2824 meis
525 2772 799 2826 secundum
831 2787 1052 2831 carnem.
1086 2771 1171 2838 qui
1202 2780 1320 2822 sunt
1364 2769 1634 2825 Israelita.

254 2840 567 2897 [Estimatus
597 2858 704 2895 sum
750 2858 861 2894 cum
892 2842 1301 2895 descendentibus
1346 2844 1395 2893 in
1430 2844 1615 2904 laeum,
1662 2847 1745 2913 fa-

174 2924 293 2965 ctus
318 2928 427 2966 sum
476 2916 603 2967 sicut
652 2914 801 2965 homo
852 2915 958 2966 sine
1013 2914 1293 2979 adiutorio.
1345 2916 1473 2966 inter
1524 2925 1747 2969 mortuos

176 2983 333 3035 liber.
375 2984 497 3039 Ideo
523 2988 691 3037 animo
719 3000 827 3038 mea
853 2986 1043 3051 repleta
1068 2984 1139 3037 est
1173 2985 1339 3046 malis,
1394 2994 1438 3036 et
1490 2988 1589 3038 vita
1637 3002 1746 3041 mea

175 3056 607 3124 appropinquavit
649 3058 867 3122 inferno,
900 3058 1020 3123 quia
1052 3056 1325 3108 wstimatus
1368 3068 1480 3107 sum
1510 3057 1577 3109 ab
1616 3058 1743 3124 illis,

174 3140 405 3193 quorum
422 3136 658 3179 mortuos
682 3132 925 3179 veneram
949 3130 1229 3188 suscitare,
1264 3128 1502 3179 inlirtuos
1528 3142 1740 3191 curare,

176 3196 329 3261 ipsos
358 3197 573 3250 eosdem
614 3213 641 3250 a
670 3197 900 3264 peccatis
933 3197 1193 3261 liberare;
1237 3211 1355 3249 esse
1397 3212 1508 3249 rum
1537 3198 1747 3253 descen-

177 3267 417 3319 dentibus
456 3268 510 3321 in
539 3271 727 3332 locum,
759 3268 806 3321 id
839 3278 940 3332 εει,
976 3282 1068 3333 par
1105 3282 1223 3320 esse
1255 3266 1357 3320 illis
1400 3270 1487 3334 qui
1524 3271 1749 3325 descen-

176 3338 314 3390 dunt
344 3339 393 3390 in
422 3338 617 3401 lacum,
652 3338 834 3407 idest,
869 3340 918 3391 in
947 3337 1260 3407 profundam
1296 3340 1561 3392 miseriam
1595 3340 1751 3395 vitio-

176 3422 299 3462 rum
333 3407 489 3477 hujus
520 3411 657 3463 vitae.
697 3406 786 3463 Vel
830 3410 883 3462 in
910 3406 1100 3474 locum,
1135 3410 1185 3463 id
1221 3417 1321 3470 est,
1354 3410 1404 3461 in
1436 3410 1747 3467 inferiorem

177 3477 471 3533 infernum.
506 3479 568 3533 Et
597 3485 759 3549 [actus
787 3494 898 3531 sunt
938 3482 1097 3533 etiam
1135 3482 1469 3547 reputatione
1512 3481 1747 3545 illorum,

175 3550 319 3621 sicut
340 3550 487 3603 homo
534 3554 640 3605 sine
666 3552 951 3621 adjutorio,
980 3551 1030 3605 id
1072 3558 1172 3621 est,
1206 3551 1348 3604 velut
1376 3551 1658 3607 destitutus
1684 3556 1751 3607 ab

174 3620 327 3691 Omni
352 3621 570 3686 auxilio,
604 3627 723 3690 quia
753 3620 1038 3675 dixerunt:
1094 3620 1557 3691 l’ers'quiminihet
1604 3639 1747 3677 com-

173 3690 497 3760 prehendite,
549 3695 668 3760 quia
716 3708 817 3745 non
862 3701 933 3745 est
982 3694 1067 3761 qui
1099 3690 1271 3745 liberet
1302 3707 1433 3744 eum.
1462 3690 1624 3758 Talis,
1666 3695 1751 3748 in-

175 3776 362 3829 quam,
396 3766 461 3817 ab
490 3764 565 3817 eis
589 3772 863 3828 reputatus
891 3778 1027 3827 sum,
1060 3779 1177 3816 cum
1205 3773 1377 3815 tamen
1407 3778 1577 3816 essem
1603 3766 1751 3821 solus

179 3832 310 3885 liber
352 3836 481 3887 inter
536 3845 785 3887 mortuos.
849 3834 983 3889 Vere
1014 3836 1154 3889 enim
1211 3848 1354 3887 mors
1393 3833 1533 3887 illius
1590 3838 1751 3891 libera

180 3902 305 3967 fuit,
357 3920 462 3959 non
502 3913 707 3968 coacta,
749 3904 871 3972 quia
918 3916 1235 3971 potestatem
1288 3905 1471 3959 habuit
1518 3909 1751 3962 animam

178 3977 432 4043 potiendi,
467 3986 515 4030 et
543 3979 732 4030 iterum
764 3979 1027 4033 sumendi.
1086 3977 1185 4030 Per
1213 3977 1313 4029 hoc
1334 3976 1494 4029 etiam
1521 3977 1752 4032 liberin-

181 4055 267 4098 ter
308 4059 546 4101 mortuos
599 4048 716 4113 fuit,
767 4049 888 4113 quia
945 4064 1041 4102 nec
1092 4048 1482 4115 praecedentem
1535 4060 1750 4103 causam

178 4118 391 4197 mortis,
420 4120 597 4199 idest,
633 4126 907 4188 peccatum
939 4120 1142 4184 habuit,
1168 4132 1267 4172 nec
1297 4127 1606 4186 sequentem
1640 4135 1751 4190 pte.

176 4201 303 4241 nam
348 4198 536 4243 ttmuit.

257 4260 399 4312 Sicut
432 4260 680 4314 vulnerati
724 4261 979 4330 dormiens
1022 4262 1074 4315 in
1105 4262 1371 4330 sepulcris,
1411 4276 1622 4330 quorum
1652 4279 1754 4317 non

176 4346 235 4383 es
267 4347 459 4383 memor
484 4331 723 4396 amplius.
769 4326 881 4386 [loc
913 4338 995 4387 est
1042 4326 1218 4386 dicere
1244 4350 1253 4383 :
1307 4326 1754 4400 Ego-vulneratus

176 4402 391 4465 lancea,
440 4412 735 4456 aestimatus
784 4414 901 4456 sum
956 4405 1026 4457 ita
1070 4411 1311 4455 mortuus
1356 4416 1419 4455 es
1453 4406 1751 4473 coactione,

173 4473 309 4526 sicut
333 4473 419 4526 alii
442 4476 693 4526 vulnerati
726 4490 829 4527 non
855 4475 1097 4541 quilibet,
1131 4476 1222 4527 sed
1266 4474 1356 4542 qui
1382 4476 1572 4525 mortui
1604 4486 1751 4543 sunt,

1777 3164 1825 3235 Ο

1863 504 2033 573 (quasi
2055 507 2217 581 dicat)
2247 518 2521 581 posuerunt
2540 509 2599 581 in
2626 509 2741 562 lucu
2768 509 3021 574 inferiori,
3054 513 3175 579 quia
3200 526 3426 581 accepe-

1862 588 2100 632 runt-me
2131 580 2180 630 in
2212 579 2504 645 tenebrosis,
2538 578 2589 632 id
2632 588 2734 642 est,
2768 581 2901 633 inter
2926 578 3083 635 datos
3112 578 3347 639 tenebris
3378 592 3430 647 ιη

1860 656 2103 721 carentes
2136 650 2332 705 lumine
2355 649 2611 704 veritatis.
2652 650 2714 704 Et
2742 654 2899 705 etiam
2935 653 2987 703 in
3019 655 3195 707 umbra
3226 658 3419 721 mortis,

1861 718 1911 771 id
1942 728 2041 794 est,
2068 720 2352 794 interlitos
2379 722 2681 794 quiaaon
2724 733 2843 776 sunt
2893 723 3103 794 perditi,
3146 724 3285 793 quod
3320 718 3425 794 iam

1858 789 2122 913 3mhram,
2172 792 2223 845 id
2253 802 2355 856 est,
2390 791 2793 847 similitudinem
2840 789 3024 848 martis
3056 796 3107 849 in
3140 789 3199 851 se
3246 789 3433 852 osten-

1896 870 2006 913 11111.

1896 870 2006 916 Ulli.

1931 932 2100 998 Super
2121 949 2199 984 me
2225 935 2551 1001 conﬁrmatus
2580 943 2672 988 est.
2708 936 2868 1001 Quasi
2909 934 3049 989 dicat
3073 953 3087 989 :
3129 938 3240 992 Hoc
3266 939 3433 993 etiam

1860 1002 1997 1076 male
2045 1012 2348 1076 reputantes
2396 1007 2463 1059 de
2502 1022 2587 1060 me
2625 1005 2889 1070 dixerunt,
2923 1008 3045 1076 quia
3072 1024 3175 1062 non
3224 1020 3429 1065 tantum

1860 1072 1933 1124 ira
1970 1083 2077 1134 tua,
2117 1074 2358 1137 Domine,
2389 1077 2452 1130 ad
2479 1090 2685 1142 tempus
2713 1087 2857 1133 esset
2883 1072 3042 1145 super
3071 1094 3179 1145 me,
3210 1080 3303 1134 sed
3338 1085 3425 1144 fu-

1856 1154 2084 1218 rortuns
2114 1156 2185 1198 est
2212 1147 2563 1213 conﬁrmatus,
2617 1156 2675 1201 ut
2715 1156 2925 1202 manest
2956 1164 3108 1218 super
3153 1167 3229 1203 me
3258 1160 3312 1204 et
3341 1152 3425 1205 hic

1859 1225 1910 1267 et
1951 1217 2001 1268 in
2052 1217 2244 1270 futuro.
2294 1218 2353 1270 Et
2400 1220 2500 1271 hoc
2544 1218 2702 1271 etiam
2760 1217 3033 1285 dixerunt,
3074 1222 3214 1285 quod
3247 1228 3300 1273 tu
3346 1222 3429 1273 in-

1859 1287 2052 1341 duxisti
2084 1289 2135 1342 in
2169 1287 2517 1355 dispositione
2565 1298 2654 1341 tua
2703 1303 2855 1355 super
2888 1306 2965 1342 me
3020 1308 3191 1345 omnes
3240 1294 3427 1359 ﬂuctus

1858 1365 1989 1428 tuos,
2018 1359 2067 1412 id
2110 1368 2211 1423 est,
2241 1370 2294 1413 et
2322 1370 2636 1428 praesentem
2671 1362 3062 1416 tribulationem
3093 1373 3147 1417 et
3173 1373 3429 1417 aeternam

1856 1427 2277 1485 damnationem.

1927 1499 2099 1571 Longe
2128 1500 2293 1568 fecisti
2319 1508 2465 1554 notos
2510 1516 2644 1555 meos
2674 1519 2706 1556 a
2736 1517 2837 1555 me.
2884 1502 3043 1567 Quasi
3101 1504 3242 1559 dicat
3276 1520 3291 1558 :
3354 1505 3434 1558 Ad

1857 1570 2112 1637 majorem
2139 1572 2407 1625 cumulum
2452 1573 2682 1626 miserim
2711 1588 2842 1626 meae
2883 1573 2983 1627 hoc
3007 1576 3165 1627 etiam
3197 1576 3432 1629 additum

1855 1649 1957 1704 est,
1990 1642 2111 1715 quia
2144 1649 2198 1715 tu
2247 1643 2429 1712 fecisti,
2482 1643 2533 1697 id
2589 1654 2709 1715 est,
2747 1643 2859 1697 ﬁeri
2905 1646 3191 1709 permisisti
3226 1647 3375 1715 longe
3404 1662 3437 1697 a

1855 1726 1935 1783 me
1962 1714 2004 1765 si
2033 1728 2137 1767 non
2164 1714 2303 1777 loco,
2335 1724 2511 1768 tamen
2544 1713 2821 1768 allectione
2848 1726 2992 1768 notos
3032 1732 3187 1783 meos,
3225 1718 3275 1771 id
3318 1713 3432 1780 est,

1784 1803 1825 1861 Β
1856 1780 1974 1861 illos
2000 1786 2087 1851 qui
2126 1794 2179 1838 et
2220 1785 2741 1861 viderantémiracula
2780 1800 2811 1838 a
2863 1799 2949 1861 me
2983 1786 3141 1861 iacta,
3176 1780 3245 1841 et
3268 1788 3438 1861 intel-

1856 1852 2265 1922 lexerantopera
2290 1870 2426 1909 mea.
2457 1855 2523 1907 Et
2549 1870 2673 1926 vere
2698 1855 2854 1923 longe
2882 1854 3003 1909 facti
3027 1867 3170 1918 sunt.
3192 1859 3312 1926 quia
3343 1873 3436 1924 po-

1852 1935 2059 1978 suerunt
2090 1942 2165 1979 me
2193 1927 2288 1979 sibi
2320 1935 2569 1993 tauquam
2598 1924 3051 1981 abominationem.
3100 1924 3241 1983 Satis
3285 1930 3431 1982 enim

1854 1994 1941 2049 ille
1970 1995 2258 2067 aestimavit
2285 2011 2404 2067 eum
2433 1995 2906 2063 abominationem,
2937 1997 3026 2063 qui
3074 1998 3238 2067 cmpit
3281 1998 3434 2051 dete-

1853 2067 1981 2120 stari
2007 2066 2261 2135 etjurare
2282 2066 2404 2136 quia
2440 2080 2544 2119 non
2575 2068 2813 2121 novisset
2860 2069 3151 2122 hominem.
3191 2068 3435 2122 Traditus

1852 2142 1965 2207 sum
1995 2138 2063 2191 ab
2093 2152 2198 2191 uno
2225 2137 2460 2200 illorum,
2491 2146 2534 2189 et
2558 2146 2733 2191 tamen
2762 2154 2860 2191 non
2886 2139 3204 2207 egrediebsr.
3238 2140 3289 2193 id
3320 2146 3429 2203 est,

1852 2206 2147 2261 divinitatis
2177 2209 2468 2277 potentiam
2500 2222 2607 2260 non
2635 2206 3011 2263 ostendeham.
3047 2210 3111 2263 Et
3141 2210 3262 2264 ideo
3292 2208 3433 2263 oculi

1850 2278 1949 2348 mei
1996 2279 2327 2348 languet-unt.
2357 2278 2409 2332 id
2440 2284 2521 2330 εει
2546 2316 2561 2341 ,
2612 2279 2663 2331 in
2704 2289 2929 2333 mortem
2979 2280 3135 2333 datus
3177 2296 3341 2334 sum:
3374 2287 3434 2333 ut

1851 2347 2165 2416 simpliciter
2190 2348 2575 2417 sitdescriptio
2622 2350 2830 2403 mortis.
2866 2350 2958 2406 Vel
3007 2352 3162 2418 oculi,
3217 2352 3266 2403 id
3324 2361 3431 2412 est,

1850 2420 2009 2491 etiam
2039 2418 2385 2491 perfectiores
2430 2418 2483 2491 in
2536 2434 2759 2488 corpore
2799 2437 2938 2487 meo,
2993 2434 3085 2489 per
3138 2435 3272 2491 quos
3298 2434 3431 2491 Aego

1851 2488 1971 2543 aliis
2018 2489 2426 2558 prospiciebam,
2461 2489 2785 2559 langueruut,
2820 2492 2869 2545 id
2916 2488 3016 2553 est,
3050 2508 3075 2543 a
3110 2488 3192 2545 ιιιέ
3220 2488 3436 2545 defece-

1850 2572 1970 2614 runt
2004 2576 2110 2629 prce
2147 2561 2339 2625 inopia,
2370 2561 2420 2613 id
2454 2570 2554 2623 est,
2587 2561 2707 2626 quia
2755 2563 2921 2616 solam
2965 2562 3290 2631 paupertatis
3320 2564 3431 2615 lor-

1850 2644 2016 2695 mam,
2047 2646 2150 2685 non
2174 2631 2466 2685 divinitatis
2489 2631 2700 2685 divitias
2729 2633 3067 2686 exhibebant.

1921 2700 2159 2756 Clamavi
2183 2703 2249 2754 ad
2278 2709 2345 2764 te,
2382 2702 2615 2755 Domine.
2664 2704 2826 2768 Quasi
2870 2702 3014 2756 dicat
3049 2721 3061 2756 :
3118 2704 3434 2771 Quanquam

1850 2783 1927 2828 tot
1956 2774 2215 2827 molestiis
2245 2775 2642 2826 circumventus
2672 2787 2870 2837 essem,
2921 2781 3098 2827 tamen
3159 2789 3262 2827 non
3314 2773 3437 2827 ideo

1850 2846 2018 2898 delevi
2050 2859 2079 2896 a
2108 2859 2226 2897 meo
2258 2842 2549 2911 proposito,
2592 2844 2734 2911 quia,
2768 2858 2801 2897 o
2830 2845 3065 2908 llontine,
3106 2844 3344 2909 clamavi,
3382 2843 3437 2897 id

1848 2926 1952 2980 est,
2002 2916 2277 2968 irremisse
2308 2914 2389 2980 egi
2420 2913 2488 2965 ad
2518 2924 2565 2967 te
2597 2915 3045 2981 promerendum;
3080 2925 3135 2969 et
3179 2916 3279 2968 hoc
3328 2928 3436 2969 non

1848 2988 1914 3040 ad
1948 2992 2154 3050 horam,
2196 2984 2286 3038 sed
2317 2992 2425 3037 tota
2468 2985 2571 3049 die,
2606 2984 2657 3038 id
2687 2995 2787 3048 est,
2820 2994 2929 3039 toto
2963 2995 3202 3052 tempore
3232 2984 3438 3041 militia

1852 3070 2003 3109 metu.
2059 3054 2300 3124 Expandi
2357 3071 2535 3108 manus
2592 3071 2750 3118 meus,
2809 3054 3005 3122 idest,
3049 3056 3259 3109 ostendi
3296 3056 3436 3109 bona

1856 3142 2015 3196 opera
2062 3141 2203 3194 mea,
2238 3136 2294 3179 ut
2349 3126 2468 3180 aliis
2520 3126 2823 3191 exeiuplum
2875 3126 3084 3192 darem,
3144 3124 3437 3195 respiciens

1855 3215 1961 3253 non
1986 3198 2048 3251 ad
2072 3210 2131 3249 os
2161 3196 2458 3260 hominum,
2489 3196 2581 3249 sed
2611 3196 2679 3248 ad
2722 3206 2787 3250 te.

1929 3268 2179 3334 Nunquid
2222 3276 2453 3319 mortuus
2509 3269 2664 3333 [acies
2716 3266 2990 3321 mirabilia.
3033 3266 3193 3333 Quasi
3239 3266 3431 3321 dicat:

1855 3340 2008 3407 Quia,
2045 3339 2278 3402 Domine,
2330 3339 2397 3390 ad
2428 3348 2473 3390 te
2526 3339 2761 3400 clamavi,
2790 3341 2913 3406 quia
2963 3347 3067 3392 tota
3118 3338 3200 3390 die
3251 3354 3432 3392 manus

1854 3426 1990 3464 meas
2038 3408 2281 3477 expaudi,
2334 3422 2462 3477 ergo
2504 3423 2850 3475 recompensa
2901 3409 3057 3474 mihi,
3088 3418 3143 3463 et
3170 3408 3435 3463 resuscita

1856 3497 1962 3545 me,
1996 3490 2053 3534 ιιι
2083 3495 2175 3549 per
2200 3493 2285 3532 me
2314 3482 2686 3534 resuscitatom
2718 3480 2877 3533 facias
2924 3478 3212 3542 mirabilia,
3243 3479 3292 3532 id
3326 3487 3430 3545 est,

1856 3555 2247 3618 reparationem
2282 3550 2434 3612 Vivis,
2468 3551 2587 3619 quia
2623 3565 2717 3617 per
2763 3564 2851 3606 me
2884 3561 3174 3613 mortuom,
3225 3550 3277 3605 id
3328 3559 3434 3614 est,

1856 3638 1963 3675 non
1992 3622 2360 3676 resuscitatum
2395 3637 2498 3674 non
2544 3622 2697 3684 [acies
2726 3622 2981 3676 mirabilia
3011 3626 3245 3675 mortuis.
3293 3620 3429 3676 Hine

1828 3692 1977 3747 'talis
2025 3706 2119 3760 per
2162 3691 2575 3761 disiunctionem
2616 3694 2956 3763 syllogismus
3010 3693 3218 3748 videtur
3274 3706 3434 3759 posse

1857 3765 1972 3817 lieri
2005 3782 2017 3817 :
2067 3763 2200 3817 Cum
2247 3771 2453 3817 constet
2484 3764 2624 3831 quod
2658 3768 2886 3819 tacturus
2932 3764 3007 3818 sis
3036 3764 3431 3831 reparationem

1857 3850 1951 3903 per
1977 3845 2201 3889 mortem
2252 3848 2447 3899 meatu,
2489 3844 2579 3888 aut
2612 3850 2703 3903 ρετ
2757 3850 2841 3890 me
2893 3845 3159 3888 lllﬂl‘llllllll
3205 3844 3431 3898 tantum,

1856 3908 1906 3961 id
1937 3915 2040 3970 est,
2074 3922 2179 3958 non
2228 3909 2622 3968 resuscitatum,
2672 3906 2831 3961 iacies
2875 3906 3136 3960 mirabilia
3184 3904 3430 3970 mortuis,

1857 3988 1948 4031 aut
1974 3992 2067 4047 per
2095 3992 2182 4031 me
2212 3977 2582 4047 resuscitatum
2610 3986 2663 4031 ct
2693 3978 2867 4029 vivum
2900 3975 3069 4047 vivis;
3104 3976 3194 4028 sed
3227 3989 3320 4042 per
3347 3990 3433 4030 me

1857 4045 2127 4103 mortuum
2157 4063 2260 4102 non
2294 4046 2456 4101 facies
2492 4046 2743 4100 mirabilia
2776 4045 3033 4109 mortuis;
3064 4060 3191 4111 ergo
3221 4060 3315 4111 per
3346 4059 3433 4099 me

1859 4121 2036 4173 vivum
2066 4120 2216 4172 vivis.
2252 4117 2628 4184 Assumptioue
2657 4116 2801 4181 ponit
2823 4118 2875 4170 in
2919 4116 3055 4170 libro
3081 4120 3181 4169 sub
3204 4114 3433 4169 interro-

1857 4193 2067 4259 gatione
2092 4204 2212 4243 cum
2240 4190 2402 4242 dicit:
2453 4186 2717 4259 Nunquid
2748 4201 2840 4259 per
2884 4197 2971 4241 me
2991 4198 3286 4259 __mortuum
3316 4194 3435 4241 tan-

1860 4256 1971 4315 ium
2003 4262 2158 4332 {acies
2185 4259 2442 4332 mirabilia
2470 4257 2725 4311 mortuis?
2757 4257 2938 4332 Quasi
2972 4256 3116 4311 dicat
3142 4273 3155 4332 ς
3188 4256 3437 4324 lmpossi-

1861 4333 1966 4386 bile
1998 4329 2080 4387 est
2107 4331 2206 4384 hoc
2231 4330 2363 4382 ﬁeri.
2398 4330 2631 4385 Mortuos
2659 4330 2850 4396 accipit
2890 4329 2975 4383 hic
3002 4330 3226 4382 interius
3256 4340 3310 4381 et
3339 4344 3435 4382 ex-

1860 4404 2024 4457 terius
2066 4410 2326 4464 mortuos,
2359 4403 2447 4470 qui
2492 4401 2598 4468 jam
2653 4401 2717 4453 ad
2751 4400 2848 4455 sibi
2904 4400 3195 4469 condignas
3250 4413 3436 4467 positas

1858 4473 2205 4536 descendunt,
2239 4482 2292 4526 et
2326 4470 2443 4526 ideo
2470 4472 2796 4539 impossibile
2824 4481 2908 4529 est
2950 4486 3046 4527 eos
3088 4470 3315 4536 amplius
3346 4486 3434 4523 re-

174 4554 236 4597 et
268 4544 539 4623 dormiunt
569 4547 620 4623 in
676 4545 934 4623 sepulcris
983 4541 1358 4623 exspectantes
1412 4541 1756 4623 resurrectio;
1789 4556 1842 4623 D
1867 4545 2063 4614 parari,
2111 4543 2317 4623 quiauin
2368 4541 2577 4623 inferno
2616 4542 2755 4623 nulla
2788 4552 2879 4623 εει⁸
2915 4542 3252 4623 redemptio;
3286 4542 3435 4622 vivos

177 4630 331 4679 nem,
361 4628 411 4668 et
458 4617 527 4668 ita
555 4616 904 4680 dormierunt,
931 4617 1069 4696 quod
1095 4623 1147 4667 to
1179 4630 1279 4668 non
1309 4628 1370 4695 es
1396 4614 1620 4696 amplius
1647 4633 1760 4672 me-

1012 4692 1481 4741 commutatiouem
1538 4692 1592 4745 in
1647 4704 1759 4744 me.

175 4700 299 4738 mor
337 4702 541 4752 eorum,
595 4698 848 4759 quantum
897 4703 923 4739 a

176 4758 303 4809 lius.
620 4758 623 4759 ν
1720 4808 1730 4816 ,

258 4825 350 4880 Vel
378 4828 566 4882 aliter:
622 4818 934 4883 .Estimntus
961 4847 1073 4885 sum
1103 4827 1169 4884 ab
1203 4827 1281 4882 eis
1304 4826 1447 4899 sicut
1480 4827 1754 4899 vulnerati,

176 4898 233 4951 id
280 4910 397 4963 est,
430 4900 669 4953 transﬁxi
702 4900 905 4969 sagittis
949 4900 1142 4957 divinat
1189 4898 1606 4962 advorsatiouis.
1656 4898 1756 4959 hoc

173 4979 285 5043 est,
314 4971 450 5025 sicut
476 4987 688 5038 prorsus
714 4976 852 5025 intus
874 4974 1147 5037 exotecati,
1177 4972 1483 5043 dormientes
1507 4970 1557 5025 in
1584 4975 1754 5043 sepul-

171 5042 304 5101 cris,
342 5043 390 5092 id
417 5052 519 5105 est,
552 5045 953 5111 acquiescentes
983 5044 1083 5098 sibi
1135 5045 1186 5098 in
1228 5042 1475 5111 operibus
1504 5046 1747 5110 mortuis,

170 5127 399 5182 quorum
432 5123 484 5165 tu
516 5130 615 5165 non
646 5130 696 5167 es
724 5116 945 5181 amplius
974 5131 1162 5168 memor
1199 5129 1292 5181 per
1338 5117 1746 5182 reparationem.

252 5180 320 5233 Et
350 5184 449 5252 ipsi
479 5184 540 5236 de
565 5201 719 5256 manu
747 5180 833 5237 tua
862 5185 1051 5256 repulsi
1079 5180 1214 5239 sunt.
1244 5180 1411 5248 Quasi
1430 5184 1571 5239 dicat
1601 5204 1613 5238 :
1649 5188 1749 5240 Pu-

172 5265 560 5319 tavcruntme,
617 5255 854 5324 inquam,
907 5255 940 5309 ο
1000 5258 1240 5320 Dotniue,
1294 5256 1607 5310 destitutum
1659 5268 1749 5313 tuo

168 5326 402 5391 auxilio,
451 5338 495 5379 et
526 5328 645 5380 ideo
672 5329 769 5393 ipsi
802 5330 975 5394 potius
1021 5328 1214 5397 repulsi
1263 5334 1402 5390 sunt,
1443 5338 1495 5379 et
1527 5327 1748 5384 interius

168 5409 227 5449 ct
261 5398 499 5452 exterius
535 5401 597 5451 de
627 5415 781 5451 manu
808 5407 916 5464 tua,
950 5400 1000 5453 id
1032 5410 1132 5464 est,
1184 5398 1249 5452 de
1297 5397 1623 5465 proiectione
1653 5401 1749 5453 mi-

168 5471 487 5522 sericordia:
521 5480 646 5524 tuas.

254 5538 542 5593 Posuerunt
582 5556 679 5594 me.
735 5541 923 5595 Merito
951 5542 1138 5612 repulsi
1171 5548 1296 5612 sunt
1330 5544 1393 5592 de
1441 5554 1593 5591 manu
1638 5548 1745 5605 tua,

168 5613 298 5679 quia
330 5612 428 5678 ipsi
462 5625 736 5675 posuerunt
769 5629 847 5666 me
871 5611 1026 5681 prava
1075 5611 1407 5679 reputatione
1448 5625 1540 5663 sua
1572 5613 1623 5662 in
1666 5613 1750 5664 in-

170 5682 357 5751 feriori
390 5682 525 5736 lacu.
559 5686 815 5750 Superius
843 5698 936 5751 per
965 5685 1135 5736 lacum
1183 5682 1485 5749 accepimus
1532 5682 1749 5748 proluu-

170 5754 301 5807 dam
334 5756 601 5809 miseriam
636 5755 791 5826 hujus
816 5756 955 5820 vitae,
987 5766 1042 5810 et
1092 5752 1398 5826 inferiorem
1444 5752 1741 5826 infernum;

171 5827 261 5880 hic
294 5834 493 5884 autent.
520 5830 640 5894 plus
676 5824 987 5897 accipimus,
1016 5826 1239 5891 scilicet,
1273 5824 1738 5895 profundissimam

1867 4611 1991 4669 vero
2017 4611 2199 4681 accipe
2228 4613 2349 4667 illos
2391 4614 2501 4683 qui,
2530 4621 2584 4668 et
2612 4612 2657 4668 si
2690 4613 2881 4669 mortui
2932 4622 3055 4668 sunt
3085 4612 3328 4675 interius,
3360 4611 3440 4664 vi-

1866 4696 1995 4740 νιιιιι
2023 4695 2199 4740 tamen
2234 4686 2489 4749 exterius,
2519 4694 2573 4739 et
2603 4684 2725 4740 ideo
2755 4687 2805 4738 in
2836 4685 2913 4739 eis
2947 4693 3029 4738 eet
3057 4697 3181 4750 spes
3213 4697 3434 4750 repara-

1863 4758 2042 4812 tionis.
2091 4757 2217 4812 lude
2264 4765 2439 4809 autem
2484 4764 2694 4810 constat
2720 4756 2857 4824 quod
2893 4770 2986 4824 per
3014 4769 3136 4809 eum
3168 4757 3439 4822 reparatio

1862 4831 2023 4883 debet
2054 4828 2191 4892 licri,
2222 4828 2345 4896 quia
2376 4827 2602 4895 ipsemet
2627 4828 2677 4880 in
2707 4828 2989 4894 Evangelia
3030 4825 3158 4879 dicit
3188 4842 3199 4876 :
3236 4824 3346 4893 Ego
3372 4826 3440 4879 ad

1862 4901 1955 4953 Itoc
1983 4901 2117 4961 veni,
2158 4909 2210 4951 ut
2236 4898 2579 4951 testimonium
2609 4898 2895 4966 perhibsam
2924 4896 3141 4950 veritati.
3176 4898 3323 4949 Nunc
3370 4898 3439 4949 ad

1861 4972 2088 5024 litteram
2130 4970 2431 5023 redeamus.
2472 4967 2721 5037 Nunquid
2766 4985 2858 5037 per
2902 4982 2987 5022 me
3038 4976 3305 5021 mortuum
3356 4971 3439 5036 fa-

1855 5044 1953 5096 cies
1984 5041 2237 5109 mirabilia
2265 5040 2516 5093 mortuis?
2541 5040 2730 5109 Utique
2760 5056 2887 5093 nou.
2915 5041 3015 5091 Aut
3044 5039 3222 5091 medici
3249 5037 3431 5102 l‘uturi,

1855 5113 2070 5174 medici,
2102 5112 2327 5175 scilicet,
2357 5114 2675 5175 animarum,
2705 5110 2893 5164 medici
2922 5110 3055 5173 veri,
3091 5111 3192 5163 hoc
3231 5109 3437 5162 est°do-

1854 5194 2031 5237 ctores
2058 5182 2228 5237 sancti
2268 5183 2596 5245 suscitabunl,
2632 5185 2682 5235 id
2715 5191 2817 5244 est,
2855 5181 3116 5235 suscitare
3160 5194 3251 5248 per
3284 5193 3441 5247 repa-

1855 5254 2119 5309 rationem
2144 5264 2394 5320 poterunt
2419 5262 2657 5307 mortuos
2700 5252 2861 5307 illos?
2893 5253 3082 5315 Utique
3124 5266 3251 5304 non.
3297 5248 3436 5303 Con-

1855 5326 2129 5395 fitebuntur
2154 5324 2245 5377 tibi
2266 5326 2493 5391 amplius
2523 5326 2808 5392 salubriter
2839 5322 3034 5395 mortui
3087 5321 3206 5375 illi?
3242 5321 3436 5395 Utique

1854 5391 1981 5451 non.
2014 5398 2145 5462 Quia
2178 5396 2413 5450 infernus
2457 5410 2562 5448 non
2608 5391 2947 5449 conﬁtebitur
2981 5392 3229 5446 Domino.
3278 5391 3435 5445 Nunc

1852 5470 1976 5538 quid
2000 5469 2260 5521 narrabit?
2290 5466 2423 5520 Vere
2460 5466 2651 5538 medici
2682 5477 2917 5519 mortuos
2946 5479 3049 5518 non
3078 5466 3433 5528 suScitabunt,

1852 5536 1974 5607 quia
2001 5554 2217 5592 narrare
2247 5536 2667 5591 misericordiam
2715 5549 2855 5589 tuam
2901 5538 2980 5591 eis
3013 5550 3116 5589 nou
3159 5544 3435 5602 poterunt,

1854 5626 1953 5664 nec
1977 5610 2169 5677 aliquis
2199 5609 2355 5661 alius.
2378 5609 2528 5673 Quod
2559 5609 2634 5659 sic
2678 5608 2801 5661 dicit
2842 5610 2940 5660 sub
2972 5611 3389 5677 interrogatione
3417 5624 3429 5657 :

1854 5676 2105 5750 Nunquid
2156 5680 2342 5747 aliquis
2368 5681 2477 5747 jam
2511 5680 2740 5730 narrabit
2788 5680 3009 5732 mortuis
3037 5688 3091 5731 et
3141 5679 3327 5747 positis
3375 5676 3431 5728 in

1850 5757 2086 5823 sepulcro
2132 5750 2564 5823 misericordiam,
2592 5750 2655 5823 id
2692 5758 2797 5823 est,
2838 5750 3230 5823 reparationem
3262 5758 3437 5823 tuam,

1850 5818 1915 5880 ει
1935 5825 2118 5894 positis
2148 5823 2198 5876 in
2220 5822 2525 5893 perditione,
2554 5820 2607 5878 id
2633 5831 2737 5889 est,
2770 5821 2822 5877 in
2848 5818 3050 5879 uterus
3084 5818 3429 5876 datnuatione
