4006 6364
273 266 379 325 iis;

918 270 981 325 IN
1024 271 1439 331 PSALMORUM
1482 272 1735 331 LIBRUM
1779 271 2138 330 EXEGESIS.
2183 306 2251 318 —
2291 274 2536 335 PSALM.
2580 276 2910 334 LXXXVIII.

3428 285 3533 342 954

274 384 349 465 eet
380 380 440 433 de
466 381 571 469 illis.
584 382 916 469 sapientibus,
942 385 1119 469 quibus
1145 388 1208 469 in_
1227 388 1354 469 libro
1384 387 1847 469 RegunLSalonio-
1879 389 1928 444 Α
1955 388 2093 468 niam
2122 396 2173 469 tu
2195 390 2281 469 qui
2310 404 2406 469 nec
2440 390 2575 469 failis
2601 408 2702 447 nec
2726 393 2940 469 falleris,
2976 395 3171 469 ditiis-ti,
3204 394 3253 449 id
3274 366 3381 463 est,
3408 416 3537 469 pro.

272 456 352 508 nis
378 454 625 529 sapientia
656 454 940 529 prtgfertur.
977 456 1288 527 Sapientior,
1336 454 1515 529 inquit,
1554 460 1721 514 Ethan
1753 459 1850 513 Ez-

274 528 410 579 raitu
437 538 482 576 et
508 522 553 575 Ε
560 541 694 577 man.
727 523 906 579 Tanta:
933 522 1061 595 ergo
1075 531 1300 583 scientia:
1329 522 1419 583 hoc
1450 547 1651 585 carmen
1680 542 1769 592 est,
1797 542 1852 585 ut

271 596 633 666 sapientissimi
676 596 812 650 illius
862 601 1061 653 nomine
1128 611 1379 655 mereatur
1420 603 1626 657 ascribi.
1684 604 1850 657 lt‘tltan

272 667 371 722 iste
395 668 649 743 robustus,
683 668 768 743 qui
788 679 929 721 tanta
948 671 1133 743 mentis
1156 672 1532 726 illuminatione
1573 677 1853 743 completus

270 749 384 800 est,
447 748 499 789 ut
548 735 785 790 Israelita
854 742 1108 794 verissime
1154 756 1491 805 nuncupetur.
1541 735 1716 799 Primo
1776 748 1851 799 in-

270 826 450 883 gressu
474 810 653 877 psalmi
678 810 799 862 dicit
821 827 871 862 se
894 813 1262 869 misericordias
1288 814 1488 867 Domini
1509 827 1849 883 cantaturum,

270 881 510 958 quoniam
540 882 707 958 multa
744 883 973 958 promisit
996 884 1161 958 ﬁdeli
1202 887 1390 958 populo
1436 892 1725 958 profutura.
1762 881 1853 943 Se?

271 952 447 1027 cunda
483 960 624 1027 parte
654 952 863 1027 diversis
884 956 1048 1008 modis
1073 952 1261 1027 laudes
1283 952 1486 1010 Domini
1511 952 1543 1023 ,’
1560 962 1857 1027 potentiam-

269 1040 372 1087 que
401 1024 653 1075 describit.
684 1024 859 1077 Tertia
889 1036 1125 1090 paternas
1159 1030 1210 1080 in
1236 1026 1493 1083 Christum
1524 1024 1854 1096 pollicitatio-

271 1110 365 1146 nes
411 1105 685 1167 enumerat.
737 1096 933 1167 Quarta
978 1099 1086 1162 ipse
1142 1098 1387 1152 Dominus
1437 1100 1498 1153 ob
1552 1103 1854 1167 passionem,

269 1180 426 1241 quam
454 1165 696 1241 pertulit,
728 1165 949 1241 inimicis
982 1169 1197 1241 traditus
1233 1172 1495 1224 asseritur.
1533 1165 1722 1239 Quinta
1751 1165 1859 1241 fraé

270 1237 464 1309 gilitati
494 1238 729 1291 humana:
759 1240 981 1302 postulat
1008 1240 1280 1303 subveniri,
1315 1237 1562 1309 quoniam
1588 1247 1640 1297 in
1671 1237 1858 1298 vanum

270 1307 414 1374 ﬁlios
432 1308 696 1383 nominum
726 1312 1066 1383 plasmuverit.
1088 1312 1245 1383 δεῖπνα
1268 1307 1410 1383 rogat
1437 1312 1717 1369 Dominum
1741 1332 1860 1370 suas

271 1379 636 1454 promissiones
667 1380 892 1446 implere,
917 1398 1040 1448 quas
1073 1381 1238 1436 David
1267 1379 1405 1437 servo
1433 1402 1528 1439 suo
1556 1387 1733 1454 fecisse
1770 1390 1859 1441 de-

272 1447 523 1530 claratur,
547 1461 593 1503 et
621 1453 890 1530 nteriiorari
929 1447 1104 1524 qualia
1132 1455 1262 1508 servi
1301 1459 1414 1523 eius
1463 1458 1526 1511 ab
1556 1447 1735 1530 impiis
1764 1475 1859 1530 op-

271 1522 486 1588 probria
514 1523 845 1578 sustinebant.

856 1657 1284 1699 COIIIIBNTARIUS.

1954 457 2142 530 misisti
2174 461 2592 515 misericordiam
2625 474 2676 515 et
2700 466 2996 530 veritatem,
3026 457 3208 520 dicens
3238 468 3307 522 ita
3328 457 3389 521 in
3410 457 3537 529 'dis-

1955 529 2215 601 positione
2247 541 2333 585 tua
2368 550 2379 583 :
2416 532 2790 594 Misericordia.
2843 536 2891 590 id
2922 529 3025 601 est,
3068 539 3330 599 reparatio
3362 540 3537 600 futura

1953 598 2292 678 wdiﬁcqbitur
2337 616 2429 670 per
2459 606 2704 678 gratiam,
2743 607 2793 660 id
2842 618 2943 673 est,
2993 598 3291 673 perﬁcietur
3339 598 3540 678 pertiti;

1953 680 2084 737 gens
2124 671 2175 723 in
2216 671 2483 738 internum,
2523 675 2622 730 hoc
2676 686 2777 742 est,
2811 681 2887 732 sic
2926 671 3133 734 aediﬁco
3181 690 3236 735 ut
3288 671 3392 736 non
3448 686 3541 740 de-

1954 748 2176 819 struam.
2215 743 2277 797 Et
2310 760 2439 819 vere
2461 748 2534 819 ita,
2578 749 2700 809 erit,
2732 750 2851 817 quia
2885 751 2934 802 in
2969 751 3068 804 illis
3112 767 3204 819 per
3234 753 3540 809 misericor—

1956 810 2096 889 diam
2121 818 2386 889 reparatis
2417 815 2568 870 Iactis
2598 810 3164 889 cmlis'prmparabitu'r,
3216 823 3265 876 id
3297 835 3400 888 est,
3440 842 3539 882 ex-

1956 880 2226 960 hibebitur
2253 887 2403 960 _:diis,
2453 897 2509 941 ut
2536 904 2640 943 non
2670 880 2972 959 desperent,
3005 894 3097 946 sed
3127 880 3344 960 sperent
3363 880 3542 956 {per}.

1959 962 2035 1031 tas
2064 965 2167 1019 tua,
2216 956 2265 1009 id
2311 967 2409 1020 cst,
2442 962 2728 1028 completio
2772 956 3169 1031 promissorum
3197 973 3406 1021 tuorum
3438 987 3450 1021 :
3484 978 3540 1025 et

1960 1023 2028 1104 ita
2073 1034 2129 1078 ut
2160 1041 2265 1104 per
2311 1023 2661 1104 constantiam
2693 1023 2877 1086 eorum
2909 1035 3180 1089 evidenter
3209 1048 3459 1104 appareat
3487 1023 3539 1093 in

1959 1095 2205 1176 eis,.quia
2237 1100 2775 1177 in_alio_erit_scientia
2806 1104 3118 1174 linguarum,
3160 1108 3213 1160 in
3240 1095 3341 1160 alio
3374 1112 3542 1177 gratia

1960 1167 2260 1250 sanitatum,
2290 1171 2342 1223 in
2373 1172 2476 1250 alio
2526 1173 2761 1228 discretio
2805 1167 3180 1250 spirituum,el
3207 1167 3398 1250 cetera
3429 1181 3545 1250 spi-

1963 1236 2171 1317 ritualiai
2201 1241 2359 1303 dona,
2391 1243 2530 1298 sicut
2575 1255 2626 1298 tu
2672 1236 2958 1313 promisisti
3006 1236 3185 1302 dicens
3213 1268 3224 1301 ε
3257 1236 3543 1317 E/fundam

1962 1310 2371 1388 “Qniritirmeo
2401 1330 2552 1382 super
2598 1310 2796 1370 omnem
2836 1334 3081 1382 carnem;
3110 1319 3247 1388 quod
3297 1310 3537 1378 videntes

1960 1378 2183 1456 aiiinon
2225 1378 2582 1448 desperal'iunt
2625 1388 2692 1441 de
2740 1378 3094 1453 completione
3126 1378 3533 1456 promissorum.

1965 1449 2269 1527 Yelaliter:
2302 1456 2402 1519 'I'u,
2424 1456 2659 1524 inquam,
2683 1449 2875 1523 dixisti,
2903 1461 3023 1527 quia
3044 1449 3393 1518 misericordia
3421 1468 3541 1519 tedi-

1963 1520 2200 1588 ﬁcabitur
2226 1526 2278 1576 in
2306 1520 2567 1580 aeternum.
2602 1529 2665 1582 Et
2687 1545 2810 1583 vere
2842 1520 2924 1582 ita'
2949 1531 3070 1595 erit,
3101 1535 3219 1599 quia
3252 1537 3454 1601 veritas,
3490 1538 3539 1590 id

1964 1601 2065 1671 est,
2101 1608 2221 1647 Vera
2273 1610 2535 1671 praecepta
2586 1608 2670 1653 tua
2715 1602 3168 1669 prteparabuntur,
3218 1602 3267 1655 id
3319 1617 3421 1671 ε-ῑ,
3462 1610 3542 1661 di-

1964 1665 2117 1742 gnius
2143 1670 2382 1742 quamin
2408 1670 2522 1742 aliis
2546 1665 2982 1742 przepa‘rabutitur
3011 1672 3063 1725 in
3093 1665 3419 1742 quibusdam
3439 1694 3545 1733 ca:-

348 1734 732 1827 Hi'sericordias
762 1736 973 1827 Domitii
996 1741 1047 1827 in_
1086 1752 1329 1824 internum
1375 1743 1608 1827 cantabo.
1642 1741 1855 1801 Intellev

1968 1733 2064 1827 l'i‘s,
2114 1738 2192 1827 de
2229 1738 2425 1827 quibus
2471 1733 2673 1827 dictum
2713 1752 2832 1827 est:
2865 1733 3274 1827 gali‘enarrant
3324 1750 3540 1819 gloriam

272 1820 387 1886 ctus
412 1808 583 1886 Etaan
600 1807 893 1886 _Is_raeliia:.
933 1810 1173 1886 Psalinus
1221 1813 1320 1867 iste
1359 1816 1466 1886 agit
1505 1816 1572 1870 de
1602 1831 1697 1886 spe
1738 1832 1856 1882 pro-

272 1880 550 1951 missionis
599 1880 711 1947 Dei,
762 1897 921 1951 quam
983 1882 1237 1937 habemus
1289 1887 1340 1937 in
1396 1880 1645 1940 Domino‘
1678 1880 1859 1944 nostro

272 1950 405 2006 Jesu
438 1951 649 2025 Clit-isto
673 1950 841 2025 ;qnia
871 1953 959 2025 qui
1006 1955 1266 2019 promisit,
1304 1956 1372 2009 ita
1419 1967 1608 2013 caetera
1649 1974 1859 2025 quoque

273 2022 586 2094 complebit,
618 2031 674 2077 ut
691 2024 800 2094 jam
834 2024 996 2077 multa
1035 2026 1340 2091 complevit.
1376 2028 1469 2081 Dat
1498 2022 1678 2082 autem
1705 2022 1861 2087 nobis

276 2093 527 2169 ﬁduciam
557 2096 620 2169 ad
658 2093 805 2169 eu_m,_
836 2110 955 2169 non
998 2105 1269 2169 nostrum_
1285 2098 1553 2169 meritum,
1600 2101 1696 2155 sed
1744 2102 1861 2169 ejus

277 2164 664 2239 misericordia.
699 2166 767 2220 Et
794 2166 1427 2239 hicintellectusiEthan,
1451 2171 1591 2224 unde
1625 2164 1858 2239 psalmus

278 2236 494 2311 titulum
541 2239 762 2311 accepit.
815 2238 985 2291 Ethan
1038 2238 1159 2292 dieo
1202 2238 1475 2311 Israelitte,
1522 2236 1642 2308 quia
1687 2244 1860 2311 nullus

275 2307 346 2380 ad
378 2308 1103 2380 tuineintellectnmﬁpotest
1141 2309 1422 2380 attingere,
1467 2307 1564 2367 nisi
1626 2307 1744 2367 talis
1791 2317 1861 2369 sit

275 2377 347 2430 de
378 2394 481 2445 quo
516 2377 618 2454 di_ci
649 2380 815 2454 possit
839 2397 853 2435 :
881 2379 1012 2454 Ecce
1041 2396 1187 2434 verus
1210 2377 1468 2446 Israelita,
1497 2386 1549 2436 in
1580 2401 1680 2454 quo
1710 2386 1862 2440 dolus

277 2466 388 2502 non
422 2457 514 2522 est.
564 2451 697 2522 Dicit
726 2450 865 2504 enim
909 2451 1184 2516 Salomon,
1217 2454 1336 2519 quia
1386 2450 1614 2522 Spiritus
1658 2472 1860 2510 sanctus

276 2520 571 2597 disciplina:
599 2520 804 2597 effugiet
834 2523 1148 2591 ﬁgmentum,
1184 2540 1273 2576 nec
1304 2520 1540 2579 habitabit
1572 2527 1622 2578 in
1652 2544 1861 2597 corpore

274 2591 489 2647 subdito
511 2593 743 2661 peccatis.
776 2595 1156 2659 Interpretatur
1176 2606 1349 2649 autem
1387 2598 1557 2650 Ethan
1586 2591 1854 2661 robustus,

276 2674 526 2736 etnemo
557 2665 608 2736 in
635 2664 958 2736 Itocsaaculo
990 2667 1238 2720 robustus
1267 2676 1370 2733 est,
1406 2668 1505 2721 nisi
1535 2671 1585 2721 in
1614 2683 1708 2736 spe
1739 2686 1861 2735 pro—

276 2733 555 2789 missionis
586 2735 696 2788 Dt-i.
727 2735 990 2804 Quantum
1040 2736 1181 2790 enim
1226 2738 1294 2791 ad
1345 2740 1589 2794 meritum
1618 2733 1856 2795 nostrum

278 2805 494 2867 attinet,
531 2806 721 2860 inlirmi
753 2821 972 2861 Sumus:
1006 2817 1263 2875 quantum
1303 2824 1431 2864 vero
1463 2811 1527 2864 ad
1559 2810 1859 2865 misericor-

277 2876 575 2951 diamejus
604 2877 821 2951 attinet,
841 2878 1041 2932 robusti
1067 2894 1271 2934 sumus.
1320 2881 1546 2951 Ideoque
1587 2881 1685 2937 iste
1714 2883 1857 2936 inlir—

278 2961 407 3002 mus
443 2949 492 2999 in
542 2963 620 3009 se,
653 2958 711 3001 et
747 2949 998 3003 robustus
1027 2951 1076 3003 in
1108 2964 1203 3016 spe
1232 2949 1428 3005 divina:
1460 2949 1855 3016 misericordiae,

276 3018 364 3089 sic
406 3017 627 3083 incipit:
657 3017 897 3081 Cantabo,
951 3021 1000 3073 id
1049 3029 1148 3083 est,
1198 3020 1501 3089 frequenter
1532 3023 1775 3088 laudabo,
1802 3036 1857 3080 et

278 3088 338 3143 in
371 3105 455 3143 tne
484 3097 539 3144 et
565 3090 616 3144 in
648 3089 766 3144 aliis
794 3091 1171 3146 misericordias
1204 3088 1432 3159 Domini,
1478 3094 1528 3147 id
1557 3104 1659 3160 est,
1689 3095 1738 3147 in
1773 3111 1856 3150 re-

279 3161 612 3229 parationem
660 3160 851 3216 factam
896 3178 1000 3216 non
1029 3163 1234 3217 meritis
1260 3168 1478 3227 nostris,
1512 3165 1602 3219 sed
1649 3181 1742 3231 per
1768 3182 1852 3219 so-

282 3232 394 3285 lam
427 3232 843 3287 misericordiam
895 3233 1125 3289 Domini.
1174 3234 1226 3288 In
1261 3250 1345 3289 me
1393 3235 1604 3302 quidem
1638 3238 1862 3291 laudabo

281 3303 424 3357 bene
462 3304 755 3370 operando,
790 3304 841 3357 in
884 3305 1003 3358 aliis
1055 3320 1182 3359 vero
1227 3306 1480 3371 laudabo,
1532 3307 1862 3361 ostendendo

279 3374 538 3442 quidquid
573 3386 717 3438 sunt,
767 3390 859 3441 per
901 3376 1323 3430 misoricordiam
1374 3377 1540 3431 solam
1596 3393 1736 3433 esse.
1767 3378 1867 3432 Vel

279 3446 503 3497 cantabo
536 3449 583 3498 in
616 3462 720 3511 me,
752 3454 799 3498 et
831 3447 1118 3501 eantabiles
1140 3448 1256 3501 aliis
1279 3447 1466 3502 faciam
1489 3449 1862 3502 misericordias

286 3516 518 3580 Domini,
570 3517 961 3571 misericordias
1008 3519 1126 3571 dico
1172 3520 1225 3572 in
1267 3528 1513 3571 internum
1561 3535 1857 3576 mansuras.

281 3585 676 3642 Misericordias
726 3587 845 3642 ideo
895 3589 1165 3658 piuraliter
1212 3589 1378 3657 ponit,
1411 3592 1533 3657 quia
1580 3600 1708 3658 quot
1738 3602 1863 3644 sunt

282 3658 698 3720 miscricordati,
733 3660 782 3712 id
829 3650 948 3723 est,’
982 3674 1075 3726 per
1131 3650 1547 3714 misericordiam
1599 3650 1858 3727 reparati,

283 3730 507 3782 totidem
537 3740 658 3783 sunt
688 3740 739 3784 et
774 3730 1173 3784 misericordiae.
1224 3730 1291 3784 In
1337 3740 1585 3785 internum
1615 3733 1734 3787 ideo
1762 3746 1857 3799 p0-

283 3799 386 3864 tiit,
418 3808 476 3854 ut
506 3816 597 3866 per
639 3801 739 3855 hoc
788 3801 1052 3865 ostendat,
1103 3802 1240 3869 quod
1287 3804 1360 3855 ira
1412 3817 1504 3868 per
1547 3804 1713 3857 Adam
1765 3804 1863 3858 fuit

285 3872 595 3939 temporalis
625 3888 636 3922 :
672 3873 1030 3927 misericordia
1063 3888 1188 3928 vero
1214 3888 1305 3941 per
1333 3871 1603 3928 Christum
1642 3888 1862 3930 conces-

279 3955 366 4006 83,
399 3952 481 3996 est
506 3944 791 3999 aaternalis.

362 4011 425 4065 In
470 4015 789 4083 generatione
815 4024 860 4067 et
890 4014 1278 4083 generationem.
1322 4013 1567 4079 Cantabo,
1619 4016 1858 4083 inquam,

283 4085 679 4149 misericordias,
711 4096 755 4137 et
780 4086 1095 4139 annuntiabo
1125 4088 1381 4139 veritatem
1405 4096 1545 4140 tuam
1585 4101 1688 4139 non
1720 4087 1861 4141 Ialsi-

284 4164 450 4209 tatem
476 4170 671 4221 meam,
706 4157 756 4209 in
780 4172 867 4209 ore
884 4157 990 4225 jam
1018 4173 1147 4220 meo,
1178 4157 1227 4210 id
1256 4169 1355 4221 est,
1388 4158 1552 4211 corde
1580 4172 1817 4211 consono
1843 4176 1857 4223 ;

282 4230 407 4295 quia
454 4228 593 4295 quod
626 4236 770 4280 tuum
814 4238 916 4291 est,
964 4228 1238 4281 annuntio.
1282 4228 1438 4294 Quasi
1486 4229 1662 4283 dicat:
1693 4228 1861 4283 Obse-

282 4309 516 4365 quantur
542 4299 779 4351 membra
813 4314 929 4351 mea
958 4300 1180 4354 Domino
1220 4314 1360 4361 meo,
1394 4300 1600 4365 laquar,
1645 4302 1738 4354 sed
1771 4309 1855 4353 tua

282 4368 474 4436 loquar
500 4385 512 4420 :
542 4372 661 4436 quia
690 4371 949 4422 veritatem
997 4380 1137 4422 luant
1178 4370 1488 4423 annuntiabo
1516 4373 1566 4423 in
1613 4386 1699 4423 ore
1728 4387 1856 4424 meo.

279 4439 340 4494 Si
370 4441 511 4492 enim
560 4455 664 4493 non
696 4442 989 4509 obsequor,
1024 4455 1210 4496 servus
1257 4456 1360 4492 non
1390 4454 1545 4497 sum:
1578 4450 1631 4493 et
1667 4443 1710 4494 si
1742 4455 1857 4495 mea

278 4511 491 4579 loquar,
523 4511 745 4565 mendax
775 4526 913 4565 Sum.
952 4511 1177 4579 Ideoque
1228 4520 1283 4563 ut
1330 4519 1384 4563 et
1427 4526 1524 4579 ego
1579 4510 1763 4578 loquar
1807 4522 1860 4565 et

280 4591 371 4635 tua
405 4582 609 4650 loquar,
631 4582 734 4635 duo
755 4583 996 4649 quaedam
1025 4592 1169 4647 sunt,
1212 4595 1373 4635 unum
1405 4597 1602 4644 meum,
1633 4583 1858 4636 alterum

280 4664 428 4706 tuum
466 4670 476 4704 :
515 4655 705 4706 veritas
732 4652 943 4720 quidem
972 4661 1077 4711 tua,
1102 4667 1161 4706 os
1186 4667 1379 4705 meum.
1415 4651 1478 4704 Et
1507 4652 1624 4704 ideo
1654 4669 1858 4704 annun-

278 4724 414 4777 tiabo
453 4724 705 4777 veritatem
744 4734 882 4776 tuam
911 4724 963 4775 in
993 4740 1078 4776 ore
1106 4739 1235 4789 meo,
1277 4724 1549 4776 veritalem
1590 4723 1710 4776 dico
1740 4739 1859 4791 pero

281 4797 572 4863 tingentetn
620 4797 670 4846 in
714 4795 1035 4863 generatione
1062 4805 1107 4848 et
1144 4795 1533 4865 generationem,
1566 4792 1619 4865 id
1669 4806 1770 4865 est,
1806 4796 1857 4849 in

277 4877 561 4929 aeternum,
584 4866 743 4919 sicut
764 4877 816 4919 et
839 4863 1225 4920 misericordia.
1264 4864 1354 4918 Vel
1380 4864 1670 4917 secundum
1698 4863 1856 4919 aliam

276 4937 511 4991 Iitlerant
540 4937 796 5001 dicemus,
828 4937 1084 4990 veritatem
1110 4942 1431 4991 existentcm
1462 4936 1513 4988 in
1537 4937 1860 5005 generatione

275 5017 329 5061 et
358 5009 752 5076 generationem,
808 5008 855 5060 Id
903 5020 1005 5071 est,
1037 5012 1089 5062 in
1115 5008 1257 5061 omni
1304 5010 1665 5075 generatione.
1726 5007 1860 5063 Dicit

274 5093 420 5133 enim
454 5080 636 5133 beatus
667 5080 1011 5147 Augustinus,
1045 5080 1181 5149 quod
1227 5094 1343 5149 non
1366 5078 1517 5144 possit
1567 5078 1745 5132 totiens
1784 5081 1857 5131 si-

274 5150 414 5202 milis
455 5152 611 5219 repeti
641 5151 915 5221 generatio,
959 5151 1188 5219 quotiens
1222 5161 1271 5221 et
1313 5148 1507 5203 decedit
1554 5160 1598 5203 et
1634 5152 1857 5203 succedit

274 5223 557 5292 generatio.
593 5220 653 5273 Et
682 5222 801 5275 ideo
821 5221 1091 5288 geminato
1120 5223 1197 5275 sic
1224 5220 1422 5292 dictum
1458 5222 1509 5272 in
1536 5221 1858 5289 generatione

275 5290 325 5345 et
376 5293 769 5361 generationem,
814 5292 878 5346 ad
929 5292 1056 5346 illud
1106 5301 1270 5345 t0Ium
1325 5290 1744 5361 intelligendum.
1797 5295 1859 5347 ω

274 5366 460 5428 accipe
499 5363 919 5416 misericordiam
971 5364 1019 5415 iu
1068 5370 1179 5416 toto
1213 5362 1415 5429 psalmo
1462 5362 1512 5415 in
1544 5360 1856 5419 remissione

276 5444 635 5502 peccatorum,
671 5436 944 5489 veritatem
997 5449 1121 5487 vero
1167 5433 1527 5499 impletionem
1568 5436 1858 5501 promisso-

274 5520 413 5559 rum.
459 5503 607 5557 LiCcl
650 5509 808 5557 etiam
854 5505 1138 5574 aliquando
1182 5503 1379 5558 veritas
1427 5503 1715 5569 aceipiatur
1761 5520 1855 5572 pro

272 5574 585 5641 impletioiie
637 5587 1037 5644 praeceptorum.
1092 5576 1237 5643 Quas
1286 5590 1411 5643 ergo
1467 5574 1855 5632 misericordias

272 5655 475 5711 cantet,
504 5662 658 5713 quam
693 5652 970 5701 veritatem
998 5647 1275 5701 annuntiet
1303 5647 1597 5699 audiamus.

352 5719 605 5783 Quoniam
626 5718 822 5775 dixisti.
854 5718 918 5772 Et
945 5718 1063 5771 ideo
1085 5731 1271 5774 secure
1296 5717 1521 5771 cantabo
1553 5718 1854 5775 misericor-

273 5787 391 5846 dias
418 5787 554 5860 tuas,
587 5801 637 5848 et
678 5790 799 5848 ideo
827 5790 1137 5849 annuntiabo
1186 5790 1445 5848 veritatem
1474 5799 1615 5847 tuam
1652 5804 1673 5848 .'
1715 5807 1854 5865 quo-

1967 1802 2083 1866 Dni,
2109 1818 2210 1860 etc.
2248 1809 2311 1888 Iit
2342 1812 2410 1861 ita
2441 1821 2496 1888 ut
2526 1813 2574 1888 in
2600 1812 2831 1888 eis__sint,
2864 1813 2915 1866 id
2933 1821 3046 1888 est,
3075 1802 3354 1888 manifeste
3376 1835 3535 1888 appa-

1964 1879 2311 1955 reantiquia
2342 1884 2480 1955 quod
2512 1881 2637 1936 dicit
2686 1884 2909 1955 facient.
2932 1879 3039 1937 Per
3074 1887 3245 1955 quos?
3275 1879 3425 1955 quasi
3450 1879 3540 1943 ili-

1964 1950 2474 2031 cat'iMisericoi-dia
2492 1965 2666 2006 autem
2690 1955 2776 2031 illa
2795 1955 2844 2006 in
2868 1954 2987 2031 aliis
3006 1950 3544 2031 aedilicabitur.(Sic.)

2038 2016 2300 2097 Disposui
2335 2031 2706 2097 testamentum.
2740 2024 2911 2097 Quasi
2934 2024 3112 2078 dicat:
3149 2026 3277 2080 Illud
3327 2016 3541 2097 quidem

1966 2086 2166 2151 dixisti,
2202 2100 2255 2145 et
2290 2092 2389 2148 hoc
2414 2096 2571 2150 etiam
2603 2086 2821 2151 dixisti:
2856 2096 3090 2166 Abjectis
3124 2096 3255 2150 meis
3277 2086 3538 2167 quoddam

1965 2167 2341 2243 testamentum
2374 2175 2522 2218 vetus
2564 2166 2707 2243 dedi,
2742 2166 2911 2220 electis
2955 2176 3130 2221 autem
3163 2166 3543 2243 meisidisposui

1965 2238 2319 2311 testamentum
2350 2251 2536 2301 meum,
2573 2238 2623 2292 id
2650 2247 2754 2311 est,
2788 2254 2981 2290 novum
3011 2238 3409 2308 testamentum,
3440 2259 3545 2311 quo

1965 2300 2277 2380 scilicet__ad
2328 2317 2570 2380 aternam
2610 2310 2830 2380 gloriam
2879 2322 3273 2376 repararentur.
3325 2300 3407 2365 Ε(
3437 2300 3539 2368 non

1964 2374 2416 2453 solum-disposui,
2435 2378 2528 2432 sed
2557 2374 2721 2453 etiam
2729 2382 2926 2453 jaravi,
2946 2374 3001 2431 id
3026 2390 3137 2453 est,
3166 2382 3394 2453 lirmiter
3421 2400 3543 2453 pro-

1966 2443 2084 2496 misi
2138 2446 2301 2500 David
2328 2463 2470 2502 servo
2512 2466 2641 2503 meo.
2691 2443 2826 2517 Q'uid
2872 2450 3125 2519 promisi?
3159 2452 3267 2506 Hoc
3318 2443 3543 2521 scilicet,

1962 2527 2132 2590 semen
2160 2528 2303 2590 tuum
2333 2522 2634 2588 praeparatio
2675 2537 2983 2577 uiansurum
3012 2538 3170 2590 usque
3198 2523 3251 2576 in
3277 2535 3543 2585 internum.

1963 2582 2171 2640 Juratio
2187 2589 2296 2662 gDei
2326 2582 2543 2645 non'est
2580 2593 2723 2646 aliud
2749 2609 2904 2662 quam
2939 2582 3312 2660 promissionis
3343 2582 3541 2651 conlirQ

1965 2666 2148 2711 matto.
2185 2660 2247 2735 Et
2275 2675 2463 2735 secure
2490 2671 2664 2731 potest
2692 2660 2779 2719 ille
2808 2666 3013 2732 jurare,
3044 2679 3109 2719 ne
3140 2664 3431 2735 perjurium
3466 2672 3545 2723 iu-

1962 2738 2142 2805 currat
2182 2732 2396 2795 juraudi
2444 2736 2850 2789 consuetudine.
2902 2735 3037 2788 Etsi
3108 2732 3352 2802 superius
3422 2738 3544 2795 fecit

1965 2804 2123 2851 istum
2154 2816 2398 2856 securum
2444 2804 2509 2857 ad
2552 2806 2971 2860 annnntiandum
3020 2806 3437 2864 misericordiam
3488 2822 3543 2867 et

1963 2872 2261 2947 veritatem,
2292 2874 2413 2941 quia
2442 2874 2574 2950 dixit
2608 2876 2818 2950 iiDixi,
2868 2878 3141 2950 disposui:
3190 2880 3347 2950 longe
3392 2896 3545 2936 secu-

1963 2938 2322 3018 rioreuieurn
2339 2946 2497 3018 modo
2530 2947 2723 3013 reddit,
2749 2938 2871 3018 quia
2898 2938 3043 3011 dicit,
3071 2938 3432 3006 JuravifTale
3464 2962 3546 3009 est

1963 3022 2025 3061 ac
2050 3011 2095 3090 si
2121 3013 2303 3094 dicat:
2332 3014 2500 3094 Dixi,
2523 3011 2780 3094 disposui,
2817 3019 2868 3094 si
2901 3033 3003 3094 non
3045 3023 3172 3094 satis
3195 3029 3279 3094 est
3306 3021 3426 3086 hoc,
3448 3025 3543 3094 ju-

1963 3081 2090 3161 ravi.
2118 3083 2262 3139 Licet
2281 3094 2459 3161 autem
2491 3081 2792 3145 litcc'oratio
2819 3089 3076 3161 histuriali
3103 3091 3262 3145 David
3290 3095 3359 3146 sit
3388 3081 3543 3161 taéta,

1964 3152 2033 3229 ita
2064 3161 2237 3229 tamen
2278 3158 2379 3210 hoc
2406 3160 2598 3213 factum
2629 3172 2730 3224 εει,
2772 3169 2829 3214 ιιι
2858 3174 2961 3213 non
2993 3160 3043 3213 in
3077 3164 3211 3229 ipso,
3245 3163 3338 3217 sed
3371 3164 3419 3217 in
3452 3152 3543 3219 se;

1964 3222 2108 3278 mine
2132 3228 2247 3299 ejus
2279 3230 2559 3294 promissio
2584 3233 2653 3283 sit
2682 3222 2962 3299 implenda.
2990 3222 3180 3286 Senieu
3200 3222 3372 3285 David
3402 3236 3539 3291 idem

1962 3303 2043 3344 est
2062 3297 2201 3362 quod
2230 3306 2284 3350 et
2309 3313 2491 3351 semen
2521 3297 2787 3354 Abraham
2815 3317 2829 3354 :
2857 3316 3037 3354 semen
3066 3311 3241 3356 autem
3272 3303 3537 3361 Abraham

1964 3362 2091 3443 illud
2125 3377 2207 3421 est
2234 3367 2304 3443 d_e_
2344 3384 2449 3443 quo
2473 3369 2672 3424 dictum
2703 3383 2824 3426 est:
2875 3370 2937 3443 Et
2986 3373 3167 3426 semini
3213 3386 3298 3427 tuo
3344 3377 3430 3443 qui
3468 3388 3541 3431 est

1962 3430 2215 3510 Christus.
2245 3430 2515 3494 CliriStum
2554 3450 2730 3495 autem
2779 3442 2960 3510 accipe
3013 3430 3539 3502 non.solum'il|um

1963 3504 2052 3572 qui
2081 3513 2371 3583 secundum
2391 3524 2605 3566 carnem
2630 3521 2784 3566 natus
2810 3504 2987 3583 est-de
3013 3512 3171 3567 Maria
3197 3516 3418 3583 virgine,
3445 3522 3537 3581 sed

1962 3587 2016 3629 et
2056 3592 2241 3635 omnes
2282 3581 2336 3636 in
2387 3596 2508 3635 eum
2558 3585 2859 3639 credentes.
2912 3582 3077 3637 Tutus
3106 3590 3244 3640 enim
3286 3581 3540 3644 L‘Itristus
3618 3596 3621 3599 ’

1962 3656 2045 3701 est
2070 3660 2239 3726 caput
2252 3664 2307 3726 et
2330 3666 2558 3721 corpus:
2592 3657 2846 3726 quianon
2876 3666 3046 3723 potest
3084 3658 3273 3726 aliquis
3307 3661 3406 3713 hoc
3429 3675 3545 3713 cor-

1965 3732 2063 3784 pus
2091 3720 2385 3798 decollare,
2412 3720 2508 3798 iiec
2538 3720 2638 3782 hoc
2668 3720 2825 3794 caput
2854 3720 2973 3781 ease
3021 3727 3135 3782 sine
3161 3720 3403 3798 corpore.
3437 3731 3540 3786 Se-

1963 3803 2083 3870 men
2108 3808 2234 3870 ergo
2261 3794 2427 3870 David
2455 3806 2536 3850 est
2564 3798 2828 3870 Christus,
2872 3806 2925 3851 et
2973 3812 3163 3865 corpus
3215 3794 3350 3870 ejus.
3383 3802 3449 3855 Et
3475 3803 3543 3858 de

1963 3858 2063 3915 hoc
2085 3858 2289 3919 Semine
2333 3866 2532 3923 dictum
2559 3878 2678 3924 est:
2712 3858 3024 3939 Prteparabo
3069 3858 3261 3925 'senien'
3293 3882 3436 3925 tuum
3489 3874 3542 3929 in

1960 3942 2225 3991 wternum.

2032 4001 2096 4056 Et
2146 4007 2432 4077 azdiﬁcabo.
2473 4007 2685 4082 Juravi,
2726 4010 2960 4079 inquam,
3011 4010 3199 4082 David,
3243 4015 3539 4082 prosperabo

1960 4090 2127 4131 semen
2171 4090 2315 4133 tuum
2344 4097 2362 4132 :
2392 4092 2445 4136 et
2490 4081 2590 4133 hoc
2618 4081 2777 4134 etiam
2801 4078 2858 4134 ci
2894 4083 3087 4148 juravi,
3127 4078 3425 4150 .Ediﬁca'bo
3465 4101 3543 4139 se-

1961 4149 2075 4201 dem
2104 4160 2267 4217 tuam,
2298 4153 2347 4205 id
2385 4162 2488 4215 est,
2544 4150 2660 4205 illos
2704 4150 2755 4204 in
2787 4153 2977 4220 quibus
3008 4162 3061 4203 tu
3096 4149 3283 4205 sedeas
3312 4169 3415 4205 non
3447 4172 3539 4221 per

1963 4228 2037 4285 te,
2068 4227 2157 4274 sed
2193 4237 2286 4289 per
2314 4237 2494 4277 semen
2526 4231 2672 4293 tuum
2720 4222 2773 4274 in
2801 4223 3124 4293 generatione
3165 4232 3212 4276 et
3252 4227 3539 4292 generatio.

1962 4307 2096 4346 nem.
2136 4293 2406 4365 Duai‘suut
2431 4291 2839 4361 generationes:
2872 4294 3035 4347 altera
3067 4310 3165 4361 qua
3211 4291 3294 4349 hic
3323 4312 3541 4365 genera-

1963 4380 2100 4426 mur,
2130 4363 2297 4417 altera
2329 4378 2433 4433 qua
2463 4368 2893 4432 regenerabunur
2935 4366 2987 4418 in
3030 4363 3441 4421 resurrectione.
3474 4367 3539 4423 Et

1966 4437 2016 4488 in
2063 4440 2285 4506 utraque
2327 4434 2646 4502 prmdiCatur
2687 4435 2962 4501 Christus;
3010 4437 3060 4491 in
3110 4438 3209 4491 hac
3234 4438 3448 4506 quidem
3484 4450 3541 4495 ut

1889 4492 1937 4550 D
1963 4492 2231 4570 credatur,
2250 4507 2301 4559 in
2325 4492 2488 4559 altera
2513 4520 2637 4559 vero
2659 4515 2715 4559 ut
2732 4492 3023 4561 videamur.
3055 4509 3116 4562 Et
3138 4510 3187 4561 in
3214 4492 3538 4566 liacsedesei

1965 4588 2308 4645 praeparatur,
2338 4579 2457 4645 quia
2490 4577 2533 4630 si
2565 4577 2614 4629 in
2651 4580 2803 4632 nobis
2847 4596 2951 4631 non
2998 4582 3231 4643 sederet,
3288 4595 3391 4632 non
3440 4597 3538 4636 nos

1960 4658 2187 4716 regeret.
2216 4647 2278 4720 Si
2304 4651 2372 4702 ab
2400 4648 2519 4720 ipso
2543 4663 2647 4702 non
2674 4664 2997 4719 regeremur,
3031 4666 3059 4702 a
3102 4649 3253 4703 nobis
3296 4654 3538 4720 praecipi-

1963 4730 2213 4775 taremur.
2245 4716 2311 4771 Et
2359 4722 2477 4774 ideo
2508 4718 2557 4771 in
2593 4722 2688 4774 hac
2718 4716 3060 4790 generatione
3088 4720 3237 4775 sedet
3284 4716 3334 4774 in
3382 4716 3537 4779 nobis

1961 4805 2190 4860 regnans
2224 4809 2233 4843 :
2267 4790 2473 4845 sedebit
2519 4792 2677 4845 etiam
2722 4808 2773 4844 in
2818 4792 2971 4845 nobis
3012 4796 3062 4846 in
3115 4794 3536 4862 regeneratione,

1959 4876 2083 4931 quia
2113 4862 2161 4915 in
2195 4870 2449 4915 aeternum
2480 4865 2715 4932 regnabit
2743 4865 2792 4915 in
2822 4866 3022 4917 sanctis
3046 4868 3175 4918 suis.

2031 4932 2411 4996 Conﬁtebuntur
2441 4936 2573 4987 creti.
2628 4934 2883 4987 Praedicta
2935 4935 3070 4989 dixit
3114 4935 3285 4989 Ethan
3313 4936 3364 4989 in
3410 4952 3539 4995 voce

1960 5002 2190 5064 Domini,
2223 5006 2307 5057 hic
2335 5015 2511 5058 autem
2542 5007 2590 5058 in
2616 5019 2747 5058 voce
2776 5020 2867 5058 sua
2894 5005 3042 5059 dicit.
3073 5006 3135 5058 Et
3162 5007 3238 5061 sic
3266 5008 3537 5063 continua-

1961 5084 2044 5127 tur
2068 5091 2080 5127 :
2106 5077 2235 5139 Quia
2265 5091 2357 5144 per
2379 5075 2795 5129 misericordiam
2832 5084 2973 5128 tuam
3000 5078 3186 5130 tierent
3207 5079 3349 5141 cmli,
3383 5090 3434 5133 et
3462 5098 3537 5133 ve-

1958 5145 2083 5219 ritas
2104 5158 2211 5210 tua,
2241 5161 2343 5219 non
2368 5162 2480 5212 sua,
2509 5146 2879 5219 piteparabitur
2905 5147 2958 5199 in
2978 5149 3049 5201 eis
3073 5162 3090 5199 :
3118 5163 3269 5214 ergo,
3289 5148 3533 5219 Domine,

1957 5218 2068 5269 οωιί
2086 5216 2481 5286 conﬁtebuntur,
2510 5216 2558 5270 id
2581 5227 2682 5281 est,
2710 5218 2999 5270 laudabunt
3020 5219 3272 5272 mirabilia
3292 5227 3402 5288 tua,
3427 5216 3532 5279 non

1956 5301 2071 5362 sua.
2101 5290 2230 5355 Quae
2262 5289 2558 5343 mirabilia?
2582 5290 2785 5343 scilicet
2810 5290 2950 5362 quod
2980 5293 3236 5359 redempti
3268 5304 3393 5346 sunt
3415 5311 3535 5362 per-

1957 5358 2074 5432 diti,
2106 5362 2245 5427 quod
2278 5371 2688 5415 resurt'exerunt
2733 5360 2950 5432 mortui.
2975 5358 3176 5432 Magne
3213 5358 3535 5432 quippe—mi-

1958 5431 2141 5506 rabilia
2196 5443 2351 5506 sunt,
2382 5432 2546 5506 Aquod
2595 5445 2728 5506 quos
2776 5431 2891 5485 heri
2940 5430 3164 5487 vidimus
3225 5430 3533 5506 voraginem

1956 5503 2247 5565 ebrietatis,
2289 5503 2445 5556 hodie
2475 5504 2741 5556 cernimus
2770 5517 3139 5557 ornamentum
3186 5503 3530 5564 sobrietatis:

1957 5582 2011 5628 et
2036 5576 2123 5642 qui
2168 5576 2313 5641 prius
2339 5583 2726 5629 erantcoenum
2773 5574 3014 5639 luxurie,
3049 5590 3196 5630 nuno
3215 5586 3341 5632 sunt
3368 5580 3532 5636 decus

1958 5652 2322 5713 temperantes
2360 5661 2375 5698 :
2419 5656 2473 5700 et
2516 5646 2603 5709 qui
2654 5645 2796 5713 prius
2844 5644 3323 5716 blaSpltematores,
3376 5651 3534 5707 hodie

1954 5716 2407 5789 sutithtlreatorem
2450 5718 2755 5789 aderantest
2792 5716 2853 5789 Et
2883 5732 3005 5773 vere
3034 5720 3406 5789 conﬁtebuntur
3434 5725 3528 5776 νιιὶ-

1953 5786 2143 5844 rabilia
2167 5798 2277 5859 tua,
2306 5789 2488 5847 etenim
2527 5792 2649 5863 (pro
2672 5788 2812 5863 quia)
2850 5786 3243 5851 conﬁtebuntur
3282 5793 3533 5851 veritatem
