4006 6364
473 242 577 299 955

931 235 1135 295 ΒΕΒΕ
1177 231 1626 292 VENERABILIS
1665 231 1813 287 OPP.
1857 227 2032 285 PARS
2068 225 2134 283 11.
2168 223 2361 284 SECT.
2401 225 2466 283 11.
2507 253 2576 268 --
2607 222 2808 283 DUBIA
2851 221 2939 278 ET
2979 220 3248 279 SPUBIA.

3623 212 3767 271 956

474 369 635 425 tuam,
679 357 730 414 id
778 367 879 423 est,
928 358 1332 425 completionem
1380 353 1758 424 promissorum
1799 358 2031 414 tuorum,
2063 348 2112 406 Δ
2138 346 2462 425 dicatorihus
2502 348 2740 412 sanctis;
2772 361 2890 416 quae
2932 355 3210 425 postquam
3259 356 3469 425 pecoata
3515 359 3615 398 sua
3660 357 3773 425 re-

475 434 555 488 νει
585 447 706 487 vera
745 440 1007 502 prmcepta
1054 441 1169 491 tua,
1213 442 1317 504 non
1349 427 1420 479 ita
1457 435 1639 504 tamen
1683 431 1742 504 ut
1787 429 2036 504 spargant

475 489 788 568 margarith
812 489 933 554 ante
958 489 1168 565 porcos,
1191 501 1282 551 sed
1313 497 1696 568 praeripuehoe
1725 492 1777 546 in
1805 489 2038 545 Ecclesia

473 567 781 638 sanctorum,
810 572 896 626 ubi
922 586 1046 626 vero
1074 570 1333 633 agendum
1364 581 1466 628 εει.
1498 567 1715 638 facient.

464 665 478 684 κ
549 629 800 705 Quoniam
822 643 932 708 quis
971 645 1020 693 in
1049 629 1260 693 nubibus
1299 637 1578 706 mquabitur
1610 631 1873 708 Domino?
1913 629 2038 686 ideo

481 718 668 769 merito
690 716 800 768 caeli
821 705 1071 766 mirabilia
1098 722 1203 784 tua,
1226 725 1328 763 non
1352 705 1465 772 sna,
1491 705 1881 784 conﬁtebuntur,
1906 717 2040 784 quo-

481 786 616 839 niam
648 787 819 838 nullus
857 799 1036 838 eorum
1079 783 1171 855 tibi
1211 789 1382 855 potest
1417 777 1738 855 comparari:
1769 775 1904 855 Nam.
1926 775 2038 840 quis

479 858 529 911 in
558 857 770 908 nubibus
799 855 1074 920 aequabitur
1102 853 1314 906 Domino
1342 848 1604 920 nubium?
1623 848 1802 901 Nullus
1833 848 2031 912 utique.

479 928 711 995 Apostoli
735 938 783 982 et
812 919 896 979 alii
925 925 1296 995 praedicatores
1322 921 1487 995 sancti
1510 919 1631 974 εωιί
1656 921 1898 995 dicuntur
1927 929 2042 982 pro-

478 988 592 1064 pter
622 997 854 1050 veritatis
875 988 1295 1049 coruscationem
1320 1011 1332 1044 :
1367 994 1685 1069 dicunturet
1713 988 1898 1069 nubes,
1919 1000 2040 1039 cum

479 1059 657 1121 inultis
686 1069 802 1121 aliis
833 1067 1002 1120 modis
1033 1075 1246 1134 propter
1268 1062 1470 1116 occulta
1489 1063 1682 1134 carnis,
1715 1059 1764 1112 id
1781 1066 1892 1134 est,
1917 1070 2040 1124 pro-

479 1148 594 1204 pter
623 1139 860 1192 occultas
890 1128 1251 1204 cogitationes.
1286 1133 1419 1198 Quid
1447 1132 1586 1201 enim
1615 1131 1681 1184 de
1704 1128 1844 1207 nube
1881 1133 2042 1207 exeat

479 1197 737 1266 v-demus.
763 1211 884 1275 quid
917 1197 1038 1261 vom
1069 1208 1120 1258 iu
1154 1197 1488 1260 nube’lateat
1528 1197 1629 1275 rion
1671 1199 1926 1252 videmus.
1960 1197 2045 1252 Si-

479 1279 669 1332 militer
691 1272 806 1346 qum
834 1279 992 1331 homo
1033 1278 1158 1330 dicit
1185 1277 1263 1329 vel
1297 1275 1438 1346 facit,
1467 1272 1698 1346 iudicare
1724 1283 2000 1336 possumus
2025 1285 2038 1320 :

479 1365 597 1414 quur
625 1343 802 1402 autem
825 1350 1041 1417 cogitat,
1070 1350 1216 1419 solus
1245 1349 1334 1419 ille
1362 1345 1500 1419 videt
1523 1343 1609 1419 qui
1638 1349 1899 1419 sentiatur
1927 1353 2045 1419 cor-

479 1410 563 1472 dis
587 1430 666 1473 est
703 1429 756 1473 et
793 1410 996 1473 renum.
1029 1410 1183 1473 Unde
1223 1417 1350 1473 dicit
1381 1410 1663 1482 Apostolus
1691 1430 1703 1464 :
1735 1410 1905 1464 Nolite
1931 1418 2047 1462 ante

477 1497 673 1562 tempus
719 1492 976 1562 judicare,
1000 1500 1125 1562 etc.
1153 1490 1288 1562 lpseA
1313 1500 1521 1556 quoque
1565 1482 1808 1562 Christus
1851 1482 2042 1561 nubem

483 1560 684 1620 habuit,
716 1555 839 1624 quia
871 1555 1517 1626 divinitatis’majestatem
1552 1555 1691 1607 nube
1719 1555 1896 1626 carnis
1919 1565 2048 1626 con-

480 1629 626 1684 texit.
651 1623 754 1686 Sed
783 1631 958 1685 differt
991 1632 1040 1684 in
1072 1630 1208 1684 hanc
1239 1623 1452 1687 nubem,
1485 1635 1538 1680 et
1558 1625 1672 1679 illas
1695 1623 1860 1676 nubes
1892 1639 1903 1674 :
1934 1623 2047 1674 haec

2139 420 2566 486 cognovit,-inter
2585 430 2775 472 eorum
2799 432 2986 472 manus
3009 420 3152 471 velut
3177 416 3448 486 languidus
3471 424 3770 486 peccato!

2142 484 2413 611 fitili,rtt|uia
2435 488 2736 545 humiliavit
2765 503 2842 556 se,
2874 498 2927 543 et
2955 488 3217 558 pteuituit.
3255 485 3318 541 Et
3347 487 3446 542 hoc
3468 498 3557 544 est
3587 484 3770 558 quod

2142 573 2202 611 su
2227 576 2256 610 η
2283 577 2291 609 l
2342 577 2356 611 :

2141 562 2320 614 ευιηιῑι
2342 577 2356 612 :
3094 613 3096 616 ,

2211 628 2291 682 Tu
2319 629 2601 686 dominaris
2627 637 2862 698 potestati
2891 629 3066 691 maris,
3099 637 3312 682 motum.
3348 629 3509 693 Quasi
3543 629 3713 682 dicat
3748 643 3768 684 :

2141 697 2272 753 Cum
2295 697 2698 766 diffunderetur,
2728 701 2970 768 Domine,
2995 701 3177 753 veritas
3207 710 3292 753 tua
3310 700 3360 751 in
3380 701 3596 753 circuitu
3623 711 3770 760 tuo,

2141 774 2288 824 mare
2315 772 2626 837 gentilitatis
2656 771 2919 825 turbatum
2945 781 3046 825 est.
3091 769 3195 826 Sed
3229 771 3352 838 qttid
3385 770 3508 825 fecit
3544 787 3718 824 mare
3743 773 3771 823 ἲ

2143 841 2398 912 Martyres
2429 846 2612 912 utique
2657 841 2868 906 occidit,
2915 856 3098 912 semen
3127 843 3396 909 sanguinis
3429 843 3587 905 fudit,
3621 858 3765 904 qum

2142 925 2294 975 δεμες
2321 911 2571 966 Ecclesiae
2598 913 2890 982 pullulavit.
2918 911 3116 967 Serviat
3139 928 3264 977 ergo
3292 927 3455 977 mare,
3482 914 3769 966 turbetur

2141 992 2398 1044 quantum
2430 985 2557 1039 velit
2587 999 2754 1049 mare,
2791 983 2921 1037 nihil
2955 996 3131 1038 tamen
3165 983 3339 1036 facere
3379 983 3596 1047 poterit,
3637 983 3764 1035 nisi

2147 1059 2348 1107 tantum
2381 1064 2635 1122 quantum
2676 1055 3002 1123 permittitur
3028 1057 3098 1108 ei.
3143 1053 3291 1119 Quod
3324 1055 3441 1106 inde
3479 1063 3765 1123 apparet.

2144 1125 2264 1189 quia
2288 1135 2342 1178 tu
2367 1127 2651 1179 dominaris
2678 1127 2916 1194 potestati
2944 1127 3119 1189 maris,
3152 1125 3201 1177 id
3231 1134 3331 1189 est,
3359 1126 3465 1190 jam
3497 1126 3549 1177 in
3585 1135 3764 1176 tuum

2145 1194 2440 1250 dominium
2473 1198 2797 1250 transierunt
2829 1197 2904 1250 illi
2937 1199 3044 1264 qui,
3078 1211 3196 1250 cum
3230 1207 3406 1249 essent
3441 1213 3612 1256 utare,
3676 1197 3762 1247 ita

2147 1275 2392 1328 potentes
2436 1277 2587 1321 erant
2616 1267 2664 1320 in
2709 1265 3122 1321 contradicendo
3151 1277 3202 1321 et
3245 1267 3295 1318 in
3339 1266 3760 1333 persequendo.

2147 1335 2345 1391 Mutum
2393 1339 2603 1405 quidem
2642 1346 2723 1391 est
2755 1354 2922 1401 mare,
2968 1347 3020 1390 tu
3062 1348 3228 1405 autent
3262 1349 3450 1389 malunt
3480 1339 3757 1402 [luctuum

2147 1409 2258 1473 eius
2292 1403 2516 1480 mitigas,
2562 1419 2763 1462 tantum
2812 1425 2914 1462 non
2947 1409 3146 1462 aufers.
3186 1403 3355 1480 Manet
3383 1410 3526 1480 enim
3561 1409 3763 1460 adhuc

2147 1477 2496 1534 contradictio
2526 1489 2579 1533 ει
2612 1481 2908 1546 persecutio
2939 1480 3099 1533 etiam
3131 1481 3182 1533 in
3209 1477 3353 1532 falsis
3384 1477 3675 1532 fratribus.

2223 1569 2302 1624 Tu
2332 1570 2636 1625 humiliasti.
2669 1571 2804 1625 Vere
2833 1578 2886 1624 tu
2919 1571 3212 1625 dominaris
3259 1571 3501 1637 potestati
3551 1566 3757 1633 maris,

2152 1642 2272 1708 quia
2303 1643 2569 1710 princeps,
2602 1642 2823 1707 scilicet,
2857 1643 3037 1695 mundi
3063 1641 3265 1710 ejectus
3295 1653 3371 1694 εει
3406 1640 3584 1701 foras;
3620 1656 3759 1690 nam

477 1703 618 1756 enim
641 1711 721 1754 est
748 1701 812 1756 de
837 1702 1147 1782 intemerata
1178 1700 1396 1767 virgine,
1418 1697 1518 1782 illa;
1543 1712 1669 1749 vero
1692 1703 1813 1782 sunt
1839 1695 1904 1746 de
1926 1706 2046 1744 cor-

2159 1695 2208 1766 t'u
2255 1695 2569 1782 humiliatus
2606 1695 2890 1766 humilidsti
2937 1695 3413 1782 illumisnpcrbum.
3460 1695 3760 1776 Superbus

479 1780 632 1837 rupta
664 1782 867 1836 matre;
902 1773 1014 1825 time
1041 1772 1156 1826 sine
1187 1766 1425 1835 peccato,
1455 1767 1556 1822 illa:
1593 1782 1685 1833 per
1707 1766 1862 1818 istam
1896 1776 2048 1837 ntimo

481 1832 615 1895 datm
668 1857 696 1894 a
744 1832 1011 1914 peccato:
1060 1832 1440 1914 et_ideo_di_cit
1493 1855 1504 1889 :
1546 1832 1848 1914 Quisinter
1894 1832 2052 1914 nubes

482 1904 765 1986 atquahilur
794 1911 1296 1986 Domitioittubjum?
1320 1910 1440 1986 _:_'tu_t
1473 1906 1761 1986 quis_lilius
1794 1904 1906 1986 “Dei
1953 1904 2057 1986 erit

481 1973 669 2035 similis
703 1981 924 2036 Domino
958 1982 1092 2036 Filio
1140 1980 1274 2036 Dei?
1319 1973 1503 2034 Nullus
1545 1977 1743 2044 utique.
1792 1973 1883 2028 Ille
1911 1977 2051 2028 enim

487 2067 622 2104 unus
653 2061 735 2105 est
775 2068 866 2119 per
895 2064 1154 2112 naturam.
1190 2050 1277 2105 isti
1325 2065 1453 2103 vero
1483 2047 1631 2102 tnulti
1681 2062 1772 2119 per
1809 2044 2052 2119 gratiam.
2090 2076 2094 2079 -

482 2121 663 2197 illeqex
693 2115 1023 2197 aeternitate,
1045 2127 1126 2176 isti
1160 2136 1222 2177 ex
1246 2131 1526 2197 tempore,
1547 2128 1601 2173 ει
1623 2115 1999 2197 multa_alia.._.

555 2192 688 2247 Deus
732 2195 817 2264 qui
857 2185 1197 2264 gloriﬁcatur.
1246 2185 1383 2244 Vere
1420 2191 1596 2264 nullus
1635 2186 1802 2264 est__e_i
1841 2185 2051 2240 similis.

480 2261 612 2318 Nam
647 2258 1028 2329 hic'est'Deus,
1057 2266 1142 2334 qui
1172 2264 1490 2335 gloriﬁcatur
1519 2261 1572 2313 in
1602 2258 1814 2335 consilio
1853 2267 2056 2335 sancto:

485 2348 619 2398 tum.
639 2335 701 2409 id
732 2346 831 2409 εει,
863 2326 1204 2409 cujnsg'loria
1236 2326 1429 2409 crescit
1460 2347 1552 2399 per
1580 2329 1882 2409 consilium,
1915 2326 2055 2397 quod

482 2407 660 2460 sancti
677 2405 870 2480 habent
892 2400 955 2459 de
977 2400 1192 2472 seipso,
1219 2404 1444 2466 scilicet,
1467 2414 1520 2455 ut
1543 2400 1765 2480 credant
1785 2401 1835 2452 in
1860 2400 2054 2480 ipsum,

484 2482 540 2545 et
569 2493 670 2529 non
701 2477 926 2541 amplius
953 2467 1192 2545 quaérant
1218 2491 1334 2543 quae
1367 2490 1462 2545 sua
1493 2481 1648 2545 sunt,
1668 2467 1760 2545 sed
1791 2485 1910 2545 quae
1939 2469 2052 2545 D_ei.

485 2543 552 2598 Ut
580 2547 664 2614 qui
701 2541 984 2616 gloriatur;
1004 2547 1054 2599 in
1089 2541 1307 2600 Domino
1335 2543 1599 2613 glorietur.
1627 2541 1760 2616 Dicit
1789 2541 1930 2616 enim
1961 2541 2059 2616 Stt-

482 2609 680 2697 iomon,
701 2609 850 2697 iquia
893 2609 966 2671 in'
994 2617 1258 2697 latitudine
1286 2609 1448 2697 gentis
1477 2625 1562 2696 est.
1591 2612 1754 2696 gloria
1773 2611 1960 2697 regis;

483 2681 816 2757 diminutione
843 2705 958 2741 vero
990 2691 1185 2757 populi,
1219 2681 1454 2742 contritio
1483 2681 1744 2757 principis.
1773 2681 2058 2757 Et’tnerito

487 2757 660 2829 (quasi
689 2753 864 2829 dicat)
895 2753 1218 2829 glorificatur
1254 2759 1308 2812 in
1349 2753 1559 2812 consilio
1589 2753 1904 2829 sanctorum,
1936 2755 2059 2829 quia

484 2823 601 2896 ipse
622 2827 766 2880 solus
784 2823 864 2882 est
887 2823 1133 2896 magnus,
1155 2829 1243 2884 alii
1264 2845 1452 2883 omnes
1475 2826 1640 2893 parvi.
1671 2823 1893 2894 Magnus
1915 2824 2056 2896 enim

483 2894 564 2952 est
591 2899 679 2966 qui
709 2913 920 2953 omnem
963 2894 1136 2954 locum
1168 2901 1456 2955 secundum
1486 2897 1814 2951 divinitatem
1855 2894 2057 2962 implet,

482 2978 531 3020 et
558 2979 640 3022 est
671 2969 910 3023 terribilis
943 2985 1046 3023 non
1079 2980 1278 3024 tantum
1312 2971 1363 3023 in
1395 2985 1497 3022 una
1526 2975 1720 3038 gente,
1749 2966 1842 3020 sed
1875 2966 2060 3038 simili-

482 3045 563 3090 ter
589 3056 740 3109 super
765 3056 937 3095 omnes
958 3043 1048 3110 qui
1071 3052 1189 3095 sunt
1218 3042 1268 3094 in
1299 3040 1510 3094 circuitu
1532 3034 1671 3110 Ejus.
1705 3034 1760 3089 In
1790 3050 1892 3110 una
1915 3037 2057 3090 enim

483 3118 638 3175 gente
652 3106 861 3164 tantum
893 3106 986 3180 pro
1011 3113 1166 3166 nobis
1198 3111 1365 3177 nasci,
1396 3106 1660 3180 crucifigi,
1692 3106 1850 3180 mori,
1883 3121 2057 3160 resur-

480 3190 609 3246 gere
638 3181 798 3235 voluit
824 3195 874 3236 et
895 3178 1229 3246 ascendere,
1263 3198 1379 3250 qua:
1421 3179 1490 3235 ab
1518 3178 1632 3233 aliis
1655 3179 1904 3250 gentibus
1936 3187 2055 3250 tan-

483 3259 639 3318 quam
693 3263 830 3306 terra
883 3268 910 3306 a
959 3255 1090 3307 mari
1141 3247 1376 3320 undique
1427 3248 1875 3306 circumdabatur.
1931 3247 2058 3302 Sola

483 3323 789 3392 cnimgens
833 3323 922 3377 illa
965 3325 1106 3379 culta
1135 3336 1247 3379 erat
1281 3332 1496 3392 propter
1534 3323 1722 3388 legem,
1762 3329 1813 3372 et
1844 3328 2058 3392 propter

486 3391 789 3465 prophetica
817 3395 1064 3465 scripta;
1111 3390 1448 3465 aliceomn‘es
1476 3400 1628 3445 erant
1667 3404 1837 3458 mare,
1873 3390 1921 3442 id
1954 3398 2054 3454 est,

483 3459 537 3514 in
566 3459 919 3533 amaritudine
941 3459 1054 3520 sua:
1081 3464 1374 3520 sterilitatis
1409 3471 1802 3533 permanentes,
1830 3475 1932 3533 non
1966 3475 2060 3533 an:

483 3540 590 3586 tetu
634 3532 685 3586 in
716 3534 800 3588 illa
846 3537 956 3589 sola
987 3545 1146 3602 gente
1178 3529 1453 3602 veritatem
1497 3547 1643 3586 suam
1685 3531 1934 3602 innotuit,
1965 3529 2058 3602 sed

484 3612 660 3656 tamen
722 3603 792 3659 ibi
832 3597 1137 3672 specialiter
1175 3597 1240 3661 de
1281 3605 1420 3660 nube
1459 3618 1572 3658 suae
1614 3603 1788 3656 carnis
1829 3597 2060 3656 intenuit

482 3673 618 3744 apud
647 3671 773 3744 illas
790 3671 973 3744 gentes
1006 3693 1099 3742 per
1123 3677 1259 3744 alias,
1284 3677 1472 3744 nubes,
1506 3671 1643 3726 sicut
1672 3673 1784 3739 ipse
1817 3673 2060 3738 promisit

482 3716 664 3795 dicens
698 3763 709 3796 :
741 3716 939 3799 Agtodo
979 3716 1207 3800 videbitis
1238 3743 1286 3798 F
1289 3748 1431 3800 ilium
1455 3716 1674 3798 immittis
1695 3716 1977 3796 .itrni'erttem
2007 3745 2059 3796 in

483 3812 698 3884 nubibus
729 3816 856 3869 caeli.
893 3813 958 3870 Et
985 3817 1062 3870 sic
1105 3817 1297 3871 factum
1326 3829 1407 3871 est
1435 3813 1572 3884 quod
1604 3815 1688 3867 hic
1709 3813 1918 3870 dicitur.
1955 3811 2061 3884 Ea:-

482 3881 572 3936 itit
599 3884 737 3937 enim
761 3889 811 3939 in
835 3903 1030 3941 omnent
1061 3898 1248 3940 terram
1272 3903 1426 3940 sonus
1453 3881 1755 3938 sanctorum
1787 3883 2059 3952 apostolo-

485 3969 599 4006 rum
633 3955 1068 4012 comminantium
1095 3959 1489 4012 tribulationem
1520 3967 1571 4010 et
1593 3952 1892 4024 angustiam
1917 3953 2057 4008 futu-

485 4039 596 4095 ram
622 4041 781 4091 super
807 4044 1016 4083 omnem
1043 4030 1272 4084 animam
1300 4037 1608 4095 operantem
1640 4025 1857 4078 malutn.
1890 4025 1954 4078 Et
1981 4026 2059 4082 sic

481 4092 651 4148 factus
679 4106 760 4171 est
782 4101 1015 4155 terribilis
1043 4117 1193 4171 super
1216 4092 1388 4153 omnes
1413 4102 1465 4152 in
1491 4097 1705 4171 circuitu
1729 4112 1839 4148 suo.
1866 4096 2060 4171 Accipe

485 4171 662 4220 autem
694 4167 865 4235 ipsutn
895 4187 1012 4225 cum
1044 4165 1383 4225 credentibus
1405 4171 1456 4223 in
1486 4183 1628 4230 eum,
1663 4165 1727 4221 de
1753 4165 1943 4235 popqu
1969 4166 2060 4222 illo

480 4249 672 4316 corpus
700 4236 856 4316 Jysu,
889 4241 1011 4316 quia
1046 4241 1144 4295 hoc
1187 4252 1431 4312 respectu
1459 4239 1589 4295 dicit
1618 4236 1874 4308 propheta
1914 4239 2054 4308 quod

481 4308 581 4379 sint
620 4308 669 4359 in
696 4308 918 4379 circuitu
941 4313 1056 4378 ejus
1085 4308 1288 4379 gentes.

556 4376 767 4442 Domine
798 4379 932 4434 Deus
962 4376 1219 4448 uirtuium,
1264 4383 1375 4448 quis
1405 4379 1582 4434 similis
1611 4378 1699 4433 tibi
1717 4380 1741 4433 ?
1779 4378 1938 4447 Quasi
1969 4381 2053 4435 di-

481 4455 604 4519 cat;
636 4450 768 4517 lirgo
796 4451 970 4505 nullus
1001 4449 1189 4507 similis
1218 4451 1331 4506 tibi.
1369 4454 1430 4505 Et
1451 4467 1573 4506 vere
1597 4451 1798 4514 nullus,
1827 4453 1946 4518 quia
1973 4463 2050 4519 tu,

481 4515 724 4593 Domine,
751 4521 897 4575 solus
937 4540 987 4576 es
1034 4532 1231 4587 potens.
1265 4523 1447 4593 Magna
1478 4523 1616 4575 enim
1667 4515 1894 4588 potentia
1936 4515 2052 4592 eius

481 4588 940 4662 qtiLfeciticmlum
969 4604 1022 4647 et
1050 4595 1268 4658 terram,
1297 4588 1547 4647 efomnia
1578 4607 1694 4662 quae
1723 4597 1773 4645 i'n
1799 4593 1876 4646 eis
1904 4588 2051 4650 sunt.

549 4655 617 4732 Et
646 4661 823 4715 veritas
853 4667 939 4714 tua
977 4665 1029 4717 in
1069 4655 1281 4717 circuitu
1313 4675 1419 4718 tuo.
1453 4655 1612 4731 Quasi
1653 4663 1794 4716 dicat
1823 4679 1838 4715 :
1869 4663 2053 4732 Magna

481 4730 694 4804 quidem
727 4739 827 4804 est,
875 4731 1116 4801 Domine,
1152 4737 1386 4804 potentia
1435 4730 1544 4800 tua,
1575 4733 1667 4787 sed
1697 4735 1852 4801 longe
1881 4730 2054 4804 major

484 4800 864 4860 misericordia.
901 4819 992 4872 per
1014 4800 1171 4873 quam
1200 4807 1386 4860 reritas
1417 4813 1525 4868 tua,
1555 4804 1602 4856 id
1634 4813 1734 4869 est,
1764 4800 1886 4858 vera
1921 4800 2055 4870 pra:-

480 4881 628 4936 cepta
661 4883 786 4925 sunt
806 4874 991 4929 diffusa
1025 4877 1075 4928 in
1101 4878 1320 4929 circuitu
1346 4885 1453 4928 tuo.
1478 4874 1534 4930 Si
1564 4876 1704 4928 enim
1738 4877 1787 4928 in
1818 4878 1926 4928 sola
1962 4876 2052 4931 illa

479 4949 636 5016 gente
665 4943 714 4996 in
746 4960 846 5012 qua
872 4947 1036 5007 nasci.
1060 4949 1297 5016 crticiligi
1329 4956 1382 5000 et
1403 4947 1536 4999 mori
1568 4961 1661 5014 pro
1694 4948 1843 4999 nobis
1867 4947 2051 5014 voluit,

479 5012 672 5084 veritas
721 5016 834 5083 ejus
866 5012 1272 5082 diffunderetur,
1321 5012 1628 5084 impleretur
1669 5017 1796 5069 illud
1847 5012 2051 5072 tantum

477 5080 617 5148 quod
646 5080 934 5149 Apostolus
959 5088 1034 5142 ait.
1063 5105 1075 5140 :
1109 5087 1236 5140 Dico
1260 5080 1522 5142 Christum
1545 5085 1720 5140 Jesum
1761 5088 2052 5141 ministrum

476 5153 631 5227 fuisse
669 5157 1065 5211 circumcisionis
1096 5170 1302 5227 prapter
1328 5159 1581 5227 veritatem
1624 5156 1735 5222 Dei,
1770 5161 1837 5212 ad
1865 5161 2055 5224 con/ir-

480 5224 695 5279 mandas
731 5224 1341 5298 promissiones‘patrunt.
1373 5225 1488 5282 Non
1526 5238 1701 5282 autem
1747 5229 2056 5296 impleretur

477 5297 614 5362 quod
637 5301 897 5364 sequitur,
930 5297 1129 5353 scilicet
1154 5315 1168 5353 :
1199 5298 1380 5353 Gentes
1408 5309 1573 5352 autem
1603 5300 1836 5352 similiter
1863 5301 2056 5354 miseri-

477 5368 654 5419 cordia
693 5367 939 5424 honorare
981 5367 1164 5434 Deum,
1211 5377 1313 5424 etc.
1351 5369 1474 5426 Huic
1502 5382 1673 5422 autem
1707 5369 1916 5422 diffusio
1951 5386 2054 5426 non

477 5439 647 5512 putuit
671 5439 782 5512 fleri
807 5443 921 5494 sine
945 5441 1364 5512 contradictione
1385 5457 1573 5512 magna
1594 5451 1643 5494 et
1664 5441 2053 5512 persecutione.

477 5508 624 5560 Tunc
664 5510 805 5562 enim
854 5511 1103 5566 frendens
1133 5512 1217 5566 leo
1247 5508 1770 5576 occurrit'SamSOu,
1811 5509 1879 5563 ab
1926 5512 2057 5564 allo-

480 5579 652 5648 p':y|is
684 5579 903 5650 tutorem
932 5582 1138 5636 ducenti
1175 5583 1251 5637 vel
1286 5583 1502 5650 petenti,
1536 5591 1586 5636 et
1615 5584 1779 5636 factus
1811 5591 1891 5636 est
1917 5586 2056 5637 inter

480 5665 667 5702 manus
692 5648 809 5722 ejus
838 5653 980 5706 velut
1023 5653 1203 5707 hazdus
1231 5648 1528 5722 caprarum.
1585 5653 1694 5707 Iloc
1725 5665 1827 5720 est,
1878 5653 2056 5708 furens

481 5722 740 5788 gentilitas
775 5721 996 5778 firmiter
1024 5721 1370 5794 contradixit,
1397 5733 1450 5781 et
1477 5727 1672 5781 restitit
1707 5727 1879 5796 primo
1917 5739 2057 5796 prte-
2100 5795 2105 5799 θ

2155 1783 2295 1836 enim
2327 1781 2416 1838 ille
2441 1783 2702 1850 superbos
2734 1783 3056 1852 possidebat.
3089 1781 3194 1838 Sed
3226 1783 3347 1835 dato
3372 1791 3531 1835 tantm
3565 1782 3760 1834 humi-

2155 1853 2316 1908 litatis
2344 1855 2595 1921 exemplo
2618 1853 2670 1908 in
2693 1853 2929 1918 Christo,
2952 1853 3248 1908 didicerunt
3276 1853 3522 1907 homines
3554 1869 3760 1917 super-

2157 1923 2294 1976 biam
2334 1924 2609 1987 damnare.
2659 1936 2713 1979 et
2737 1925 3094 1980 humilitatem
3124 1936 3394 1991 appetere,
3444 1933 3499 1977 et
3529 1925 3612 1976 sic
3654 1940 3757 1977 su-

2155 1994 2348 2062 perbus
2373 1996 2462 2050 ille
2489 1995 2794 2050 humiliatus
2819 2005 2920 2060 est,
2951 1998 3071 2063 quia
3105 1987 3288 2049 fortior
3314 1987 3403 2063 illo
3435 1995 3490 2047 in
3520 1995 3756 2048 domum

2155 2065 2270 2135 ejus
2302 2065 2534 2131 intravit,
2566 2076 2620 2120 et
2645 2066 2812 2134 spolia
2842 2067 2956 2135 ejus
2985 2066 3220 2135 diripuit.
3252 2074 3305 2120 et
3336 2067 3384 2118 in
3424 2075 3758 2119 ornamenta

2157 2134 2409 2191 Ecrlesite
2453 2137 2741 2191 transtulit.
2785 2134 2885 2196 Tu.
2921 2134 3158 2205 inquam,
3211 2137 3518 2189 humiliatus
3574 2135 3757 2189 Irmi-

2157 2207 2292 2260 linsti
2319 2207 2612 2277 superbum,
2629 2216 2682 2262 et
2702 2218 2754 2262 tu
2783 2208 3088 2262 vulneratus
3117 2207 3405 2261 vulnerasti
3431 2207 3608 2266 illum,
3641 2210 3752 2260 sic-

2156 2287 2208 2329 ut
2234 2277 2572 2342 rulneratum,
2607 2279 2830 2342 scilicet,
2865 2294 3024 2333 carne
3048 2295 3149 2332 non
3174 2279 3447 2341 transfixa,
3468 2277 3564 2331 sed
3586 2280 3754 2331 eunte

2161 2347 2385 2418 trajectu
2425 2348 2576 2418 quasi
2619 2349 2807 2418 Spiritu
2849 2359 2902 2404 et
2943 2351 3176 2417 potentia
3205 2348 3319 2418 ejus
3351 2351 3660 2402 itnminuta.
3693 2348 3757 2403 Et

2159 2417 2259 2471 hoc
2291 2417 2455 2473 modo
2477 2417 2758 2486 dispersisti
2789 2421 3018 2473 inimicos
3048 2430 3181 2487 tuos,
3211 2417 3266 2473 ut
3295 2421 3382 2487 qui
3417 2421 3571 2487 prius
3600 2429 3758 2474 erant

2158 2488 2382 2556 inimici,
2409 2500 2588 2545 essent
2615 2493 2792 2545 amici.
2827 2491 2889 2544 Et
2913 2491 3012 2544 hoc
3038 2491 3205 2545 fecisti
3233 2491 3284 2544 in
3311 2491 3524 2543 brachio
3551 2491 3756 2545 virtutis

2161 2569 2280 2622 tum,
2320 2576 2411 2628 per
2440 2562 2588 2616 illum
2621 2563 2706 2630 qui
2737 2571 2819 2616 est
2846 2561 3118 2616 brachium
3152 2571 3296 2614 tuum
3329 2573 3381 2614 et
3414 2563 3591 2616 virtus
3643 2572 3753 2620 tua.

2159 2631 2403 2686 Christus
2426 2632 2568 2687 enim
2603 2633 2696 2687 Dei
2727 2634 2912 2698 virtus,
2941 2641 2995 2686 et
3024 2633 3114 2688 Dei
3144 2633 3424 2702 sapientia.

2185 2775 2191 2790 ι
2235 2724 2331 2778 Tui
2353 2733 2468 2780 sunt
2497 2728 2629 2783 creti.
2664 2727 2726 2781 Et
2750 2731 2870 2798 quia
2900 2737 2954 2782 tu
2976 2743 3070 2784 eos
3091 2729 3158 2782 de
3177 2730 3302 2798 jugn
3324 2728 3544 2797 superbi
3577 2729 3753 2785 humi-

2161 2797 2272 2852 liati
2303 2799 2566 2870 eripuisti,
2603 2813 2766 2870 ergo,
2799 2797 3043 2864 Domine,
3100 2797 3312 2870 cati,“
3341 2809 3421 2853 est
3447 2803 3750 2870 compluto—

2161 2884 2271 2924 res.
2315 2879 2429 2941 sunt
2461 2869 2555 2924 tui.
2602 2869 2774 2923 T-uum
2820 2873 2961 2924 enim
3012 2879 3093 2925 est
3137 2869 3275 2938 quod
3317 2879 3462 2935 sunt,
3509 2869 3746 2941 etquod

2164 2939 2493 3008 compluunt,
2527 2947 2572 2994 et
2605 2949 2739 2995 terra
2778 2943 3045 3009 cuutpluta
3079 2942 3223 3009 prius
3251 2941 3487 2995 alienata
3519 2953 3596 2997 est
3631 2939 3740 2998 tua.

2165 3011 2229 3064 Et
2276 3009 2464 3064 merito
2495 3012 2752 3083 tua,_quia
2803 3020 2857 3065 tu
2896 3013 3144 3083 fundasti,
3189 3013 3240 3065 id
3288 3023 3389 3078 est,
3424 3014 3652 3067 firmasti
3695 3017 3748 3071 in

2086 3067 2130 3128 C
2165 3083 2387 3135 veritate
2432 3067 2748 3151 cognitionis
2780 3067 3095 3138 ttne'orbem
3133 3067 3308 3146 terrae,
3353 3067 3404 3137 id
3434 3096 3518 3139 est
3551 3067 3749 3140 terrain

2166 3153 2333 3217 illam,
2361 3152 2602 3209 faciendo
2630 3168 2746 3207 eam
2769 3155 2977 3221 orbem,
3001 3155 3054 3209 id
3077 3165 3182 3219 est,
3212 3155 3520 3222 perfectam.
3550 3157 3620 3209 Et
3653 3158 3753 3212 hoc

2165 3237 2269 3277 nun
2305 3239 2480 3291 parce,
2521 3224 2614 3278 sed
2653 3226 2703 3278 in
2736 3227 3090 3289 multitudine,
3113 3227 3234 3295 quia
3264 3225 3490 3279 fuiidasti
3522 3231 3748 3296 plenitu-

2167 3296 2333 3348 dinem
2357 3297 2488 3365 ejus.
2521 3297 2584 3350 Et
2608 3310 2734 3350 vere
2763 3305 2814 3349 tu
2841 3295 3096 3362 fundasti,
3129 3298 3248 3364 quia
3281 3307 3333 3349 tu
3363 3299 3544 3350 creasti
3571 3300 3625 3352 in
3654 3301 3749 3351 bc»

2164 3367 2248 3421 nis
2276 3368 2527 3434 operibus
2557 3366 2878 3438 Aquilonem,
2906 3367 2957 3422 id
2979 3375 3079 3433 est,
3105 3367 3224 3421 illos
3253 3368 3305 3422 in
3328 3368 3508 3438 quibus
3535 3384 3597 3421 ex
3629 3369 3744 3421 ini-

2162 3439 2365 3507 quitate
2387 3438 2664 3492 refrixerat
2686 3436 2933 3507 charitas,
2960 3440 3080 3507 quia
3106 3436 3497 3492 membraillius
3520 3439 3742 3507 Aquilo-

2164 3505 2246 3561 tiis
2267 3517 2419 3580 erant
2444 3509 2530 3576 qui
2554 3507 2686 3561 dixit
2710 3521 2725 3559 :
2753 3505 2951 3580 Ponant
2973 3505 3140 3563 sedem
3164 3525 3327 3562 meam
3349 3511 3402 3562 in
3423 3505 3743 3580 Aquilonem,

2163 3589 2211 3632 et
2257 3593 2343 3630 ero
2367 3579 2545 3633 similis
2573 3580 2855 3634 Altissimo.
2891 3579 2958 3633 Et
2984 3581 3178 3634 creasti
3209 3581 3368 3636 etiam
3414 3581 3464 3635 itt
3493 3581 3747 3648 Operibus

2165 3649 2320 3721 bonis
2349 3663 2504 3718 mare,
2537 3649 2586 3704 id
2617 3650 2870 3721 est,i|los
2900 3651 2950 3704 in
2982 3651 3170 3721 quibus
3202 3660 3358 3706 erant
3393 3655 3748 3707 amaricautes

2168 3720 2223 3773 in
2254 3721 2530 3773 sterilltate
2573 3735 2687 3774 sua.
2734 3720 2821 3774 Vel
2853 3720 3026 3788 aliter,
3071 3724 3222 3790 quasi
3276 3723 3459 3776 dicat:
3492 3724 3747 3791 Quando-

2165 3791 2379 3857 quidem
2404 3801 2455 3843 tu
2485 3791 2910 3866 [undastiAorbom
2939 3803 3104 3861 terra),
3138 3804 3183 3846 et
3213 3794 3586 3866 plenitudinem
3619 3798 3746 3866 ejus,

2165 3876 2294 3929 ergo
2323 3877 2426 3915 non
2455 3863 2684 3930 amplius
2712 3861 2906 3930 Aquilo
2933 3873 3016 3918 est
3042 3868 3119 3919 eis
3151 3861 3440 3920 timendus.
3476 3866 3571 3920 Vel
3606 3861 3749 3920 mare

2163 3943 2266 4004 est,
2296 3933 2433 4000 quod
2467 3932 2654 4002 Aquilo
2676 3933 2842 3986 hostis
2873 3934 3142 4004 antiquits.
3173 3939 3237 3990 Et
3259 3953 3428 4000 mare,
3453 3938 3506 3990 id
3535 3950 3641 3998 εει,
3675 3938 3745 3991 illi

2162 4000 2215 4055 in
2247 4004 2438 4076 quibus
2471 4000 2582 4072 ipSe
2610 4014 2863 4076 operatur
2888 4000 3134 4074 tanquam
3165 4009 3214 4060 in
3248 4009 3388 4062 vasis
3419 4008 3532 4062 suis
3558 4009 3625 4061 ad
3655 4023 3746 4076 op-

2164 4075 2504 4141 pugnandum
2532 4076 2782 4142 populum
2812 4075 2924 4140 Dei,
2953 4078 3045 4130 sed
3076 4093 3180 4130 non
3204 4087 3329 4132 sunt
3352 4079 3604 4143 timendi,
3627 4075 3744 4145 quia

2165 4154 2220 4198 tu
2243 4147 2419 4196 creasti
2445 4146 2759 4214 Aquilonem,
2785 4159 2837 4201 et
2869 4150 3058 4203 creasti
3089 4163 3247 4201 mare.
3279 4150 3341 4202 Et
3363 4154 3487 4215 quia
3510 4160 3742 4203 creatura

2169 4224 2253 4286 tua
2283 4225 2422 4275 sunt.
2459 4217 2575 4270 ideo
2605 4218 2733 4271 nihil
2764 4229 2984 4285 possunt
3010 4230 3194 4272 contra
3229 4231 3300 4283 Ie,
3339 4221 3439 4273 nisi
3475 4221 3740 4286 permissi.

2166 4285 2325 4350 Quasi
2376 4286 2558 4340 dicat:
2593 4287 2718 4341 Plus
2763 4289 2900 4344 valet
2946 4292 2997 4342 in
3048 4292 3126 4343 eis
3168 4291 3308 4358 quod
3358 4303 3415 4343 tu
3465 4285 3642 4345 fecisti
3681 4291 3741 4344 ad

2107 4386 2117 4398 -
2166 4358 2560 4438 (itttllnutittnem
2592 4367 2756 4425 tuam,
2787 4374 2946 4428 quam
2978 4360 3222 4416 voluntas
3247 4375 3436 4416 eorum
3459 4365 3528 4415 ad
3562 4364 3744 4430 nequi-

2085 4435 2132 4496 D
2161 4435 2284 4483 tiam
2313 4441 2486 4480 suam.

2226 4517 2432 4573 Thabor
2461 4529 2507 4574 et
2549 4519 2798 4575 Harmon.
2847 4519 3120 4588 Fundasti,
3155 4524 3391 4591 inquam,
3439 4531 3666 4584 terram.
3697 4533 3746 4579 et

2157 4591 2258 4664 hoc
2309 4592 2609 4664 incipiendo
2662 4608 2690 4644 ιι
2731 4593 3047 4648 Jerusalem.
3086 4595 3248 4664 Quod
3293 4604 3510 4649 notatur
3537 4611 3602 4648 ex
3638 4596 3746 4662 ipso

2155 4663 2342 4716 ordine
2375 4661 2682 4728 verboru'm,
2717 4678 2838 4718 cum
2868 4663 2997 4719 dicit
3032 4681 3045 4716 :
3080 4661 3280 4718 Thubor
3318 4676 3363 4718 et
3402 4665 3633 4719 Hermon
3661 4661 3745 4718 e1:-

2155 4735 2417 4787 snf'abunt
2447 4749 2548 4786 non
2585 4735 2812 4802 amplius
2842 4737 2892 4789 in
2920 4752 3036 4798 suo,
3071 4737 3160 4788 sed
3194 4738 3246 4789 in
3277 4746 3363 4790 tuo
3396 4742 3608 4791 nomine
3639 4740 3740 4805 glu-

2157 4805 2436 4859 t‘ificando.
2470 4805 2682 4858 'l'hahor
2714 4807 3092 4875 interpretatur
3122 4807 3289 4861 lumen
3309 4808 3611 4862 adveniens.
3647 4810 3746 4862 Lu-

2158 4891 2278 4947 men
2339 4891 2462 4947 vero
2528 4876 2818 4930 adveniens
2891 4888 2970 4931 est
3019 4878 3262 4946 judaiuus
3313 4881 3583 4946 pupulus,
3662 4879 3745 4947 qui

2157 4945 2519 5018 principaliter
2551 4947 2874 5000 illumiuatus
2904 4958 3005 5009 est.
3026 4945 3089 5001 ct
3128 4945 3342 5003 advenit
3371 4945 3525 5018 quasi
3565 4945 3743 5004 lumen

2157 5017 2299 5090 abis,
2332 5021 2450 5084 quia
2479 5033 2570 5090 per
2597 5018 2920 5090 illunnnatos
2953 5018 3020 5073 de
3052 5023 3248 5087 papulo
3279 5021 3368 5073 illo
3399 5022 3484 5074 alii
3519 5024 3583 5073 de
3617 5039 3743 5090 gon-

2160 5089 2297 5139 tihus
2332 5100 2446 5140 sunt
2485 5087 2786 5141 illuminati.
2823 5090 2971 5142 Unde
3003 5106 3127 5144 vero
3161 5093 3259 5144 hoc
3285 5093 3462 5145 lumen
3491 5087 3746 5144 advenit?

2158 5159 2239 5224 Ah
2263 5157 2372 5223 illo,
2396 5159 2620 5223 scilicet,
2651 5161 2736 5227 qui
2763 5159 3019 5213 illuminat
3045 5178 3240 5215 onmem
3265 5163 3522 5215 hominem
3547 5165 3747 5215 venien-

2160 5238 2254 5302 tem
2288 5231 2337 5280 in
2363 5230 2496 5302 hunc
2537 5235 2802 5295 mundum,
2852 5231 2989 5300 quod
3021 5242 3102 5286 est
3148 5235 3324 5286 lumen
3356 5235 3500 5302 quod
3547 5249 3648 5286 nec
3685 5235 3750 5286 ab

2158 5301 2262 5352 alio
2292 5299 2644 5373 acoemfetur,
2677 5316 2773 5354 nec
2804 5299 3034 5368 utiquam
3081 5299 3466 5373 exstinguetur.
3507 5304 3747 5358 llermon

2159 5381 2335 5444 autem
2371 5370 2750 5439 interpretatur
2779 5376 3050 5444 anathema
3081 5377 3212 5444 ejus,
3250 5370 3340 5441 per
3383 5375 3524 5442 quod
3555 5386 3750 5444 gentes

2160 5441 2548 5510 intelliguntur,
2584 5459 2724 5496 nunc
2755 5445 2923 5509 illum,
2973 5443 3020 5497 id
3053 5441 3155 5512 est,
3197 5441 3466 5499 diabolum
3516 5441 3748 5498 anathe-

2160 5512 2471 5565 tnatimtttes
2499 5525 2560 5584 et
2581 5514 2965 5577 abominantes,
3006 5532 3120 5580 qua:
3151 5517 3293 5584 prius
3317 5529 3470 5570 erant
3500 5525 3750 5569 amantes

2160 5591 2214 5635 et
2241 5585 2494 5636 colentes.
2526 5581 2591 5636 Et
2617 5587 2807 5638 merito
2837 5585 3005 5654 (quasi
3037 5581 3201 5656 dicat)
3229 5587 3312 5641 isti
3336 5589 3668 5640 exsultatnmt
3701 5591 3752 5638 in

2160 5656 2364 5727 nomine
2395 5662 2503 5717 tuo,
2533 5660 2652 5724 quia
2685 5656 2944 5708 brachium
2975 5665 3119 5709 tuum
3152 5659 3291 5727 quod
3316 5659 3437 5712 fecit
3465 5661 3586 5712 illos
3611 5661 3751 5712 alios

2163 5723 2543 5785 illuminantes.
2586 5735 2640 5782 et
2691 5727 2821 5783 istos
2862 5723 3396 5787 anathematizantes.
3449 5731 3540 5785 ille
3585 5744 3748 5789 quem
