4006 6364
268 243 369 305 96l

921 246 989 304 IN
1026 246 1442 309 PSALMORUM
1488 246 1746 308 LIBRUM
1790 244 2228 306 EXEGESIS.-—
2273 248 2516 310 PSALM.
2562 250 2876 310 LXXXVIII

3443 264 3507 319 98
3516 262 3544 315 2

269 376 638 438 (ιιιπειειιειιιιιε
665 361 1144 438 ειίιιιιικιιιιᾲιιιιεηι
1174 366 1468 433 pertineret
1510 370 1852 437 promissum.
1889 369 1933 427 Α
1962 364 2127 438 virgo,
2155 364 2313 421 Maria
2340 407 2356 431 ,
2404 368 2470 423 de
2514 368 2671 422 Maria
2702 366 2981 435 Christus‘,
3025 386 3113 437 qui
3145 371 3439 431 substantia
3466 388 3548 437 est

268 434 332 495 In
364 438 463 493 hac
492 451 622 492 vero
650 434 913 490 sententia
947 435 1123 491 littera
1151 439 1228 492 sic
1257 434 1572 507 exponitur:
1608 440 1685 495 Tit
1720 440 1858 492 Dens

270 511 364 580 qui
396 508 683 576 proutisisd
719 507 880 561 David
908 548 923 572 ,
968 509 1108 580 quod
1150 523 1336 563 semen
1369 509 1485 578 ejus
1517 513 1566 564 in
1599 521 1858 565 attentum

272 578 554 638 maneret.
603 587 656 633 et
703 589 894 634 cartera
928 578 1217 648 prmdicta;
1252 595 1281 634 e
1324 582 1594 635 contrario
1642 580 1814 635 fet-isti
1843 620 1859 645 ,

273 655 401 723 quia
437 648 670 723 repulisli
715 666 833 723 eum
858 650 935 723 de
966 664 1129 720 regno
1161 666 1254 717 per
1295 656 1727 721 persecutionem
1763 652 1861 706 lilii

273 721 395 792 eius
421 721 722 785 Abealonis,
747 721 1003 776 Christum
1029 732 1195 787 tuum,
1228 722 1277 776 id
1301 734 1403 785 est,
1430 724 1576 777 illum
1604 735 1817 778 unctum
1846 740 1859 789 ;

274 807 328 851 et
369 794 679 861 repellentlo
710 794 981 861 despexisti
1004 829 1021 855 ,
1056 793 1106 845 id
1139 805 1255 855 est,
1296 793 1708 861 despectabilein
1741 810 1863 849 eum

276 868 480 922 fecisti.
511 866 575 918 Et
604 865 723 918 ideo
749 864 869 917 dico
895 863 1128 933 repulisti
1152 874 1197 917 et
1219 866 1513 932 despexisti,
1534 868 1654 935 quia
1682 879 1733 919 ιιι
1757 868 1866 920 dis-

276 940 445 991 tulisti
484 953 603 990 eunt
647 938 712 988 alt
760 938 1061 1006 integr.tate
1104 936 1247 1006 regni
1307 952 1399 1004 per
1443 938 1584 991 illam
1619 953 1864 1004 persecu-

281 1012 506 1064 tiotient.
539 1008 741 1061 Dicitur
781 1007 920 1059 enim
964 1006 1102 1075 quod
1148 1018 1270 1061 ante
1311 1016 1537 1061 m0rteitt
1587 1011 1868 1062 Absulonis

280 1095 378 1135 rex
430 1078 673 1133 similiter
724 1078 879 1132 Israel
912 1117 928 1144 ,
977 1086 1031 1132 et
1083 1078 1329 1132 similiter
1386 1079 1439 1132 in
1490 1079 1658 1133 Adam
1713 1079 1870 1134 luerit

275 1161 493 1203 llnCIIlS.

358 1220 617 1276 Avertisti.
651 1219 774 1273 llaec
812 1219 1090 1290 sequentia
1122 1220 1373 1274 dicuntur
1401 1219 1468 1275 de
1496 1235 1613 1283 ipso
1658 1219 1821 1274 David
1850 1260 1864 1285 ,

277 1302 539 1362 quantum
572 1291 637 1344 ad
671 1306 868 1361 corpus
898 1292 1033 1359 ejus.
1067 1293 1214 1346 Sicut
1245 1291 1384 1345 enim
1416 1292 1700 1345 multitudo
1744 1307 1868 1345 cre-

279 1364 526 1419 dentium
555 1379 748 1432 corpus
796 1364 989 1416 Christi
1042 1363 1330 1431 accipitur:
1388 1364 1453 1415 ita
1500 1363 1728 1416 carnalis
1777 1362 1869 1417 ille

287 1434 523 1503 populus
566 1436 714 1500 quasi
747 1449 939 1501 corpus
973 1432 1139 1488 David
1184 1434 1511 1501 intelligitur.
1554 1434 1617 1487 Et
1656 1442 1739 1487 est
1782 1434 1869 1487 di-

279 1520 449 1561 cere:
484 1503 740 1571 Repulisli
786 1520 907 1560 eum
957 1507 1006 1557 in
1039 1519 1096 1559 se
1120 1542 1134 1566 ,
1187 1516 1239 1556 et
1279 1507 1437 1557 etiam
1468 1506 1690 1558 iivei-tisti
1719 1515 1872 1558 testa-

283 1589 531 1640 mentum,
566 1576 615 1629 id
646 1588 748 1641 est,
779 1588 985 1644 pactum
1020 1576 1211 1628 factum
1242 1590 1361 1628 cum
1397 1576 1489 1628 illo
1515 1592 1668 1629 servo
1703 1586 1791 1628 tuo
1818 1576 1870 1630 in

285 1651 425 1702 suis.
454 1647 551 1703 Ubi
579 1648 720 1700 enim
754 1648 943 1716 (quasi
970 1648 1109 1699 dicat
1134 1645 1152 1712 )
1187 1661 1407 1715 regnum
1437 1687 1451 1711 ,
1499 1648 1584 1700 tibi
1616 1647 1869 1702 sacerdo-

288 1721 444 1783 tium,
470 1718 560 1771 itbi
593 1719 937 1781 sacriﬁcium,
972 1719 1057 1770 tibi
1092 1718 1258 1781 legale
1286 1717 1630 1771 institutum?
1681 1718 1870 1785 Utique

293 1792 590 1859 perierunt.
642 1789 703 1843 Et
733 1788 1084 1842 sanctuarium
1110 1792 1221 1859 ejus
1243 1828 1257 1851 ,
1291 1788 1339 1840 id
1372 1798 1485 1850 est,
1519 1790 1688 1842 locum
1730 1789 1875 1842 illum

292 1862 386 1914 tibi
435 1871 615 1914 sancta
648 1859 1087 1913 custodiebantur
1112 1899 1127 1923 ,
1161 1859 1210 1912 id
1255 1868 1375 1923 est,
1408 1861 1684 1928 templum,
1734 1860 1875 1925 quod

288 1932 466 1986 solum
492 1941 608 1985 erat
650 1933 702 1984 in
745 1942 915 1995 terra,
964 1929 1271 2000 profannsti,
1296 1930 1344 1981 id
1385 1940 1486 1991 est,
1523 1931 1795 1996 profanum
1825 1940 1880 1984 et

294 2003 557 2071 pollutum
583 2002 696 2056 ﬁeri
724 2001 1030 2067 permisisti.
1059 2000 1366 2054 Destruxisti
1390 2017 1559 2054 omnes
1581 2019 1719 2071 sepes
1742 2004 1875 2073 ejus,

298 2076 351 2127 id
382 2084 483 2137 est,
518 2074 805 2141 prophetas
834 2084 888 2127 et
916 2086 1070 2143 reges
1099 2076 1185 2142 qui
1217 2073 1461 2143 erantad
1494 2072 1877 2126 circninilatio-

298 2160 425 2199 rtem
471 2156 525 2199 et
562 2144 929 2198 defensionem
970 2141 1043 2196 illi
1090 2141 1138 2195 iii
1170 2146 1300 2196 suis.
1348 2141 1414 2194 Et
1446 2145 1655 2209 posuisti
1697 2145 1878 2212 ﬁrma-

296 2226 525 2269 mentum
568 2215 915 2284 formidinem,
950 2213 999 2266 id
1031 2223 1132 2279 est,
1170 2222 1310 2266 tanta
1344 2215 1439 2266 luit
1468 2216 1737 2267 tribulatio
1767 2216 1880 2269 illo-

296 2302 418 2341 rum
450 2288 819 2349 deleitsi-rum,
868 2296 925 2338 ut
963 2285 1134 2354 quivis
1176 2286 1483 2339 loriuidaret
1529 2286 1780 2351 lirmare,
1824 2285 1878 2340 id

299 2368 408 2422 est,
439 2357 725 2411 defendere
752 2370 891 2410 eum.
924 2356 988 2410 Et
1030 2356 1149 2409 ideo
1176 2356 1499 2425 diripuerunt
1543 2372 1660 2409 eum
1685 2358 1734 2409 iii
1767 2357 1880 2411 suis

300 2444 478 2484 onmes
506 2438 820 2482 transeuntes
845 2429 998 2489 viam,
1029 2427 1129 2480 hoc
1156 2428 1235 2481 vel
1268 2426 1630 2498 lemporaliter
1658 2443 1880 2498 regnan-

307 2510 421 2565 tes,
470 2501 552 2555 vel
600 2500 875 2553 veritatem
910 2514 1012 2552 non
1057 2509 1478 2567 cognoscentes,
1521 2506 1575 2551 ut
1612 2496 1737 2566 jam'
1757 2499 1880 2553 alibi

302 2572 506 2624 dictum
537 2580 637 2624 est.
675 2570 739 2624 Et
769 2570 932 2639 factus
960 2579 1032 2624 est
1074 2568 1402 2639 approbrium
1440 2569 1613 2622 vicinis
1658 2570 1788 2634 suis,
1832 2568 1883 2624 id

300 2653 408 2707 est,
438 2641 684 2695 omnibus
713 2642 957 2709 gentibus
994 2645 1042 2693 in
1069 2641 1291 2693 circuitu
1317 2654 1433 2693 suo.
1478 2644 1540 2692 Et
1572 2641 1692 2693 ideo
1718 2640 1881 2708 factus

298 2724 379 2767 est
408 2712 759 2783 opprobrium,
784 2712 901 2778 quia
933 2720 986 2765 tu
1016 2712 1254 2764 exaltasti
1276 2713 1554 2777 dexteram,
1576 2711 1630 2783 id
1654 2722 1755 2775 est,
1786 2728 1882 2780 po-

296 2780 522 2838 tentiam
550 2783 942 2851 deprimentium
970 2799 1085 2836 eum
1108 2783 1158 2836 in
1193 2792 1419 2847 tantum,
1446 2782 1583 2851 quod
1612 2780 1886 2849 lwtiﬁcasti

295 2871 474 2909 omnes
500 2855 732 2907 inimicos
760 2858 873 2923 ejus
904 2869 997 2923 per
1040 2854 1314 2907 victoriam
1346 2854 1412 2907 de
1443 2854 1560 2922 ipso
1586 2853 1784 2907 datam.
1817 2854 1885 2908 Et

298 2936 361 2979 ut
387 2928 642 2979 exaltaiet
676 2928 936 2978 dexteram
966 2923 1379 2995 deprimentium,
1418 2925 1641 2978 avertisti
1679 2926 1886 2994 adjuto-

292 2998 433 3050 rium
463 2996 623 3067 gladii
652 2998 783 3066 ejus,
819 2996 868 3067 id
900 3004 1018 3060 est,
1063 2996 1288 3067 teipsum
1319 2995 1368 3049 ei
1398 2996 1736 3067 subtraxisti,
1781 3010 1886 3067 quo

295 3065 588 3150 adjiivattte
631 3070 775 3150 prius
802 3066 909 3148 duo
942 3066 1197 3150 [rigabant
1230 3066 1416 3150 decem
1464 3065 1649 3150 millia.
1703 3067 1765 3120 Et
1794 3066 1881 3134 qui

298 3137 451 3208 prius
494 3138 856 3207 egrediebaris
885 3152 1007 3192 cum
1037 3152 1105 3191 eo
1133 3138 1199 3191 ad
1228 3137 1447 3205 bellum,
1473 3138 1595 3206 quia
1632 3148 1734 3191 tam
1769 3152 1883 3191 nia-

302 3209 516 3263 iiifestis
544 3210 708 3277 signis
736 3222 855 3262 cum
890 3208 1008 3277 ipso
1034 3210 1258 3277 agebas,
1292 3219 1349 3262 ut
1392 3224 1627 3273 priesens
1657 3223 1775 3262 esse
1804 3210 1886 3260 in-

301 3278 651 3349 telligereris,
674 3282 835 3333 modo
854 3296 957 3333 non
977 3295 1028 3332 es
1056 3280 1333 3333 auxitiatus
1352 3279 1398 3333 ei
1422 3280 1473 3332 in
1498 3280 1649 3333 bello.
1674 3279 1892 3331 Destru-

299 3352 426 3407 πίειὶ
466 3366 583 3405 eum
613 3351 678 3403 ab
708 3352 1070 3403 rotundatione
1106 3361 1160 3404 et
1204 3351 1456 3404 exteriori
1488 3392 1501 3415 ,
1550 3351 1669 3418 quia
1717 3349 1886 3403 fecisti

302 3438 429 3478 eum
460 3422 705 3475 omnibus
736 3421 1066 3474 immundum
1099 3420 1311 3485 videri,
1340 3429 1407 3475 et
1448 3423 1514 3475 de
1544 3421 1889 3475 ntundatione

306 3491 574 3555 interiori,
599 3493 665 3546 de
688 3507 789 3559 qua
814 3493 1013 3546 dictum
1034 3489 1573 3556 est,tFidemundans
1592 3493 1811 3555 corda;t
1841 3501 1888 3544 et

300 3566 479 3619 sedem
503 3566 634 3635 ejus,
671 3565 847 3635 ideal,
872 3563 1140 3635 civitatem
1169 3563 1334 3628 illam,
1366 3564 1417 3635 iii
1440 3562 1719 3635 quaprius
1739 3562 1890 3629 quie-

303 3633 599 3701 scebat,'et
628 3633 849 3687 multum
879 3633 1247 3687 delectabatur
1269 3676 1283 3701 ,
1326 3633 1581 3697 collisisti,
1622 3633 1693 3686 ita
1723 3644 1780 3685 ut
1808 3648 1889 3685 re-

302 3707 579 3777 digeretur
608 3705 662 3757 in
703 3714 908 3770 terram,
942 3703 995 3757 id
1027 3712 1128 3777 est,
1163 3707 1372 3774 penitus
1400 3706 1788 3777 destrueretur.
1824 3705 1888 3777 itit

303 3774 502 3831 merito
530 3778 703 3829 victus
729 3787 812 3830 est
838 3786 997 3845 atque
1026 3776 1352 3841 destructus,
1382 3774 1575 3828 merito
1607 3784 1803 3828 terram
1829 3775 1890 3829 il-

302 3847 414 3905 lam
448 3848 695 3917 perdidit,
724 3861 820 3915 pro
847 3862 950 3915 qua
987 3845 1264 3917 Dominum
1290 3860 1443 3900 soum
1469 3847 1683 3899 occidit.

378 3916 654 3972 Minorastt
674 3918 785 3971 dies
809 3918 1066 3986 temporis.
1096 3916 1228 3983 Quia
1250 3932 1369 3971 cum
1393 3917 1493 3985 ipsi
1520 3917 1892 3983 promitterent

300 3989 411 4044 sibi
439 3989 674 4043 divinum
720 3996 776 4042 et
817 3999 1077 4042 aeternum
1119 3998 1315 4041 statum
1347 3988 1399 4041 in
1448 3987 1706 4057 legalibus
1738 3988 1892 4041 insti-

307 4061 458 4125 tutis,
489 4068 545 4114 tu
572 4060 679 4113 cito
717 4060 797 4112 eis
826 4059 985 4113 linem
1015 4059 1315 4127 imposuisti
1342 4080 1355 4114 :
1388 4066 1443 4112 el
1472 4059 1747 4128 perfudiin
1778 4075 1892 4111 eum

303 4131 637 4203 confusione,
683 4129 884 4203 idest,
923 4130 1116 4203 dedisti
1149 4131 1198 4184 ei
1224 4132 1583 4184 omnimodam
1616 4129 1888 4203 conlusio-

306 4201 435 4257 nein
462 4241 478 4265 ,
525 4204 667 4256 intus
695 4201 901 4256 scilicet
938 4201 1131 4256 mentis
1158 4203 1452 4256 caecitatem
1477 4239 1495 4268 ,
1544 4202 1671 4255 l'orts
1714 4201 1891 4256 carnis

304 4274 724 4329 tribulationem.

383 4343 657 4413 Usquequo
691 4342 928 4398 Domine.
959 4344 1082 4399 Haec
1108 4343 1285 4397 omnia
1315 4340 1568 4412 praedicta
1595 4352 1892 4399 evenerunt

304 4416 362 4469 in
395 4415 583 4479 David,
618 4432 668 4468 ιιι
708 4432 814 4484 quo
855 4418 1002 4469 stulti
1050 4417 1293 4468 homines
1332 4425 1386 4469 et
1428 4415 1596 4484 ignari
1638 4420 1894 4484 putabant

1966 437 2224 511 omnibus
2242 438 2602 494 credentibus.
2636 439 2801 507 Hujus
2843 456 2971 511 ergo
3003 444 3315 497 subslantim
3344 464 3543 504 mento.

1969 522 2111 582 rare,
2139 509 2261 578 quia
2295 511 2392 582 nisi
2420 526 2622 565 memor
2650 513 2777 577 eris,
2812 509 2934 565 tunc
2971 529 3105 570 vane
3134 518 3460 582 constituisti.
3495 533 3551 579 ut

1966 578 2276 653 videbatur,
2313 581 2445 647 ﬁlios
2489 582 2773 636 hominum.
2823 583 3071 653 Nunquid
3102 596 3276 640 autent
3322 598 3375 642 tu
3423 578 3550 648 vane

1967 652 2269 725 constituisti
2299 653 2438 707 eos?
2473 653 2663 720 Utique
2692 668 2818 718 non,
2860 652 3080 725 sedipsi
3111 672 3205 725 per
3231 673 3289 713 se
3320 660 3371 713 in
3403 665 3551 719 vani.

1970 730 2133 775 tatem
2184 722 2468 787 abierunt,
2516 742 2542 777 a
2596 740 2698 793 qua
2750 741 2971 782 necesse
3005 722 3177 781 est—ut
3211 746 3548 790 revocentur.

1971 793 2141 865 Quem
2171 808 2297 865 ergo
2324 797 2691 849 mundatorem
2718 837 2732 858 ,
2775 812 2932 865 quem
2977 809 3336 856 revocatorem
3385 807 3549 862 liabe-
3639 838 3642 841 π

1968 862 2121 930 bunt,
2153 864 2260 942 nisi
2281 878 2331 942 tu
2362 869 2718 942 reservaveris
2745 862 2823 942 eis
2857 870 3086 942 aliquem
3108 914 3120 932 ,
3158 887 3249 937 per
3280 890 3439 942 quem
3469 893 3552 933 re-

1969 934 2410 1017 νοεειιιιιιῖριιὶδ
2438 948 2715 1017 autent-est
2749 934 3078 1017 ille?_Homo
3103 934 3207 1005 ille,
3238 934 3438 1017 Scilicet
3464 951 3553 1017 qui

1973 1018 2213 1058 ttiortuus
2236 1008 2381 1073 vivet,
2405 1020 2456 1061 et
2479 1010 2705 1076 amplius
2728 1026 2829 1062 non
2854 1014 3034 1065 videbit
3056 1025 3287 1067 mortem.
3321 1008 3553 1074 Chrislus

1970 1078 2104 1128 enim
2136 1094 2400 1149 resurgens
2426 1096 2457 1131 a
2488 1080 2718 1142 mortuis,
2739 1083 2851 1151 jam
2880 1100 2979 1135 non
3010 1088 3243 1139 moritur.
3298 1086 3438 1144 Mors
3481 1092 3557 1145 illi

1975 1151 2247 1223 ultranon
2289 1151 2652 1203 dominabitur.
2700 1152 2763 1206 Et
2804 1158 2924 1221 quia
2956 1156 3114 1208 etiam
3154 1157 3342 1223 cuique
3369 1160 3556 1215 Sancto

1973 1220 2090 1270 viro
2120 1220 2218 1291 hoc
2246 1225 2533 1274 convenire
2566 1235 2766 1290 posset,
2798 1220 2917 1291 quia
2953 1237 3193 1281 mortuus
3218 1220 3357 1283 vivet
3386 1234 3434 1284 in
3467 1250 3554 1287 re-

1974 1288 2330 1357 surrectione,
2364 1304 2416 1345 et
2439 1288 2631 1347 deinde
2662 1288 2764 1347 non
2798 1288 2999 1349 videbit
3024 1310 3278 1351 mortem:
3318 1301 3436 1355 ideo
3463 1306 3555 1356 ad-

1973 1360 2069 1436 dit.
2118 1368 2172 1414 et
2216 1362 2335 1436 quia
2381 1363 2498 1436 ipse
2542 1374 2681 1416 eruet
2710 1368 2917 1436 propria
2951 1372 3182 1433 potentia
3212 1384 3303 1423 sua
3334 1377 3559 1429 animum

1974 1431 2037 1483 de
2061 1447 2211 1484 manu
2238 1433 2410 1502 inferi,
2442 1434 2494 1487 id
2525 1446 2625 1500 esl,
2659 1431 2726 1489 de
2755 1431 3016 1500 poteState
3042 1442 3225 1494 mortis
3249 1459 3260 1493 :
3292 1443 3392 1497 hoc
3410 1448 3553 1502 enim

1977 1502 2103 1554 nulli
2136 1502 2223 1556 alii
2255 1506 2528 1570 convenit,
2564 1508 2660 1559 nisi
2694 1508 2791 1559 soli
2820 1507 3045 1561 Domino
3072 1511 3196 1564 .le~ti
3231 1512 3461 1569 Christo.
3494 1520 3557 1570 Et

1979 1575 2091 1651 haec
2120 1584 2201 1627 est
2236 1575 2365 1627 lides
2392 1586 2572 1630 nostra
2601 1579 2882 1633 catholica.
2915 1580 3047 1643 Quia
3079 1592 3254 1636 autem
3290 1582 3410 1638 huic
3435 1590 3557 1644 lldei

1980 1643 2067 1698 diu
2100 1654 2453 1723 repugnatum
2485 1658 2587 1713 est,
2616 1659 2671 1723 et
2700 1651 3089 1723 cotitradictitm
3128 1655 3327 1707 sanctis
3360 1643 3562 1723 praedi;

1911 1739 1953 1798 Β
1982 1715 2251 1798 catot'ibiis
2300 1718 2476 1770 multis
2522 1720 2783 1798 molestiis
2824 1730 2880 1798 ει
2928 1715 3395 1791 tribulationibus,
3433 1730 3563 1784 Pro-

1984 1785 2145 1852 pheta
2171 1801 2331 1839 orans
2361 1802 2462 1861 pro
2478 1790 2952 1846 contradicentium
2974 1785 3476 1861 concorporatio'tie,
3511 1812 3565 1855 et

1986 1872 2080 1930 pro
2113 1857 2496 1930 persecutionis
2524 1862 2826 1915 cessatione
2851 1862 3007 1916 dicit;
3040 1857 3286 1930 Domine,
3323 1870 3406 1922 ubi
3445 1857 3565 1924 sunt

1983 1928 2343 2003 misericordiae
2366 1942 2463 2003 tua:
2483 1931 2731 2000 antiquae,
2761 1934 2929 1995 idest,
2955 1934 3023 1987 ab
3045 1928 3565 2003 antiquio'pmiitissm

1981 1999 2109 2070 sicut
2123 2000 2335 2067 jurasti,
2369 2002 2417 2053 id
2448 2010 2549 2060 est,
2579 1999 2709 2065 quas
2734 2003 2923 2070 jurasti
2953 2004 3116 2059 David
3138 1999 3188 2059 in
3213 1999 3417 2064 veri/ate
3439 2024 3525 2065 tua
3540 2015 3575 2069 .9.

1983 2068 2143 2151 Quasi
2172 2070 2343 2126 dicat:
2371 2071 2485 2151 Iam
2514 2068 2784 2151 Christum
2827 2076 3197 2131 inundatorein
3225 2084 3563 2151 agnovimus,

1978 2140 2087 2221 iam
2118 2150 2359 2221 tenemus
2392 2144 2443 2195 in
2472 2158 2579 2209 quo
2607 2146 2848 2221 comples
2880 2151 3166 2214 promissa;
3196 2140 3316 2217 quia
3348 2156 3458 2221 ipse
3484 2140 3569 2210 est

1983 2211 2076 2288 ille
2097 2212 2185 2278 qui
2211 2211 2370 2278 vivet,
2397 2224 2449 2288 et
2473 2228 2576 2267 nou
2606 2212 2801 2288 videbit
2827 2211 3076 2283 ittortem,
3103 2211 3161 2272 et
3180 2211 3266 2288 qui
3294 2211 3405 2287 ipse
3424 2236 3565 2279 eruet

1982 2281 2205 2354 animam
2231 2300 2374 2335 suam
2402 2286 2464 2336 de
2494 2300 2647 2338 manu
2674 2287 2858 2354 inferi:
2898 2296 2953 2341 et
2990 2281 3164 2344 tamen
3194 2281 3368 2348 adhuc
3395 2299 3569 2351 tribu-

1985 2350 2179 2432 laiiiur,
2209 2364 2263 2405 et
2288 2358 2686 2432 persecutiones
2711 2350 2960 2426 patimur,
2985 2363 3104 2425 quia
3131 2377 3337 2432 propter
3358 2376 3404 2420 te
3428 2350 3570 2422 mor-

1984 2424 2237 2491 tilicamur
2261 2433 2363 2477 tota
2385 2426 2483 2479 die.

2025 2492 2257 2575 .Memor
2278 2508 2403 2575 esto,
2438 2496 2669 2575 Domine.
2703 2500 2863 2567 Quasi
2895 2496 3068 2555 dicat:
3101 2502 3215 2557 lam
3245 2504 3458 2562 Christo
3481 2525 3572 2566 ve.

1985 2569 2187 2642 nicttte,
2234 2569 2383 2642 et_in
2431 2571 2578 2622 castis
2610 2576 2957 2637 conseitente,
3004 2577 3348 2642 opprobrium
3392 2589 3570 2638 tamen

1986 2636 2161 2689 adhuc
2207 2652 2258 2689 tn
2306 2638 2423 2720 ipso
2464 2642 2731 2708 patimur:
2776 2644 2895 2720 quia
2942 2636 3191 2720 abjicitur
3238 2650 3390 2702 nobis
3429 2636 3570 2720 quod

1986 2720 2257 2779 mortuum
2302 2710 2627 2775 adoramus,
2671 2716 2809 2779 quod
2856 2716 2904 2767 in
2949 2710 3260 2773 cruciﬁxum
3304 2710 3565 2778 lati-ouem

1986 2778 2280 2851 credimus,
2313 2792 2368 2835 et
2393 2783 2584 2835 similia
2614 2799 2629 2848 ;
2660 2778 2712 2835 et
2744 2784 2865 2838 ideo
2887 2823 2903 2849 ,
2948 2784 3165 2841 Domine
3188 2828 3203 2851 ,
3246 2806 3436 2845 memor
3465 2804 3569 2848 esto

1987 2850 2530 2923 approbriiservorunt
2557 2863 2796 2917 tuorum,
2844 2858 3113 2923 opprobrii
3150 2850 3350 2915 Scilicet
3381 2866 3571 2917 multa-

1987 2933 2102 2971 rum
2127 2922 2376 2989 gentium.
2410 2924 2658 2998 Gentium
2690 2922 2901 2998 quidem
2929 2936 2992 2998 _ut
3020 2926 3355 2985 iiiferentinm
3385 2974 3401 2998 ,
3449 2951 3567 2989 ser-

1997 3003 2185 3075 vorum
2209 3007 2372 3074 vero.
2399 3006 2450 3046 ut
2494 2995 2857 3075 tolerantiam.
2909 2996 3054 3075 Quod
3092 2995 3435 3075 opprobrium
3470 3021 3570 3075 ego

1990 3064 2298 3138 continuiin
2327 3064 2443 3138 sinu
2470 3082 2602 3138 meo,
2645 3076 2699 3118 et
2738 3067 2847 3135 jam
2878 3064 3147 3122 occultum
3170 3064 3401 3138 'pratvidi
3432 3064 3574 3130 lutit-

1996 3133 2308 3215 ruui_in.b‘is
2338 3136 2427 3202 qui
2450 3136 2517 3190 de
2546 3138 2663 3188 sinu
2695 3133 3088 3215 nteoltascitttri
3131 3133 3274 3196 sunt.
3316 3143 3405 3199 Vel
3435 3148 3571 3215 quod

1995 3204 2224 3281 continui
2252 3209 2371 3270 (pro
2417 3210 2791 3281 coiiteiiturus)
2829 3208 2878 3261 id
2911 3219 3028 3271 est,
3074 3223 3326 3273 passuros
3368 3204 3484 3269 sunt
3519 3221 3572 3273 in

1996 3274 2101 3325 illis
2131 3275 2218 3340 qui
2251 3290 2355 3327 non
2395 3275 2617 3329 exibunt
2645 3278 2712 3331 de
2740 3280 2855 3331 sinu
2879 3295 3009 3341 meo,
3054 3292 3109 3333 ut
3147 3282 3255 3336 sint
3296 3286 3570 3343 immunda

1993 3357 2182 3422 manus
2211 3346 2399 3422 educta
2431 3348 2685 3422 desiuit:
2736 3351 2827 3403 sed
2851 3362 3029 3422 erunt
3061 3354 3253 3406 munda
3302 3372 3488 3411 manus
3520 3361 3572 3414 in

1992 3418 2168 3495 sinum
2203 3418 2439 3495 reducta,
2470 3418 2517 3495 id
2547 3429 2664 3495 est,_
2688 3420 2950 3495 ineadein
2995 3421 3096 3495 lide
3126 3440 3333 3479 mecum
3366 3443 3575 3495 perina-

1993 3486 2210 3563 nebuitt.
2250 3485 2507 3566 vel‘quod
2530 3492 2755 3566 continui
2784 3492 2908 3566 (pro
2923 3493 3220 3566 continebo)
3256 3502 3304 3549 in
3339 3485 3574 3566 p'osteris

1992 3559 2126 3609 meis
2160 3572 2251 3623 per
2292 3556 2447 3611 ﬁdem
2478 3560 2529 3611 in
2559 3564 2675 3640 sinu
2722 3556 2851 3626 meo,
2884 3563 2934 3640 id
2978 3574 3082 3640 est,
3126 3556 3263 3640 apud
3297 3556 3401 3632 uie,
3450 3573 3574 3640 quia

1993 3640 2410 3702 tton‘aususero
2438 3636 2695 3702 repellere
2735 3633 3083 3702 opprobrium
3127 3637 3255 3690 illud
3296 3633 3571 3695 conti-adio

1990 3697 2183 3778 cendo,
2200 3697 2564 3778 _sed_taci*ndo
2595 3697 2935 3778 ipsunt'apud
2963 3722 3048 3778 ine
3069 3708 3371 3764 occultabo.
3396 3713 3575 3778 Quan-

1991 3768 2083 3821 diu
2127 3770 2268 3822 enim
2318 3769 2554 3826 Ecclesia
2608 3768 2658 3826 in
2712 3768 3081 3842 persecutione
3130 3788 3183 3832 ει
3236 3768 3575 3838 tribulatione

1994 3842 2230 3907 mansit,
2270 3852 2324 3894 et
2368 3843 2570 3896 crimen
2615 3846 2713 3899 luit
2743 3860 2863 3899 esse
2895 3847 3252 3902 Christianum
3280 3892 3294 3915 ,
3344 3855 3481 3906 sicut
3523 3867 3576 3909 et

1993 3925 2135 3964 itutic
2164 3921 2243 3966 est
2270 3926 2389 3966 esse
2418 3929 2676 3982 paganum
2704 3934 2719 3969 :
2755 3916 2934 3970 taitdiu
2978 3918 3225 3972 ﬁdelibus
3257 3920 3421 3975 libere
3452 3927 3575 3978 mali

1994 3982 2317 4037 iusultabaut
2344 3993 2397 4037 et
2426 3987 2821 4055 exprobrabant
2845 4027 2861 4052 ,
2902 3987 3024 4054 quia
3071 3993 3207 4055 quod
3236 3996 3580 4048 contradice-

1994 4062 2115 4133 rent
2144 4068 2246 4133 non
2283 4056 2644 4133 inveniebant.
2673 4053 2884 4110 Gratias
2915 4053 3097 4133 autem
3122 4061 3257 4133 Deo,
3293 4063 3435 4129 quod
3459 4066 3571 4133 jaiii

1994 4126 2170 4201 nullus
2201 4123 2455 4201 Ecclesia:
2482 4129 2718 4201 insultat,
2763 4137 2855 4179 aut
2897 4128 2941 4201 si
2973 4128 3166 4196 aliquis
3197 4123 3437 4201 insultat,
3459 4123 3578 4189 ἰιοιι

1996 4196 2207 4271 publice
2235 4196 2449 4249 insultat
2478 4204 2578 4271 _:‘et
2607 4200 2742 4271 mala
2772 4214 2891 4271 quae
2922 4199 3153 4267 loquitur
3176 4242 3190 4265 ,
3221 4206 3387 4271 magis
3423 4196 3579 4261 timet

1994 4266 2191 4331 audiri,
2221 4280 2378 4341 quam
2407 4266 2535 4320 velit
2562 4268 2740 4341 credi.
2758 4267 2957 4322 Memor
2987 4266 3092 4323 esto
3119 4266 3401 4341 dupliciter
3438 4278 3581 4330 accic

1998 4340 2156 4404 pitur,
2187 4339 2391 4414 scilicet
2409 4347 2474 4414 ⁸ιιι
2503 4339 2579 4391 vel
2604 4338 2675 4390 ita
2700 4339 3017 4414 sitmeiaor,
3046 4350 3102 4396 ut
3127 4338 3221 4410 ipsi
3246 4348 3580 4414 exprobrau-

2002 4418 2083 4463 tcs
2104 4407 2347 4487 conversi
2371 4408 2509 4461 idem
2531 4411 2874 4487 opprobrium
2890 4407 3169 4487 patiantur
3187 4417 3252 4469 ab
3272 4407 3410 4484 aliis,
3436 4420 3579 4487 quod

306 4487 477 4541 Deum
508 4502 662 4539 suum
692 4479 952 4554 praecepta
980 4487 1392 4553 completurum,
1426 4479 1481 4537 ιῖι
1510 4479 1764 4557 promissa
1794 4486 1887 4541 Dei
1922 4480 1974 4541 D
2003 4480 2162 4557 ιιιοάς)
2192 4479 2426 4532 inierunt
2454 4483 2623 4557 servis
2652 4481 2763 4557 Dei.
2808 4481 2900 4557 γει
2931 4483 2998 4557 ita
3031 4484 3100 4537 sit
3124 4502 3351 4555 ineiiior,
3377 4479 3431 4540 ut
3454 4479 3580 4557 pro—

303 4559 514 4613 liriitius
541 4557 591 4609 iii
622 4557 835 4611 Christo
877 4567 931 4611 et
959 4559 1011 4611 in
1052 4571 1217 4625 regno
1258 4557 1375 4624 ejus
1401 4556 1771 4624 compleantur
1791 4599 1805 4622 ,
1836 4568 1890 4612 et

302 4630 432 4684 ideo
461 4628 669 4682 subdit:
701 4626 992 4697 Usquequo,
1020 4625 1257 4695 Domine,
1286 4628 1488 4680 avertis.
1514 4631 1673 4693 Quasi
1718 4631 1887 4682 dicat:

303 4702 363 4757 Si
388 4701 467 4754 sic
487 4699 750 4768 agendum
782 4711 896 4753 erat
926 4714 1045 4753 cuin
1078 4699 1260 4767 paleis,
1295 4715 1398 4753 non
1422 4697 1498 4752 sic
1523 4699 1784 4767 agendum
1808 4710 1890 4754 est

300 4787 425 4826 cum
443 4770 642 4840 gratiis.
666 4768 932 4839 Usquequo
955 4784 1101 4839 ergo,
1128 4769 1557 4833 Domiiie,aivertis
1582 4778 1634 4822 te
1651 4785 1678 4822 a
1700 4774 1893 4840 populo

306 4843 405 4898 illo
452 4842 807 4911 permittendo
854 4843 996 4895 illum
1062 4856 1180 4895 esse
1230 4843 1524 4895 aversum?
1580 4840 1741 4895 Forte
1786 4857 1890 4896 non

304 4916 362 4966 in
394 4920 569 4979 finem,
601 4927 723 4982 quia
750 4921 805 4967 et
832 4914 876 4966 si
901 4914 1103 4966 circitas
1129 4927 1193 4965 ea:
1223 4923 1362 4981 parte
1386 4912 1593 4983 contigit
1620 4913 1672 4964 in
1694 4912 1890 4983 Israel,

301 4993 359 5037 sit
384 4981 649 5053 plenitudo
668 4984 894 5053 gentium
914 4988 1146 5046 intraret,
1165 4986 1286 5037 inde
1308 4981 1890 5051 reliquiw'salvabuntur.

309 5058 526 5109 litteriin
557 5065 733 5109 autem
781 5057 863 5123 (ac
892 5056 936 5108 si
980 5056 1146 5122 dicat)
1194 5057 1487 5109 exnrdescat
1522 5055 1602 5107 ira
1643 5065 1730 5107 tua
1768 5058 1894 5108 sicut

308 5128 469 5195 ignis,
505 5128 554 5179 id
587 5135 691 5192 est,
722 5125 793 5178 ita
819 5136 874 5179 ut
902 5128 1159 5194 quosdam
1191 5136 1397 5194 purget,
1429 5127 1545 5179 illos
1576 5127 1777 5180 scilicet
1806 5129 1892 5196 qui

306 5206 697 5253 convertuntur
723 5215 733 5249 ε
786 5200 1043 5265 quosdam
1078 5199 1341 5251 iiicineret
1367 5237 1380 5261 ,
1412 5200 1500 5265 qui
1530 5213 1633 5251 non
1665 5213 1893 5252 conver-

308 5280 511 5334 tentur,
542 5270 677 5322 sicut
700 5269 993 5322 ntaterialis
1016 5267 1152 5336 ignis
1176 5270 1416 5337 quaedam
1444 5271 1723 5334 inciiterat,
1749 5284 1896 5339 qua:-

307 5343 431 5395 datn
465 5351 671 5409 purgat.

386 5410 676 5464 Memorare
704 5426 817 5479 qua:
845 5427 955 5463 ιιρεα
979 5411 1278 5464 substantia.
1312 5409 1471 5475 Quasi
1511 5411 1651 5465 dicat
1678 5430 1687 5465 :
1734 5411 1851 5467 Noli
1877 5456 1891 5478 ,

309 5482 559 5544 Domine.
597 5498 815 5549 prorsus
843 5485 1007 5535 averti
1039 5497 1068 5535 a
1102 5487 1295 5551 populo
1322 5486 1433 5544 illo,
1479 5483 1571 5535 scd
1615 5499 1895 5537 memorare

306 5570 425 5627 qua
452 5553 522 5606 sit
550 5570 659 5627 mea
689 5556 995 5627 substantia,
1029 5555 1077 5627 id
1110 5566 1208 5619 est,
1242 5556 1360 5627 quis
1385 5554 1455 5627 sit
1491 5554 1584 5607 ille
1614 5569 1707 5620 per
1737 5572 1893 5623 quem

303 5625 408 5695 ego
453 5634 507 5678 et
552 5626 639 5678 alii
672 5625 763 5693 qui
793 5628 841 5677 in
878 5636 925 5677 te
956 5626 1183 5679 credunt
1206 5664 1223 5691 ,
1255 5626 1551 5678 subsistunt
1577 5666 1590 5687 ,
1624 5636 1679 5679 ut
1712 5642 1898 5694 parcas

307 5699 385 5750 illi
418 5697 632 5765 populo.
668 5696 780 5749 Non
811 5696 951 5748 enim
994 5712 1057 5750 ex
1093 5705 1204 5750 toto
1238 5698 1383 5749 radix
1418 5697 1638 5761 interiit,
1673 5698 1767 5751 sed
1800 5712 1897 5752 ve-

306 5770 420 5824 niet
446 5782 630 5823 semen
657 5768 740 5822 cui
773 5770 1096 5837 promissum
1137 5778 1220 5823 est
1250 5784 1260 5819 :
1304 5768 1426 5838 quia
1455 5769 1522 5823 de
1568 5769 1765 5839 populo
1808 5770 1898 5825 illo

1998 4562 2114 4618 pter
2134 4551 2232 4603 hoc
2250 4554 2546 4617 temporale
2567 4553 2912 4619 opprobrium
2937 4554 3127 4609 dentur
3156 4559 3208 4610 in
3232 4551 3578 4626 opprobrium

1995 4634 2318 4675 internarum
2353 4636 2648 4688 pwitat'uuz.

2072 4694 2220 4757 Quod
2249 4694 2695 4766 exprobrauerunt.
2742 4694 2983 4749 Ustcitdit
3021 4712 3126 4766 quo
3159 4698 3319 4754 modo
3347 4700 3584 4756 dixerint

1996 4764 2128 4837 illud
2155 4762 2490 4837 opprobrium
2515 4779 2635 4818 esse
2661 4768 2938 4818 multarum
2961 4762 3205 4837 gentium,
3234 4771 3459 4835 scilicet,
3487 4789 3580 4828 exe

1996 4836 2383 4901 probraittiiim,
2412 4851 2516 4888 nou
2539 4836 3001 4905 exprobraturum.
3034 4840 3167 4905 Quia
3193 4843 3386 4895 inimici
3413 4845 3484 4895 tui
3511 4848 3579 4898 de

1996 4905 2264 4981 gentibus,
2299 4906 2537 4973 Domine,
2591 4914 2691 4961 hoc
2739 4909 3081 4976 oiiprobrium
3110 4914 3581 4981 exprobrauerunt,

1997 4979 2096 5045 ipsi
2124 4978 2244 5030 dico
2278 4982 2664 5051 exprobrantes
2703 4982 3175 5035 coutiiiutatioueitt
3223 4987 3393 5039 servis
3435 4978 3579 5051 tuis,

1997 5049 2439 5101 commutationem
2481 5047 2670 5102 Cltristi
2700 5052 2793 5123 tui.
2841 5051 3013 5116 Quod,
3044 5053 3106 5123 id
3134 5065 3234 5117 est,
3276 5070 3435 5123 quatit
3468 5047 3581 5110 retu

1998 5136 2229 5173 tnaxuiie
2258 5122 2702 5186 exprobrauerunt.
2735 5121 2960 5175 Mortem
2992 5122 3191 5179 Christi
3223 5121 3446 5180 honesto
3476 5125 3579 5181 noi-

2000 5198 2143 5245 ittiiie
2170 5204 2327 5245 vocat
2350 5203 2852 5246 commutationem:
2884 5203 2937 5246 et
2968 5196 3179 5261 merito,
3205 5200 3327 5264 quia
3351 5197 3423 5252 ibi
3458 5213 3583 5253 vere

2001 5264 2097 5316 l'uit
2126 5265 2495 5326 commutatio,
2522 5265 2571 5315 id
2603 5271 2704 5326 est,
2736 5264 2787 5316 iii
2824 5266 3017 5319 melius
3040 5269 3261 5321 mutatio
3288 5268 3357 5323 de
3386 5281 3582 5323 morta-

2000 5334 2147 5388 litate
2174 5336 2241 5387 ad
2273 5334 2651 5399 aeternitatem,
2679 5343 2732 5388 et
2770 5335 2839 5388 de
2867 5338 3210 5405 corruptione
3238 5340 3304 5392 ad
3336 5341 3582 5394 incorru-

2001 5407 2258 5474 ptionem,
2288 5408 2353 5459 de
2381 5404 2668 5473 ignominia
2717 5408 2780 5459 ad
2809 5404 3057 5475 gloriam,
3108 5410 3175 5464 de
3205 5419 3378 5465 ntorte
3405 5410 3471 5465 ad
3500 5414 3581 5465 vi-

2004 5487 2131 5531 tain.
2163 5477 2266 5549 Pro
2287 5492 2387 5549 qua
2415 5479 2857 5549 commutatione,
2882 5479 3120 5547 inquam,
3145 5494 3268 5549 spes
3297 5492 3436 5539 tanta
3460 5487 3581 5537 data

2002 5560 2086 5603 est
2113 5548 2286 5610 nobis,
2317 5548 2607 5623 benedictus
2636 5550 2711 5623 sit
2724 5549 2775 5601 in
2798 5559 3041 5623 aeternum
3070 5551 3343 5622 Dominus,
3370 5555 3461 5623 qui
3481 5555 3586 5607 sci-

2006 5622 2130 5675 licet
2159 5620 2417 5687 sanguiue
2443 5632 2541 5671 suo
2578 5621 2746 5686 gratis
2776 5634 2873 5674 nos
2917 5621 3043 5675 iecit
3080 5626 3259 5680 salvos
3286 5642 3301 5681 :
3328 5620 3585 5679 errantes

2003 5691 2269 5765 quaesivit,
2305 5688 2529 5765 invenit,
2560 5692 2830 5765 redemit;
2873 5707 2899 5745 a
2929 5693 3203 5751 dominatu
3233 5706 3287 5750 et
3319 5705 3581 5765 potestate

2008 5764 2205 5817 diaboli
2241 5777 2337 5817 nos
2368 5762 2636 5830 liberavit,
2671 5773 2725 5818 et
2752 5763 2820 5819 de
2850 5779 3012 5836 regno
3046 5762 3384 5825 tenebrarum
3415 5769 3467 5823 iit
3500 5780 3585 5824 re-
