4006 6364
263 321 381 380 965

907 303 974 371 ΙΝ
1010 309 1429 370 ΡΒΑιΜΟΒυΜ
1466 305 1726 368 LIBRUM
1766 304 1840 362 ΕΣ

1944 292 2134 364 iESIS.
2174 335 2244 346 —
2282 303 2530 372 PSALM.
2583 303 2874 375 LXXXIX.

266 447 374 492 stat
414 432 578 486 multo
626 431 793 495 magis
837 439 961 486 ante
1002 427 1439 500 irrationabilum.
1480 427 1583 500 Per
1618 432 1836 500 montes
1866 429 1915 486 Α
1951 421 2682 500 hominem_enim__cadaver,
2708 423 3117 500 _pnst__cadaver
3147 427 3363 496 vermis,
3399 442 3524 500 post

264 509 578 578 designatur
601 504 862 558 celsitudo
902 497 1657 578 supercmiestis_rationabilis
1687 512 1836 578 clea-

267 565 437 640 turre',
487 565 579 642 pei'
625 576 808 628 orbem
857 565 986 627 vero
1034 579 1193 627 terra:
1242 570 1459 623 inferior
1507 567 1841 622 rationabilis

264 660 535 701 creatura.
581 646 647 698 Et
672 655 754 699 est
796 645 1015 698 dicere:
1045 643 1122 696 Tu
1154 657 1212 696 es
1255 657 1560 710 priusquam
1605 649 1834 698 montes.

264 719 319 773 iel
370 727 484 779 est,
538 731 780 782 superna:
834 714 1180 790 rationabiles
1221 723 1485 790 creatur-te
1539 711 1744 790 ﬁerent,
1788 715 1843 761 et

268 791 567 858 priusquam
609 781 927 855 formantur,
981 786 1029 858 id
1071 792 1175 858 est,
1221 783 1271 858 in
1327 782 1576 852 quiddam
1617 781 1840 848 dignum

267 853 658 927 proveheretur
689 867 865 921 terra;
890 865 944 910 et
981 856 1048 908 ita
1083 855 1205 910 dico
1234 853 1666 927 formaretur,_ut
1700 858 1842 904 esset

265 922 430 992 orbis,
461 930 510 982 id
557 939 659 992 est,
693 927 946 1004 perlecta.
994 927 1104 980 Hoc
1135 934 1215 980 est
1265 937 1546 1004 antequam
1579 922 1844 1004 ἕξει-εχει

267 1010 412 1053 terra
473 1004 628 1053 homo
677 1001 836 1054 decus
887 1007 1063 1060 terrae,
1097 1004 1153 1049 ut
1204 1005 1348 1050 esset
1391 997 1443 1048 in
1487 1006 1627 1048 terra
1669 997 1756 1060 qui
1791 1002 1844 1046 te

266 1080 584 1139 agnosceret
620 1078 675 1122 et
718 1081 768 1123 te
820 1069 1082 1121 laudaret.
1115 1066 1182 1121 Et
1213 1082 1338 1139 vere
1363 1075 1423 1139 tu
1464 1079 1523 1119 es
1568 1075 1691 1139 ante
1720 1064 1842 1125 ista,

263 1136 391 1209 quia
417 1159 468 1194 es
495 1157 524 1192 a
550 1142 734 1193 sarculo
756 1149 801 1193 et
823 1155 976 1207 usque
1003 1140 1057 1191 in
1076 1137 1337 1198 circulum,
1361 1136 1409 1189 id
1427 1143 1528 1209 est,
1553 1136 1620 1188 ab
1645 1145 1844 1188 teterno

267 1206 443 1279 usque
486 1217 536 1263 in
578 1223 859 1275 aeternum,
896 1206 1020 1278 quia
1064 1211 1131 1261 ah
1184 1217 1307 1262 ante
1346 1206 1599 1279 mundum
1641 1213 1844 1279 etpost

267 1276 547 1335 nunuhnn.
581 1283 844 1355 Saeculum
860 1276 1082 1355 quoque
1109 1289 1323 1348 propter
1345 1276 1842 1355 Grati-unrverbum

265 1354 581 1416 ambiguum
613 1353 825 1420 quidam
858 1353 1230 1418 interpretum,
1263 1361 1335 1420 uti
1360 1350 1546 1420 beatus
1588 1349 1840 1420 Augusti-

269 1425 558 1498 nusilirit,
592 1416 686 1488 pro
717 1416 1378 1498 a-terno_posuerunt..'l'u
1417 1434 1468 1471 es
1497 1418 1624 1498 dicit
1646 1416 1715 1472 ad
1749 1431 1825 1470 no

271 1494 492 1546 landum
547 1493 1135 1547 incommutabilitatem
1184 1490 1378 1544 divina:
1426 1490 1693 1553 essentne,
1739 1502 1848 1542 non

269 1567 545 1640 gmw-nit.
601 1581 770 1630 neque
826 1564 921 1618 luit
979 1577 1151 1640 neque
1199 1563 1338 1640 erit._
1368 1559 1462 1614 sed
1517 1560 1690 1640 solum
1740 1566 1849 1640 est.

267 1631 343 1757 ﬁt
373 1635 550 1688 reddit
579 1650 792 1690 causam
822 1648 984 1705 quare
1023 1631 1152 1688 dicit
1183 1649 1254 1699 es,
1290 1631 1431 1697 ideo,
1462 1631 1688 1697 scilicet,
1722 1631 1849 1699 quia

323 1720 431 1757 ens.

323 1720 431 1759 9R8.

348 1775 438 1850 Ne
473 1785 669 1830 avertas
717 1775 968 1850 hominem
1001 1774 1451 1850 inuhumilitatem.
1492 1772 1719 1850 Sanctus
1761 1773 1844 1828 vir

268 1845 384 1900 iste
405 1847 594 1900 timens
623 1861 690 1901 ne
730 1846 867 1901 inter
899 1854 978 1900 tot
1007 1845 1398 1908 tribulationes,
1428 1845 1744 1898 teutationes
1779 1853 1838 1899 et

269 1919 546 1971 molestias
576 1919 878 1985 corporales
909 1917 1064 1985 hujus
1091 1917 1291 1980 sreculi,
1316 1931 1447 1984 quas
1468 1915 1839 1985 experimento

267 2000 613 2056 Cognoverat,
662 1983 823 2042 miser
855 1983 1012 2041 homo
1051 1987 1305 2041 tleliceret
1334 1983 1401 2040 ab
1431 1987 1522 2038 illo
1561 2000 1660 2037 suo
1687 1983 1836 2039 relu-

266 2061 378 2128 gio,
413 2061 486 2112 sic
516 2069 631 2112 orat
657 2073 710 2114 et
739 2059 868 2113 dicit
894 2077 906 2111 :
933 2057 1158 2113 Domine
1189 2059 1451 2123 rel'ugium
1483 2065 1744 2123 nostrum,
1779 2073 1842 2111 ne

267 2141 488 2191 avertas,
524 2131 572 2183 id
607 2141 706 2197 est,
747 2147 813 2185 ne
843 2134 1008 2183 averti
1037 2131 1181 2183 sinas
1207 2144 1234 2180 a
1265 2129 1493 2181 summis
1533 2136 1586 2181 et
1623 2131 1840 2182 attentis

269 2199 428 2254 bonis
457 2202 706 2255 hominem
737 2203 789 2254 in
812 2201 1167 2264 humilitatem,
1193 2200 1243 2253 id
1273 2209 1376 2262 est,
1409 2209 1466 2252 ut
1515 2200 1626 2251 huic
1657 2199 1839 2252 inﬁma

269 2280 325 2341 et
357 2271 457 2324 ima
491 2283 542 2329 et
589 2273 820 2327 carnalia
871 2281 1086 2341 appetat
1123 2280 1177 2325 et
1217 2271 1581 2336 concupiscat.
1627 2269 1692 2320 Et
1723 2271 1842 2324 ideo

275 2340 399 2395 dico
429 2359 493 2396 ne
523 2353 751 2404 avertas,
794 2344 916 2410 quia
946 2340 1007 2397 tu
1051 2343 1151 2395 hoc
1181 2341 1377 2402 dixisti,
1409 2340 1460 2393 id
1487 2351 1590 2408 est,
1636 2355 1839 2407 praece-

279 2413 401 2478 pisti
454 2413 636 2468 dicens
667 2431 680 2468 :
710 2414 1089 2479 Convertimini,
1139 2413 1234 2480 ﬁlii
1281 2412 1560 2479 hominum,
1612 2411 1679 2465 ad
1734 2426 1839 2466 me.

277 2483 446 2547 Quasi
476 2487 658 2539 dicat:
711 2486 817 2548 Da,
869 2485 1110 2546 Domine,
1143 2483 1281 2549 quod
1332 2482 1556 2551 jnssisti,
1614 2483 1842 2549 petentis

277 2569 492 2620 prerem
524 2556 875 2622 exaudiendo,
906 2555 1132 2609 volentis
1163 2555 1318 2607 ﬁdem
1365 2553 1686 2620 adjuvando,
1718 2554 1840 2622 quia

271 2625 392 2678 sine
421 2637 508 2677 tua
533 2628 729 2680 auxilio
772 2643 864 2696 per
901 2626 1104 2680 arbitrii
1149 2626 1473 2679 voluntatem
1517 2625 1678 2694 hujus
1722 2625 1841 2682 vita:

274 2698 595 2750 tentatioues
627 2714 730 2750 non
765 2713 1043 2762 possumus
1070 2711 1342 2765 superare.
1740 2741 1754 2757 .

353 2766 604 2829 Quoniam
646 2769 788 2823 mille
824 2770 968 2822 anni.
1003 2768 1186 2822 Merito
1225 2769 1292 2820 ab
1338 2767 1419 2820 his
1454 2766 1755 2822 labentibus
1789 2777 1843 2825 et

273 2839 603 2891 transitoriis
626 2839 881 2894 debemus
909 2840 1102 2904 averti,
1136 2847 1190 2892 et
1217 2839 1280 2890 ad
1302 2849 1500 2895 atterua
1525 2850 1578 2892 et
1604 2842 1840 2906 stabilia,

270 2909 415 2980 sicut
455 2918 528 2974 tu,
565 2907 805 2975 Domine,
843 2911 1068 2980 jus-sisti,
1103 2912 1360 2972 converti,
1392 2911 1510 2978 quia
1555 2912 1668 2965 haec
1711 2926 1841 2980 pra:-

268 2978 444 3032 sentia
475 2991 939 3050 quantumcunque
979 2979 1085 3034 sint
1118 2983 1339 3048 prolixa,
1377 2995 1474 3034 nec
1525 2984 1682 3036 unius
1714 2978 1842 3036 ino-

270 3054 439 3102 tnenti
481 3062 600 3104 sum
630 3054 694 3105 ad
725 3052 808 3106 illa
840 3053 1050 3105 eotlata.
1098 3053 1206 3106 lloc
1245 3052 1646 3120 aequipollenter
1694 3054 1842 3120 ponit

267 3136 390 3175 cum
437 3121 603 3175 dicit:
637 3124 890 3187 Quoniam
938 3123 1076 3175 mille
1117 3124 1271 3188 anni,
1320 3123 1368 3176 id
1411 3131 1524 3186 est,
1569 3125 1841 3190 prolixitas

271 3201 474 3245 nostric
505 3194 621 3247 vitae
645 3209 1054 3262 quantacunque
1083 3197 1171 3258 sit,
1203 3205 1284 3248 est
1310 3197 1602 3260 reputanda
1632 3196 1697 3247 ad
1727 3211 1845 3250 eam

269 3277 394 3326 quia:
413 3265 515 3317 erit
546 3263 696 3318 nobis
720 3269 930 3320 cutibus
959 3274 1075 3318 ante
1104 3275 1216 3318 tuos
1247 3268 1418 3317 oculos
1445 3275 1690 3330 tanquam
1714 3268 1840 3330 dies,

271 3346 382 3385 non
417 3350 668 3401 pra-setis,
704 3339 784 3389 vel
816 3335 1012 3402 futura,
1043 3337 1135 3400 sed
1161 3346 1410 3405 tanquam
1441 3337 1548 3389 dies
1583 3341 1842 3402 hesterna,

270 3419 388 3477 quia
431 3409 693 3472 pra‘teriit,
723 3408 771 3460 id
795 3418 895 3471 est,
925 3424 1042 3477 quae
1075 3425 1177 3462 non
1207 3417 1309 3461 est.
1338 3406 1678 3476 Quincunquc
1703 3409 1844 3462 enim

269 3473 380 3527 line
430 3479 682 3545 temporis
729 3473 1064 3547 clauduntur,
1109 3480 1248 3534 inter
1287 3477 1376 3531 illa
1406 3493 1523 3546 qua:
1567 3473 1673 3532 non
1723 3488 1844 3534 sunt

268 3550 563 3612 repntanda
597 3560 738 3602 sunt.
1057 3587 1060 3589 λ

345 3614 411 3668 Et
439 3621 668 3674 custodia
697 3621 751 3672 iu
786 3631 948 3674 nocte.
973 3619 1222 3676 Custodia
1261 3623 1313 3674 in
1359 3630 1512 3674 nocte
1542 3619 1695 3691 longe
1727 3621 1846 3678 bre-

269 3687 391 3740 vior
419 3701 500 3742 est
528 3691 635 3756 die,
667 3692 790 3760 quia
812 3703 1036 3757 quatuor
1065 3703 1190 3746 sunt
1217 3692 1472 3745 custodiae
1496 3687 1686 3757 noctis,
1717 3709 1846 3762 qua-

273 3775 393 3812 rum
423 3775 648 3827 qumque
692 3773 900 3817 constat
931 3764 1097 3818 tribus
1135 3764 1282 3816 horis
1325 3771 1549 3815 tantum.
1581 3762 1690 3816 Nec
1731 3766 1846 3819 sine

271 3844 434 3901 causa
468 3832 565 3884 ltoc
588 3833 823 3901 apponit.
855 3834 1109 3888 Custodia
1140 3834 1282 3887 enim
1314 3839 1484 3887 noctis
1511 3835 1561 3886 in
1600 3834 1845 3901 ignoran-

271 3899 348 3952 tia
377 3910 462 3953 est
489 3912 542 3956 et
572 3899 800 3968 timore;
832 3906 908 3959 sic
936 3914 992 3960 et
1018 3907 1125 3960 vita
1165 3917 1341 3959 nostra
1371 3915 1426 3958 et
1469 3906 1518 3958 in
1549 3899 1844 3972 ignorantia

270 3972 516 4025 veritatis
543 3984 645 4037 est,
678 3985 732 4028 et
759 3976 810 4028 in
845 3980 1054 4046 timore,
1087 3977 1312 4041 scilicet,
1351 3984 1404 4028 ut
1433 3976 1521 4046 qui
1547 3985 1642 4028 stat
1682 3977 1845 4031 videat

269 4056 336 4094 ue
362 4046 527 4095 cadat.
563 4047 809 4114 Sequitur
835 4063 849 4100 :

349 4114 480 4178 Quia
500 4131 592 4182 pro
611 4119 769 4170 minio
791 4117 1050 4172 habentur.
1074 4118 1302 4186 Exponit
1330 4132 1619 4172 terumnam
1651 4129 1847 4174 nostra:

269 4187 633 4252 mortalitatis,
669 4191 867 4254 pariter
897 4191 1231 4245 ostendendo
1271 4189 1638 4243 conditionem
1680 4189 1847 4243 fulici-

270 4255 397 4330 tatis
422 4258 615 4330 veteris
649 4261 969 4323 testamenti,
1000 4277 1118 4330 qua:
1147 4261 1455 4326 temporalis
1484 4271 1586 4324 est,
1623 4271 1677 4315 ιιι
1697 4270 1846 4315 tanto

270 4327 568 4380 ardentiori
599 4331 776 4384 studio
800 4332 868 4384 ab
897 4334 977 4385 bis
999 4327 1197 4385 inlimis
1222 4342 1546 4393 avertamur,
1577 4343 1632 4386 et
1661 4337 1724 4384 ad
1759 4333 1845 4386 illa

267 4413 480 4450 summa
506 4409 899 4455 convertamur.
927 4405 1085 4470 Quasi
1103 4403 1275 4457 dicat:
1297 4403 1440 4471 ideo,
1459 4401 1700 4467 Domine,
1722 4419 1842 4472 pre-

267 4482 384 4531 cor,
405 4485 466 4522 ne
493 4479 688 4524 avertas
716 4473 969 4527 hominem
999 4475 1053 4528 in
1079 4475 1436 4533 humilitatem,
1467 4474 1588 4540 quia
1616 4478 1737 4526 armi
1759 4489 1844 4527 eo-

1944 508 2183 550 Vermem
2207 495 2360 550 cinis.
2396 495 2458 550 Ει
2486 496 2678 554 meritis
2708 495 2806 550 hoc
2824 495 2963 559 dico.
2995 497 3112 563 quia
3154 515 3250 556 nos
3273 495 3512 559 contine.

1946 565 2172 620 ruimus.
2225 565 2354 637 Nam
2401 566 2455 622 in
2498 566 2577 618 ira
2616 573 2723 629 tua,
2759 566 3002 631 Domine,
3034 584 3188 636 quam
3233 577 3524 637 promeruit

1947 651 2148 715 parens
2177 635 2398 715 primus,
2429 637 2741 715 deiecimus,“
2755 646 2807 715 et
2857 653 2960 715 non
2992 635 3163 715 solum
3193 635 3513 715 defecimus,

1944 707 2044 760 sed
2077 708 2240 761 etiam
2270 708 2457 760 turbati
2481 724 2670 761 sumus.
2705 707 2986 777 Defecimus
3027 711 3240 778 quidem
3271 727 3337 768 ex
3369 707 3518 772 inlir;

1949 777 2164 841 usitate,
2206 778 2391 833 turbati
2427 793 2552 836 vero
2604 795 2780 834 sumus
2824 780 3010 836 mortis
3048 777 3258 837 timore.
3310 785 3515 844 lolii-mi

1949 849 2094 902 enim
2125 864 2331 912 sumus,
2363 858 2417 904 et
2467 859 2639 906 tamen
2671 847 3030 916 inﬁrmitatem
3079 863 3314 909 nostram
3365 858 3520 916 linire

1952 920 2296 984 trepidamus.
2327 920 2458 973 Iram
2489 929 2542 976 et
2573 921 2805 986 furorem
2837 937 2930 989 pro
2960 922 3146 978 eodem
3173 926 3386 987 accipit.

2023 989 2252 1063 Posuisti
2278 991 2569 1060 iniquitates
2596 999 2818 1046 nostras.
2848 994 2980 1057 Quia
3028 1003 3132 1054 tam
3162 998 3395 1063 graviter
3422 1014 3520 1055 nos

1949 1060 2206 1132 multasti,
2255 1070 2477 1130 apparet
2535 1063 2658 1130 quia
2711 1064 2922 1130 posuisti
2971 1060 3259 1132 iniquitates
3312 1081 3512 1127 nostras

1950 1131 2014 1207 in_
2031 1140 2302 1207 conspectu
2336 1141 2437 1207 tuo,
2471 1132 2520 1186 id
2548 1141 2650 1207 est,
2684 1148 2792 1207 non
2820 1131 3122 1205 neglexisti,
3153 1139 3248 1192 sed
3280 1145 3517 1207 perlecta

1949 1201 2223 1274 advenisti
2257 1205 2474 1270 malum,
2503 1204 2643 1272 quod
2687 1201 2935 1269 fecimus,
2967 1219 3020 1266 et
3068 1201 3208 1274 quod
3247 1201 3381 1266 dixit
3410 1214 3518 1269 iui-

1948 1273 2198 1340 quitates,
2232 1285 2385 1328 vocat
2428 1275 2710 1342 saeculum,
2758 1274 2978 1331 dicens:
3012 1273 3242 1336 Posuisti
3269 1282 3516 1339 saxulum

1949 1353 2197 1419 nostrum,
2231 1345 2282 1419 id
2312 1353 2412 1419 est,
2445 1347 2640 1419 malum
2679 1354 2918 1419 nostrum
2946 1362 3100 1414 upus,
3132 1352 3274 1419 quod.
3305 1369 3402 1408 nos
3429 1355 3513 1410 le-

1950 1413 2118 1494 cimus
2150 1416 2202 1494 in
2250 1415 2437 1494 adam,
2470 1417 2540 1494 in
2570 1415 2944 1472 illuminatione
2986 1413 3164 1494 vultui
3189 1425 3288 1494 tui,
3323 1424 3374 1482 id
3413 1436 3518 1494 est,

1951 1485 2302 1560 vultuositatis
2334 1498 2455 1553 tute,
2491 1487 2542 1542 id
2585 1498 2686 1555 est,
2729 1503 2840 1560 non,
2875 1492 3141 1546 occultum
3186 1485 3386 1560 habuit,
3416 1485 3514 1554 sed

1949 1554 2092 1634 clare
2122 1567 2393 1634 peccatum
2417 1570 2680 1634 nostrum,
2705 1559 2848 1628 quod
2867 1575 2966 1616 nos
2989 1561 3210 1618 iecimus
3235 1565 3288 1619 in
3314 1554 3508 1634 Adam,

1950 1627 2267 1698 vultuositas
2297 1639 2380 1681 tua
2415 1631 2690 1698 prospexit

2027 1696 2300 1777 Quoniam
2320 1715 2493 1754 omnes
2521 1696 2628 1755 dies
2655 1702 2836 1758 nostri.
2867 1701 3002 1777 vere
3030 1705 3243 1777 posuisti
3267 1706 3516 1777 iniquita-

1952 1776 2022 1844 tes
2053 1778 2252 1844 nostras
2283 1769 2335 1823 in
2373 1781 2650 1844 conspectu
2683 1784 2792 1842 tuo,
2842 1773 2967 1842 quia
3012 1775 3302 1844 defecerunt
3343 1769 3517 1840 omnes

1945 1839 2050 1891 dies
2079 1842 2258 1909 nostri,
2311 1857 2464 1916 quos
2489 1839 2587 1915 nos
2629 1839 3116 1916 iecimus—nostros,
3151 1847 3234 1901 vel
3264 1851 3385 1916 quia
3414 1839 3514 1908 nus

1942 1919 2163 1990 vanaet
2197 1911 2513 1990 transitoria
2547 1915 2912 1990 intendentes,
2938 1911 3355 1990 defeciiitus,ivel
3391 1924 3515 1990 quia

1943 1981 2042 2046 ipsi
2075 1981 2190 2035 dies
2239 1983 2304 2035 ad
2356 1983 2670 2049 paucitatem
2717 1986 2915 2044 redacti
2957 1981 3103 2043 sunt.
3150 1981 3298 2046 Unde
3342 1981 3511 2050 ειῑω,

1943 2050 2077 2123 Ecce
2114 2055 2479 2107 mensurabiles
2524 2057 2739 2123 posuisti
2785 2057 2896 2112 dies
2924 2073 3081 2114 meos.
3115 2058 3184 2112 Et
3208 2061 3263 2115 in
3300 2061 3380 2119 ira
3427 2077 3517 2122 tua

1941 2122 2240 2193 defecimus,
2275 2126 2410 2178 sicut
2439 2127 2604 2193 prius.

2014 2195 2155 2270 Anni
2175 2195 2351 2249 nostri.
2391 2195 2526 2251 Vere
2549 2198 2828 2267 defecimus
2855 2199 3028 2266 inira,
3056 2201 3180 2270 quia
3199 2204 3324 2258 anni
3349 2211 3515 2265 nostri

1946 2265 2363 2340 meditabantur;
2410 2282 2514 2321 non
2554 2265 2697 2336 quod
2738 2270 2866 2328 aeni
2909 2265 3257 2340 meditantur,
3287 2278 3383 2332 sed
3412 2295 3512 2337 nos

1944 2335 2000 2390 in
2032 2337 2160 2404 ipsis
2199 2338 2353 2417 annis
2383 2335 2725 2418 meditantur,
2758 2343 2842 2418 vel
2873 2343 2944 2396 ita
2983 2358 3084 2398 nos
3112 2335 3423 2418 deiecimus,
3453 2335 3508 2407 ei

1947 2416 2122 2488 tamen
2154 2422 2250 2488 nos
2281 2410 2480 2488 miseri
2510 2410 2776 2465 defectum
2825 2412 2968 2488 hunc
3014 2430 3121 2474 non
3161 2410 3510 2488 attendimus,

1942 2477 2408 2557 quia_m_editamur
2435 2482 2567 2534 sicut
2595 2497 2806 2548 aranea,
2842 2487 2896 2557 id
2935 2496 3035 2552 est,
3069 2488 3122 2540 in
3151 2477 3512 2557 corruptibili;

1945 2547 2046 2602 bus
2078 2551 2402 2626 laboramus.
2429 2561 2484 2606 et
2505 2568 2640 2607 vana
2664 2561 2721 2608 et
2752 2547 2952 2608 inutilia
2985 2547 3339 2626 conterimus,
3364 2565 3510 2618 velut

1942 2634 2158 2695 aranea.
2194 2622 2259 2676 Et
2297 2622 2408 2695 dies
2449 2639 2706 2695 annorum
2746 2636 3056 2690 nostrorum,
3090 2629 3142 2681 id
3179 2639 3284 2695 est,
3325 2622 3427 2687 nos
3456 2635 3511 2690 in

1942 2690 2166 2760 singulis
2236 2693 2400 2748 etiam
2461 2694 2650 2750 diebus
2721 2698 2922 2752 nostris
2981 2690 3304 2756 meditantur
3372 2704 3513 2762 sicut

1941 2775 2151 2816 aranea.

2013 2831 2079 2885 In
2103 2835 2226 2909 ipsis
2256 2837 2578 2907 septuaginta
2604 2839 2748 2893 anni.
2782 2838 3006 2894 Videtur
3035 2855 3304 2909 exponere
3330 2842 3510 2902 brevi-

1945 2911 2104 2959 tatem
2137 2905 2294 2974 hujus
2319 2905 2460 2972 vita:,
2492 2918 2548 2962 et
2577 2911 2822 2984 [iuuante
2850 2905 3119 2980 miserim,
3138 2914 3266 2980 quia
3290 2916 3381 2984 qui
3410 2915 3513 2974 hoc

1944 2984 2182 3052 tempore
2228 2980 2616 3046 septuagenarii
2668 2979 2810 3045 suni,
2865 2979 3100 3052 longaevi
3131 2979 3400 3042 dicuntur.
3444 2988 3510 3046 Si

1929 3052 2112 3122 autem
2158 3049 2211 3102 in
2259 3053 2596 3116 potentatibus
2633 3063 2880 3122 agantur,
2933 3049 2982 3107 id
3009 3066 3108 3122 est,
3159 3056 3207 3110 si
3253 3058 3320 3122 ad
3366 3059 3508 3116 vires

1951 3119 2312 3198 aspiciamus,
2366 3132 2525 3174 erunt
2573 3119 2835 3198 octoginta
2893 3125 3057 3191 anui,
3095 3119 3396 3198 quousque
3448 3131 3514 3191 ad

1950 3190 2214 3261 ot-toginta
2263 3205 2433 3246 annos
2490 3190 2766 3261 perinanet
2826 3196 2986 3250 homo
3039 3190 3344 3254 iri—robore
3387 3190 3510 3259 suo.

1950 3260 2182 3326 Amplius
2227 3272 2450 3339 autem,
2493 3260 2550 3316 id
2587 3273 2700 3339 est,
2740 3264 3016 3339 quidquid
3049 3271 3186 3321 ultra
3239 3271 3511 3339 octoginta

1949 3345 2117 3412 annos
2141 3343 2240 3396 est,
2276 3333 2526 3387 humanas
2552 3334 2671 3388 vitae
2698 3337 2826 3390 nihil
2856 3333 2938 3390 est
2967 3337 3068 3412 nisi
3097 3339 3242 3392 labor
3261 3351 3308 3393 et
3337 3333 3506 3412 dolor,

1949 3399 2001 3478 id
2055 3411 2172 3478 est,
2206 3413 2464 3478 senectus
2507 3420 2667 3478 curva
2711 3417 2764 3460 et
2818 3408 3083 3477 tremula,
3133 3423 3346 3478 semper
3392 3399 3510 3468 ten;

1948 3471 2081 3548 dens
2110 3473 2494 3548 adimet-itum.
2527 3476 2636 3530 Nec
2663 3490 2744 3531 est
2763 3471 3091 3534 contrarium
3119 3471 3503 3548 istud'seoten-

1951 3542 2036 3596 tite
2061 3545 2202 3612 quod
2233 3547 2283 3597 in
2332 3544 2604 3600 Macrobio
2635 3549 2687 3601 in
2723 3549 3072 3616 generatione
3112 3545 3342 3606 hominis
3369 3554 3503 3610 dici-

1950 3624 2052 3679 tur,
2079 3616 2218 3696 quod
2243 3617 2402 3669 homo
2427 3618 2488 3696 in_
2502 3618 2702 3672 viribus
2721 3632 2926 3674 crescat
2949 3637 3118 3696 usque
3137 3625 3206 3675 adv
3232 3626 3511 3696 sexaginta

1949 3699 2134 3761 annos.
2168 3687 2221 3740 In
2252 3690 2582 3756 sexagesimo
2611 3705 2738 3744 vero
2769 3708 2911 3744 atuio
2957 3687 3214 3761 incipiunt
3241 3696 3296 3748 ei
3335 3687 3506 3751 uirtuti

1949 3759 2196 3835 vires,_et
2238 3761 2315 3812 sic
2344 3774 2558 3835 semper
2603 3761 2864 3835 decrescit
2908 3762 2960 3817 in
3004 3759 3208 3818 viribus
3246 3780 3416 3835 usque
3441 3771 3506 3824 ad

1947 3829 2220 3907 sexaginta
2262 3846 2430 3884 annos
2471 3833 2537 3884 ad
2585 3834 2744 3886 linem
2788 3842 2948 3907 vitie;
2997 3850 3101 3890 non
3133 3846 3232 3900 est,
3270 3829 3508 3907 inquam,

1947 3901 2307 3972 contrarium,
2357 3916 2666 3972 quanquam
2718 3906 2957 3958 videatur
3012 3901 3361 3962 contrarium:
3415 3901 3512 3966 llic

1948 3972 2090 4049 enim
2119 3971 2300 4049 dicere
2331 3971 2538 4026 videtur
2565 3978 2706 4049 quod
2738 3976 2790 4028 in
2820 3990 3149 4049 octogesmo
3177 3993 3318 4049 anno
3344 3982 3507 4034 robu-

1949 4042 2087 4092 stior
2115 4044 2171 4094 lit
2199 4045 2378 4109 homo,
2409 4056 2461 4097 et
2501 4042 2760 4098 mas-imas
2791 4045 2928 4098 vires
2951 4042 3188 4100 habent.
3238 4042 3338 4102 Ille.
3378 4065 3505 4107 vero

1947 4112 2075 4164 dicit
2102 4125 2284 4180 aperte
2311 4115 2450 4182 quod
2494 4118 2546 4167 in
2576 4118 2910 4182 sexagesimo
2939 4132 3081 4170 anno
3118 4122 3376 4173 maxitnas
3422 4126 3505 4174 vi-

1949 4196 2035 4235 res
2070 4186 2259 4238 habeat
2291 4186 2469 4249 homo,
2503 4195 2556 4238 et
2579 4187 2720 4253 quod
2747 4186 2941 4240 deinde
2987 4191 3297 4242 minuantur
3322 4201 3377 4245 et
3407 4193 3503 4246 de-

1946 4263 2229 4318 crescant;
2261 4257 2352 4308 sed
2387 4270 2489 4308 non
2523 4266 2702 4309 tamen
2726 4260 3042 4311 decrescunt
3071 4259 3121 4313 ei
3150 4275 3289 4316 νει-εδ
3316 4263 3366 4315 in
3400 4264 3505 4319 illis

1949 4325 2130 4404 viginti
2162 4325 2335 4389 anuis,
2369 4335 2426 4379 ut
2447 4327 2654 4404 possint
2684 4332 2846 4381 νεύει-ι
2878 4328 3176 4404 diminutze,
3206 4344 3259 4386 et
3283 4335 3352 4386 ita
3382 4350 3507 4404 pro-

1949 4395 2104 4468 pheta
2134 4404 2194 4468 et
2215 4405 2398 4450 auctor
2446 4397 2536 4450 tlte
2563 4399 2846 4468 diligenter
2890 4395 3246 4457 consideranti
3291 4395 3398 4460 uati
3427 4408 3505 4462 vi-

1947 4465 2140 4543 dentur
2167 4467 2475 4543 dissentire,
2505 4470 2605 4543 hoc
2630 4465 2700 4524 ad
2726 4472 2982 4526 litteram.
3006 4474 3110 4527 Sed
3132 4477 3252 4543 quia
3278 4477 3506 4534 vidimus

267 4554 409 4606 rum,
429 4541 477 4592 id
494 4550 934 4608 est,aversorum,
953 4547 1208 4612 eruntqui
1227 4561 1318 4613 pro
1334 4537 1774 4608 nihilohabentur,
1792 4545 1842 4599 id
1876 4537 1927 4596 Ι)
1954 4539 2150 4613 multos
2179 4540 2312 4592 iulra
2340 4541 2673 4613 septuaginta
2701 4556 2870 4596 annos
2902 4537 3194 4598 iniserriziia
3225 4558 3502 4604 εεηεοιυω

269 4621 378 4672 est,
403 4620 556 4665 erunt
581 4617 967 4681 comparabiles
989 4618 1150 4670 rebus
1178 4618 1282 4670 illis
1311 4630 1427 4681 quae
1452 4629 1669 4682 prorsus
1691 4616 1842 4672 nihili

273 4683 600 4755 penduntur,
627 4685 675 4737 id
698 4693 801 4750 est,
827 4689 1211 4754 reputabuntur
1233 4686 1354 4740 anni
1379 4701 1564 4739 eorum
1591 4695 1840 4755 tanquam

269 4768 377 4804 non
409 4756 534 4806 sint.
564 4754 715 4808 Sicut
740 4765 792 4810 et
823 4773 1004 4811 verum
1035 4769 1134 4826 est,
1159 4758 1280 4827 quia
1309 4765 1364 4812 et
1388 4771 1507 4810 cum
1538 4754 1712 4811 adhuc
1736 4774 1839 4813 non

271 4832 555 4887 venerunt,
593 4827 826 4882 nondum
873 4838 1034 4894 sunt;
1068 4840 1122 4884 et
1153 4839 1430 4898 postquam
1479 4828 1636 4880 etiam
1671 4845 1842 4883 vene-

269 4902 420 4956 runt,
449 4910 551 4947 non
575 4908 718 4951 sunt.
753 4899 885 4965 Quia
912 4916 1016 4955 non
1045 4902 1111 4955 ad
1140 4901 1241 4954 hoc
1264 4901 1478 4954 veniunt
1510 4907 1565 4952 ut
1591 4899 1718 4963 sint,
1747 4901 1839 4956 sed

269 4976 330 5016 nt
360 4981 464 5018 non
490 4966 619 5020 sint.

342 5033 499 5089 Hane
534 5038 663 5091 sicut
705 5039 880 5105 herba,
923 5059 1091 5096 mane.
1125 5043 1378 5112 Exposita
1411 5049 1604 5095 nostra:
1636 5052 1836 5097 morta-

267 5104 438 5181 litatis
464 5123 721 5181 air-omna,
769 5104 890 5180 quia
937 5115 1160 5167 attendit
1201 5104 1485 5181 contigisse
1540 5115 1692 5167 nobis
1739 5115 1838 5170 hoc

265 5190 337 5252 ett
364 5178 504 5252 iusta
526 5182 600 5233 ira
626 5180 740 5252 Dei,
760 5178 1116 5251 aggratulatur
1137 5186 1326 5238 divina:
1350 5178 1646 5238 sententiae.
1675 5186 1836 5252 Quasi

266 5248 440 5302 dicat:
459 5249 530 5302 Ita
549 5252 658 5316 liat,
680 5248 920 5319 Domine,
946 5256 1193 5324 quoniam
1218 5258 1624 5323 promeruimus.
1654 5248 1836 5310 'I'runs-

264 5329 354 5374 eat
383 5337 534 5396 mane
565 5332 823 5388 nostrum,
850 5327 900 5378 id
930 5338 1030 5392 est,
1057 5328 1281 5396 pueritia
1305 5338 1480 5378 nosua
1510 5328 1636 5376 sicut
1657 5328 1830 5394 herba,

264 5408 384 5460 qua:
412 5392 562 5446 hodie
605 5404 699 5457 est,
744 5406 790 5446 et
836 5413 949 5449 cras
994 5392 1346 5451 in'clibanum
1397 5398 1630 5449 mittitur.
1684 5392 1836 5454 Mune

224 5467 234 5481 '
263 5465 429 5535 etiam
461 5473 701 5518 nostrum
732 5466 930 5535 ﬂoreat,
963 5469 1013 5522 id
1042 5478 1144 5530 est,
1178 5468 1276 5521 llos
1309 5468 1601 5535 juventutis
1633 5469 1682 5522 in
1731 5487 1830 5523 no-

263 5531 351 5608 bis
384 5537 494 5602 liat,
527 5545 573 5588 et
604 5531 780 5590 stattin
812 5531 1048 5593 transeat.
1076 5539 1289 5593 Decidat
1310 5531 1371 5591 in
1397 5553 1616 5608 vespere,
1652 5541 1701 5592 id
1730 5552 1828 5606 cst,

266 5605 322 5679 in
352 5608 494 5660 illam
519 5618 729 5662 a-tatetn
761 5611 847 5664 ubi
872 5613 980 5679 jam
1028 5611 1245 5679 incipiat
1289 5605 1580 5664 declinare.
1615 5605 1829 5665 Ιιι.Ιιινει

263 5675 464 5732 deinde
491 5679 540 5732 in
572 5695 786 5750 gravem
817 5675 1166 5747 se'neCtutem',
1210 5692 1263 5734 et
1293 5681 1508 5734 tandem
1552 5693 1746 5735 arescat
1779 5685 1829 5738 in

265 5752 606 5824 decrepitam
650 5762 882 5808 atatem.
916 5754 1006 5808 Vel
1037 5755 1238 5807 decitat
1269 5755 1320 5806 in
1361 5767 1578 5824 vespere,
1626 5753 1676 5804 id
1710 5764 1829 5824 gest,

266 5831 492 5874 mortem
521 5823 721 5877 induret
747 5826 798 5877 in
827 5825 1103 5890 cadavere,
1128 5833 1322 5878 arescat
1352 5824 1402 5878 in
1434 5823 1672 5893 pulvere.
1704 5821 1831 5882 Post

1950 4610 2224 4683 conlectos
2249 4620 2304 4664 et
2324 4611 2661 4676 constitutos,
2696 4616 2833 4668 ultra
2861 4618 3130 4683 octOginta
3162 4630 3331 4671 annos
3361 4623 3501 4674 mul-

1947 4687 2027 4760 tos
2051 4684 2100 4734 in
2133 4682 2508 4760 virili-robore,
2554 4683 2753 4760 melius
2768 4696 2850 4740 eet
2873 4697 2934 4738 ut
2961 4682 3272 4760 adsensum
3297 4690 3498 4760 allego-

1943 4751 2135 4826 ricam,
2195 4754 2282 4806 ubi
2328 4768 2594 4826 nunquam
2643 4754 2901 4823 l'all-imur,
2947 4758 3229 4811 referatur.
3275 4751 3500 4826 Scotum

1941 4823 2082 4890 ginta
2114 4835 2167 4876 et
2209 4823 2473 4893 octoginta
2505 4828 2651 4892 anni,
2681 4839 2817 4881 sicut
2848 4829 3101 4893 lerantor,
3131 4839 3255 4884 sunt
3280 4823 3497 4889 centum

1937 4895 2338 4966 quinquaginta.
2386 4897 2671 4951 Sciendum
2717 4912 2915 4964 autem,
2944 4901 3064 4966 quia
3097 4909 3204 4955 tres
3233 4912 3357 4956 sunt
3385 4905 3500 4957 uni-

1941 4973 2098 5039 tates.
2127 4965 2302 5019 Prima
2352 4980 2525 5021 unuas
2572 4981 2653 5023 cst
2692 4972 2805 5039 ipsa
2844 4965 3048 5035 unitas,
3084 4971 3268 5026 decem
3305 4984 3386 5028 est
3417 4989 3502 5030 se-

1939 5037 2107 5116 cunda
2139 5041 2328 5103 unitas,
2361 5049 2594 5116 cent-mn
2620 5037 2746 5095 vero
2778 5043 2928 5095 tertia
2958 5046 3152 5116 unitas.
3198 5044 3330 5098 Cum
3369 5060 3502 5116 ergo

1940 5107 1991 5160 in
2044 5115 2254 5182 centum
2313 5114 2714 5180 quinquaginta,
2772 5116 3077 5181 quindecies
3121 5115 3306 5170 decem
3353 5107 3496 5182 sntit,

1937 5187 2096 5232 erunt
2121 5179 2190 5232 ibt
2220 5182 2525 5248 quindecim
2561 5179 2801 5241 muttitates'
2829 5186 3097 5239 secundat.
3130 5187 3278 5252 Quod
3312 5179 3489 5242 autem

1939 5252 2158 5324 valetiu
2197 5255 2453 5322 mysterio
2481 5266 2694 5307 centum
2740 5256 3138 5324 quinquaginta,
3182 5259 3320 5312 idem
3352 5260 3496 5314 valet

1937 5321 2324 5387 quindecimin
2352 5329 2450 5378 hoc
2479 5326 2614 5391 loco,
2651 5321 2899 5395 quoniam
2939 5321 3238 5395 quiudcciin
3285 5342 3497 5385 constat

1937 5405 2000 5465 es
2032 5403 2238 5462 septem
2267 5406 2317 5449 et
2348 5405 2488 5460 octo,
2518 5405 2573 5450 et
2610 5409 2813 5465 septem
2840 5401 2980 5451 idem
3003 5401 3144 5453 valet
3168 5404 3219 5453 in
3251 5401 3350 5455 hoc
3376 5402 3496 5458 loco

1935 5463 1988 5540 in
2018 5467 2272 5540 mysterio
2301 5469 2438 5532 quod
2471 5463 2801 5536 septuaginta
2832 5483 2885 5523 et
2913 5479 3143 5540 septem,
3172 5474 3314 5540 quod
3341 5485 3494 5528 octo-

1935 5535 2099 5610 ginta.
2133 5537 2544 5592 Cttltsidcretllus
2566 5535 2693 5608 ergo
2717 5542 2944 5609 qualiter
2968 5535 3170 5610 septem
3190 5535 3254 5596 ἐι
3285 5553 3405 5598 octo
3431 5559 3491 5604 se

1935 5605 2166 5686 habeant
2191 5611 2257 5686 ad
2283 5619 2433 5662 vetus
2446 5605 2850 5686 testamentum,
2873 5622 2925 5665 et
2947 5614 3010 5665 ad
3031 5605 3253 5668 itovutn.
3276 5616 3492 5686 Septem

1933 5684 2073 5756 enim
2121 5681 2347 5756 pertinet
2393 5680 2648 5756 adgvetus
2689 5693 3088 5752 testatttentum,
3141 5687 3236 5756 vel
3276 5680 3491 5756 propter

1933 5754 2325 5825 observantiam
2373 5754 2598 5825 sabbati,
2627 5768 2785 5822 quam
2825 5757 3052 5822 septima
3080 5757 3168 5811 die
3211 5754 3320 5811 tleri
3356 5754 3491 5825 pra:-

1934 5824 2182 5894 cipiebat,
2217 5825 2305 5878 vel
2327 5824 2448 5893 quia
2477 5827 2818 5896 promittebat
2847 5825 2948 5882 hoc
2977 5837 3186 5883 terrena
3208 5839 3260 5883 ct
3292 5824 3489 5897 tempo-
