4006 6364
163 349 282 406 975

946 351 1010 406 ΙΝ
1050 353 1460 410 PSALMORUM
1502 354 1751 410 LIBRUM
1795 355 2224 411 EXECESIS.—
2265 355 2500 408 PSALM.
2544 355 2648 408 XC.

3294 358 3398 416 9η

158 462 415 516 cominus
454 458 626 528 gladio
672 458 907 536 feriatur.
957 459 1114 536 Levis
1154 469 1326 515 autem
1357 463 1575 536 tentatio
1603 478 1720 530 qua:
1753 466 1793 520 A
1827 461 2077 536 fecerant,
2103 473 2157 536 et
2179 463 2296 536 quia
2322 463 2655 536 velutdevoti
2684 465 3026 532 provinciales
3050 466 3100 521 in
3125 473 3390 536 republica

159 547 276 584 non
310 539 508 584 tantum
541 540 710 601 urget,
736 538 789 582 ct
816 529 922 586 cito
949 531 1256 594 declinatur,
1298 534 1390 585 sed
1422 529 1731 601 aggravetur

160 601 462 665 tribulatio,
507 607 562 670 et
589 600 792 670 duobus
839 601 1124 666 praemissis
1154 601 1437 654 reddantur
1467 600 1579 654 duo
1611 619 1727 670 qu.e

156 680 482 738 Sequuntur.
520 668 584 723 Ut
616 669 679 720 ad
711 668 952 722 timorem
999 679 1311 724 not-turnum
1359 672 1607 725 reddatur
1632 668 1727 729 tte-

159 742 374 807 gotium
428 739 796 809 perambulans
846 739 896 790 in
959 739 1222 801 tenebris,
1268 751 1320 793 et
1368 743 1431 792 ad
1482 747 1726 809 sagittam

160 810 438 861 vitiantern
471 809 521 860 in
545 809 631 859 die
653 807 894 860 incursus
920 817 972 860 et
998 809 1315 862 daemonium
1347 807 1718 868 meridianum.

162 879 313 932 Ecce
342 887 617 944 aggravata
645 889 725 930 est
766 879 984 930 tentatio
1030 887 1135 931 tam
1178 880 1540 940 ignorantibus
1569 897 1724 948 quam

159 949 534 1008 inscientibus,
587 949 706 1014 quia
740 948 824 999 illa
847 949 1022 1014 gravis
1049 949 1288 1009 tentatio,
1319 964 1432 1015 quae
1457 960 1559 1002 tam
1593 953 1728 1005 acri-

160 1028 253 1070 ter
282 1028 431 1086 urget
462 1020 780 1083 ignorantes,
829 1018 1018 1070 dicitur
1049 1019 1181 1072 bene
1211 1021 1495 1088 negotium,
1543 1020 1593 1072 id
1621 1034 1723 1085 est,

160 1103 370 1154 negans
399 1088 588 1149 otium,
639 1089 758 1154 quia
788 1101 998 1139 omnem
1049 1089 1275 1154 quietem
1321 1091 1508 1153 aufert,
1555 1101 1608 1142 et
1644 1104 1725 1146 est

156 1157 561 1226 peratnbulans,
595 1157 771 1226 idest,
816 1171 1128 1226 permanens
1159 1158 1208 1208 in
1253 1158 1502 1220 tenebris,
1541 1161 1588 1211 id
1620 1173 1720 1226 est,

161 1225 223 1280 in
261 1227 578 1292 tenebrosis,
603 1225 822 1289 scilicet,
853 1225 904 1278 in
928 1227 1308 1293 ignorantibus.
1333 1229 1519 1280 Gravis
1547 1225 1720 1286 autem

157 1297 458 1358 tribulatio,
490 1313 605 1363 qua:
634 1295 848 1366 ingruit
873 1297 1180 1359 scientibus,
1231 1297 1424 1350 dicitur
1456 1299 1720 1366 incursus,

154 1370 291 1433 quia
322 1366 513 1418 acriter
545 1377 712 1435 urget,
745 1377 796 1418 et
825 1365 1142 1418 daemonium
1187 1367 1536 1419 meridianum
1573 1387 1584 1420 :
1613 1365 1722 1423 dte-

157 1438 402 1488 nmttiuttt
447 1437 585 1499 ideo,
613 1437 732 1503 quia
776 1435 833 1487 lit
861 1449 952 1499 per
980 1438 1300 1504 suggestoris
1337 1437 1532 1489 diaboli
1576 1441 1722 1494 insti-

158 1507 474 1576 gationcm;
524 1516 576 1557 et
623 1505 988 1576 meridianum,
1035 1507 1249 1576 quiarin
1296 1506 1516 1559 meridie
1558 1512 1722 1576 magis

158 1575 336 1627 fervet
364 1576 464 1644 sol,
495 1585 546 1626 et
575 1574 836 1644 splendet.
871 1574 930 1626 Et
960 1575 1266 1644 intelligitur
1305 1591 1395 1640 per
1431 1574 1717 1644 fervorem,

157 1644 360 1716 quiest
402 1641 455 1696 in
499 1646 720 1698 meridie
771 1641 1208 1716 ferventissimus,
1258 1649 1571 1710 persecutio,
1628 1641 1722 1716 per

158 1713 502 1779 splendorem
549 1729 695 1777 vero,
728 1715 843 1780 quia
889 1716 942 1766 lit
992 1713 1355 1768 inscientibus.
1410 1717 1541 1770 Sunt
1577 1713 1717 1772 enim

159 1785 381 1848 quidam
434 1784 725 1837 nescientes
771 1787 1026 1836 rationem
1070 1785 1457 1838 Chrisrianismi
1509 1786 1611 1851 sui,
1665 1789 1715 1841 id

156 1861 270 1912 est,
304 1853 387 1917 qui
420 1853 646 1906 nondum
693 1862 850 1905 tantae
898 1853 1237 1920 perfectionis
1275 1864 1416 1917 sunt,
1465 1865 1520 1908 ut
1549 1865 1717 1910 atten-

155 1922 294 1994 dan_t
324 1922 441 1987 quia
477 1937 690 1976 necesse
721 1931 801 1976 est
845 1932 899 1975 ut
929 1940 1100 1976 omnes
1139 1927 1227 1993 qui
1257 1929 1337 1994 pie
1363 1925 1534 1982 volunt
1560 1929 1719 1981 virere

153 1991 465 2064 inthristo,
496 1995 892 2064 persecutionem
938 1991 1218 2061 patiantur.
1258 1991 1331 2047 Et
1356 1995 1494 2046 aliud
1529 2014 1540 2047 :
1585 1994 1712 2064 Fili,

157 2063 233 2111 ad
255 2063 536 2113 servitutem
560 2062 651 2113 Dei
679 2064 938 2124 accedens,
961 2074 1038 2116 sta
1061 2065 1111 2116 in
1129 2064 1351 2134 justitia.
1371 2073 1414 2116 et
1445 2066 1644 2132 timore,
1670 2062 1717 2120 et

156 2140 398 2194 tremore,
437 2146 483 2184 et
513 2148 741 2198 prtepara
770 2135 992 2185 animam
1020 2143 1160 2185 tuam
1197 2135 1262 2186 ad
1293 2135 1633 2188 tentationem.
1660 2136 1715 2192 In

163 2203 250 2252 his
283 2203 472 2254 talibus
501 2205 635 2254 l’acta
665 2204 896 2269 graviter
937 2219 1127 2269 urgens
1156 2211 1210 2256 et
1252 2219 1596 2270 perseverans
1627 2211 1719 2260 tri-

160 2271 362 2322 bulatio
410 2271 603 2323 invi-nit
651 2287 764 2336 eos,
818 2283 870 2325 et
907 2276 1043 2339 capit
1069 2287 1181 2336 eos,
1230 2286 1282 2326 et
1309 2275 1376 2325 ita
1412 2277 1713 2330 vincuntur.

156 2342 296 2392 Sunt
327 2339 414 2392 alii
447 2341 580 2394 bene
627 2342 853 2395 scientes
902 2347 1160 2396 rationem
1189 2343 1580 2398 Cltrislianismi
1610 2348 1714 2410 sui,

156 2413 284 2474 quia
318 2412 608 2478 intelligunt
658 2415 1038 2478 promissiones
1086 2413 1174 2466 Dei
1226 2429 1329 2465 noti
1361 2428 1480 2466 esse
1524 2414 1588 2466 de
1616 2416 1714 2470 hac

159 2487 324 2540 terra,
359 2497 459 2531 non
491 2493 608 2534 esse
652 2483 718 2532 de
749 2483 846 2532 hac
868 2483 996 2542 vita,
1051 2492 1101 2533 et
1130 2484 1306 2535 omnia
1352 2492 1557 2536 terrena
1601 2499 1718 2539 esse

157 2551 564 2620 contemnenda,
599 2563 651 2602 et
674 2552 902 2604 cmlestia
933 2553 1257 2620 appetenda;
1304 2552 1395 2605 sed
1427 2553 1586 2606 inStat
1610 2564 1719 2607 tor-

162 2630 272 2680 tor,
303 2619 421 2684 quia
454 2621 686 2685 graviter
717 2631 882 2688 urget,
917 2619 1036 2684 urit,
1068 2632 1295 2686 torquet.
1343 2623 1504 2674 Instat
1535 2627 1718 2676 incur-

154 2702 254 2742 sits
281 2699 334 2741 et
361 2690 677 2742 daemonium
709 2692 1078 2753 meridianum,
1125 2701 1178 2744 et
1208 2695 1275 2744 ita
1309 2691 1550 2745 vincitur.
1593 2695 1720 2759 Quze

158 2769 338 2810 autent
367 2759 432 2810 sit
467 2760 596 2810 levis
625 2769 673 2811 et
701 2776 816 2827 qua:
845 2763 1019 2827 gravis
1051 2761 1336 2824 tribulatio,
1365 2775 1430 2813 ex
1455 2762 1546 2815 illo
1589 2773 1723 2815 tema-

159 2843 294 2896 p-irc
323 2837 495 2896 potest
520 2832 785 2893 cognosci,
832 2846 933 2896 quo
962 2846 1150 2883 nomen
1197 2832 1556 2884 Christianum
1601 2847 1721 2886 cre-

160 2912 317 2950 scere
348 2898 527 2965 coepit.
556 2899 702 2950 'l‘tntc
745 2902 883 2951 cnim
916 2900 1110 2953 inimici
1141 2899 1425 2953 Christiani
1471 2903 1720 2964 nominis,

161 2982 336 3029 reges,
368 2972 589 3029 scilicet,
621 2977 674 3022 et
699 2969 1061 3035 imperatores,
1113 2971 1348 3023 volentes
1375 2970 1498 3022 illttd
1531 2986 1722 3026 nomen

159 3040 362 3101 delere,
409 3039 512 3090 tale
539 3040 767 3091 cdtctum
813 3040 1048 3093 fecerunt
1080 3056 1094 3092 :
1147 3040 1431 3107 thisquis
1456 3039 1722 3095 Christum

161 3107 519 3168 conﬁtebitur,
554 3109 728 3172 gladio
758 3108 1028 3161 feriatur.»
1090 3112 1152 3162 Et
1179 3111 1324 3163 ntnlti
1378 3112 1538 3164 occisi
1576 3122 1717 3176 sunt,

160 3179 288 3244 quia
322 3179 493 3248 gladio
518 3177 659 3229 l'criri
687 3193 778 3244 pro
810 3179 1022 3232 nomine
1051 3178 1242 3232 Christi
1275 3183 1390 3232 leve
1421 3196 1539 3233 esse
1571 3194 1713 3248 puta-

164 3257 357 3299 \crunt
409 3247 482 3300 llli
509 3257 682 3300 autem
712 3248 948 3301 videntes
995 3250 1072 3303 sic
1115 3250 1353 3302 homines
1390 3249 1454 3301 ad
1501 3247 1722 3304 mortem

163 3319 488 3375 accelerare.
523 3322 763 3369 et'to'um
801 3320 1051 3370 mundum
1103 3330 1216 3385 post
1246 3321 1415 3384 ipsum
1445 3321 1620 3383 abire,
1648 3324 1728 3372 di-

164 3393 394 3439 xerunt:
431 3404 449 3436 ι
483 3386 723 3453 Nunquid
755 3404 852 3440 nos
880 3389 974 3440 soli
1024 3388 1446 3441 remanebitnns?
1492 3393 1722 3455 ttuttqttil

163 3465 332 3507 totum
381 3456 661 3526 humanum
716 3471 880 3524 genus
931 3460 1342 3512 irtterlicietuus?
1371 3477 1386 3507 ι
1448 3459 1585 3526 Ergo
1628 3461 1728 3513 lucc

161 3526 308 3596 aliud
337 3530 566 3579 edictum
596 3525 832 3580 fecerunt
857 3545 868 3579 :
897 3545 915 3576 r
939 3530 1184 3596 Quisquis
1211 3529 1473 3580 Christum
1506 3525 1726 3581 conlitu-

160 3595 328 3660 bitur,
381 3597 558 3666 tandiu
609 3608 916 3665 torqueatur
960 3595 1129 3651 donec
1157 3599 1396 3650 Christus
1440 3609 1720 3666 negetur-.9

164 3667 306 3718 Ecce
363 3665 406 3718 si
434 3666 553 3733 quis
599 3677 836 3719 conterat
891 3666 1036 3720 feriri
1083 3669 1260 3734 gladio
1309 3681 1374 3720 ac
1404 3670 1581 3720 tandin
1614 3679 1723 3720 tot--

161 3737 343 3801 queri,
376 3739 565 3802 poterit
595 3736 718 3788 illud
771 3738 936 3790 videri
967 3741 1152 3804 sagitta
1187 3739 1388 3798 volans,
1441 3737 1568 3790 illud
1599 3752 1728 3790 vero

164 3811 410 3857 incursus
454 3816 505 3857 et
535 3807 852 3859 dtetnoniutn
899 3809 1272 3860 meridianum.
1326 3809 1554 3860 Instante
1608 3824 1730 3861 vero

163 3884 310 3926 tanta
359 3883 414 3926 et
442 3884 544 3926 tam
593 3888 824 3942 gravrter
870 3889 1086 3944 urgente
1133 3877 1531 3945 persecutione,
1575 3880 1729 3931 multi

164 3954 274 3995 tam
303 3955 528 3998 scientes
571 3961 724 4013 quam
758 3949 1058 4000 nescientes
1107 3947 1360 4000 rationein
1391 3946 1730 3999 Christianis-

161 4017 238 4067 rni
287 4015 612 4068 ceciderunt.
667 4018 731 4068 Et
770 4017 871 4068 hoc
917 4018 1068 4081 ideo,
1100 4023 1218 4083 quia
1267 4021 1332 4069 de
1380 4017 1578 4069 viribus
1621 4021 1730 4070 suis

163 4095 526 4151 sumpserunt,
573 4088 766 4139 nonde
797 4087 925 4140 Deo.
960 4089 1066 4140 Nec
1107 4089 1472 4138 habitaverunt
1499 4087 1549 4139 itt
1581 4092 1730 4153 adju-

162 4155 303 4224 torio
334 4155 604 4219 Altissimi,
637 4171 733 4208 nec
763 4156 1045 4210 dixerunt:
1097 4157 1369 4224 Susceptor
1410 4172 1550 4208 meus
1577 4174 1626 4209 ei
1652 4168 1728 4221 tu,

164 4223 406 4284 Domine,
437 4235 482 4275 et
511 4225 760 4295 refugium
793 4243 978 4281 meum.
1022 4229 1164 4292 Quos
1201 4223 1450 4278 Dutuinus
1493 4229 1609 4279 ideo
1637 4245 1727 4278 ca-

159 4298 295 4344 dere
351 4295 604 4360 peruiisu,
635 4305 691 4347 ut
719 4299 1024 4351 ostenderet
1060 4299 1302 4350 Iidelibus
1329 4297 1441 4348 suis
1469 4296 1589 4365 quia
1619 4298 1731 4365 ipse

161 4365 314 4416 solus
343 4373 423 4416 est
449 4367 537 4432 qui
569 4370 809 4432 protegit,
832 4380 882 4419 et
903 4369 988 4435 qui
1021 4367 1338 4421 tentationcs
1360 4378 1616 4435 temperat
1639 4407 1652 4428 ,
1679 4378 1730 4418 vl

163 4442 370 4485 tantum
401 4435 580 4488 venire
611 4435 860 4502 pertttittit
880 4478 894 4502 ,
923 4434 1201 4504 quantum
1250 4437 1412 4502 possit
1456 4434 1582 4488 ferri
1609 4449 1727 4488 cum

162 4506 392 4558 venerit.
424 4506 574 4557 Nunc
594 4507 656 4557 ad
689 4505 910 4560 litteram
945 4507 1244 4560 rcdeanms.
1296 4505 1468 4557 Dixit:
1501 4506 1726 4558 Circum-

160 4575 308 4644 dabit
349 4583 396 4625 te
421 4577 596 4628 veritas
641 4577 772 4644 ejus,
827 4587 879 4629 et
926 4579 994 4628 ita
1018 4575 1383 4639 circumdabit,
1433 4575 1570 4643 quod
1624 4591 1726 4627 non

161 4647 276 4696 rimi
291 4643 384 4699 bis.
410 4643 459 4696 id
489 4655 586 4710 est,
619 4643 690 4698 ttii
739 4661 842 4698 non
870 4647 1131 4700 timebunt
1176 4663 1205 4696 a
1245 4645 1423 4696 timore
1461 4655 1728 4704 nocturno,

161 4725 298 4785 εαξη
335 4714 383 4764 id
410 4726 508 4776 est,
536 4731 632 4767 nec
660 4715 726 4768 ab
752 4718 834 4769 illa
867 4717 966 4770 levi
1021 4717 1099 4768 vel
1126 4717 1270 4785 gravi
1304 4725 1349 4766 ιι·
1371 4714 1638 4785 bulatione
1669 4728 1731 4764 tt-

160 4777 390 4856 ntebnnt
429 4800 544 4850 qua:
584 4787 636 4837 lit
683 4787 733 4838 itt
762 4777 1155 4856 ignorantibus:
1188 4798 1287 4838 nec
1312 4786 1378 4836 ab
1405 4784 1486 4835 illa
1521 4784 1619 4837 levi
1648 4785 1729 4837 vel

158 4852 316 4920 gravi
348 4869 462 4918 qua:
504 4856 561 4908 lit
605 4852 966 4910 insctentibus.

239 4922 431 4974 Cadent
469 4926 696 4978 alaten.
744 4928 992 4990 Quamvis
1039 4925 1210 4979 dicam
1240 4922 1379 4992 quod
1430 4936 1532 4975 non
1575 4921 1727 4975 time-

160 4993 303 5044 bunt
330 4995 424 5055 tui,
454 5003 627 5047 tamen
659 4999 809 5048 rnttlti
857 4998 922 5047 de
970 4995 1073 5049 illis
1111 4995 1201 5062 qui
1253 4994 1564 5047 videbantur
1615 5008 1731 5045 esse

160 5075 243 5113 tut
272 5064 451 5115 cadent
473 5080 502 5114 a
530 5066 684 5116 latere
709 5078 754 5117 et
777 5081 808 5116 a
837 5067 1048 5118 dextris.
1082 5065 1179 5118 l’er
1204 5080 1235 5116 a
1259 5064 1414 5116 latere
1437 5063 1732 5129 intelliguno

160 5141 257 5183 tur
288 5132 360 5183 illi
392 5134 478 5198 qui
509 5150 565 5186 se
619 5138 948 5188 collaterales
1003 5135 1224 5188 υοςι.ὶιιο
1257 5137 1388 5195 l'ore,
1438 5143 1501 5185 ει
1517 5148 1635 5186 ειιιιι
1666 5147 1730 5186 ε.)

157 5203 496 5270 indicaturos
547 5209 816 5269 putabant,
867 5208 988 5271 quia
1034 5205 1198 5257 secuti
1249 5217 1370 5255 sunt
1420 5204 1543 5254 illud
1591 5203 1730 5268 quod

158 5273 428 5326 Dominus
455 5274 724 5340 discqiulis
751 5276 915 5327 dixit:
943 5273 1064 5334 Vos,
1089 5278 1171 5340 qui
1190 5275 1460 5339 reliquistis
1480 5277 1668 5335 omnia,
1687 5282 1733 5324 et

158 5353 328 5394 secuti
347 5346 463 5395 estis
491 5358 586 5405 me,
608 5345 839 5397 sedebttis
853 5360 1002 5412 super
1023 5349 1160 5396 sedes
1165 5345 1456 5412 judirautes
1471 5343 1734 5393 duodecim

160 5413 333 5464 tribus
348 5412 638 5466 Isruel.Sed
653 5417 795 5467 multi
809 5429 872 5467 et
889 5419 967 5466 his
983 5425 1201 5481 urgente
1213 5415 1353 5476 gravi
1371 5414 1734 5478 persecutione

156 5493 221 5536 et
253 5485 593 5538 tribulatione
621 5486 740 5536 viett
769 5495 911 5548 sunt,
958 5493 1012 5536 et
1043 5493 1111 5535 tta
1157 5481 1532 5534 cecideruttt-..'a
1558 5483 1733 5543 latere,

158 5553 220 5606 id
249 5562 353 5609 est.
384 5567 412 5603 a
443 5568 535 5618 spe
565 5553 1004 5607 remunerationis
1044 5553 1347 5604 tribunarite
1392 5549 1552 5602 sedis.
1583 5552 1680 5602 l’er
1705 5567 1735 5601 ιι

158 5622 367 5673 dextris
433 5638 557 5675 vero
597 5624 937 5690 designantur
981 5624 1051 5674 illi
1094 5638 1179 5689 qut
1225 5635 1282 5672 se
1313 5619 1618 5690 statqendos
1666 5620 1732 5671 ad

156 5696 437 5757 dextram,
491 5701 544 5745 et
571 5687 838 5746 audituros
863 5709 876 5744 :
917 5687 1125 5757 Venite,
1150 5691 1390 5742 benedicti
1421 5687 1596 5741 Patris
1618 5690 1731 5753 mei,

160 5763 221 5814 in
258 5761 462 5830 judicio
490 5765 757 5830 putabant,
788 5773 1002 5832 propter
1029 5776 1190 5831 opera
1215 5759 1590 5814 misericordia:
1620 5773 1736 5827 quas

1837 533 2038 608 Domini
2094 534 2301 608 cibaria
2342 543 2396 587 et
2421 534 2678 608 stipendia
2731 536 2991 608 militibus
3025 538 3161 606 ejus,
3189 533 3259 593 'id
3290 553 3392 608 est,

1831 603 2028 678 sanctis
2060 605 2333 678 monachis
2355 613 2406 678 et
2435 607 2666 678 eremitis
2687 614 2742 678 et
2761 607 2876 658 aliis
2900 603 3272 678 defensoribus
3302 603 3390 678 pa;

1833 671 2330 747 trire_pra2buerant.
2353 673 2456 747 Sed
2483 675 2784 747 quinetiam
2806 691 2868 728 ex
2899 676 2978 730 his
2999 678 3145 732 ttntlti
3175 671 3394 747 urgente

1828 741 1974 806 gravi
2009 743 2328 795 necessitate
2357 744 2436 795 Vel
2467 745 2801 797 tribulatione
2843 747 2959 798 victi
2987 757 3126 810 sunt,
3164 741 3279 802 ideo
3305 770 3395 802 cv-

1829 810 2074 864 ciderunt
2102 825 2130 864 a
2163 813 2386 875 deXtris,
2416 813 2468 866 id
2496 823 2596 873 est,
2625 829 2653 864 a
2683 830 2776 879 spe
2807 820 3026 881 ponendi
3059 819 3119 869 ad
3148 818 3390 874 dextram

1829 887 1880 930 et
1922 882 2378 957 remunerationis
2429 885 2800 957 obsequiorum
2852 900 3090 939 Suarum.
3155 889 3212 940 Et
3271 895 3390 957 quia

1829 950 1995 1026 multo
2014 952 2196 1026 plures
2219 961 2346 1026 sunt
2371 951 2460 1020 qui
2488 950 2858 1018 judicabuutur
2897 973 3051 1017 quam
3083 958 3168 1024 qtti
3190 950 3394 1026 judica-

1829 1017 1980 1082 bunt,
2014 1019 2132 1072 ideo
2162 1017 2420 1074 minorem
2454 1017 2726 1074 numerum
2778 1026 3030 1088 propheta
3073 1017 3388 1082 colla'let-ali-

1830 1088 1925 1160 lius
1976 1089 2144 1151 dedit,
2178 1093 2430 1154 majorem
2471 1091 2843 1160 diiudicandis,
2876 1095 3076 1156 dicens,
3130 1095 3272 1150 Mille
3311 1117 3394 1151 ca-

1825 1159 1941 1210 dent
1971 1175 2001 1209 ιι
2031 1161 2188 1211 latere
2217 1169 2301 1212 tuo
2346 1170 2393 1212 et
2419 1161 2587 1213 decent
2627 1163 2787 1214 millia
2833 1159 2864 1212 η
2894 1166 3080 1218 dextris
3127 1169 3242 1218 tuis.
3289 1168 3393 1223 Sed

1824 1242 1940 1294 quia
1963 1228 2125 1301 cura?
2156 1231 2328 1295 Nulla,
2357 1230 2558 1283 sciliCet
2582 1271 2596 1294 ,
2647 1233 2764 1298 quia
2806 1246 3138 1301 quotcunque
3183 1236 3392 1290 vidcan-

1826 1307 1908 1348 tur
1936 1300 2128 1352 cadere
2153 1313 2181 1351 a
2215 1301 2378 1352 latere
2411 1302 2487 1352 vel
2533 1317 2560 1352 a
2591 1300 2834 1364 dextris-,7
2868 1314 3038 1356 tamen
3068 1306 3390 1362 daemonium

1826 1366 1950 1439 illud
1987 1369 2358 1435 meridianum,
2393 1369 2441 1421 id
2474 1378 2576 1435 εει,
2603 1371 2811 1425 fervens
2842 1383 2894 1425 ct
2935 1388 3126 1439 urgens
3175 1376 3390 1429 tribula-s

1826 1437 1898 1487 tio
1929 1440 2580 1512 nonappropinquabitad
2607 1451 2674 1512 te,
2707 1441 2753 1492 id
2785 1451 2886 1505 est,
2920 1443 2982 1494 ad
3007 1437 3130 1497 illos
3156 1452 3242 1512 qui
3269 1462 3392 1499 vero
3446 1501 3451 1508 ,

1824 1517 1945 1577 sunt
1979 1509 2070 1569 ttti,
2106 1509 2154 1559 id
2185 1519 2288 1572 est,
2322 1510 2409 1576 qui
2444 1510 2566 1561 nihil
2592 1511 2660 1562 de
2701 1526 2756 1562 se
2786 1525 3126 1577 prtesnntunt,
3173 1509 3266 1567 sed
3300 1522 3388 1567 has

1823 1575 1988 1628 bitant
2020 1581 2070 1629 in
2097 1575 2354 1648 adjutorio
2379 1579 2641 1641 Altissimi,
2672 1591 2715 1631 et
2739 1575 3122 1648 iit—protectione
3161 1581 3253 1636 Dei
3278 1588 3390 1638 cazli

1821 1658 2260 1721 εοιιιιιιοιτιιιιιιις,⁸
2288 1657 2342 1700 ει
2393 1649 2574 1700 dicunt
2622 1649 2883 1701 Domino:
2929 1651 3206 1721 Susreptor
3253 1671 3390 1708 meus

1820 1726 1873 1788 es
1901 1725 1974 1778 tu,
2003 1725 2104 1769 etc.
2138 1716 2214 1769 Ad
2251 1718 2366 1779 hos,
2395 1724 2626 1784 inquam,
2672 1735 2773 1771 non
2806 1716 3243 1788 appropinquabit
3267 1739 3387 1778 car-

1753 1809 1790 1865 B
1823 1785 1896 1851 ni,
1928 1801 2030 1865 non
2061 1788 2442 1865 appropinquat
2471 1789 2661 1865 meriti.
2696 1788 2871 1865 Longe
2894 1791 3037 1865 enim
3077 1785 3230 1865 error
3258 1805 3386 1865 tor-

1820 1856 2096 1919 quelttium
2120 1872 2146 1906 :t
2181 1858 2283 1907 lide
2312 1856 2658 1920 credentium,
2689 1872 2807 1917 tiu-:t
2840 1860 2968 1911 lides
2989 1874 3068 1912 est
3100 1861 3150 1912 in
3183 1864 3382 1927 anima,

1820 1929 1883 1974 ad
1915 1940 2071 2001 quam
2121 1932 2354 2001 tortores
2400 1941 2502 1977 non
2533 1928 2828 2001 attend-nt,
2879 1931 2997 1993 quia
3049 1940 3095 1981 et
3136 1933 3180 1982 si
3208 1947 3387 2001 corpus

1820 1996 2054 2066 oeeiflunt
2082 2034 2094 2052 ,
2121 1996 2344 2066 animam
2368 2007 2549 2066 autem
2577 1997 2800 2048 occidere
2819 2013 2920 2048 non
2939 2012 3171 2066 po:.sunt.

1897 2061 2272 2139 Verumtamen.
2321 2064 2447 2116 Dico
2492 2061 3066 2139 qttia_lribul:ttio'non
3109 2073 3388 2139 appropin-

1819 2136 1987 2198 quabit
2017 2137 2082 2184 ad
2111 2144 2178 2195 te,
2209 2135 2380 2195 idest,
2414 2150 2516 2187 non
2547 2136 2735 2187 cadent
2768 2138 2837 2187 ιιιί
2864 2152 2954 2203 ρει·
2977 2135 3400 2199 tribulationem;

1821 2205 1912 2255 s‘ed
1948 2211 2120 2254 tamen
2157 2221 2276 2275 non
2307 2205 2422 2257 sine
2469 2218 2626 2258 causa
2677 2206 3006 2268 tribulantur,
3059 2208 3180 2275 quia
3224 2219 3277 2261 et
3320 2212 3384 2262 ad

1819 2285 1968 2323 suam
2019 2274 2392 2335 eruditionem,
2444 2284 2498 2325 et
2542 2278 2606 2326 ad
2656 2277 2914 2327 malorum
2971 2274 3384 2338 damnationem,

1817 2343 1956 2408 quod
1989 2351 2042 2394 lu
2069 2344 2407 2396 considerabis
2429 2345 2588 2396 oculis
2613 2347 2732 2397 tuis.
2783 2345 2890 2398 ΙΙοε
2921 2354 3019 2408 est,
3071 2348 3140 2398 tui
3185 2358 3384 2402 tantum

1819 2411 1955 2465 oculi
1987 2422 2039 2462 et
2067 2423 2274 2464 tuorum
2302 2429 2329 2464 a
2365 2423 2416 2466 te
2450 2415 2724 2466 illumina'i
2760 2415 2856 2467 huc
2879 2418 3173 2478 attenderit,
3203 2427 3256 2469 et
3282 2434 3384 2470 non

1818 2479 1928 2531 alii.
1978 2482 2090 2533 Non
2119 2483 2259 2535 cnim
2309 2485 2527 2535 leteest
2575 2485 2916 2537 considerare
2963 2485 3235 2538 ﬂorentem
3289 2489 3389 2540 im-

1821 2552 1962 2615 pium
1996 2553 2044 2602 in
2075 2560 2332 2618 tempore,
2357 2563 2411 2604 et
2433 2553 2615 2606 oculos
2640 2553 2702 2606 ad
2724 2569 2842 2607 eum
2873 2556 3087 2617 habere,
3123 2567 3177 2606 ιιι
3203 2558 3383 2608 videas

1819 2620 1938 2687 quid
1973 2635 2218 2686 passurus
2247 2621 2318 2674 sit
2359 2623 2408 2674 in
2442 2623 2565 2675 line.
2615 2624 2713 2684 Tu,
2758 2625 2992 2690 inquam,
3043 2627 3383 2678 considerabis

1820 2700 1871 2741 et
1903 2690 2162 2758 intelliges
2189 2691 2574 2745 tribulationem
2607 2702 2813 2745 tuorum
2861 2709 2977 2746 esse
3002 2698 3372 2748 retributionem

1823 2771 2159 2824 peccatorum,
2187 2761 2234 2812 id
2258 2770 2358 2819 est,
2380 2763 2660 2825 malurum,
2679 2766 2796 2830 quia
2830 2764 3146 2816 retribuetnr
3165 2770 3242 2817 eis
3275 2781 3377 2816 non

1825 2831 2040 2890 bonum,
2071 2833 2209 2900 quod
2240 2832 2540 2900 ignorantes
2587 2832 2847 2893 fecerunt,
2898 2833 2946 2883 id
2975 2841 3076 2895 c-t,
3112 2833 3378 2900 perlectus

1821 2906 2052 2952 tuorum:
2085 2899 2176 2952 sed
2209 2899 2402 2952 malum
2431 2901 2570 2969 quod
2598 2903 2822 2953 scientes
2863 2899 3121 2964 fecerunt,
3151 2904 3376 2966 scilicet,

1828 2978 1885 3038 ut
1916 2970 1994 3020 vel
2026 2977 2142 3021 tuos
2172 2969 2516 3030 devocarent,
2548 2971 2629 3024 vel
2657 2971 2865 3038 penitus
2901 2975 3253 3025 uestrae-rent.
3292 2973 3383 3026 Vel

1825 3036 1869 3089 si
1901 3049 2205 3105 peccatores
2235 3055 2338 3090 non
2371 3040 2610 3093 homines
2637 3036 2977 3107 accipiamus,
3029 3042 3120 3094 sed
3151 3053 3384 3108 peccata,

1830 3120 2112 3178 possumus
2155 3111 2288 3160 hanc
2340 3111 2738 3162 retributioiiem
2790 3111 2985 3163 r-el’erre
3016 3111 3079 3162 ad
3112 3122 3382 3178 utrosque,

1830 3176 2052 3239 Scilicet,
2082 3189 2135 3230 et
2156 3180 2220 3229 ad
2254 3179 2417 3231 bonos
2447 3180 2748 3243 tolerantes,
2782 3191 2834 3233 et
2871 3181 2935 3231 ad
2961 3181 3127 3232 malos
3157 3176 3383 3235 inferen-

1830 3254 1929 3299 tes.
1986 3247 2179 3299 Eadem
2225 3249 2365 3298 enim
2416 3248 2681 3300 tribulatio
2727 3259 2807 3301 est
2845 3259 2902 3302 ct
2930 3251 3132 3302 levibus
3163 3253 3389 3314 peccatis

1831 3321 2110 3377 bonorum,
2143 3332 2261 3381 qua:
2297 3332 2388 3383 per
2414 3331 2529 3369 eam
2559 3327 2868 3385 purgantur,
2915 3330 2968 3370 et
2993 3321 3238 3385 gravibus
3267 3335 3390 3386 pec-

1827 3388 1960 3436 catis
2009 3387 2287 3446 malorutu,
2340 3397 2541 3457 nonut
2572 3401 2665 3457 per
2707 3389 2807 3440 hoc
2856 3396 3178 3457 purgentur,
3211 3395 3298 3439 sed
3333 3401 3391 3442 ut

1828 3459 2036 3518 gravius
2065 3458 2401 3508 damnentur.
2456 3455 2570 3519 Vel,
2603 3456 2776 3518 aliter,
2805 3458 2928 3510 dico
2964 3455 3092 3522 quia
3123 3460 3274 3510 multi
3303 3476 3387 3510 ca-

1828 3529 1944 3577 dent
1969 3542 2000 3576 a
2027 3527 2184 3578 latere
2205 3535 2290 3578 tuo
2319 3535 2364 3578 et
2404 3542 2437 3578 α
2474 3527 2662 3578 dextris
2684 3527 2803 3589 tuis,
2846 3527 2940 3579 sed
2970 3538 3142 3579 tamen
3175 3539 3227 3580 ιιι
3272 3544 3393 3581 cou-

1827 3595 2074 3648 sderabis
2119 3597 2277 3665 oculis
2324 3597 2443 3657 tuis,
2493 3595 2631 3660 quod
2678 3598 2852 3649 nullus
2898 3597 3052 3650 cadet
3097 3597 3162 3649 de
3194 3597 3275 3649 his
3303 3601 3390 3665 qui

1827 3674 1951 3716 sunt
1979 3668 2073 3718 tui.
2124 3663 2191 3716 Et
2219 3666 2406 3718 videbis
2432 3667 2808 3717 retributionem
2839 3675 3176 3730 peccatorum,
3209 3667 3257 3719 id
3288 3663 3390 3726 εει,

1828 3749 2008 3786 casum
2041 3735 2186 3787 illum
2214 3736 2548 3803 esseijustum
2580 3750 2629 3787 tn
2653 3736 2732 3806 his
2758 3735 2844 3803 qui
2875 3736 3088 3798 cadunt,
3117 3735 3237 3806 quia
3271 3752 3394 3804 pro.

1831 3815 2137 3857 uterueraut
2168 3817 2378 3869 peccatu
2420 3820 2624 3858 eorum.
2671 3804 2954 3859 Sciendum
3001 3804 3268 3870 quia—non
3299 3806 3392 3861 de-

1829 3871 2040 3926 fuerunt
2069 3875 2153 3942 qui
2182 3876 2308 3927 altas
2341 3884 2655 3944 tentationcs
2683 3875 2923 3944 superius
2972 3890 3131 3943 quam
3162 3876 3392 3928 diximus

1830 3945 2109 4009 accipiant,
2160 3955 2214 3996 et
2249 3948 2427 3998 dicunt
2455 3944 2565 3998 ita:
2610 3943 2948 4008 Qui-rventes
2987 3946 3317 3997 circumdabit
3349 3957 3396 3996 to

1831 4023 1887 4064 ut
1915 4023 2144 4075 scutum,
2177 4016 2226 4068 id
2255 4024 2358 4078 est,
2391 4030 2491 4066 non
2518 4016 2732 4075 timebis,
2765 4017 2813 4065 id
2850 4024 2950 4075 εει,
3003 4029 3106 4066 non
3135 4014 3396 4066 tttuebunt

1833 4085 1904 4134 tui
1935 4100 1966 4134 a
1994 4085 2171 4136 timore
2193 4092 2436 4137 nocturno
2458 4125 2472 4148 ,
2506 4083 2554 4134 id
2580 4095 2680 4144 est,
2730 4098 2757 4134 a
2789 4085 2978 4134 timore
3007 4083 3093 4134 illo
3123 4095 3278 4148 quem
3311 4084 3392 4134 iti-

1832 4153 2008 4207 lerunt
2035 4157 2298 4216 nocturni,
2349 4154 2396 4206 id
2429 4162 2529 4216 est,
2563 4154 2794 4203 bteretici
2837 4153 2888 4204 in
2929 4165 3081 4204 noete
3123 4153 3398 4205 ambulau-

1833 4231 1932 4287 tes,
1959 4234 2012 4276 et
2041 4225 2171 4275 alios
2203 4223 2255 4275 in
2289 4232 2442 4275 nocte
2473 4225 2778 4287 pertrahere
2823 4221 3143 4274 lalmrantes.
3194 4223 3258 4274 Et
3287 4238 3389 4274 non

1833 4294 2096 4346 timebunt
2119 4310 2149 4342 a
2176 4294 2360 4361 sagitta
2386 4290 2584 4342 volante
2605 4292 2652 4340 in
2677 4291 2775 4361 die,
2805 4292 2854 4342 id
2883 4299 2980 4353 est,
3013 4295 3080 4344 ab
3099 4294 3393 4359 arrogantia

1831 4374 1883 4414 et
1929 4377 2059 4414 vana
2103 4360 2289 4430 gloria,
2339 4377 2455 4428 qua:
2504 4360 2796 4426 procedunt
2846 4362 2912 4414 de
2958 4361 3066 4422 die,
3113 4364 3159 4412 id
3190 4371 3292 4421 est,
3327 4365 3394 4414 de

1835 4433 2202 4498 proSperitaie.
2229 4431 2339 4484 Nec
2363 4430 2615 4483 timebunt
2635 4446 2666 4481 a
2687 4431 2909 4498 negotio,
2942 4432 3107 4494 idest,
3131 4433 3198 4484 ab
3217 4446 3398 4486 errore

1761 4491 1807 4552 ι)
1834 4491 2202 4555 lizerettcorutn
2231 4501 2577 4568 quorumdam
2609 4491 3007 4567 perambulante,
3053 4491 3104 4553 id
3135 4512 3238 4566 est,
3266 4514 3397 4567 per-

1831 4581 2107 4624 severante
2147 4572 2196 4623 iu
2238 4571 2470 4633 tenebris,
2523 4571 2573 4624 id
2601 4580 2699 4636 est,
2746 4571 2798 4623 in
2827 4585 2986 4624 carne
3032 4570 3246 4634 Christi,
3277 4586 3398 4638 qua:

1830 4641 2026 4695 dicitttr
2073 4641 2304 4694 tenebrie
2350 4651 2590 4707 respectu
2629 4642 2938 4694 divinitatis.
2985 4639 3216 4692 Fuerunt
3253 4642 3395 4694 enim

1834 4711 2070 4764 lliltl'eliCi
2101 4713 2188 4779 qui
2213 4711 2452 4763 dicerent
2475 4711 2752 4764 Dominum
2779 4724 3012 4763 nosrrum
3037 4709 3218 4779 .lesutn
3244 4707 3396 4761 Chri~

1830 4792 1969 4835 stum
2014 4778 2396 4846 pltaiitasiicum
2423 4794 2617 4846 corpus
2649 4782 2863 4841 habt-re,
2911 4779 3000 4831 alii
3031 4782 3117 4846 qui
3161 4778 3402 4832 dicerent

1832 4866 1952 4905 eum
1985 4866 2086 4903 non
2114 4861 2284 4902 satum
2312 4850 2378 4902 de
2402 4854 2620 4918 virgine.
2656 4853 2749 4903 sed
2775 4849 2842 4903 de
2869 4849 3106 4909 muliere,
3134 4858 3187 4899 et
3210 4850 3392 4918 multa:

1831 4923 1948 4974 alue
1979 4925 2206 4972 haereses
2250 4917 2554 4987 hujusntodi
2600 4921 2744 4973 luere
2789 4921 2855 4971 tle
2899 4919 3014 4982 eius
3045 4917 3395 4970 humanitate.

1832 4992 2012 5057 Neque
2052 4990 2311 5042 timebunt
2334 4993 2407 5043 tui
2433 4990 2495 5042 ab
2518 4992 2726 5042 incursu
2746 5000 2793 5042 et
2820 4989 3066 5040 dteutouio
3093 4988 3396 5057 meridiano,

1832 5063 1882 5115 id
1910 5056 2009 5122 est,
2041 5075 2070 5110 a
2092 5061 2418 5113 daemoniaco
2447 5070 2503 5113 et
2531 5059 2825 5113 vehementi
2855 5059 3050 5122 studio,
3081 5058 3170 5126 qui
3198 5056 3266 5109 ad
3299 5060 3398 5109 hoc

1834 5131 2096 5193 laborant,
2129 5144 2182 5180 ut
2223 5131 2491 5197 decipiant
2536 5131 2586 5182 itt
2617 5128 2858 5191 meridie,
2912 5126 2963 5180 id
3007 5136 3110 5197 est,
3162 5127 3302 5197 iure
3330 5127 3399 5182 ita

1833 5205 1972 5255 clara
2005 5210 2055 5251 et
2085 5200 2272 5263 lucida,
2305 5195 2436 5252 sicut
2466 5201 2637 5260 clarus
2659 5208 2740 5250 est.
2767 5206 2843 5250 sol
2874 5197 2925 5250 in
2949 5196 3202 5261 meridie,
3228 5195 3276 5248 id
3295 5207 3392 5260 εει,

1834 5271 1886 5324 in
1917 5269 2208 5333 divinitate,
2262 5272 2498 5322 dicentes
2531 5270 2717 5320 lt'tlium
2767 5269 3025 5319 minorem
3067 5266 3244 5327 Patre,
3280 5282 3398 5318 cum

1836 5339 2173 5392 manifestum
2203 5341 2271 5391 sit
2295 5353 2416 5392 eum
2443 5339 2697 5405 aequalem
2741 5353 2858 5391 esse
2890 5338 3061 5401 Patri,
3094 5345 3146 5388 et
3171 5340 3398 5388 consub-

1835 5410 2133 5464 stantialem
2165 5425 2176 5461 :
2211 5422 2318 5461 tum
2365 5423 2427 5462 ett
2459 5415 2536 5459 tot
2563 5409 2718 5460 dictis
2745 5407 2882 5476 ejus,
2924 5405 3203 5476 quia_uisit
3240 5422 3280 5476 εΔ
3301 5405 3402 5467 Qui

1833 5483 1966 5532 videt
1995 5495 2094 5542 me,
2125 5479 2257 5531 videt
2292 5488 2339 5530 et
2394 5476 2599 5529 Patrem
2649 5472 2854 5539 meum;
2895 5472 2985 5529 et:
3023 5473 3132 5544 Ego
3165 5485 3211 5528 et
3245 5472 3403 5526 Pater

1835 5566 1992 5601 unum
2022 5564 2215 5613 sumus,
2248 5559 2298 5600 et
2324 5551 2482 5607 multa
2533 5547 2652 5599 talia
2680 5564 2694 5612 ;
2728 5558 2837 5598 tum
2868 5551 3026 5600 etiam
3056 5563 3120 5600 ex
3149 5546 3400 5613 operibus

1836 5621 1972 5686 ejus,
2003 5617 2069 5672 de
2092 5619 2282 5685 quibus
2311 5619 2506 5669 dictum
2537 5629 2617 5676 est
2645 5639 2656 5668 :
2707 5616 2871 5668 Nemo
2912 5627 3067 5682 potest
3107 5621 3219 5671 lttec
3251 5616 3399 5685 signa

1835 5685 2002 5759 facem
2029 5703 2140 5757 qum
2168 5697 2220 5738 tu
2259 5686 2406 5759 fucis,
2432 5687 2537 5759 nisi
2569 5685 2704 5740 Deus
2734 5688 2878 5759 fuerit
2909 5702 3023 5759 cum
3050 5689 3158 5739 illo.

1909 5753 2099 5813 Cadent
2129 5775 2157 5810 rt
2185 5759 2358 5811 latere.
2391 5757 2514 5812 Ideo
2543 5759 2614 5810 tui
2647 5753 2744 5811 non
2778 5756 3035 5810 timebunt
3061 5773 3092 5809 a
3111 5759 3287 5810 timore.
3309 5768 3409 5806 no-
