4006 6364
594 303 707 360 975

1061 301 1263 356 BEDZE
1310 297 1757 356 VICNERAIBILIS
1796 299 1944 354 OI‘P.
1990 296 2162 352 PARS
2203 296 2265 350 ll.
2308 294 2501 352 SECT.
2539 297 2598 349 ll.
2631 327 2700 337 —-
2743 296 2942 352 DUBIA
2988 298 3075 353 ET
3115 299 3380 355 SPURM.
3743 299 3824 356 976

592 430 773 474 σιω-πο
801 426 853 471 ει
897 430 923 468 τι
951 416 1152 468 cunctis
1181 414 1464 482 prmdictis,
1522 415 1641 480 quia
1675 414 1760 466 mil
1786 430 1815 467 e
1856 413 2011 479 hujus
2045 422 2156 464 teu-
2189 416 2225 468 Α
2265 407 2439 482 minus
2469 409 2620 482 Pater
2650 411 2926 482 mandavit,
2955 409 3004 462 id
3035 419 3136 474 est,
3173 411 3273 463 hoc
3305 419 3629 479 przcceptum
3655 417 3829 476 angelis

593 489 805 544 tationis
835 486 1042 539 cadent.
1067 488 1106 539 A
1140 486 1348 538 sinistra
1379 495 1554 539 autem
1587 494 1670 538 ιιιει
1703 486 1919 538 deberet
1957 484 2153 541 dicere,

592 565 717 629 quia
743 561 793 610 in
823 557 988 629 altera
1022 565 1168 623 parte
1199 557 1345 629 ponit
1391 556 1683 629 aduenis;
1735 555 1995 629 scd-quiu-
2032 553 2155 603 nihil

503 641 508 646 '
592 624 646 685 in
683 631 787 680 Deo
815 627 1085 678 sinistrum
1118 636 1219 687 est,
1253 625 1372 677 ideo
1400 627 1708 692 simpliciter
1739 626 1885 691 ponit
1920 641 1950 674 a
1977 624 2157 687 latere,

592 711 646 754 et
678 709 820 751 notat
854 696 969 748 illos
999 696 1084 763 qui
1111 695 1354 748 laterales
1383 695 1496 763 ejus
1519 704 1694 757 erunt,
1726 694 1776 746 id
1797 703 1896 758 est,
1925 694 2012 761 qui
2039 709 2157 746 eum

590 765 1022 828 circumdabant,
1053 765 1301 817 radentes
1349 780 1474 818 vero
1517 779 1542 816 a
1572 766 1777 818 dextris
1817 764 2008 831 accipit
2035 778 2152 829 prr-

591 839 929 892 t'erlissimos.
981 836 1042 886 Izt
1084 835 1203 886 ideo
1225 835 1367 896 dicit,
1414 835 1534 898 quia
1577 836 1732 887 etiam
1781 835 1965 888 decem
1996 833 2159 886 millia

594 905 896 974 hujusntodi
919 905 1268 956 tentationutn
1291 905 1654 957 ha-reticarinn
1673 904 1863 957 cadent
1882 904 1998 956 sine
2015 901 2158 974 omni

506 993 509 999 τ
588 972 778 1031 allecto
808 991 835 1028 a
867 975 1072 1027 dextris
1104 977 1228 1032 tuis,
1278 974 1325 1027 id
1355 986 1458 1036 est,
1511 975 1577 1026 ab
1609 975 1713 1028 illis
1757 974 1848 1042 qui
1893 972 2160 1041 pertinent

589 1049 654 1100 ad
678 1047 916 1100 dextram
950 1057 1112 1105 tuam,
1165 1044 1213 1095 id
1238 1053 1339 1106 est,
1390 1045 1452 1096 ad
1483 1045 1686 1106 potiora
1738 1046 1869 1096 bona
1902 1053 2007 1097 tua.
2055 1042 2159 1095 Sed

587 1119 677 1186 (ac
705 1118 746 1169 si
781 1114 943 1186 dii-at)
989 1115 1238 1186 quarm-is
1270 1115 1460 1186 cadant
1507 1129 1536 1165 ιι
1569 1114 1730 1166 latere
1753 1124 1831 1186 et
1874 1129 1900 1162 a
1932 1114 2154 1175 dextris,

585 1183 764 1242 (utnon
805 1183 1094 1237 sine'omni
1133 1183 1347 1235 lzrsione
1395 1185 1626 1246 illoiun,
1675 1185 1926 1250 quianon
1968 1199 2158 1250 appro-

585 1256 850 1323 pinqnabit
899 1256 1142 1306 incursus
1191 1265 1240 1305 ct
1289 1254 1606 1304 ιΙαῚιιιιιιιυιιι
1655 1254 2041 1316 meridianum,
2075 1255 2156 1308 vel

564 1326 779 1389 aliquid
810 1340 964 1391 supra
995 1323 1256 1375 dictorum
1287 1325 1352 1374 ad
1376 1333 1439 1385 te,
1487 1330 1543 1376 ut
1568 1325 1728 1388 prius.

667 1397 1040 1448 Verumtamen.
1090 1393 1202 1446 Non
1232 1394 1557 1460 appmpinqu
1597 1393 1671 1446 bit
1715 1392 1926 1461 quidem
1975 1391 2159 1461 hujus—

590 1466 980 1520 moditematio
1009 1462 1072 1514 ad
1107 1472 1242 1525 tuos,
1277 1464 1367 1515 sed
1402 1473 1575 1515 tamen
1608 1480 1710 1514 non
1741 1463 1856 1516 sine
1887 1477 2047 1514 causa
2076 1475 2159 1515 est

586 1538 725 1600 quod
757 1545 1041 1596 tentantur,
1078 1533 1195 1598 quia
1231 1533 1330 1585 hoc
1367 1535 1422 1584 Iit
1451 1535 1514 1585 ad
1542 1549 1724 1585 eorum
1767 1533 2153 1600 probationem,

585 1619 640 1661 et
671 1605 1014 1659 lentationum
1041 1603 1454 1655 damnationem.

662 1677 914 1740 Quoniam
944 1683 996 1725 lu
1018 1688 1089 1725 es.
1142 1672 1336 1726 Eodem
1380 1672 1535 1725 modo
1563 1673 1802 1725 continet
1847 1671 1898 1725 in
1934 1683 2156 1737 utraque

584 1745 868 1819 sententia,
905 1745 998 1806 ita,
1033 1744 1248 1819 ⁸ειείιὶιξυι,
1278 1760 1290 1794 :
1349 1743 1412 1819 lit
1436 1743 1552 1796 ideo
1583 1759 1685 1819 non
1731 1744 2156 1819 appropinquabit
2195 1763 2234 1819 η

573 1820 650 1868 ad
675 1827 741 1878 te,
770 1815 820 1867 id
852 1822 952 1874 est,
982 1813 1044 1863 ad
1072 1824 1210 1870 tuos.
1261 1813 1497 1881 quoniam
1536 1821 1612 1870 tu.
1646 1812 1861 1866 Domine
1890 1819 2062 1876 l'ater,
2101 1831 2154 1866 es

582 1903 698 1953 spes
729 1901 862 1944 mea,
893 1884 944 1936 id
976 1894 1079 1945 est,
1111 1896 1253 1953 spes
1299 1897 1557 1953 meorum.
1603 1882 1664 1934 Et
1711 1885 1761 1935 in
1807 1883 1906 1935 hoc
1954 1884 2074 1935 dico
2102 1901 2160 1937 es

584 1951 711 2024 spes
743 1952 1152 2024 meorutu,_quia
1184 1969 1265 2004 me
1291 1951 1539 2024 refugium
1571 1960 1741 2024 tuum,
1772 1953 1821 2005 id
1853 1964 1954 2013 est,
2003 1971 2156 2018 quem

579 2021 689 2079 illis
715 2024 912 2078 fecistis
938 2021 1218 2091 refugium,
1247 2023 1458 2086 posuisti
1489 2023 1812 2084 altissimum,
1847 2024 1895 2075 id
1920 2033 2018 2085 est,
2050 2041 2160 2076 tutt-

589 2097 928 2156 nitissimum,
955 2095 1173 2154 scilicet,
1203 2093 1267 2145 ad
1299 2108 1452 2159 mium
1486 2093 1661 2144 nullus
1703 2093 1894 2158 bouis,
1927 2108 2022 2146 nec
2048 2109 2158 2148 cm-

584 2168 692 2220 Ium
723 2165 935 2224 aliquod
965 2175 1195 2214 noenum
1229 2162 1525 2230 pertingere
1553 2162 1736 2226 possit.
1783 2165 2008 2217 Attende
2031 2180 2158 2230 quo-

585 2234 744 2289 modo
783 2233 1039 2286 Dnniuus
1071 2242 1270 2293 noster,
1320 2232 1368 2284 id
1393 2244 1494 2297 ρει,
1523 2231 1784 2294 Christus,
1833 2234 1899 2286 sit
1943 2247 2066 2296 Spes
2105 2244 2159 2288 et

585 2305 907 2359 resurrectio
935 2316 1170 2355 suorum.
1204 2303 1499 2355 Ilumanum
1531 2318 1695 2370 genus
1728 2303 1991 2356 hominem
2025 2306 2155 2358 mori

583 2382 827 2436 noverat,
857 2386 1138 2439 resurgere
1166 2381 1342 2425 autem
1376 2387 1480 2425 non
1513 2384 1772 2434 noverat;
1824 2373 1947 2441 quid
2001 2375 2156 2426 time-

583 2457 665 2499 ret
695 2444 940 2507 habebat,
972 2443 1062 2494 sed
1089 2441 1228 2495 unde
1253 2451 1490 2505 speraret
1519 2459 1620 2494 non
1653 2443 1898 2497 habebai.
1934 2443 2000 2498 Ut
2030 2460 2156 2511 ergo

581 2517 670 2583 qui
700 2523 914 2583 propter
939 2513 1179 2583 timorem
1217 2513 1337 2565 fecit
1368 2522 1590 2565 mortem
1620 2528 1834 2579 promer
1882 2517 2152 2581 pranninm

582 2582 771 2638 intuta:
821 2585 939 2636 vitae
965 2582 1119 2635 daret
1157 2597 1329 2650 spem,
1359 2585 1786 2644 resurreczionis,
1837 2599 1982 2648 prior
2014 2600 2155 2637 moro

581 2667 706 2708 tuus
733 2662 816 2707 est
845 2651 1100 2706 Dominus
1121 2649 1277 2706 Jesus
1304 2649 1565 2715 Christus,
1595 2661 1648 2705 et
1679 2657 1989 2706 resurrexit.
2015 2655 2154 2708 Mero

583 2735 700 2777 tuus
727 2723 939 2792 quidem
985 2732 1065 2792 est
1093 2731 1211 2791 post
1240 2722 1458 2786 multos,
1517 2723 1810 2776 resurrexit
1861 2738 1985 2776 vero
2031 2735 2155 2780 ante

585 2808 789 2849 omnes.
821 2791 1092 2844 Morientlo
1139 2792 1260 2844 iecit
1289 2794 1425 2856 quod
1460 2793 1609 2844 inulti
1639 2803 1762 2846 ante
1791 2808 1932 2858 eum,
1980 2810 2156 2848 resuro

582 2862 757 2934 gendo
783 2877 910 2934 vero
958 2861 1094 2934 gitod
1127 2863 1298 2913 nullus
1325 2871 1446 2914 ante
1473 2878 1615 2934 eum,
1665 2874 1724 2916 ut
1749 2881 1847 2924 ego
1875 2879 2022 2929 suum
2073 2881 2154 2919 re-

585 2929 930 2988 surrecdonis
959 2929 1210 2983 haberem
1242 2946 1401 2998 quam
1427 2947 1530 2983 non
1555 2932 1836 2984 habebam.
1887 2935 2044 2998 Quasi
2070 2937 2150 2988 di-

583 3016 707 3057 cat:
742 3001 1122 3063 Ilesurrexisti,
1159 3000 1467 3064 ascendisti,
1521 3012 1574 3054 ut
1604 3018 1700 3070 ego
1751 3019 2018 3070 :peraretn
2069 3021 2153 3059 me

583 3084 886 3129 secuturum
914 3083 1019 3134 quo
1050 3079 1103 3122 lu
1133 3071 1466 3138 praaceSsisti.

657 3143 775 3197 Non
797 3139 996 3193 accedet
1035 3142 1100 3192 ad
1125 3151 1174 3212 te
1200 3140 1414 3194 malum.
1467 3141 1652 3194 Merito
1682 3142 1789 3195 disi
1831 3153 1970 3195 tuum
2013 3146 2147 3212 refu-

583 3213 1055 3279 ginmaltissimum.
1092 3211 1208 3278 quia
1239 3227 1339 3262 non
1361 3221 1558 3264 accedet
1581 3213 1808 3279 amplius
1831 3211 2155 3267 tabernaculo

574 3275 688 3336 tuo.
741 3275 1164 3350 'l‘abernaculuiu
1219 3280 1417 3333 Christi
1465 3291 1614 3335 vocnt
1657 3275 1899 3348 carnem,
1947 3284 2014 3337 de
2053 3301 2154 3350 qua

584 3355 784 3406 dictum
812 3361 894 3404 est
919 3368 932 3404 :
988 3349 1207 3403 Verbum
1234 3366 1352 3402 caro
1381 3351 1571 3418 factum
1601 3362 1702 3416 est,
1751 3363 1798 3405 et
1839 3354 2076 3406 habitavit
2107 3361 2157 3408 in

583 3424 747 3486 nobis,
771 3432 874 3476 etc.
910 3421 1031 3492 ilice
1057 3421 1241 3474 eadem
1285 3436 1410 3492 caro
1454 3422 1670 3488 Christi,
1717 3433 1798 3476 est
1843 3439 2036 3492 spoosa
2068 3426 2157 3478 illa

587 3508 745 3561 quam
775 3493 885 3562 ipsi
901 3491 999 3562 sibi
1028 3492 1261 3562 adduxit.
1317 3491 1482 3558 tlujus
1514 3493 1774 3562 thalamus
1806 3491 1889 3546 est
1941 3497 2158 3562 virginis

589 3558 808 3616 uterus;
847 3558 993 3612 Unde
1021 3561 1148 3614 dicit
1195 3563 1479 3626 Apostolus
1515 3581 1526 3614 :
1584 3561 1748 3614 Erunt
1775 3565 1878 3616 duo
1923 3566 1974 3617 in
2008 3558 2159 3619 carne

587 3649 712 3702 una.
753 3631 1143 3702 Sacramentunt
1185 3630 1544 3702 Itocgmagnnm
1580 3641 1672 3695 est,
1720 3649 1812 3702 ego
1847 3645 2015 3687 autem
2044 3638 2160 3689 dico

586 3705 641 3772 in
670 3700 868 3753 Christo
914 3711 958 3752 et
1007 3700 1059 3751 in
1091 3698 1357 3772 Ecclesia.
1393 3698 1449 3753 In
1500 3702 1597 3754 hoc
1628 3698 1770 3772 ergo
1821 3706 2160 3759 tabernaculo

586 3771 876 3836 imperator
906 3777 1083 3821 noster
1115 3784 1208 3835 pro
1239 3771 1390 3822 nobis
1422 3771 1682 3825 militavit.
1717 3771 1792 3824 Et
1822 3791 1884 3826 ne
1915 3790 2010 3829 nos
2042 3777 2159 3828 vin-

585 3854 848 3914 ceremur,
877 3839 1065 3914 tentari
1095 3853 1152 3891 se
1175 3839 1562 3914 pertuisit._Ncc
1581 3845 1995 3914 prieterenudum
2021 3848 2159 3914 quod

585 3910 652 3963 ad
703 3911 1104 3962 instructionem
1149 3917 1384 3962 nostram
1436 3911 1534 3964 hoc
1582 3912 1746 3964 dicit:
1799 3913 1919 3966 Non
1961 3910 2162 3968 accedet

588 3986 655 4032 nd
687 3991 733 4032 te
763 3981 972 4050 malum.
1005 3987 1051 4030 et
1078 3977 1338 4045 ﬂagellant
1363 3995 1460 4032 non
1486 3984 1906 4050 appropinquabit
1927 3988 2163 4039 taberna-

586 4051 703 4103 cula
731 4062 837 4111 tuo,
873 4049 1092 4111 scilicet,
1126 4057 1259 4120 uti-t
1303 4064 1398 4104 nos
1428 4066 1546 4116 quas
1593 4051 1705 4118 ipse
1751 4049 1936 4120 passus
1979 4069 2078 4118 «sn,
2110 4069 2164 4111 et

589 4135 696 4185 quo
737 4121 840 4172 line
866 4132 1076 4186 passus,
1107 4118 1389 4186 patiamur,
1437 4134 1490 4174 et
1518 4120 1585 4174 ad
1615 4118 1851 4176 eamdem
1899 4130 2162 4180 securita-

587 4200 694 4243 tem
726 4189 1114 4257 perveniamus.

662 4259 916 4330 Quoniam
937 4257 1156 4330 gangett's
1182 4258 1309 4312 suis.
1356 4259 1497 4315 Istud
1545 4260 1640 4315 fuit
1687 4264 2052 4330 prophetatum
2097 4269 2164 4324 de

589 4326 904 4382 ascensione
931 4327 1146 4380 Domini
1175 4331 1364 4391 nostri,
1392 4331 1440 4383 id
1469 4341 1570 4396 est,
1595 4326 1825 4396 Christi;
1859 4337 1952 4390 sed
1981 4339 2164 4391 diabo-

591 4400 674 4452 lus
713 4408 796 4451 est
825 4398 1022 4470 abusus
1047 4397 1291 4470 ‘veritate
1330 4400 1381 4452 in
1431 4400 1544 4468 ejus
1593 4408 1904 4470 tent:.tione,
1953 4417 2007 4461 et
2045 4408 2164 4464 hinc

2180 3107 2227 3169 C

2260 480 2369 532 suis
2399 479 2460 531 de
2487 487 2534 532 te
2580 478 2724 542 fecit,
2771 490 2824 530 ut
2853 481 3139 532 custodiant
3173 491 3218 532 te
3268 490 3322 534 ct
3356 478 3490 534 tuos'
3517 482 3571 533 in
3619 484 3828 537 omnibus

2262 550 2374 611 viis,
2431 550 2480 600 id
2531 560 2634 612 est,
2691 554 2740 601 in
2771 551 3016 604 omnibus
3063 551 3316 618 operibus
3361 551 3465 604 tuis
3515 559 3573 605 et
3618 561 3827 609 tuorum.

2262 619 2411 688 Scire
2437 619 2689 671 debemus
2717 620 3008 688 angelicam
3041 621 3335 673 custodiam
3367 621 3589 673 Christo
3635 638 3737 674 non
3760 630 3830 676 de-

2261 686 2448 753 fuisse,
2483 691 2622 741 unde
2661 686 2817 742 etiam
2865 690 3060 742 dii-tum
3088 699 3206 742 est:
3261 691 3517 753 Apparuit
3563 693 3609 742 ei
3646 695 3831 755 augetis

2263 758 2470 811 Damini
2509 764 2800 825 confortans
2823 776 2960 811 eum.
3006 759 3072 811 Et
3103 761 3225 812 item
3251 776 3265 814 :
3299 761 3637 814 Accesserant
3665 764 3830 828 angeli,

2263 841 2309 881 et
2336 829 2689 882 ministrabant
2729 831 2793 881 ei.
2849 831 2962 882 Non
2995 841 3169 884 tamen
3219 833 3357 896 quod
3385 832 3654 884 custodiri
3681 832 3829 899 aliqua

2263 899 2420 970 modo
2447 911 2588 952 esset
2617 901 2664 952 ei
2697 899 3083 965 necessarium,
3107 899 3201 953 sed
3231 910 3407 955 tamen
3435 912 3663 970 propter
3690 904 3831 955 llOuo-

2262 967 2580 1022 riﬁcentiam
2613 981 2666 1023 et
2698 970 3072 1022 ministerium.

2333 1038 2398 1090 In
2430 1040 2662 1090 manibus
2693 1041 2986 1105 portabant.
3015 1039 3175 1106 Quasi
3203 1041 3376 1095 dicat:
3426 1040 3569 1106 Quia
3602 1041 3831 1107 prmcepit

2267 1107 2521 1161 Dominus
2549 1109 2752 1176 angelis
2778 1111 2888 1162 suis
2915 1119 2970 1162 ut
2993 1111 3322 1164 custodirent
3346 1121 3419 1175 te,
3452 1113 3576 1164 ideo
3610 1113 3709 1178 ipsi
3739 1128 3831 1172 por-

2260 1178 2441 1231 tabunt
2479 1188 2523 1230 te
2555 1181 2786 1230 manibus
2811 1181 2916 1232 suis
2946 1182 2996 1232 in
3026 1182 3244 1246 malum,
3298 1196 3402 1234 u:=n
3433 1181 3579 1248 quod
3622 1181 3833 1234 ruiturus

2261 1263 2408 1318 esses
2432 1252 2474 1302 si
2505 1265 2608 1318 non
2637 1258 2928 1316 port:rettl,
2981 1252 3074 1302 sed
3106 1255 3226 1318 quia
3260 1252 3735 1305 honoriﬁcentiam
3763 1268 3834 1306 cx-

2263 1316 2464 1372 hibent.
2498 1317 2779 1370 Portabant
2809 1330 2872 1382 te,
2909 1316 3140 1386 iu-iuam,
3175 1321 3460 1384 inanium,
3495 1330 3557 1375 ut
3580 1322 3710 1374 inde
3738 1324 3834 1375 mit-

2263 1399 2340 1441 tas
2367 1388 2620 1458 Spiritum
2667 1403 2936 1459 saucinm,
2976 1391 3064 1453 qui
3107 1392 3266 1444 corda
3302 1405 3515 1444 tuorum
3565 1391 3639 1444 de
3667 1395 3834 1446 timore

2261 1469 2541 1512 convertat
2570 1461 2620 1511 in
2643 1474 2903 1514 amorem.
2936 1460 3013 1512 Ad
3043 1461 3162 1525 hoc,
3190 1477 3251 1514 ne
3272 1464 3404 1530 forte
3427 1462 3667 1525 amplius
3698 1461 3834 1522 elicit-

2261 1531 2355 1600 das
2383 1531 2558 1596 pedem
2580 1539 2746 1600 tuum,
2800 1533 2886 1590 qui
2920 1530 3095 1583 adhuc
3127 1532 3178 1583 in
3205 1540 3344 1584 terra
3374 1547 3452 1592 es,
3506 1531 3577 1583 ad
3605 1532 3833 1600 lapidem.

2264 1597 2371 1651 IIoc
2402 1610 2504 1661 est,
2545 1615 2610 1652 ne
2641 1599 2711 1651 illi
2742 1600 2830 1667 qui
2863 1615 2956 1668 pes
2988 1611 3106 1654 tuus
3137 1611 3261 1654 sunt
3287 1601 3632 1654 oll'endantur
3667 1597 3740 1653 ad
3761 1603 3836 1654 du-

2264 1668 2438 1721 ritiam
2469 1669 2601 1736 legis
2627 1672 2800 1734 potius
2832 1673 2967 1723 bene
2989 1671 3260 1734 Operaudo
3287 1672 3473 1725 timore
3501 1686 3682 1737 omne
3707 1689 3836 1738 quam

2262 1753 2444 1809 amme
2468 1738 2709 1806 jltstilim.
2763 1738 2934 1809 Pedes
2961 1741 3158 1794 Christi
3201 1742 3446 1795 d:0tllllur
3476 1743 3550 1794 illi
3593 1755 3700 1809 per
3726 1757 3837 1809 quos

2266 1808 2377 1875 ipse
2408 1817 2572 1861 totum
2617 1808 2871 1862 mundum
2906 1811 3227 1879 peragravit,
3272 1827 3392 1880 quia
3441 1813 3494 1863 in
3521 1808 3838 1864 omnenrtcr-

2263 1895 2374 1930 rant
2402 1880 2554 1932 exivit
2584 1896 2736 1932 sonus
2758 1896 2952 1932 eorum.
2986 1882 3086 1944 Qui
3113 1882 3273 1949 pedes
3301 1898 3328 1933 a
3351 1882 3526 1948 capite
3551 1897 3682 1946 suo,
3720 1885 3835 1950 quod

2257 1952 2366 2020 jam
2393 1963 2600 2020 sursum
2628 1959 2728 2010 est,
2761 1951 3158 2020 distinguuntur
3184 1952 3312 2004 locis
3341 1953 3578 2017 quidem,
3613 1958 3724 2004 Sed
3755 1969 3836 2006 non

2264 2019 2365 2083 piis
2406 2018 2796 2072 ali'ectionibus.
2848 2018 2999 2085 Quod
3049 2031 3226 2074 autem
3279 2021 3488 2075 affectio
3518 2023 3690 2074 simul
3731 2024 3839 2089 sint,

2264 2090 2658 2158 ip-elhnuinus
2688 2095 2942 2154 ostendit,
2975 2107 3095 2144 cum
3125 2092 3452 2158 persecutori
3482 2092 3653 2145 Paulo
3684 2091 3837 2147 dixit:

2266 2157 2446 2230 Saale,
2479 2158 2658 2222 Saule,
2689 2161 2812 2228 quid
2844 2176 2922 2212 me
2947 2157 3297 2230 persequeris?

2330 2227 2499 2297 Super
2519 2227 2746 2296 aspidem
2790 2239 2835 2282 et
2865 2227 3172 2283 basiltscuin.
3207 2231 3272 2284 Et
3316 2233 3433 2294 quia
3479 2247 3573 2296 pes
3601 2242 3743 2288 titus
3784 2234 3836 2287 ad

2263 2295 2489 2364 lapidem
2536 2295 2639 2352 non
2697 2299 3025 2362 olI‘endetur,
3076 2304 3194 2352 ideo
3241 2295 3535 2354 ambulabis
3566 2343 3582 2363 ,
3645 2306 3702 2356 id
3747 2315 3832 2367 est,

2259 2369 2599 2420 ambulabunt
2649 2371 2718 2420 ιιιί
2758 2387 2909 2438 super
2952 2372 3182 2435 aspidem
3207 2382 3254 2423 et
3295 2374 3609 2434 busiliscnm,
3669 2377 3726 2427 id
3755 2387 3838 2436 est,

2257 2438 2571 2503 simpliciter
2590 2440 2769 2491 omnia
2795 2440 2912 2492 uoci
2925 2456 2978 2492 va
2993 2450 3336 2495 contentuent
3356 2451 3411 2495 et
3427 2445 3834 2498 COIICUit'abllnl.

2264 2506 2361 2582 _I-’er
2413 2509 2750 2582 hasiliseinn,
2804 2511 2891 2582 qui
2939 2513 3394 2578 rex'serpentium
3437 2522 3558 2574 est.
3612 2517 3838 2582 Iule.“th

2260 2574 2430 2643 ipsum
2454 2591 2610 2646 caput
2635 2579 3043 2647 dzetuoniutum,
3078 2574 3426 2648 per—asliidcm
3453 2599 3578 2636 vero
3604 2574 3835 2639 subditas

2261 2648 2332 2699 illi
2369 2649 2548 2713 Capiti.

2343 2715 2407 2768 Et
2435 2717 2752 2770 conculcabis
2789 2723 2981 2772 leonem
3033 2730 3082 2774 et
3115 2721 3403 2776 draconem.
3457 2724 3602 2778 Idem
3629 2736 3723 2778 est
3755 2730 3838 2788 leo,

2259 2788 2348 2856 qui
2381 2797 2435 2840 et
2460 2791 2646 2852 draco,
2701 2790 2751 2861 id
2777 2799 2879 2854 est,
2932 2791 3048 2856 ipse
3081 2791 3344 2856 diabolus,
3395 2795 3486 2861 qui
3533 2798 3759 2860 quando
3797 2801 3836 2846 iu

2259 2873 2356 2910 nos
2387 2867 2573 2924 aperte
2603 2860 2782 2923 saevit,
2822 2869 2906 2914 est
2944 2863 3068 2924 leo;
3103 2865 3350 2927 quoniam
3384 2860 3505 2916 vero
3539 2866 3832 2921 insidiatur.

2261 2938 2345 3004 est
2385 2928 2568 3004 draco.
2625 2928 2735 2983 Sed
2765 2932 3079 3004 non_vincet
3125 2943 3176 2985 te
3219 2934 3322 2996 leo,
3379 2950 3481 2986 non
3534 2937 3772 3004 decipiet
3796 2949 3840 2990 te

2259 3001 2454 3050 draco:
2506 2999 2690 3051 vincas
2730 3015 2856 3067 ergo
2889 2999 3117 3066 leonem,
3165 3012 3219 3054 et
3261 3019 3364 3055 non
3395 3007 3608 3058 timebis
3657 2999 3840 3060 draca-

2260 3082 2402 3144 Iteiu.
2433 3069 2614 3144 Potest
2638 3069 2798 3121 etiam
2826 3084 2918 3144 per
2939 3069 3242 3144 duopriora
3270 3074 3408 3127 idem
3431 3075 3678 3144 intelligi,
3713 3078 3839 3142 quod

2259 3152 2356 3206 per
2385 3139 2496 3208 haec
2543 3140 2648 3189 duo
2680 3142 2993 3203 posteriora.
3043 3141 3098 3196 Si
3138 3146 3280 3196 enim
3334 3149 3434 3197 hoc
3481 3139 3840 3208 attendamus,

2257 3207 2397 3272 quod
2419 3207 2700 3260 basiliscos
2723 3210 2838 3262 solo
2869 3210 2995 3263 ﬂatu
3024 3213 3183 3265 etiam
3214 3227 3335 3267 cum
3366 3229 3469 3267 non
3502 3217 3738 3281 videtur,
3758 3207 3842 3269 no?

2257 3287 2361 3339 cet,
2393 3291 2488 3353 per
2508 3281 2804 3353 basiliscum
2837 3284 3136 3345 persecutio
3160 3283 3495 3338 fraudulenta
3515 3286 3840 3353 designatur,

2261 3347 2613 3418 periaspidem
2644 3364 2790 3414 vero,
2823 3366 2940 3415 quae
2960 3353 3074 3405 solo
3100 3368 3304 3408 veneno
3334 3367 3508 3418 uocet,
3537 3347 3843 3410 manifesta.

2335 3417 2591 3494 Quoniam
2613 3420 2664 3470 in
2691 3435 2792 3494 me.
2825 3420 2916 3494 Sic
2943 3423 3282 3478 continuabis
3309 3442 3323 3476 :
3353 3417 3597 3478 Dominus
3618 3425 3842 3494 quidem

2260 3488 2519 3563 mandavit
2548 3504 2648 3557 ang
2682 3492 2743 3541 hs
2772 3491 2878 3563 sitis
2925 3500 2980 3543 ut
3029 3502 3079 3546 te
3118 3497 3469 3558 custodirent,
3515 3488 3649 3563 ipse,
3697 3497 3840 3558 dico,

2261 3558 2337 3611 sic
2370 3568 2420 3611 te
2449 3563 2526 3612 eis
2550 3560 2952 3630 commendans,
2985 3565 3228 3630 quoniam
3277 3567 3378 3619 iste
3410 3568 3460 3618 in
3489 3558 3549 3619 se
3575 3558 3712 3620 etin
3736 3568 3845 3620 suis

2262 3643 2366 3700 non
2398 3629 2826 3700 pra-sumpsitde
2854 3646 2934 3693 se,
2988 3629 3082 3684 Sed
3111 3636 3332 3700 sp.,ravit
3360 3637 3412 3687 in
3439 3653 3516 3688 me
3551 3638 3693 3699 Deo,
3725 3637 3842 3688 tibe-

2260 3696 2384 3750 rabo
2405 3701 2592 3772 euntin
2616 3701 2726 3753 suis
2747 3698 2892 3766 ipsos
2916 3696 3242 3767 Vocando,et
3263 3720 3477 3772 peccata
3505 3696 3842 3769 remiteudo,

2262 3776 2306 3822 et
2339 3777 2459 3841 post
2488 3767 2858 3824 liberationem
2906 3781 3167 3841 protegant
3218 3767 3380 3828 etiam
3428 3778 3482 3828 in
3519 3793 3634 3829 suis
3678 3779 3745 3831 ab
3765 3767 3841 3829 iné

2266 3839 2490 3912 cetitit°is
2517 3841 2785 3912 vitiorum.
2814 3841 2880 3893 Et
2907 3839 3119 3906 merito,
3140 3847 3380 3912 quoniam
3415 3849 3532 3912 ipse
3553 3856 3614 3906 et
3641 3852 3694 3900 iu
3724 3862 3778 3900 se
3797 3856 3842 3898 et

2265 3909 2314 3960 in
2333 3908 2442 3962 suis
2462 3911 2687 3977 cognovit
2705 3926 2882 3964 nomen
2897 3927 3083 3976 meum,
3101 3908 3322 3979 scilicet,
3343 3908 3842 3972 hoc‘nomenzDeus.

2264 3979 2412 4053 Quod
2439 3980 2614 4032 omnis
2639 3982 2728 4034 ille
2753 3996 2876 4035 vere
2903 3985 3194 4049 cognoscit,
3213 3990 3301 4053 qui
3329 3999 3383 4038 et
3401 3999 3466 4040 se
3483 3999 3843 4041 creaturamet

2265 4048 2436 4115 ipsum
2460 4059 2754 4104 creatorem
2780 4067 2900 4106 esse
2919 4048 3194 4107 uisccrnit.
3223 4048 3289 4108 Et
3315 4054 3438 4109 ideo
3464 4075 3572 4109 non
3601 4061 3704 4112 sibi
3724 4061 3842 4110 deus

2265 4133 2409 4192 esse,
2441 4133 2538 4172 nec
2561 4120 2628 4174 de
2650 4136 2746 4174 suo
2770 4132 2895 4174 nutu
2922 4124 3157 4190 pendete
3183 4128 3310 4192 vult,
3337 4126 3478 4181 sicut
3494 4130 3666 4184 miser
3689 4132 3839 4182 Adam

2268 4188 2410 4241 lecit.

2338 4256 2583 4336 Clamavit
2607 4261 2675 4336 ad
2702 4277 2800 4314 mc.
2831 4261 2960 4328 Quia
2992 4279 3173 4318 nomen
3201 4281 3367 4319 meum
3399 4270 3640 4336 cognorit
3667 4270 3775 4336 ipse
3797 4276 3842 4318 et

2267 4330 2369 4391 sui,
2401 4329 2520 4381 ideo
2550 4334 2618 4380 ad
2648 4348 2726 4382 me
2750 4342 2972 4393 tantum,
3024 4350 3126 4388 non
3158 4338 3222 4388 ad
3254 4338 3396 4391 aliud
3443 4329 3722 4402 clamavit;
3747 4341 3840 4391 cla-

2271 4408 2549 4452 maverunt
2578 4410 2632 4452 et
2672 4402 2772 4464 sui,
2823 4416 2875 4455 et
2925 4403 3042 4458 ideo
3083 4409 3354 4460 exaudiam
3387 4425 3508 4462 eum
3549 4422 3606 4463 et
3639 4410 3688 4462 in
3717 4418 3840 4461 seet

587 4470 749 4523 etiam
778 4465 1007 4542 tu‘axime
1043 4465 1226 4519 habuit
1255 4465 1586 4542 occasionem
1620 4476 1852 4528 tentandi
1877 4465 2017 4530 cum.
2065 4481 2160 4533 Pu-

2273 4470 2322 4542 i_n
2347 4469 2488 4542 _su_is.
2525 4471 2629 4542 Ero
2655 4486 2770 4523 cum
2801 4472 2909 4540 ipso
2939 4486 2994 4527 et
3021 4491 3138 4528 cum
3163 4477 3277 4530 suis
3306 4479 3361 4530 in
3403 4482 3761 4542 tribulatione,
3784 4493 3842 4528 ne

589 4542 723 4610 tavit
749 4537 894 4591 enim
925 4549 1143 4590 necesse
1164 4550 1282 4610 esse
1311 4539 1443 4610 lieri,
1466 4555 1584 4594 cum
1607 4544 1972 4610 prephetatnm
1999 4560 2160 4604 esset.

590 4609 848 4682 Dominus
877 4617 1054 4660 autem
1086 4620 1211 4682 vere
1241 4607 1290 4659 iu
1321 4609 1512 4682 cmlutu
1564 4607 1802 4666 ascendit
1833 4627 2070 4682 portatus
2100 4621 2167 4673 ab

589 4678 819 4748 angelis,
868 4692 973 4730 non
1025 4679 1171 4754 quod
1213 4679 1651 4754 essetnruiturus,
1701 4683 1742 4754 si
1792 4678 1860 4736 ab
1891 4687 2017 4754 ipsis
2062 4705 2166 4744 non

599 4745 924 4821 portaretur,
952 4747 1044 4800 sed
1074 4756 1130 4821 ut
1161 4745 1562 4821 honoriﬁcentia
1589 4761 1641 4803 et
1665 4745 1973 4821 obsequium
1999 4760 2046 4811 ei
2076 4776 2166 4812 ex-

592 4818 884 4894 hiberetur,
913 4825 967 4869 et
999 4827 1050 4868 ut
1083 4816 1308 4884 dignitch
1354 4821 1598 4894 humanm
1642 4816 1843 4877 naturae
1881 4839 2166 4894 assumptze

591 4904 686 4956 per
717 4889 816 4966 hoc
845 4890 1334 4966 demonstrat'ctur._
1379 4887 1438 4966 Et
1472 4888 1609 4966 sicut
1634 4895 1797 4966 prius
1845 4887 2168 4966 quinquage-

590 4961 729 5037 simo
759 4959 845 5010 die
868 4959 935 5037 ab
953 4958 1071 5026 agni
1104 4957 1367 5036 paschalis
1394 4958 1750 5037 immolatione
1769 4957 2020 5037 lex'data',
2048 4957 2165 5037 qine

588 5028 854 5082 incuteret
879 5028 1144 5090 timorem,
1198 5027 1268 5078 ita
1301 5037 1576 5093 postquam
1631 5031 1882 5087 Dominus
1926 5027 2166 5092 ascendit

589 5098 1026 5166 quinquagesimo
1067 5099 1152 5150 die
1181 5111 1211 5149 a
1253 5099 1359 5149 veri
1391 5096 1547 5163 Agui,
1589 5100 1637 5151 id
1667 5112 1769 5166 est,
1807 5118 1834 5153 a
1868 5120 1959 5158 sua
1993 5123 2165 5166 resur:

594 5170 854 5234 rectione,
883 5167 1136 5245 Spiritum
1166 5177 1419 5245 sanctum
1444 5171 1694 5236 apostolis
1723 5172 1886 5237 dedit,
1917 5180 2003 5245 qui
2032 5194 2164 5232 cou-

588 5241 1114 5315 verterettimorem
1166 5240 1215 5288 in
1266 5252 1524 5315 amorem,
1580 5250 1634 5292 ut
1678 5246 1813 5309 quod
1862 5240 1963 5297 non
1999 5254 2166 5315 potuit

590 5309 748 5384 tituor
776 5308 1013 5384 el’ticeret
1039 5322 1206 5384 auter.
1266 5307 1329 5360 Et
1357 5309 1424 5360 ita
1456 5324 1580 5363 suos
1624 5327 1650 5361 a
1678 5307 1831 5384 reatu
1875 5307 2011 5384 legis
2031 5319 2163 5373 lihe-

589 5380 748 5452 ravit,
780 5389 835 5431 ut
860 5377 991 5447 jam,
1041 5377 1262 5452 scilicet,
1312 5391 1549 5452 servaret
1591 5393 1640 5433 et
1669 5383 1810 5452 bene
1853 5377 2032 5452 agoret
2061 5406 2164 5445 nu.

592 5447 784 5502 timore
808 5466 819 5515 ι
841 5464 1000 5512 mute,
1048 5448 1142 5501 sed
1171 5462 1351 5500 amore
1376 5448 1614 5516 jttstiliat’.
1665 5451 1860 5504 Littera
1887 5447 1967 5509 sic
1997 5461 2163 5512 conti-

591 5527 785 5592 uuatur
813 5535 833 5592 :_
879 5518 1001 5570 Ideo
1027 5518 1147 5592 dico
1172 5520 1433 5587 ﬂagellant
1479 5537 1577 5573 non
1621 5523 2046 5592 tngoropinquabit
2087 5540 2163 5581 ta-

593 5587 864 5640 bernaculo
893 5596 1000 5667 tuo,
1031 5589 1151 5667 quia
1180 5592 1306 5667 illuc
1331 5592 1612 5667 portabunt
1656 5587 1926 5667 angeli,
1979 5613 2083 5667 quo
2112 5602 2161 5652 in

590 5665 849 5708 arte-roum
883 5659 1001 5709 mali
1032 5659 1225 5724 aliquid
1271 5675 1374 5711 non
1408 5662 1629 5715 accedit.
1686 5659 1829 5716 Ila-c'
1851 5659 1932 5719 est
1958 5659 2160 5723 summa

589 5731 890 5792 sententia,
921 5743 1075 5797 quam
1107 5729 1324 5782 ilt'elldit
1377 5745 1493 5783 ('tIlll
1525 5731 1653 5786 dicit
1683 5750 1692 5783 :
1754 5737 2002 5800 Quoniam
2051 5738 2163 5794 Do-

2270 4538 2538 4616 deiiciant.
2565 4539 2620 4591 Si
2650 4544 2791 4593 enim
2819 4538 2947 4596 iides
2971 4554 3053 4596 est
3079 4556 3272 4610 tecum,
3297 4559 3350 4600 et
3374 4549 3492 4616 ipse
3522 4550 3632 4602 erit
3659 4538 3840 4603 tecum.

2274 4607 2510 4687 Eripiam
2532 4625 2646 4661 eum
2671 4626 2722 4662 in
2751 4616 3041 4687 pra-sentiat
3063 4607 3424 4683 tribulatione,
3445 4624 3673 4687 eripiam
3693 4621 3840 4673 etiam

2270 4693 2416 4757 suos,
2449 4678 2517 4730 Et
2542 4695 2666 4757 vere
2692 4695 2813 4757 eum
2843 4683 3172 4757 glori/icabo,
3205 4688 3327 4754 quia
3370 4678 3494 4741 cum
3533 4678 3730 4757 'plenus
3757 4690 3846 4740 fuit

2270 4748 2534 4829 brevitate
2563 4750 2767 4803 dierum
2802 4748 2994 4829 insitis
3023 4763 3077 4807 et
3102 4748 3259 4829 etiam
3299 4760 3353 4810 in
3380 4774 3461 4826 se,
3497 4748 3754 4829 quantum
3784 4760 3841 4810 ad

2272 4820 2654 4896 humanitatem
2698 4836 2712 4872 :
2770 4825 2970 4896 replebo
3015 4841 3128 4896 eam
3176 4820 3768 4896 longitudirtfaierum,
3800 4833 3842 4879 nt

2267 4899 2367 4947 est,
2399 4887 2539 4942 dabo
2568 4891 2615 4943 ei
2641 4887 3016 4948 aeternitatem.
3064 4895 3131 4948 Et
3163 4887 3288 4949 tunc
3317 4903 3586 4952 ostendant
3631 4887 3847 4954 salutare

2269 4973 2455 5035 ineunt,
2487 4958 2538 5012 id
2566 4967 2662 5035 est,
2697 4962 3019 5016 Salvatorem
3045 4980 3244 5030 meum,
3275 4967 3509 5022 Verbum
3535 4986 3734 5024 meum.
3764 4967 3848 5020 liti

2268 5030 2321 5101 in
2351 5030 2480 5101 suis,
2529 5030 2648 5096 quia
2680 5041 2798 5084 tunc
2826 5035 3100 5088 videbimus
3148 5053 3261 5088 eum
3287 5039 3441 5091 sicuti
3479 5051 3577 5101 est,
3612 5054 3666 5093 et
3692 5040 3846 5092 etiam

2271 5099 2320 5176 in
2351 5111 2410 5149 se
2434 5097 2569 5176 ipso.
2600 5101 2730 5166 Quia
2745 5109 2996 5176 quamvis
3030 5105 3169 5158 Deus
3196 5121 3335 5162 esset
3359 5110 3409 5160 in
3442 5097 3675 5176 Christo,
3701 5125 3848 5158 υιιυι·

2267 5167 2388 5217 dunt
2416 5169 2515 5247 sibi
2553 5167 2908 5247 reconcilians,
2962 5177 3284 5230 credendum
3333 5188 3511 5231 tamen
3563 5167 3680 5244 est,
3711 5179 3848 5247 quod

2271 5237 2606 5315 sanctissima
2631 5240 2746 5307 ejus
2767 5249 2940 5295 anima
2971 5247 3125 5314 longe
3145 5253 3407 5314 puriorem
3429 5237 3764 5302 intellectum
3788 5254 3850 5301 de

2267 5307 2542 5362 divinitate
2573 5322 2691 5378 pOst
2717 5307 3160 5368 resurrectiou'eni
3189 5317 3388 5380 habuit,
3421 5335 3583 5385 quam
3618 5323 3788 5388 prius.

2769 5405 2831 5457 IN
2865 5406 3184 5464 PSALMUM
3213 5410 3344 5464 CXI.

2649 5497 2784 5551 Laus
2809 5501 3003 5555 cantici
3034 5503 3084 5555 in
3109 5504 3194 5556 die
3218 5501 3457 5560 Sabbui.

2873 5608 3247 5648 ARGUMENTUM.

2339 5676 2714 5758 assyriisfuli
2748 5681 2969 5758 Fecenia
3025 5687 3174 5740 victis
3227 5687 3376 5743 multi
3422 5690 3622 5758 gratias
3661 5697 3850 5758 agunt.

2271 5744 2559 5800 Aliter'vox
2594 5750 2872 5806 Ecclesiae.
