4006 6364
173 271 244 328 97
253 273 298 332 7.

796 415 1146 457 EXPLANATIO.

251 517 496 573 Psalmns
539 513 801 584 signiﬁcat
847 529 1005 581 Opera
1047 515 1364 581 spiritualia,
1391 528 1508 576 qua:
1537 526 1744 584 sursum

174 589 405 644 tendunt
426 586 490 640 ad
517 587 788 638 Dominum
817 602 830 648 ;
868 587 918 637 in
954 585 1033 636 his
1059 593 1273 638 cantare
1302 599 1532 651 semper,
1559 583 1606 635 id
1635 593 1740 644 est,

178 660 294 713 Deo
325 657 551 725 adjutori
573 656 769 723 gratias
797 670 952 722 agere
973 655 1244 708 debemus.
1274 655 1393 707 Dies
1413 664 1588 706 autem
1618 652 1749 704 Sab-

178 729 291 782 liati
320 728 531 795 requies
563 727 959 794 interpretatur,
991 739 1084 791 per
1141 740 1302 795 quant
1344 736 1748 795 commonemur

180 801 255 851 ab
287 793 432 851 omni
485 811 641 862 prava
672 793 878 848 actione
917 808 1147 863 cessare,
1182 803 1235 847 et
1282 793 1504 845 futuram
1558 794 1751 863 pariter

177 870 422 931 requiem
452 861 745 918 certissima
782 861 1070 916 devotione
1092 877 1327 926 Sperate.
1386 862 1645 914 Arnobius
1677 861 1743 914 ita

179 939 314 990 dicit
345 955 356 989 :
389 935 479 988 Die
523 935 739 988 Saliliati
798 933 994 987 inimici
1029 934 1232 985 liuitiini
1294 943 1533 999 pereunt,
1568 942 1624 983 ut
1661 931 1747 984 die

181 1006 458 1058 Dominica
482 1005 637 1058 amici
689 1005 892 1058 Domini
956 1005 1302 1070 gratulentur.
1350 1003 1580 1056 Sabban
1608 1004 1744 1053 enim

173 1075 685 1144 jacetDuminusin
735 1075 974 1144 sepulcro
1031 1081 1290 1144 mortuus,
1341 1080 1396 1144 et
1448 1071 1533 1123 die
1562 1071 1744 1144 Domi-

181 1140 305 1198 ἰιιειι
341 1147 588 1197 aduratur
628 1143 766 1196 inter
785 1143 1002 1210 angelus
1035 1143 1207 1196 vivus.
1272 1141 1326 1194 In
1360 1141 1456 1194 hac
1486 1155 1542 1193 re
1586 1140 1744 1192 nimis

181 1216 463 1282 profundae
490 1215 643 1266 facta:
669 1223 789 1282 sunt
819 1213 1164 1282 cogitationes
1193 1213 1328 1276 ejus,
1378 1211 1615 1282 quasvir
1660 1210 1740 1282 in.

179 1279 387 1350 sipiens
418 1298 522 1336 nun
550 1280 838 1352 cognoscit.
892 1279 1069 1335 Primo
1110 1283 1347 1352 ingressu
1402 1279 1638 1352 Ecclesia
1667 1279 1744 1352 [of

181 1355 388 1421 quitur,
421 1350 634 1406 bonan
663 1367 782 1406 esse
831 1365 1255 1406 commemorans
1297 1350 1478 1403 Iaudes
1535 1350 1740 1402 Domini

178 1426 384 1489 dicere,
419 1424 556 1491 qttod
587 1424 914 1485 insipientem
965 1432 1017 1474 et
1075 1422 1430 1491 irreligiosum
1464 1421 1741 1491 profitetur

186 1488 464 1563 ignorare.
491 1492 734 1551 Secundo
778 1501 1082 1558 peccatores
1108 1488 1242 1542 sicut
1273 1489 1447 1563 fenum
1473 1488 1743 1563 ‘velociter

179 1558 378 1616 asserit
407 1576 524 1615 εεεε
557 1563 840 1628 periturus.
886 1563 1064 1614 'l‘crliu
1092 1564 1261 1627 justus
1289 1559 1412 1612 dicit
1467 1558 1656 1611 ﬂorere
1688 1567 1743 1610 ut

182 1634 720 1700 palmammrescere
765 1640 940 1684 autent
985 1641 1041 1683 ut
1086 1629 1273 1683 cedrus
1329 1630 1534 1691 Libani,
1587 1636 1643 1700 ut
1691 1636 1744 1700 et

885 266 947 320 IN
993 265 1407 320 I‘SALMORUM
1450 260 1700 317 LIBRUM
1745 257 2106 313 I'ZXEGESIS.
2154 288 2218 297 —
2259 257 2500 311 PS.\L\I.
2551 253 2674 312 XCI.

1778 380 1826 434 Α
1855 373 1908 427 Si
1944 375 2084 427 enim
2113 390 2303 427 nomen
2336 387 2573 427 ιιοειι·ιιιιι
2603 374 3038 443 glurilii-arcmns,
3068 380 3192 424 tunc
3219 387 3417 429 nomen-

3306 255 3411 311 978

1856 454 2092 496 nostrum
2122 445 2481 498 destrueretur
2511 464 2522 496 :
2555 448 2596 496 si
2631 453 2808 497 autem
2855 456 3106 509 quantum
3161 443 3210 496 in
3259 445 3412 498 nobis

1851 523 1950 578 est,
1982 528 2171 566 nomen
2203 514 2316 581 ejus
2346 528 2740 577 conservanttis,
2773 523 2895 566 tunc
2929 530 3116 566 nomen
3142 525 3405 575 nostrum.

1852 583 1902 635 id
1927 592 2027 645 est,
2052 583 2217 650 gloria
2250 595 2424 636 nostra
2452 586 2517 636 ab
2541 585 2652 652 ipso
2681 595 3044 637 consentitur.
3088 584 3252 637 Sicuti
3284 598 3409 638 cum

1851 653 2136 718 discipulos
2160 653 2390 707 misisset
2429 653 2678 707 Dominus
2709 653 2772 706 ad
2805 653 3214 715 prmdicandum.
3247 653 3408 707 etilli

1847 733 2175 776 revertentes.
2202 723 2448 777 dixerunt
2474 740 2486 774 :
2522 723 2753 787 Domine,
2785 724 2933 776 etiam
2972 724 3218 776 dmmom’a
3247 725 3407 788 subii-

1840 793 2052 853 _citmliir
2074 793 2215 847 nobis
2239 795 2288 846 in
2321 795 2524 845 nomine
2554 803 2658 856 lno,
2709 795 2822 853 ipse
2857 792 3041 846 videns
3064 794 3182 861 quia
3213 794 3276 846 ad
3312 810 3408 845 no-

1849 876 1967 916 men
1999 878 2152 916 suum
2201 863 2510 928 tenderent,
2545 865 2769 915 servavit
2799 877 2987 915 nomen
3035 877 3253 916 eorum:
3285 864 3410 930 quia

1847 943 1899 985 et
1928 933 2022 995 ipsi
2067 935 2209 996 prius
2238 941 2575 985 servaverant
2615 948 2787 993 suum,
2815 932 3085 999 corrigens
3126 948 3217 985 eos
3251 942 3304 986 et
3331 933 3411 984 tli-

1847 1016 1972 1054 cens
1999 1018 2014 1054 :
2051 1002 2224 1055 Nolite
2250 1003 2468 1073 gaudere
2497 1003 2547 1054 in
2575 1002 2688 1062 hoc,
2713 1003 2801 1073 sed
2830 1003 2993 1066 potius
3041 1003 3256 1072 gaudete
3294 1003 3412 1065 quin

1848 1073 2053 1124 nomina
2074 1085 2236 1125 vestra
2259 1072 2447 1142 Scripta
2490 1081 2605 1124 sunt
2650 1074 2700 1124 in
2729 1072 2854 1124 libro
2907 1073 3040 1125 vitia.
3101 1073 3412 1124 Ps:ilterium

1846 1152 1928 1194 est
1957 1156 2088 1208 onus
2115 1145 2308 1195 bonum
2338 1152 2575 1195 nostrum
2603 1159 2614 1192 :
2639 1143 2814 1205 psallit
2839 1144 2925 1208 qui
2954 1143 3086 1195 bene
3114 1150 3364 1207 operatur
3391 1157 3404 1192 :

1845 1209 2034 1264 Cantat
2062 1227 2210 1274 vero,
2243 1214 2328 1280 qui
2363 1213 2527 1264 Deum
2581 1226 2709 1266 voce
2739 1211 2936 1265 laudat.
2968 1212 3253 1265 Cantemus
3281 1226 3410 1278 ergo

1847 1295 1998 1345 voce,
2035 1283 2321 1347 psallamus
2347 1296 2530 1348 opere.

1915 1353 1994 1402 Ad
2020 1354 2428 1405 anniiit‘iaiidum
2475 1367 2623 1403 inane
2663 1351 3060 1404 misericordiam
3105 1357 3262 1401 litant.
3311 1350 3422 1400 llos

1847 1435 1990 1487 tium,
2010 1421 2242 1489 inquam,
2259 1432 2340 1475 est
2357 1421 2707 1490 psalleretibi,
2726 1421 3012 1483 Altissime,
3033 1420 3255 1486 psallere
3275 1421 3442 1482 (ιιροτ,

1844 1491 1911 1541 ad
1939 1492 2343 1544 aiinunliandum
2393 1493 2457 1543 ad
2488 1491 2607 1552 huc,
2641 1491 2690 1544 id
2711 1503 2810 1552 εει.
2843 1499 2898 1543 ut
2926 1491 3262 1543 aninmtietur
3303 1491 3419 1542 aliis

1846 1575 1941 1628 per
1968 1575 2066 1613 nos
2115 1561 2510 1615 misericordiam
2548 1571 2684 1613 tuam
2721 1575 2840 1614 esse
2868 1560 2919 1613 in
2969 1574 3132 1622 mane,
3165 1568 3210 1611 et
3237 1561 3422 1612 verita-

1847 1639 1944 1682 tem
1973 1639 2110 1682 tuum
2137 1645 2256 1685 esse
2311 1649 2398 1698 per
2437 1639 2649 1684 noclem.
2697 1630 2845 1683 Mane
2873 1639 2973 1691 est,
3016 1629 3227 1698 quando
3285 1630 3417 1682 bene

181 1697 485 1769 pertinaces
509 1712 678 1756 metus
699 1703 948 1770 corrigat,
977 1710 1031 1754 ει
1059 1701 1278 1753 devotos
1307 1699 1425 1752 lelix
1460 1697 1742 1767 promissio
1786 1716 1832 1774 η
1859 1701 2273 1774 exteriusnobis
2314 1697 2435 1774 est:
2466 1715 2744 1774 nox_vero
2774 1710 2876 1774 est,
2905 1697 3114 1774 quando
3165 1699 3316 1774 male.
3355 1699 3418 1751 Et
3497 1705 3506 1710 ‘

180 1774 457 1831 sustollat.

766 1873 1190 1916 COMMENTARIUS.

259 1975 460 2030 Bonum
505 1984 575 2029 est
623 1974 854 2042 conﬁteri
899 1973 1134 2027 Domino.
1185 1971 1424 2026 Psalmus
1479 1969 1665 2042 cantici
1709 1971 1760 2022 in

188 2048 276 2099 die
306 2047 539 2101 Sabbati.
575 2041 861 2100 Sabbatum
915 2044 1186 2099 celebrant
1237 2043 1406 2096 Jndzei
1438 2043 1488 2093 in
1531 2041 1758 2109 quodam

185 2116 302 2172 Otio
351 2116 596 2184 languido
635 2125 690 2168 et
733 2115 1023 2168 luxurioso.
1052 2113 1252 2184 Yacant
1293 2114 1359 2166 ab
1401 2125 1563 2184 opere
1590 2111 1754 2184 ibono,

184 2187 284 2240 sed
314 2200 420 2240 non
442 2181 516 2239 ab
545 2199 706 2254 opere
737 2185 1029 2252 nugatoria.
1057 2182 1224 2254 Nobis
1234 2192 1415 2254 autem
1442 2182 1626 2254 indicit
1654 2181 1758 2254 Do;-

184 2257 366 2310 ininus
413 2251 595 2308 noster
622 2251 928 2309 Sabbatum.
975 2255 1180 2318 Quale?
1209 2252 1410 2305 Vacare
1448 2251 1654 2305 scilicet
1693 2251 1761 2304 ab

182 2325 442 2392 operibus
479 2325 636 2378 malis
667 2342 678 2376 :
713 2324 812 2392 ipsi
843 2332 1016 2377 autem
1050 2331 1234 2375 vacant
1269 2323 1337 2375 ab
1373 2321 1625 2392 operibus
1668 2319 1761 2373 bo-

186 2391 297 2448 nis.
328 2394 615 2450 Sabbatum
651 2391 909 2461 nostrum,
931 2394 982 2446 id
1020 2403 1120 2458 est,
1150 2392 1433 2446 Sabbatum
1473 2391 1758 2444 delicatum

186 2468 334 2518 intus
348 2465 498 2519 estin
533 2465 714 2518 corde.
739 2465 883 2517 Multi
905 2464 1048 2516 enim
1076 2462 1514 2516 vacaiitexterius
1539 2462 1588 2514 in
1608 2470 1760 2514 tene-

188 2535 433 2600 hris,sed
469 2534 919 2589 tumultuatituriti
952 2533 1291 2587 conscientiis
1328 2529 1598 2594 suis,ideo
1639 2532 1761 2598 quia

189 2606 548 2658 nullusmalus
567 2604 853 2659 Sabbatnm
887 2603 1137 2657 custodit.
1176 2601 1441 2670 Nusquam
1471 2602 1611 2653 enim
1629 2615 1759 2653 con-

186 2675 407 2727 scieiitia
419 2675 533 2744 ejus
545 2674 987 2742 conquiescit,sed
999 2687 1204 2741 semper
1218 2672 1267 2725 in
1283 2670 1762 2744 perturbationibus

190 2745 340 2798 vivit.
365 2741 463 2797 Cui
481 2754 655 2797 atttem
668 2741 999 2798 conscientia
1019 2758 1144 2811 pura
1163 2753 1266 2805 εει,
1283 2741 1592 2806 tranquillus
1605 2751 1684 2792 est
1709 2751 1763 2794 et

189 2815 305 2882 ipsa
323 2815 684 2881 tranquillitas.
713 2814 994 2869 Sabbatuin
1011 2813 1308 2866 estacurdis.
1333 2811 1580 2882 Quamvis
1620 2812 1761 2864 enim

190 2880 246 2937 iii
274 2880 520 2953 pi-zesenti
550 2885 770 2944 laborat,
801 2884 1101 2937 extenditur
1129 2893 1302 2953 tamen
1337 2895 1432 2947 ενε
1461 2880 1634 2933 futura
1661 2919 1676 2943 ,
1707 2887 1761 2953 et

187 2951 470 3008 sereiiatur
496 2969 652 3006 omne
681 2955 916 3006 nubilum
945 2954 1199 3006 trisntizc.
1227 2951 1399 3020 Ipsum
1424 2960 1600 3004 autem
1645 2951 1759 3016 spei

189 3034 390 3078 nostra:
411 3064 426 3088 ,
455 3033 537 3078 est
566 3024 851 3078 Sabbatum
902 3033 1159 3086 nostrum,
1191 3021 1292 3074 huc
1319 3035 1446 3090 ergo
1490 3027 1755 3086 cantatur,

191 3098 300 3147 hoc
351 3093 572 3147 docetur
619 3096 670 3144 in
726 3094 828 3146 huc
884 3094 1085 3160 psalmo
1119 3132 1134 3156 ,
1213 3091 1481 3160 quoinudo
1536 3090 1756 3160 quisque

188 3162 528 3217 Christianus
557 3164 749 3216 debeat
803 3158 922 3216 esse
963 3162 1016 3214 in
1068 3158 1301 3216 Sabbatu
1337 3160 1514 3213 cordis
1543 3161 1646 3226 sui,
1707 3158 1758 3212 id

197 3244 306 3297 est,
324 3232 640 3305 imitatione,
664 3243 720 3289 et.
739 3234 1136 3305 tranquillitate,
1156 3241 1206 3305 et
1231 3231 1758 3305 pitritateconscien-

200 3309 294 3358 tiae
327 3321 430 3357 non
497 3303 849 3373 perturbatus.
874 3300 998 3358 "li-oc
1037 3314 1140 3368 est,
1193 3301 1431 3373 l'stduuis
1460 3301 1558 3373 iste
1599 3300 1761 3373 docet

197 3375 436 3441 qualiter
481 3369 703 3444 quisque
751 3376 942 3429 debeat
978 3376 1029 3428 in
1058 3376 1219 3428 cui-dc
1248 3390 1344 3427 suo
1395 3369 1758 3425 Sabbatizar-e.

193 3445 382 3514 Primo
409 3445 453 3497 si
507 3455 558 3498 tu
589 3445 782 3514 aliquid
831 3445 1124 3513 profecisu,
1171 3445 1476 3497 confitearis
1523 3445 1627 3495 eia
1656 3456 1761 3509 quo

193 3513 496 3582 proiecisti.
526 3513 692 3582 Ipsius
740 3515 877 3568 enim
906 3523 1030 3568 sunt
1055 3515 1190 3568 dona
1213 3553 1228 3578 ,
1278 3529 1382 3566 non
1414 3521 1500 3564 tua
1553 3517 1760 3582 merita.

194 3581 452 3639 Secundo
479 3581 581 3638 non
613 3597 664 3639 te
692 3586 997 3639 excusando
1023 3585 1089 3637 ab
1119 3598 1182 3637 eo
1227 3583 1364 3650 quod
1398 3583 1534 3635 male
1565 3581 1760 3644 fecisti,

187 3654 289 3707 sed
315 3655 487 3721 patius
507 3655 822 3708 accusando.
849 3655 980 3720 Quia
997 3653 1246 3724 quidquid
1265 3653 1385 3724 mali
1414 3653 1598 3724 habes,
1625 3666 1691 3705 ex
1713 3662 1763 3724 te

192 3734 309 3789 est,
339 3725 590 3793 quidquid
625 3725 746 3778 boni
803 3725 986 3788 habes,
1019 3723 1087 3778 cx
1125 3725 1230 3778 Deo
1277 3723 1461 3776 habes.
1520 3723 1759 3793 l’erversi

190 3805 400 3858 autem,
444 3792 498 3847 et
520 3795 608 3862 qui
635 3795 924 3849 Sabbatum
955 3809 1056 3848 non
1104 3795 1319 3854 habent,
1367 3793 1504 3860 quod
1531 3792 1654 3844 boni
1689 3793 1765 3844 fa-

189 3866 348 3917 ciunt
389 3864 491 3917 sibi
527 3866 818 3918 attribuunt
845 3880 859 3918 :
888 3865 1027 3933 quod
1059 3879 1184 3916 vero
1212 3863 1334 3916 mali
1363 3863 1576 3922 faciunt.
1606 3875 1763 3927 quem

191 3934 328 3988 inde
351 3946 600 3988 accusent
623 3945 887 4001 quaerunt.
906 3935 1128 4001 Quidam
1150 3935 1291 3986 enim
1313 3933 1515 3993 dicunt,
1545 3935 1766 3984 Satanas

195 4005 305 4057 hoc
339 4003 597 4070 persuasit
618 4005 766 4069 mihi,
796 4019 941 4072 quaSi
970 4005 1160 4057 habeat
1181 4011 1492 4070 poteSiateni
1521 4002 1764 4069 cogendi.

190 4077 317 4138 Ipse
335 4074 544 4139 quidem
570 4079 849 4128 versutiam
868 4075 1023 4127 habet
1045 4072 1288 4138 nocendi,
1312 4081 1626 4140 potestatem
1643 4087 1767 4124 vero

193 4160 306 4195 non
329 4145 486 4196 habet
506 4145 748 4211 cogendi.
763 4143 877 4197 Non
899 4143 1309 4197 cessatS.itanas
1327 4142 1460 4195 mala
1481 4144 1768 4209 persuade.

192 4229 280 4276 ie,
316 4229 419 4264 non
445 4222 618 4266 cessat
641 4215 878 4268 Christus
904 4216 1039 4266 buna
1060 4214 1362 4266 admonere.
1386 4213 1463 4264 'l‘n
1488 4227 1616 4281 ergo
1639 4213 1771 4278 posi-

195 4296 288 4335 tus
318 4283 458 4334 inter
486 4285 625 4336 hunc
653 4294 978 4346 monentem,
1004 4294 1056 4336 et
1085 4285 1222 4336 inter
1252 4282 1397 4334 illum
1427 4285 1767 4345 suadentem,

191 4366 368 4421 quare
395 4353 565 4418 potius
589 4356 822 4421 applicas
863 4368 1048 4407 aurem
1091 4353 1302 4406 Satanae
1333 4353 1668 4420 persuadenti
1718 4362 1770 4404 et

1862 1769 2074 1837 quando
2105 1771 2236 1824 bene
2263 1781 2362 1834 est,
2395 1771 2548 1823 lauda
2581 1771 2760 1835 Deum,
2793 1771 2911 1834 quia
2943 1784 3006 1822 ex
3039 1769 3153 1833 ejus
3207 1769 3418 1820 miseri-

1861 1839 2043 1892 cordia
2072 1848 2195 1910 est:
2242 1841 2452 1910 qttandu
2493 1848 2668 1893 autem
2712 1837 2870 1901 male,
2913 1839 3039 1910 item
3076 1838 3231 1910 lauda
3276 1851 3420 1899 eum,

1862 1911 1984 1975 quia
2019 1924 2088 1962 ex
2121 1909 2234 1978 ejus
2261 1907 2523 1968 ‘veritate.
2580 1909 2759 1972 idest,
2802 1923 2864 1960 ex
2910 1908 3024 1975 ejus
3068 1907 3267 1972 jiistitia
3317 1915 3418 1960 est.

1862 1979 2041 2033 Justus
2068 1979 2208 2032 enim
2233 1989 2330 2042 est,
2357 1982 2476 2046 quia
2509 1979 2733 2048 ﬂagellat
2757 1988 2807 2031 te
2827 1987 3042 2044 propter
3075 1987 3285 2048 peccata
3307 1985 3414 2048 tua,

1861 2058 1917 2102 et
1941 2049 2060 2103 ideo
2085 2065 2203 2102 cuni
2241 2059 2294 2102 tu
2318 2050 2514 2116 aliquid
2549 2047 2760 2115 pateris,
2804 2063 2898 2099 nec
2938 2057 3117 2114 reputa
3147 2047 3309 2116 Deum
3338 2047 3420 2098 iu-

1857 2116 2079 2188 justum,
2104 2119 2196 2172 sed
2235 2115 2469 2172 ascribas
2511 2118 2611 2171 hoc
2638 2121 2865 2185 peccatis
2894 2121 2993 2170 tuis
3019 2155 3036 2182 ,
3060 2125 3112 2188 et
3160 2115 3276 2188 ejus
3300 2131 3420 2188 cor—

1863 2186 2207 2242 rectioni.\’el
2233 2188 2381 2242 aliter
2408 2205 2421 2239 :
2455 2189 2579 2241 Dico
2605 2189 2797 2240 bonum
2819 2201 2937 2240 esse
2967 2187 3190 2252 psallere
3209 2186 3272 2236 ad
3299 2186 3415 2250 ltoc,

1861 2259 2064 2312 scilicet
2088 2265 2144 2310 ut
2169 2257 2539 2311 annuntiemus
2559 2270 2653 2325 per
2679 2257 2814 2309 bona
2844 2272 3007 2320 opera
3033 2265 3208 2308 nostra
3241 2256 3385 2320 proiti
3404 2286 3416 2294 -

1863 2329 1962 2380 iiiis
1996 2343 2010 2381 :
2042 2343 2215 2392 mane,
2273 2328 2322 2380 id
2371 2337 2471 2393 est,
2527 2328 2963 2380 illuminationem
3016 2335 3249 2378 nostrain
3299 2340 3420 2378 esse

1864 2398 2278 2450 misericordiam
2322 2404 2484 2462 luant,
2523 2397 2704 2460 iii-est,
2731 2397 2872 2464 quod
2926 2397 3158 2463 depulsis
3189 2395 3420 2448 tenebris

1863 2465 2208 2536 infidelitatis,
2239 2467 2551 2520 illuminatio
2581 2482 2675 2536 per
2695 2466 2848 2520 fidem
2876 2476 2930 2520 et
2971 2465 3210 2520 veritatis
3230 2468 3423 2536 cogni-

1864 2534 2059 2590 tiunent
2090 2535 2142 2590 iit
2172 2538 2321 2592 nobis
2346 2547 2424 2590 est
2448 2534 2759 2591 esse—extua
2789 2536 3144 2589 misericordia
3166 2535 3307 2602 prius
3337 2551 3422 2584 vo-

1861 2615 2035 2670 cante,
2065 2615 2118 2660 et
2164 2616 2374 2673 peccata
2421 2607 2738 2660 dimittente.
2809 2607 2874 2659 Et
2927 2605 3301 2659 annuntiemus
3333 2619 3425 2670 per

1863 2689 2093 2742 noctem,
2120 2677 2296 2740 idest,
2346 2690 2439 2742 per
2492 2676 2901 2738 tribulationem,
2954 2691 3112 2742 quam
3167 2677 3428 2740 patienter

1861 2747 2206 2812 sustinemus,
2238 2746 2533 2810 veritatem,
2559 2746 2606 2798 id
2631 2756 2729 2810 est,
2756 2746 3232 2799 remunerationem
3260 2753 3426 2806 tuam,

1865 2830 1970 2869 non
2000 2817 2139 2885 quod
2169 2831 2274 2870 nox
2296 2816 2404 2884 ipsa
2429 2819 2498 2869 sit
2519 2816 2891 2878 remuneratio,
2918 2816 3010 2866 sed
3046 2815 3168 2882 quia
3196 2815 3428 2885 quodam

1862 2883 2026 2941 modo
2042 2883 2350 2954 principium
2373 2893 2455 2939 est
2477 2887 2931 2948 remunerationis,
2949 2885 3148 2938 scilicet
3171 2887 3288 2951 quia
3307 2883 3426 2935 facit

1863 2970 1960 3011 nos
1989 2957 2208 3011 idoneus
2237 2956 2302 3008 ad
2331 2955 2831 3009 remunerationem.
2871 2954 2963 3008 Vel
2994 2955 3145 3006 aliter
3177 2971 3190 3005 :
3227 2955 3425 3006 Bonum

1861 3037 1944 3080 est
1973 3026 2198 3094 psallere
2219 3065 2233 3089 ,
2261 3026 2489 3094 psallere
2511 3026 2630 3080 dico
2652 3025 2719 3076 ad
2754 3026 3161 3094 ammntiandttm
3188 3025 3427 3094 proximo

1863 3093 2029 3161 inane,
2059 3097 2110 3149 id
2152 3106 2253 3160 est,
2301 3093 2590 3163 perfectum
2622 3096 2870 3146 virtutum
2919 3095 2970 3146 iii
3011 3093 3161 3146 nobis
3183 3131 3198 3155 ,
3223 3093 3424 3146 scilicet

1862 3169 2001 3233 quod
2026 3180 2121 3219 nos
2142 3171 2208 3219 de
2235 3166 2427 3218 virtute
2451 3166 2502 3233 in
2529 3166 2774 3218 virtutem
2795 3163 3126 3216 ascendimus
3146 3201 3160 3226 ,
3187 3163 3285 3215 hoc
3307 3177 3427 3216 es-e

1863 3232 1926 3290 ex
1960 3245 2044 3288 tua
2076 3234 2462 3288 misericordia.
2487 3232 2553 3286 Et
2575 3234 2994 3287 annuntiandum
3021 3249 3109 3300 per
3130 3241 3345 3295 noctem,
3379 3234 3428 3283 id

1861 3315 1961 3368 est,
1996 3321 2026 3372 p
2061 3321 2088 3358 r
2119 3306 2322 3372 lapsum
2365 3319 2483 3358 esse
2525 3305 2782 3357 veritatem
2821 3312 2978 3368 luant,
3020 3304 3071 3355 id
3118 3311 3219 3372 est,
3261 3304 3305 3355 si
3334 3302 3417 3353 ali-

1861 3371 2074 3450 quando
2123 3371 2372 3450 labimur,
2425 3374 2521 3428 hoc
2550 3389 2679 3450 esse
2710 3375 3050 3450 ex_ve_ri_tite,
3093 3371 3145 3425 id
3204 3382 3309 3434 est,
3359 3386 3425 3450 ex

1862 3442 2062 3516 jiistitia
2096 3458 2181 3500 tua
2214 3465 2226 3500 :
2263 3443 2463 3500 scilicet
2489 3446 2609 3516 quia
2641 3445 2682 3496 si
2727 3442 2844 3516 quis
2873 3445 3094 3496 idoneus
3140 3452 3283 3516 esset
3323 3445 3428 3516 sal-

1863 3511 1996 3584 vari,
2031 3520 2172 3571 illum
2202 3518 2460 3584 permittis
2495 3511 2618 3578 labi,
2653 3514 2913 3584 utl'ortior
2931 3523 3136 3584 surgat,
3163 3513 3297 3584 sicut
3329 3511 3425 3564 Pe-

1867 3582 2094 3655 trus-per
2124 3582 2326 3654 lapsum
2358 3588 2543 3640 fortior
2567 3583 2816 3641 sumain.
2844 3582 2907 3655 Si
2929 3583 3050 3651 quis
3082 3597 3206 3634 vero
3236 3583 3434 3655 dignus

1864 3668 1945 3714 εει
1970 3653 2229 3721 damnari,
2255 3659 2400 3710 illum
2422 3658 2540 3711 ideo
2562 3656 2822 3727 permittis
2843 3653 2948 3710 labi
2972 3663 3037 3724 ut
3061 3655 3148 3723 qui
3177 3653 3424 3710 sordidus

1864 3740 1965 3792 εει,
1988 3729 2254 3781 εοιιιεδεειι
2284 3729 2467 3796 magis.

1937 3798 2001 3850 lit
2029 3799 2359 3851 dcccc/tardo.
2393 3799 2531 3851 Dixit
2554 3798 2984 3866 quia-bonttmcst
3013 3797 3254 3864 psallere,
3291 3811 3439 3846 nunc»

1866 3870 2098 3922 ostendit
2148 3869 2414 3936 quomodo
2463 3868 2750 3922 debeamus
2801 3869 3064 3933 psallere,
3094 3866 3324 3936 scilicet
3369 3867 3423 3916 ιιι

1869 3941 2107 4006 psalterio
2139 3935 2474 4001 ilecucltordo,
2516 3940 2563 3991 id
2591 3949 2690 4002 εει,
2743 3937 3043 4006 impletiune
3073 3935 3254 3986 decent
3291 3949 3425 3996 pra:-

1867 4005 2141 4077 ceptoruin
2166 4009 2314 4076 legis.
2357 4011 2453 4060 Per
2484 4008 2787 4075 psalterium
2814 4007 2952 4072 quod
3001 4005 3232 4077 desuper
3250 4013 3423 4077 sntiat.

1867 4072 2139 4144 spirituale
2167 4072 2300 4146 opus
2324 4072 2634 4145 intell'gtur
2658 4093 2671 4135 ;
2709 4091 2802 4140 per
2828 4078 3011 4146 decem
3046 4087 3170 4125 vero
3191 4072 3420 4124 chordas

1870 4149 2055 4202 decem
2085 4145 2214 4214 legis
2237 4157 2518 4214 pra-cepta.
2553 4147 2616 4198 Et
2641 4156 2764 4199 sunt
2787 4145 2929 4197 mttlti
2964 4151 3234 4210 portantes
3268 4149 3423 4214 psatf

1870 4224 2082 4282 terium,
2111 4211 2197 4284 q'ui
2222 4211 2318 4269 nec
2349 4211 2503 4268 unam
2533 4217 2782 4268 cliurdam
2815 4221 3063 4283 tangant:
3093 4215 3229 4266 sicut
3257 4211 3427 4265 Judtei

1871 4289 2177 4356 psalterium
2225 4286 2433 4352 quidem
2477 4294 2705 4351 portant,
2755 4287 2878 4354 quia
2916 4286 3108 4336 decem
3145 4293 3422 4356 praecepta

1874 4353 2086 4419 habent,
2109 4357 2202 4410 sed
2228 4371 2324 4408 nec
2351 4371 2506 4408 unain
2533 4353 2782 4408 cuordaui
2813 4354 3188 4420 tangunt,qnia
3219 4353 3422 4406 nulluitt

191 4415 427 4483 iEillenti,
456 4415 854 4490 quaiii'Cliristo
878 4427 1113 4476 monenti
1151 4434 1204 4474 et
1231 4415 1556 4474 nun'l'alleuti
1587 4421 1768 4475 ?Nihll
1801 4415 1848 4471 Ι)
1871 4443 1933 4480 ex
1965 4415 2326 4491 illis'intplcnt.
2360 4426 2445 4478 Ille
2475 4435 2650 4478 autem
2700 4441 2823 4478 vere
2861 4415 3099 4477 chordas
3117 4424 3301 4489 tangit,
3333 4438 3423 4490 qui

190 4496 346 4544 enim
366 4493 587 4546 Satanas
602 4501 650 4546 te
667 4507 849 4546 contra
868 4495 1185 4545 voluntatem
1213 4501 1351 4544 tuam
1371 4505 1560 4556 cogere
1575 4500 1766 4558 potest,

189 4574 256 4614 et
277 4562 396 4614 ideo
425 4563 527 4614 noli
557 4577 806 4616 accusare
827 4563 972 4615 illum
994 4563 1078 4630 qui
1106 4576 1206 4614 non
1240 4562 1396 4612 habet
1419 4575 1644 4630 venzaui,
1674 4562 1767 4614 sed

188 4644 425 4685 accuses
457 4643 504 4686 te
528 4635 696 4699 ipsum
727 4635 812 4699 qui
849 4629 1062 4685 habebis
1107 4631 1506 4699 indulgentiam.
1539 4629 1642 4683 Alii
1674 4645 1770 4682 au-

189 4716 311 4756 tent
339 4710 395 4752 ιιι
421 4716 479 4754 εε
504 4717 774 4767 excusent,
806 4715 1048 4755 accusant
1081 4704 1263 4766 fatum,
1292 4701 1470 4752 stellas
1499 4709 1550 4753 et
1575 4709 1767 4753 caetera

195 4771 328 4825 talia
364 4784 454 4824 :et
483 4775 531 4823 hi
562 4777 740 4825 volunt
793 4776 970 4826 venire
1000 4787 1092 4838 per
1137 4771 1467 4837 dispendium
1508 4770 1573 4821 ad
1607 4771 1766 4824 Deum

191 4842 581 4904 accusandniiz,
605 4844 720 4907 quia
755 4845 938 4896 nolunt
982 4845 1158 4894 venire
1190 4857 1280 4909 per
1302 4840 1671 4905 cuinpeitdiuiit
1700 4843 1765 4892 ad

193 4914 375 4964 Urunt
406 4912 735 4978 placandum.
762 4914 895 4965 Snttt
917 4917 1073 4965 etiam
1101 4913 1191 4964 alii
1213 4913 1298 4978 qui
1332 4919 1472 4962 recta
1503 4911 1674 4962 l'runle
1702 4911 1766 4963 ad

195 4982 485 5035 Dominum
534 4982 704 5049 ipsum
749 4987 961 5036 veniunt
1009 4983 1277 5036 dicentes:
1307 4985 1360 5035 Si
1418 4982 1554 5032 Dens
1583 4980 1766 5043 nollet,

191 5065 306 5120 ego
334 5053 451 5104 talis
478 5067 582 5104 non
613 5065 804 5106 essent.
837 5053 970 5117 Quid
996 5062 1171 5104 autem
1203 5052 1329 5105 dicit
1353 5050 1630 5116 psalmus?
1662 5051 1770 5103 Iluc

194 5133 390 5190 utique
419 5122 596 5186 docet,
629 5122 729 5174 hoc
775 5122 1068 5176 admonet:
1118 5137 1222 5174 non
1277 5129 1476 5174 tantum
1528 5121 1769 5172 audiatur

193 5207 272 5246 ηε
295 5205 501 5258 pecces,
535 5195 626 5244 sed
663 5191 708 5244 si
743 5207 946 5259 pecces,
982 5205 1035 5242 ut
1081 5200 1130 5244 te
1173 5205 1409 5244 accuses.
1446 5190 1508 5242 Et
1557 5201 1636 5243 est
1668 5204 1763 5244 vox

193 5261 479 5330 prophetae
503 5261 570 5312 ita
593 5262 815 5315 dicentis
841 5278 854 5314 :
881 5260 1096 5323 Bonum,
1123 5261 1172 5313 id
1187 5272 1287 5324 est,
1316 5259 1766 5326 valdejncundiiiit

191 5344 258 5386 ct
280 5332 412 5385 utile
461 5333 783 5400 estconﬁlcri
837 5332 1070 5391 Domitio,
1131 5333 1180 5384 id
1226 5345 1330 5392 εει,
1364 5341 1544 5382 ulnus
1590 5331 1768 5382 laude-

193 5417 328 5456 mus
361 5402 652 5462 Dominuin,
679 5401 988 5455 confitentes
1011 5402 1058 5453 ci
1090 5402 1138 5453 in
1168 5412 1388 5468 utroque
1421 5407 1578 5464 uano,
1623 5400 1770 5452 si:il.-

192 5488 288 5525 cet
313 5474 434 5537 quia
463 5475 573 5540 ipse
595 5473 715 5525 fecit
739 5489 754 5524 :
782 5475 832 5524 in
858 5472 994 5526 malo
1022 5471 1298 5539 vero,qnia
1327 5487 1421 5522 nos
1447 5471 1684 5522 fecimus.
1703 5471 1768 5522 Et

195 5546 332 5595 ideo
360 5543 628 5594 Altissiino
659 5543 852 5596 bunum
877 5549 960 5593 εει
988 5544 1221 5610 psallere,
1265 5541 1312 5592 id
1338 5548 1441 5604 e~t,
1475 5541 1609 5593 bene
1636 5555 1763 5607 ope~

196 5629 314 5667 raii
346 5617 678 5676 nomintlluo,
722 5613 770 5665 id
825 5621 928 5674 est,
954 5615 1015 5662 ad
1049 5628 1240 5664 nomen
1284 5624 1428 5664 tuuiit
1471 5610 1765 5679 glorifican-

199 5687 338 5737 ιιιιιιι
377 5691 430 5737 et
478 5683 914 5746 cotiieivatidum,
971 5698 1034 5735 nc
1083 5689 1261 5747 pereat
1287 5696 1475 5736 uomet
1509 5693 1762 5737 nostrum.

1872 4498 1987 4563 ipsa
2016 4504 2280 4562 praecepta
2321 4495 2372 4548 in
2425 4507 2600 4547 actum
2640 4495 2896 4562 perducit.
2925 4495 2986 4547 Et
3025 4493 3237 4561 quidam
3266 4506 3423 4544 uitam

1867 4571 2119 4621 chordam
2144 4574 2343 4618 tantum
2377 4565 2562 4633 tangit,
2589 4566 2801 4632 quidam
2827 4567 3020 4632 plures.
3065 4563 3421 4633 Perfectoruin

1868 4650 1996 4689 vero
2025 4646 2108 4689 est
2153 4649 2339 4690 omnes
2363 4631 2544 4688 decem
2576 4631 2804 4690 chordas
2832 4644 3068 4702 tangere.
3123 4633 3186 4702 Et
3213 4631 3277 4683 ad
3326 4635 3426 4683 hoc

1869 4705 2154 4759 notandum
2195 4707 2457 4771 apposuit.
2510 4700 2946 4767 Decachorduut,‘
2978 4700 3216 4770 quamvis
3267 4715 3430 4755 omne

1870 4775 2174 4845 pSaIterium
2196 4774 2578 4827 decachnrduin
2604 4778 2690 4828 sit.
2717 4775 2968 4845 Sequitur
2994 4790 3005 4823 :

1939 4845 2066 4897 Cum
2096 4846 2290 4896 cantico
2316 4845 2367 4895 in
2407 4846 2626 4897 cithara.
2658 4844 2785 4909 Quit
2810 4839 2910 4895 iion
2945 4850 3144 4893 tantum
3172 4839 3427 4908 Spit'ilna-

1870 4915 1957 4978 lia,
1989 4930 2104 4983 qua:
2129 4929 2220 4982 per
2243 4918 2546 4978 psalterium
2576 4916 2957 4982 intelliguntur,
2989 4912 3244 4964 debemus
3293 4911 3424 4962 insi-

1869 4998 2008 5037 Stere
2037 5001 2050 5037 :
2083 4985 2177 5038 sed
2205 4986 2362 5036 etiam
2396 4999 2515 5036 cuin
2539 4985 2736 5036 cithara
2761 4983 3007 5049 psallere,
3040 4983 3140 5034 hoc
3160 4993 3240 5034 est
3267 4994 3428 5046 Opera

1870 5053 2244 5106 misericordiae
2276 5056 2468 5107 facere.
2496 5050 2707 5106 Cithara
2756 5055 2895 5104 euiin
2925 5062 3008 5104 est
3033 5053 3207 5103 carnis
3237 5050 3425 5102 mttrli-

1870 5124 2062 5176 licatiu.
2095 5122 2322 5177 Carnem
2357 5134 2532 5176 autem
2585 5123 2904 5176 murtilicare
2945 5136 3045 5180 εει,
3079 5129 3136 5172 ιιι
3178 5131 3232 5171 ιιι
3283 5120 3428 5171 carni

1873 5205 1976 5246 tuae
2005 5196 2305 5259 subtrahas,
2362 5196 2498 5245 uti-.le
2525 5206 2734 5246 carnem
2780 5193 3026 5258 pauperis
3076 5191 3328 5242 relicias:
3373 5203 3428 5242 et

1872 5266 1970 5317 hoc
1996 5264 2153 5316 debet
2190 5262 2300 5315 fieri
2328 5278 2441 5314 cum
2462 5264 2678 5326 cantico,
2712 5261 2762 5314 id
2785 5270 2887 5325 est,
2921 5276 3040 5313 cuin
3073 5261 3275 5325 laetitia,
3318 5275 3422 5311 non

1869 5350 1930 5387 ex
1965 5333 2194 5387 tristitia.
2248 5331 2477 5384 Hilarem
2504 5337 2634 5383 enim
2663 5335 2886 5383 datariam
2915 5331 3078 5398 diligit
3131 5328 3284 5382 Deus.
3331 5328 3425 5382 Vel

1869 5420 1979 5456 cum
2008 5407 2223 5465 cantico,
2277 5401 2329 5453 id
2357 5413 2456 5464 est,
2501 5417 2620 5453 cum
2663 5401 3038 5453 adiittiiiitiOitis
3077 5400 3259 5464 verbo,
3304 5399 3427 5466 quia

1871 5490 1974 5527 non
1996 5485 2195 5526 tantum
2223 5473 2473 5525 debemus
2497 5473 2794 5524 necessaria
2819 5472 3134 5537 pauperibus
3159 5471 3429 5522 lIIIIIIS'J'il~

1869 5559 1945 5606 re,
1978 5544 2071 5597 sed
2095 5546 2249 5596 etiam
2278 5543 2532 5594 doctrina:
2563 5557 2704 5594 sinu:
2736 5556 2812 5593 vei
2831 5547 2952 5593 liuiit
2993 5551 3052 5594 et
3086 5543 3269 5594 salutis
3297 5553 3416 5594 Cun-

1868 5614 2046 5668 siliuii'i
2078 5615 2563 5678 ευιιετὶιιιμειιάειέ.

1943 5685 2075 5750 Qui-gi
2115 5681 2368 5737 ilelec'aati
2397 5697 2489 5734 me.
2527 5682 2636 5735 Dixi
2694 5683 2812 5752 quia
2851 5681 3044 5736 bonum
3071 5689 3154 5737 est
3205 5678 3424 5751 psallere
