4006 6364
569 274 677 330 979

1001 275 1206 331 ΒΕΒΛΕ
1248 271 1704 330 vaaensutus
1737 273 1892 329 ore.
1939 270 2118 328 rans
2151 270 2215 326 tt.
2267 268 2461 325 secr.
2503 268 2563 324 ιι.
2603 300 2672 310 -
2710 236 2918 327 οὺιιιΑ
2959 269 3048 326 ΕΤ
3088 267 3354 328 spuma.

3728 276 3820 331 εει

567 389 763 448 nomini
784 397 891 454 tuo,
918 398 971 443 et
1018 390 1116 442 hoc
1158 390 1276 443 ideo
1303 389 1474 458 (quasi
1506 387 1667 456 dicat)
1713 387 1834 452 quia
1864 401 1962 450 ego
2003 400 2132 440 con-
2159 387 2204 443 Α
2231 391 2356 458 sunt
2377 383 2512 458 sicut
2540 382 2736 458 fenum.
2769 383 2830 437 Et
2854 399 2973 438 mox
2994 385 3478 458 eumapparuerint
3504 403 3698 451 omnes,
3730 405 3822 445 non

571 462 772 516 tristavi
799 474 882 514 me
906 461 955 513 in
986 459 1183 522 factura
1207 457 1334 522 mea,
1366 471 1419 513 ιιι
1462 469 1635 511 autem
1664 457 1919 511 dclectasti
1964 473 2059 518 me,
2087 458 2136 515 id

569 542 674 596 est,
705 546 940 597 magnam
961 530 1345 596 iucunditatem
1387 529 1652 583 contulisti
1682 529 1805 580 mihi
1858 529 1906 580 in
1937 527 2138 584 factura

573 616 680 664 tua,
709 601 754 654 id
784 610 885 661 est,
917 601 1036 664 quia
1088 617 1171 652 tne
1201 601 1448 654 rerrcasti
1477 609 1537 653 ει·
1587 598 1755 651 fecisti
1789 599 1840 650 in
1889 599 2140 662 operibus

569 673 742 724 bonis.
778 669 927 724 Unde
955 672 1254 736 Apostolus:
1282 670 1602 736 lpsius'enim
1628 669 1925 738 ﬁgmentum
1940 685 2136 738 sumus,

571 741 727 795 creati
760 743 811 790 in
847 741 1079 809 operibus
1101 741 1267 797 bonis.
1306 743 1368 796 Et
1394 743 1514 808 quia
1543 752 1594 791 ιιι
1629 737 1732 795 ιιιε
1782 737 2039 791 άεΙειῚηδῑὶ
2088 743 2141 794 in

570 822 658 863 tua
684 815 882 878 factura
905 851 920 876 ,
971 812 1090 866 ideo
1134 814 1322 866 merito
1347 813 1605 864 exsultobo
1631 811 1680 861 in
1729 811 1957 878 aperibtts
1989 811 2140 866 bonis

569 897 815 938 manuum
859 892 1080 944 tuarum,
1130 881 1178 934 id
1210 892 1311 947 est,
1370 887 1420 933 in
1473 881 1825 943 recreatinne,
1879 895 2036 948 quam
2088 891 2140 935 tn

569 961 822 1017 operatus
849 965 906 1004 es
951 955 1001 1004 in
1051 969 1155 1004 me.
1216 954 1280 1005 Et
1311 956 1499 1005 merito
1531 953 1581 1003 in
1615 949 1850 1011 operibus
1900 966 2142 1004 manuum

567 1032 773 1074 tuarum
793 1022 1083 1088 cxsttltabo,
1107 1023 1223 1088 qttia
1248 1038 1402 1089 opera
1423 1032 1528 1085 tua,
1556 1019 1796 1084 Domine,
1815 1036 1932 1086 qua:
1953 1036 2142 1087 opera-

574 1105 655 1143 tttS
680 1107 736 1142 es
768 1091 818 1144 in
854 1107 936 1143 me
958 1093 1088 1144 etin
1117 1093 1256 1156 aliis,
1281 1095 1327 1145 id
1361 1101 1462 1153 εει,
1494 1107 1586 1160 per
1631 1092 1852 1158 gratiam
1887 1100 2025 1142 luant
2060 1107 2143 1144 re-

570 1161 790 1230 paratis,
819 1177 972 1230 quam
1002 1163 1330 1231 magniﬁcam
1355 1173 1494 1220 sunt.
1530 1162 1578 1214 id
1610 1171 1712 1225 est,
1740 1176 1896 1231 quam
1926 1171 2144 1225 stupen-

569 1229 636 1284 da
668 1243 811 1297 sunt,
833 1229 991 1297 quam
1012 1229 1243 1300 jucunda
1272 1242 1394 1286 sunt
1421 1234 1432 1285 l
1467 1231 1659 1285 Fecisti
1690 1232 1832 1284 enim
1863 1229 1928 1284 de
1975 1233 2143 1284 servis

571 1303 739 1358 ﬁlios.
794 1303 860 1354 de
891 1302 1153 1355 damnatis
1208 1304 1256 1354 in
1287 1318 1503 1369 regnum
1557 1312 1878 1367 assumptos.
1930 1303 1990 1352 lit
2019 1317 2143 1355 vere

571 1373 900 1440 magniﬁcam
927 1383 1043 1425 sunt
1099 1389 1252 1442 opera
1281 1383 1386 1431 tua,
1417 1374 1536 1441 quia
1585 1372 1910 1438 cogitationes
1939 1382 2057 1432 tute,
2092 1373 2140 1426 id

569 1453 650 1493 est
682 1481 696 1501 ,
723 1457 750 1492 a
786 1453 834 1494 te
873 1442 1022 1493 nobis
1056 1445 1342 1508 inspirntm,
1371 1444 1519 1512 factm
1540 1453 1655 1494 sunt
1683 1442 1829 1493 nimis
1852 1443 2142 1510 profundit,

571 1511 778 1565 scilicet
807 1512 926 1578 quia
962 1527 1056 1565 nos
1085 1511 1377 1578 cogitamus
1405 1513 1542 1580 quod
1574 1513 1687 1564 haec
1716 1521 1922 1566 terrena
1973 1529 2138 1579 quan-

575 1591 901 1648 tttntcunque
928 1583 1028 1635 sint
1065 1584 1329 1646 sublimia,
1357 1584 1464 1638 cito
1495 1594 1667 1634 tamen
1717 1592 1840 1635 sunt
1887 1582 2140 1635 desitura.

571 1652 730 1718 Quasi
759 1653 937 1722 dicat:
968 1655 1327 1722 Cogitationes
1368 1655 1442 1707 uir
1469 1654 1710 1720 insipiens
1741 1663 1786 1705 et
1828 1654 2016 1706 stultus
2041 1669 2142 1706 non

573 1721 815 1788 pert'ipit,
864 1723 1002 1791 quod
1039 1721 1132 1790 per
1159 1725 1401 1777 cll'ecttun
1449 1725 1580 1777 satis
1626 1724 1877 1787 ostendit,
1917 1723 2141 1788 scilicet,

573 1794 694 1858 quia
729 1795 841 1846 haec
870 1805 1078 1845 terrena
1128 1797 1320 1860 appi-tit
1349 1835 1362 1856 ,
1387 1797 1477 1848 sed
1509 1810 1612 1846 non
1658 1793 1902 1860 intelligit
1951 1795 2059 1844 rito
2087 1810 2146 1847 ea

581 1864 811 1914 dcsnura
847 1878 985 1917 esse.
1016 1864 1104 1914 \‘el
1134 1865 1325 1916 aliter:
1353 1864 1492 1916 ῡιχὶι
1523 1863 1767 1925 superius
1795 1863 1911 1928 quia
1956 1861 2149 1916 bonum

579 1942 662 1984 est
703 1933 926 1998 psallere
949 1934 1001 1985 in
1041 1936 1281 1999 psalterio
1313 1937 1484 1986 decent
1537 1933 1868 1998 chordarum,
1903 1941 1956 1984 et
2003 1935 2149 1987 multi

581 2012 706 2054 sunt
732 2003 819 2069 qui
847 2018 943 2056 nec
971 2003 1275 2070 psalterium
1307 2004 1519 2065 habent,
1567 2019 1664 2056 nec
1693 2019 1848 2054 unam
1897 2002 2149 2057 cbordam

587 2084 808 2139 tangunt
834 2089 848 2138 ;
880 2075 970 2128 sed
994 2083 1176 2125 contra
1205 2077 1298 2127 bas
1324 2075 1550 2126 chordas
1579 2075 1753 2125 otnnia
1779 2073 2000 2134 fat-inut,
2031 2074 2150 2142 qttia

586 2143 923 2196 ntmchantnr
953 2142 1060 2207 alii,
1087 2144 1174 2196 alii
1203 2144 1338 2197 bona
1387 2147 1644 2196 iurantur.
1676 2143 2153 2211 Deprehendtmtur

582 2228 800 2277 prorsus
830 2214 879 2266 in
910 2218 1051 2266 otuni
1097 2229 1258 2276 tq-ere
1315 2216 1456 2268 malo
1483 2214 1750 2278 delectati,
1802 2223 1852 2265 et
1895 2224 2069 2267 tamen
2099 2218 2150 2267 in

578 2281 725 2335 omni
751 2284 1014 2335 mundana
1068 2285 1414 2350 prosperitate
1446 2293 1743 2338 versantur.
1789 2284 1852 2336 Et
1893 2283 2013 2336 inde
2035 2300 2153 2338 sur-

581 2353 718 2406 rexit
742 2368 897 2420 prava
923 2355 1174 2422 cogitatio
1206 2355 1430 2408 inlirmis
1459 2355 1772 2419 quibusdam
1800 2354 1850 2406 in
1877 2355 2147 2420 psalterio,

581 2424 729 2487 prius
760 2427 808 2474 in
839 2423 1037 2477 cithara
1071 2425 1439 2491 psallenlibus,
1473 2425 1594 2493 quia
1625 2424 1763 2491 apud
1793 2438 1851 2477 se
1897 2427 2148 2492 cogitant.

579 2493 688 2545 Nos
719 2493 1038 2548 labetamus.
1094 2507 1188 2546 nos
1220 2495 1511 2558 tristamur,
1544 2495 1808 2548 esurimus
1858 2504 1912 2547 et
1964 2510 2149 2550 otnues

582 2566 828 2620 miserias
858 2565 1086 2631 patimur
1121 2583 1131 2617 :
1193 2566 1307 2618 istis
1333 2581 1459 2618 vero
1487 2575 1570 2618 est
1605 2565 1808 2626 laetitia,
1872 2575 1925 2617 et
1978 2570 2150 2618 omnis

585 2633 927 2688 abundantia.
983 2637 1044 2687 lit
1099 2637 1150 2687 itt
1184 2645 1389 2687 tantum
1439 2635 1675 2688 :tScendit
1736 2635 1849 2686 hatc
1899 2635 2151 2703 cogitatio

583 2717 764 2770 prava,
795 2705 936 2771 quod
968 2705 1148 2758 dicunt
1182 2705 1343 2758 Deum
1369 2721 1491 2759 vere
1519 2708 1682 2758 malos
1711 2705 1949 2772 diligere,
1979 2715 2031 2757 et
2059 2707 2152 2758 bo-

588 2789 686 2826 nus
730 2774 928 2836 odisse,
981 2785 1031 2828 ιιι
1061 2777 1137 2828 sic
1171 2789 1199 2827 ει
1243 2790 1301 2828 se
1333 2776 1617 2829 Sabbatum
1651 2775 1864 2828 chordis
1919 2776 2150 2828 excludi-

587 2852 692 2906 tur,
744 2857 794 2897 et
855 2847 1120 2898 imitantur
1170 2847 1349 2898 lloretn
1412 2847 1646 2899 illorum.
1700 2847 1806 2898 ΙΙοε
1843 2861 1969 2913 ergo
2020 2861 2151 2912 pro-

588 2919 744 2982 phata
786 2917 1065 2968 attendens
1111 2931 1228 2968 cum
1287 2918 1510 2983 quadam
1559 2913 1905 2969 admiratione
1937 2918 1985 2968 in
2018 2918 2153 2970 hanc

589 2998 772 3037 vorem
804 2988 1030 3051 crtnnpit
1062 3002 1075 3038 :
1113 2986 1352 3047 Domine,
1403 2985 1517 3039 Ιιιεε
1546 3002 1706 3053 t-pcra
1761 2995 1871 3048 tua,
1923 2988 2148 3052 scilicet,

589 3054 730 3122 quod
788 3055 958 3109 malos
1016 3057 1373 3123 permittendo
1423 3056 1722 3122 ιιΐοειιιττιΐὶ
1774 3056 2033 3118 damnas,
2097 3067 2152 3111 et

586 3124 843 3192 quosdam
895 3127 1058 3178 ctiam
1092 3127 1373 3192 psallentes
1406 3127 1522 3190 tibi,
1560 3127 1676 3194 quia
1707 3125 1892 3179 liorem
1941 3127 2148 3180 illorum

587 3195 864 3247 imitantur
888 3197 935 3247 in
960 3200 1374 3258 damnatiotn-tn,
1392 3200 1470 3250 eis
1493 3196 1746 3259 assticias,
1764 3206 1879 3248 tuos
1896 3211 2023 3250 vero
2042 3212 2155 3263 per-

587 3265 846 3318 mittendo
877 3267 1116 3320 tribulari
1166 3273 1372 3330 salvas;
1407 3269 1540 3334 lucc,
1593 3269 1828 3336 inquam,
1861 3282 2014 3336 opera
2043 3277 2152 3332 tua,

588 3337 826 3396 homine,
859 3353 1013 3404 quam
1044 3337 1372 3406 tttagttiﬁcata
1399 3348 1538 3400 sunt,
1583 3339 1632 3390 id
1660 3348 1761 3402 est,
1794 3353 1949 3403 quant
1984 3340 2154 3391 :dmi-

588 3410 750 3460 rando
783 3443 798 3466 ,
843 3423 1000 3473 quam
1058 3407 1342 3474 stupenda,
1390 3425 1547 3474 qualn
1598 3408 2153 3474 incmnprehensibilia

585 3487 707 3528 aunt
738 3476 751 3529 !
784 3477 944 3540 Quasi
977 3477 1154 3531 dicat:
1191 3479 1232 3529 ο
1255 3480 1471 3530 altitudo
1513 3479 1799 3530 divitiarum
1822 3480 2086 3546 sapientite
2106 3487 2154 3534 et

583 3547 806 3598 scientite
831 3548 944 3610 Dei,
970 3564 1122 3614 quam
1141 3549 1660 3616 incomprehensibilia
1685 3560 1798 3613 sunt
1802 3549 2006 3617 judicia
2019 3565 2151 3615 ejus,

523 3677 529 3684 .
582 3625 628 3668 et
647 3617 1010 3685 investigubtles
1033 3620 1127 3670 vin:
1155 3619 1265 3687 ejus
1281 3619 1299 3670 .'
1331 3619 1392 3670 Et
1418 3621 1606 3672 metito
1631 3619 1752 3671 dico
1781 3636 1934 3687 quam
1957 3622 2152 3686 magni-

585 3687 738 3752 ﬁcata
768 3697 908 3751 sunt,
938 3690 1058 3755 quia
1091 3689 1438 3755 cogitationes,
1464 3688 1514 3740 id
1545 3699 1625 3742 est
1647 3688 2024 3755 dispositiones
2053 3704 2156 3743 tua:

584 3759 654 3809 de
681 3758 869 3821 quibus
903 3759 1016 3810 haec
1068 3773 1229 3824 Opera
1261 3764 1570 3824 procedunt,
1635 3766 1788 3824 (acta:
1833 3769 1951 3812 sunt
2004 3761 2156 3812 nimis

582 3827 871 3895 profundit.
898 3826 1035 3880 Vere
1067 3829 1215 3881 nimis
1246 3828 1535 3896 profunda,
1585 3831 1704 3897 quia
1755 3831 1956 3882 nullum
2011 3845 2156 3884 mare

580 3898 762 3957 altius,
795 3897 996 3951 nullum
1051 3911 1200 3950 mate
1232 3898 1562 3965 profundius.
1599 3900 1652 3952 In
1699 3901 1797 3952 hoc
1844 3900 2156 3965 prol'undius

584 3968 970 4036 naul'tagantur
992 3983 1176 4022 omnes
1210 3968 1377 4036 impii.
1407 3967 1485 4020 'l‘u
1513 3983 1689 4022 autem
1715 3970 1757 4023 si
1812 3972 1890 4021 vis
1914 3982 2151 4032 enatare,

581 4048 706 4092 tene
730 4046 782 4092 te
809 4040 872 4090 ad
897 4041 1094 4105 lignum
1129 4039 1242 4102 Dei,
1274 4041 1323 4092 id
1349 4050 1432 4092 est
1457 4041 1521 4091 ad
1549 4055 1732 4093 vocem
1761 4039 1983 4102 Christi,
2010 4051 2062 4092 et
2087 4045 2152 4094 ad

581 4107 698 4176 ejus
722 4109 1020 4176 passionem
1048 4128 1058 4161 :
1082 4110 1201 4176 quia
1221 4110 1333 4177 ipse
1353 4111 1496 4176 prior
1523 4111 1801 4173 laboravit,
1837 4126 1934 4162 nec
1959 4122 2009 4163 te
2040 4125 2152 4164 ser-

582 4179 902 4246 vunrpigeat
925 4181 1262 4233 laborarc:et
1280 4181 1430 4234 tertia
1462 4180 1548 4235 die
1570 4196 1782 4234 carnem
1809 4183 2152 4248 resuscitare,

583 4264 650 4302 ne
681 4258 732 4300 ιιι
759 4250 982 4302 haberes
1011 4251 1317 4316 desperare.
1352 4251 1468 4304 Non
1501 4267 1629 4320 ergo
1678 4251 1944 4305 temuleris
1969 4251 2152 4305 liorem

582 4320 875 4382 malorum,
912 4334 1012 4372 nec
1045 4331 1252 4372 moveat
1285 4334 1334 4375 te
1356 4322 1580 4375 felicitas
1610 4320 1914 4388 impiorum.
1951 4321 2146 4387 lleSpi-

575 4403 638 4442 ce
664 4390 728 4441 ad
752 4389 868 4455 ejus
900 4389 1275 4455 aeternitatem,
1309 4396 1429 4460 quia
1463 4394 1577 4457 ipse
1611 4391 1864 4459 prospicit
1893 4404 1955 4444 ex
1983 4401 2142 4444 teter-

2246 453 2366 506 dico
2393 456 2481 517 qui
2507 453 2708 526 operati
2734 463 2880 518 sunt,
2912 457 3004 508 sed
3057 455 3145 526 qui
3180 465 3594 522 perseveranter
3625 476 3800 526 operai:

2245 535 2326 576 tur
2355 525 2690 598 iniquitatem,
2709 541 2851 585 cum.
2869 529 3108 598 inquam,
3130 525 3230 579 hoc
3251 527 3528 598 erit,.quid
3547 534 3726 581 statim
3752 548 3824 584 se-

2247 604 2441 662 quatur
2498 610 2602 647 non
2661 596 2907 664 intelligit
2959 597 3214 665 insipiens
3264 606 3318 649 et
3360 596 3587 664 stultus,
3635 601 3826 656 scilicet

2246 680 2351 718 non
2383 665 2628 731 intelligit
2660 676 2734 729 ut,
2765 667 2812 718 id
2846 675 2924 720 est
2955 706 2970 730 ,
2997 669 3229 734 qualiter
3277 667 3376 729 ipsi
3426 680 3739 734 peccatores
3778 683 3825 726 et

2246 734 2796 808 operariiiiniquitatis
2817 737 3062 790 intereant
3086 738 3136 789 in
3159 738 3399 790 smn/um
3425 741 3626 803 seaculi,
3657 739 3707 793 id
3734 754 3822 808 εει,

2246 805 2438 858 dentur
2485 807 2536 859 in
2585 807 2854 860 interitutn
2899 821 3172 875 pmnarutn
3225 824 3440 860 suarum
3491 805 3822 864 arternarum.

2249 875 2352 930 l’ro
2389 880 2487 929 hac
2518 877 2657 928 enim
2693 879 2968 942 temporali
3000 877 3181 931 lmtitia
3229 883 3731 945 recompensabitur
3754 885 3825 938 eis

2247 958 2458 1018 (eterna
2479 948 2710 1000 tristitia.
2752 947 2956 1000 Etcum
3007 948 3093 1001 isti
3121 951 3198 1002 sic
3247 949 3682 1018 damnabuntnr,
3709 969 3825 1006 con.

2249 1024 2353 1068 stat
2373 1016 2493 1083 quia
2522 1032 2647 1071 vere
2671 1018 2818 1072 [loris
2839 1033 3026 1072 eorum
3051 1019 3390 1073 aemulatores
3412 1016 3820 1078 damnabantur.

2250 1088 2500 1149 Sequitur
2535 1106 2546 1141 :

2320 1155 2400 1209 Tu
2421 1167 2588 1211 autem
2625 1158 2925 1212 altissimus.
2981 1158 3056 1211 llli
3087 1166 3264 1212 autem
3308 1159 3737 1228 damnabuntur,
3764 1165 3828 1218 tui

2249 1237 2429 1280 autem
2487 1231 2866 1292 salvahuntur;
2912 1232 3033 1296 quia
3081 1238 3159 1293 tu,
3195 1229 3430 1294 Domine,
3460 1233 3717 1285 Salvator
3744 1251 3828 1287 εο-

2251 1311 2365 1350 rum
2397 1298 2501 1351 eris
2531 1300 2583 1353 in
2613 1308 2880 1352 aeternum.
2913 1301 3012 1364 'l‘u,
3048 1301 3191 1362 dico,
3223 1300 3312 1364 qui
3343 1314 3405 1354 es
3431 1302 3754 1364 Altissimus,
3784 1306 3827 1357 id

2251 1378 2356 1431 est,
2391 1369 2476 1434 qui
2527 1369 2636 1438 jam
2672 1370 2936 1438 prospicis
2984 1370 3052 1423 ab
3082 1370 3359 1424 altitudine
3405 1379 3490 1424 tua
3547 1381 3604 1425 et
3634 1384 3831 1438 tempus

2253 1439 2625 1512 prosperitatis
2659 1441 2918 1512 malorum
2949 1439 3057 1493 cito
3087 1442 3404 1506 desiturum,
3430 1452 3485 1494 et
3517 1450 3734 1512 tempus
3758 1461 3829 1498 re-

2253 1509 2639 1563 lttttttcratinnis
2669 1509 2925 1564 bonorum
2953 1512 3058 1564 cito
3085 1511 3408 1563 adfuturum.

2328 1580 2578 1642 Quanimn
2603 1596 2713 1632 ecce
2741 1581 2936 1634 inimici
2965 1582 3060 1634 tui.
3118 1580 3251 1634 Vere.
3283 1593 3592 1648 peccatores
3653 1584 3829 1637 interi-

2253 1646 2403 1724 bunt,
2436 1649 2556 1724 quia
2592 1651 2878 1724 peribunt;
2921 1646 3533 1724 ideoiauteaneribunt,
3580 1656 3714 1724 quia
3743 1659 3830 1707 ini-

2255 1720 2372 1771 mici
2403 1722 2477 1770 tui
2509 1733 2650 1773 sunt.
2705 1721 2836 1774 Ecce
2864 1723 3060 1774 inimici
3089 1723 3179 1773 tui.
3236 1721 3469 1789 Tempus
3501 1720 3652 1777 enim
3685 1724 3832 1780 breve

2255 1799 2359 1841 est.
2396 1791 2660 1854 ltepetitio
2692 1791 2815 1844 iacit
2844 1791 3324 1844 conﬁrmatioitem.
3379 1794 3582 1846 Inimici
3625 1795 3826 1849 Domini

2253 1858 2649 1930 dicunturinon
2700 1871 2902 1915 tantum
2960 1863 3045 1930 qtti
3098 1861 3453 1930 blasphemias
3507 1865 3725 1918 incum
3765 1865 3832 1919 la-

2252 1928 2417 1992 ciun',
2452 1929 2543 1982 scd
2582 1933 2740 1984 etiam
2789 1932 2864 1984 illi
2913 1928 3407 1998 de‘quibus'Jacob
3449 1934 3574 1988 dicit
3606 1952 3622 1985 :
3686 1938 3828 2000 Quis-

2252 2000 2366 2065 quis
2392 2002 2586 2053 aniicus
2607 2012 2682 2054 est
2714 2001 2913 2064 mundi,
2944 2002 3182 2055 inimicus
3212 2005 3537 2056 constituitur
3571 2003 3702 2059 Dei.
3738 2006 3827 2061 Ta-

2255 2069 2596 2140 les_initnicus
2628 2072 2713 2124 hic
2739 2073 2950 2138 aetipit.
2985 2072 3274 2140 Sequitur:

2327 2137 2390 2191 Et
2417 2144 2767 2210 tlt'spergentur
2810 2157 2982 2195 omnes
3021 2137 3110 2210 qui
3149 2154 3425 2208 Opi-rantur
3485 2145 3828 2212 iniquitlteu.

2253 2207 2296 2261 D
2319 2225 2383 2262 co
2412 2215 2529 2274 quia
2559 2207 2750 2264 inquiri
2771 2214 2865 2277 tui,
2897 2207 3130 2277 Domine,
3163 2207 3408 2278 peaibunt.
3436 2215 3501 2269 Et
3532 2207 3733 2270 verum
3761 2230 3830 2272 est

2255 2281 2374 2342 hac,
2405 2284 2526 2348 quia
2558 2298 2727 2356 omnes
2748 2283 2834 2351 qui
2855 2284 3485 2356 operantttriniquitatem,
3519 2285 3569 2339 id
3594 2294 3716 2351 est,
3751 2293 3828 2356 qui

2255 2353 2678 2425 perseverantia
2703 2369 2862 2419 opere
2891 2354 3204 2425 iniquitatis,
3231 2361 3613 2425 dispergentur,
3652 2359 3710 2410 id
3733 2353 3828 2424 est,

2251 2421 2463 2497 abnuis
2494 2420 2544 2473 in
2595 2423 2769 2497 l'uturo
2793 2424 2991 2491 judicio
3020 2420 3424 2497 separabantur:
3471 2426 3563 2479 Vel
3613 2429 3677 2480 in
3713 2420 3829 2497 ipsis

2253 2491 2627 2563 dispergentur,
2661 2494 2782 2560 quia
2809 2505 2994 2548 contra
3032 2493 3174 2563 ipstis
3203 2495 3356 2547 valde
3404 2491 3754 2562 rixahuntur',
3781 2511 3829 2554 et

2251 2561 2352 2612 sibi
2383 2563 2736 2626 displicebttnt
2780 2563 3019 2618 dicentes
3045 2561 3063 2616 ε’
3109 2564 3220 2617 Nos
3250 2568 3487 2618 insensati
3529 2561 3827 2622 animalia-

2251 2646 2365 2683 ntus
2392 2632 2542 2710 citant
2571 2648 2744 2686 eorum
2773 2635 3051 2710 insaniam,
3082 2646 3201 2710 etc._
3225 2636 3312 2689 Vel
3344 2640 3500 2689 etiam
3531 2640 3829 2710 dispergen-

2253 2701 2557 2774 turabbac
2584 2707 2832 2774 praesenti
2864 2707 3138 2768 lelicitate,
3189 2705 3240 2758 in
3273 2722 3429 2774 quam
3458 2701 3823 2762 conﬁdebant.

2220 2777 2223 2781 ‘
2251 2770 2384 2836 Quia
2414 2772 2481 2824 de
2507 2773 2588 2846 eis
2611 2773 2807 2827 dictum
2838 2787 2920 2828 est
2945 2791 2958 2827 :
2998 2776 3256 2839 Quoniam
3281 2770 3397 2828 eum
3421 2779 3700 2846 interierit,
3734 2798 3826 2834 non

2251 2851 2412 2916 suntet
2438 2844 2630 2916 omnia,
2655 2861 2814 2913 neque
2835 2847 3096 2916 descendet
3141 2862 3255 2898 cum
3283 2861 3341 2898 eo
3362 2848 3527 2912 gloria
3549 2844 3692 2916 ejus.

2325 2909 2391 2989 lit
2409 2909 2744 2989 comitabitur;
2781 2914 2942 2989 iniqui
2965 2916 3178 2989 quidem
3196 2909 3589 2989 dispergentur',
3619 2931 3684 2972 et
3701 2919 3824 2989 justi

2252 2980 2625 3059 salvztbuntur,
2656 2984 2756 3038 huc
2781 2980 3000 3040 delt‘etet
3029 2988 3208 3059 dicere
3241 3004 3253 3040 :
3285 2980 3526 3059 sed'quia
3561 2980 3681 3056 iise
3701 2980 3827 3059 ’ρω-

2255 3053 2413 3125 pheta
2461 3054 2538 3125 de
2554 3053 2658 3106 illis
2687 3069 2824 3108 unus
2853 3067 2988 3119 erat,
3039 3057 3156 3110 ideo
3188 3071 3282 3124 pro
3312 3053 3561 3112 omnibus
3583 3053 3748 3125 ponit
3772 3076 3828 3115 se

2256 3121 2460 3174 dicens.
2493 3121 2560 3175 Et
2592 3134 2715 3178 tunc
2744 3141 2903 3179 cornu
2943 3142 3131 3188 meum,
3164 3121 3211 3179 id
3239 3140 3342 3191 εει,
3373 3121 3683 3182 subluniias
3713 3145 3825 3185 mea

2255 3195 2580 3258 exaltabitur,
2607 3195 2663 3250 id
2689 3206 2790 3256 rst.
2821 3197 2891 3249 ita
2915 3198 3276 3264 coronabitur,
3305 3199 3435 3250 sicut
3458 3200 3648 3253 merito
3675 3202 3826 3254 exal-

2258 3264 2447 3315 tandus
2478 3275 2558 3316 est
2586 3266 2698 3328 ipse
2728 3266 2818 3333 qui
2859 3276 2939 3319 est
2967 3269 3247 3330 nnicornis,
3302 3267 3352 3319 id
3383 3280 3485 3333 est,
3535 3271 3746 3323 mavult
3773 3273 3824 3324 in

2257 3336 2505 3406 prmsenti
2535 3348 2654 3388 esse
2677 3337 3014 3404 singulariter
3043 3340 3094 3389 in
3127 3353 3221 3404 spe
3272 3354 3432 3404 quam
3463 3341 3829 3406 multipliciter

2259 3404 2310 3457 in
2343 3419 2421 3457 re.
2452 3406 2599 3460 Solet
2623 3407 2780 3458 etiam
2809 3406 3100 3470 nnicornis,
3145 3411 3267 3475 quia
3298 3425 3459 3461 unum
3489 3404 3684 3462 tantum
3715 3412 3824 3462 ha-

2259 3479 2344 3545 bet
2370 3488 2555 3540 Cornu,
2591 3491 2685 3542 pro
2709 3480 2910 3531 unitate
2958 3475 3212 3531 Ecclesiae
3259 3478 3452 3544 accipi.
3496 3478 3642 3532 Juxta
3672 3483 3825 3545 quod

2259 3544 2346 3618 hic
2370 3546 2528 3618 etiam
2561 3555 2735 3613 potest
2761 3547 2926 3615 accipi
2955 3550 3069 3601 sic:
3105 3547 3273 3601 Cornu
3306 3565 3476 3602 meum
3495 3544 3825 3618 excitabitur,

2257 3615 2388 3667 sicut
2421 3615 2562 3668 illius
2589 3632 2752 3689 cornu
2785 3619 2976 3671 merito
3006 3619 3377 3689 exaltandum,
3400 3621 3493 3688 qui
3523 3635 3627 3673 non
3667 3615 3825 3689 seps;

2256 3696 2400 3738 ratus
2431 3695 2512 3738 est
2545 3725 2560 3749 ,
2593 3687 2687 3740 sed
2717 3689 2998 3749 nnicornis,
3029 3688 3080 3741 id
3112 3699 3214 3752 est,
3251 3687 3474 3742 manens
3514 3690 3568 3742 in
3601 3687 3822 3744 unitate.

2257 3754 2406 3809 Tunc
2435 3755 2577 3809 enim
2611 3758 2785 3811 unitas
2813 3768 3014 3811 tantum
3050 3759 3411 3822 coronabitur,
3442 3761 3674 3814 schisma
3698 3777 3826 3816 vero

2256 3826 2613 3880 damnabitur.
2649 3826 2714 3880 Et
2742 3838 2972 3882 senectus
2993 3844 3124 3891 mea,
3159 3830 3209 3882 id
3241 3841 3346 3894 es:,
3377 3832 3676 3898 posteriora
3710 3848 3824 3884 inea

2256 3907 2411 3968 erunt
2440 3899 2491 3949 in
2518 3899 2654 3950 uberi
2700 3901 3067 3963 misericordia,
3103 3916 3204 3952 non
3236 3902 3378 3968 quod
3409 3903 3479 3953 ibi
3506 3904 3580 3955 sit
3621 3903 3825 3956 miseri-

2255 3967 2456 4041 cordia,
2501 3969 2588 4041 ubi
2614 3969 2724 4041 sola
2757 3970 2861 4022 erit
2908 3969 3102 4041 veritas
3134 3989 3146 4022 :
3175 3973 3268 4024 sed
3311 3977 3492 4024 tamen
3531 3975 3656 4040 quia
3687 3973 3824 4041 quod

2259 4035 2342 4089 hic
2369 4038 2787 4092 misericorditer
2820 4039 3159 4104 promittitur,
3213 4042 3284 4094 ibi
3327 4035 3663 4108 implebi'tur,
3707 4035 3824 4096 ideo

2256 4108 2382 4178 dicit
2411 4108 2481 4161 ibi
2509 4122 2628 4162 esse
2665 4109 3082 4164 misericordiam
3109 4127 3124 4174 ;
3156 4118 3210 4164 et
3237 4109 3359 4177 quia
3398 4113 3548 4178 quod
3581 4129 3723 4166 nunc
3747 4125 3823 4166 est

2259 4176 2311 4229 in
2345 4193 2460 4244 spe,
2495 4189 2618 4231 tunc
2645 4182 2744 4231 crit
2767 4181 2817 4232 in
2851 4195 2926 4241 re,
2960 4181 3082 4234 ideo
3111 4176 3524 4249 uberi’apponit.
3561 4185 3794 4237 Senecm

2259 4257 2364 4320 tem
2399 4263 2525 4300 vero
2553 4249 2732 4302 statim
2786 4251 2932 4305 illunt
2961 4259 3116 4304 vocnt
3157 4252 3222 4304 ad
3254 4253 3690 4320 similitudinem,
3723 4257 3822 4305 sci-

2259 4317 2383 4370 licet
2412 4321 2530 4384 quia
2558 4329 3027 4390 quantumcmtque
3074 4322 3164 4373 hic
3209 4322 3361 4374 uberi
3409 4317 3722 4389 despectus,
3757 4325 3821 4376 tbi

2260 4394 2508 4455 tanquam
2546 4401 2720 4442 senex
2766 4391 2868 4442 crit
2913 4391 3233 4443 reverendus
3276 4400 3332 4444 et
3361 4395 3733 4446 honorandus.
3764 4395 3823 4446 Et

573 4460 740 4511 nitate
769 4460 892 4538 quid
929 4470 1109 4538 parcat
1135 4458 1339 4536 impiis,
1380 4462 1591 4538 etquid
1615 4458 1856 4515 reservet
1889 4460 2006 4537 pilis.
2030 4460 2139 4513 Νυ-
2168 4458 2218 4520 D
2244 4461 2424 4525 accipe
2456 4467 2624 4538 totum
2643 4469 2974 4538 praesentem
3007 4461 3240 4538 laborem
3289 4470 3408 4527 post
3439 4463 3606 4538 iidem
3648 4478 3821 4517 susce-

575 4532 609 4582 li
642 4528 907 4596 resiiicere
937 4530 1001 4582 ad
1031 4528 1347 4597 paucitatem
1401 4528 1606 4585 dierum
1655 4541 1888 4594 tuorum,
1933 4534 1982 4582 in
2034 4546 2137 4599 qua

575 4615 682 4655 non
743 4611 964 4665 ιοεειιιιι
1008 4601 1184 4652 omnia
1237 4602 1514 4665 compleri,
1571 4603 1776 4655 scilicet
1833 4613 1886 4654 ut
1930 4609 1981 4654 et
2013 4601 2139 4654 boni

568 4680 1000 4734 t'etttuttcrentur,
1056 4679 1109 4722 et
1165 4670 1288 4723 mali
1335 4671 1674 4726 damnentur.
1731 4672 1834 4726 Sed
1895 4671 1981 4724 dic
2035 4670 2142 4724 1)οο

571 4741 719 4812 mino
753 4741 858 4795 1)εο
892 4753 979 4795 ιιιο
1005 4757 1018 4792 :
1047 4741 1283 4808 Domine,
1306 4759 1459 4811 quam
1484 4743 1812 4812 magniﬁcum
1849 4749 1962 4794 sunt
1984 4757 2140 4808 opera

568 4821 654 4866 tua
687 4811 707 4863 .’
737 4811 813 4864 Tn
839 4827 1078 4866 reservas
1100 4813 1274 4863 omnia
1296 4812 1491 4880 judicio
1521 4811 1630 4866 tuo.
1659 4813 2012 4881 b‘lagellantur
2043 4814 2136 4880 pii,

567 4884 690 4950 quia
731 4885 1066 4951 corriguntur
1117 4892 1172 4934 ut
1224 4883 1314 4935 lilii
1347 4900 1362 4948 ;
1391 4894 1768 4950 prosperantur
1821 4884 1987 4950 itnpii,
2019 4885 2140 4950 quia

569 4954 963 5005 damnabuntur
1013 4961 1064 5004 ιιι
1095 4953 1237 5022 servi
1287 4953 1511 5022 fugitivi.
1565 4953 1676 5006 Hoc
1729 4963 1910 5008 autem
1965 4954 2139 5021 (quasi

567 5023 714 5076 dicat
742 5023 758 5088 )
783 5024 1022 5088 insipiens
1053 5031 1098 5075 et
1121 5021 1328 5089 stultus,
1350 5021 1442 5090 qui
1479 5024 1759 5076 inundatur
1811 5029 1992 5076 liorem
2021 5024 2146 5075 illo-

569 5109 712 5159 rum,
745 5109 848 5146 non
874 5095 1117 5148 attendit.
1151 5095 1210 5146 Et
1237 5094 1336 5147 hoc
1384 5103 1488 5153 est.
1522 5096 1660 5159 quod
1693 5095 1859 5146 dicit:
1892 5092 1984 5145 Vir
2009 5093 2139 5144 insi-

571 5166 714 5230 piens
741 5179 839 5216 non
869 5173 1130 5233 cngtioscet
1156 5167 1273 5229 hoc,
1298 5173 1343 5217 et
1369 5164 1554 5217 stultus
1581 5181 1683 5216 non
1712 5165 1972 5232 intelliget.
2005 5161 2138 5216 lusi-

570 5233 802 5299 pientetn
855 5244 911 5288 et
938 5236 1156 5287 stultum
1190 5245 1344 5288 vocat
1380 5236 1743 5287 aemulator-em
1770 5236 1918 5286 lloris
1967 5234 2140 5286 malo-

571 5319 688 5357 rum
716 5324 726 5356 :
757 5307 1091 5374 insipientem
1119 5307 1352 5372 quidem,
1385 5307 1504 5374 quia
1536 5321 1638 5358 non
1675 5305 1930 5372 prospicit
1957 5305 2058 5356 sibi
2089 5305 2140 5357 iit

571 5376 804 5428 t'uturutn
836 5391 849 5428 :
883 5376 1098 5430 stultum
1125 5390 1268 5438 vero,
1297 5378 1418 5444 quia
1449 5393 1552 5429 non
1579 5376 1806 5428 attendit
1831 5391 1988 5443 quam
2037 5378 2143 5426 ira-

569 5444 692 5510 gilia
723 5456 777 5499 et
824 5461 978 5512 quam
1010 5446 1188 5498 labilia
1231 5458 1373 5512 sunt,
1423 5464 1540 5515 qua:
1595 5450 1816 5514 appetit.
1851 5450 1913 5515 lit
1938 5444 2028 5512 qui
2057 5446 2139 5496 di-

571 5527 695 5568 cant
726 5532 845 5568 euut
877 5533 978 5568 non
1008 5516 1329 5584 intelligere,
1359 5514 1538 5570 subdit
1569 5517 1754 5570 diccus
1785 5534 1795 5567 :
1833 5514 1958 5568 Cum
1982 5515 2143 5566 exorti

572 5589 758 5654 fuerint
788 5595 1073 5656 peccatores
1094 5595 1146 5638 ut
1169 5592 1362 5654 lenam,
1391 5589 1528 5653 quod
1555 5587 1704 5641 hodie
1730 5597 1825 5650 est,
1855 5597 1901 5637 et
1951 5600 2062 5656 cras
2089 5586 2141 5636 in

572 5659 825 5710 clibunum
865 5657 1099 5709 mittitur.
1149 5659 1306 5720 Quasi
1339 5658 1484 5712 dicat
1515 5675 1527 5711 :
1560 5657 1675 5711 Non
1700 5658 1930 5712 delectet
1956 5665 2007 5708 te
2038 5655 2138 5708 ilus

577 5743 784 5792 eorum,
829 5727 932 5779 into
963 5731 1230 5782 deterreat
1263 5740 1312 5782 te
1343 5732 1490 5783 vclox
1516 5729 1736 5783 ariditas
1773 5742 1982 5790 eorum,
2017 5726 2135 5795 quia

2244 4538 2410 4600 ptam,
2443 4530 2592 4596 quasi
2640 4529 2692 4580 itt
2721 4529 3085 4595 juventutem,
3131 4533 3251 4598 quia
3279 4543 3360 4585 est
3389 4533 3648 4600 qua-dam
3676 4538 3825 4588 iuno-

2245 4599 2382 4650 vatio
2407 4604 2470 4649 ad
2502 4600 2643 4650 illam
2674 4600 3076 4654 beatitudinem.

2313 4666 2381 4720 Et
2404 4669 2652 4740 despexit.
2683 4668 2845 4734 Quasi
2873 4671 3014 4723 dicat
3039 4687 3052 4722 :
3092 4671 3155 4724 Et
3174 4671 3292 4740 quia
3317 4679 3505 4725 certus
3531 4687 3657 4727 sum
3684 4673 3825 4727 illius

2244 4738 2593 4794 beatitudinis
2623 4742 2830 4805 intumo,
2883 4741 3004 4794 ideo
3034 4738 3214 4794 oculus
3252 4757 3416 4802 meus,
3469 4745 3520 4795 id
3547 4754 3656 4805 est,
3690 4750 3826 4796 ratio

2242 4825 2358 4881 mea
2387 4810 2611 4876 despexit
2645 4811 2876 4864 inimicos
2906 4827 3062 4876 meos,
3095 4811 3146 4864 id
3177 4819 3279 4874 est,
3307 4811 3566 4865 ﬂorentes
3612 4815 3826 4881 nnpios,

2243 4879 2363 4946 quia
2394 4897 2500 4933 tton
2529 4883 2695 4932 movit
2740 4896 2824 4933 me
2855 4885 3182 4950 persecutio,
3217 4885 3297 4934 vel
3345 4881 3444 4933 ilus
3489 4879 3705 4937 eorum.
3764 4885 3830 4937 Et

2241 4964 2447 5025 seraper
2477 4965 2570 5003 eos
2597 4950 2908 5025 despicatui,
2962 4954 3081 5018 quia
3112 4951 3520 5025 malignantibus
3560 4955 3830 5025 insurgen-

2243 5020 2374 5070 tibns
2400 5021 2451 5071 in
2474 5036 2576 5083 me,
2605 5020 2655 5072 id
2685 5029 2788 5084 est,
2819 5025 3037 5086 quando
3065 5025 3200 5074 tnala
3233 5022 3630 5088 persuadentes
3656 5020 3831 5078 insur-

2243 5103 2496 5142 τεχειυιιι
2543 5102 2728 5143 contra
2777 5107 2882 5154 me,
2936 5103 2990 5143 111,
3039 5109 3124 5146 me
3153 5103 3458 5145 αεωεειιιι
3515 5105 3643 5147 tunc
3685 5098 3830 5147 auris

2243 5172 2388 5231 mea,
2419 5164 2562 5212 auris
2614 5161 2791 5214 cordis
2819 5162 2994 5216 audiet
3045 5179 3073 5214 a
3107 5167 3328 5215 veritate
3358 5165 3460 5216 sibi
3510 5164 3660 5216 intus
3689 5182 3830 5231 prin-

2244 5228 2455 5283 sidente
2485 5235 2584 5302 hoc
2607 5249 2616 5282 :
2641 5232 2754 5284 Noli
2787 5233 2899 5283 istis
2929 5249 3268 5299 acqtnescete
3301 5247 3355 5286 ut
3382 5245 3610 5302 appetas
3637 5228 3827 5288 ﬂorem

2244 5312 2458 5373 eorum.
2493 5301 2604 5354 Non
2637 5305 2777 5355 enim
2812 5312 2956 5354 tttntn
2987 5315 3064 5355 est
3093 5305 3284 5357 ﬂorere
3304 5319 3368 5356 ex
3401 5301 3669 5370 tempore,
3702 5320 3831 5373 quia

2245 5371 2410 5433 iustus
2439 5373 2640 5438 ﬂorebit
2665 5382 2717 5425 ut
2748 5374 2934 5442 palma,
2962 5373 3013 5429 id
3043 5384 3146 5438 est,
3178 5375 3327 5426 tarde
3355 5377 3534 5427 veniet
3582 5381 3678 5428 [los
3697 5371 3830 5442 justi

2244 5443 2384 5513 sicut
2412 5442 2507 5494 llos
2537 5445 2746 5513 palmae,
2797 5458 2915 5509 qtne
2945 5459 3050 5496 non
3076 5456 3199 5496 ante
3250 5445 3586 5513 trigesimum
3629 5461 3828 5498 altrm

2247 5509 2476 5584 fructum
2513 5509 2653 5565 facit.
2689 5512 2777 5566 Vel
2805 5515 2922 5566 ideo
2952 5515 3080 5566 sicut
3107 5509 3448 5584 palma,quia
3478 5517 3623 5569 sicut
3648 5519 3832 5580 palma

2247 5582 2297 5632 in
2329 5593 2514 5636 trunco
2553 5593 2635 5636 est
2687 5584 2913 5648 hispida,
2963 5589 3014 5636 in
3056 5582 3361 5638 summitate
3402 5600 3536 5638 vero
3582 5589 3834 5653 pulcher-

2246 5652 2399 5717 rinu,
2447 5654 2514 5704 ita
2555 5655 2812 5706 bonotum
2847 5656 2947 5706 vita
2991 5657 3039 5707 in
3084 5655 3342 5723 principio
3380 5666 3466 5709 est
3496 5652 3649 5722 quasi
3681 5659 3834 5710 teda

2245 5733 2296 5776 et
2319 5723 2546 5795 hispida,
2585 5724 2637 5777 iit
2662 5725 2765 5778 line
2791 5739 2918 5779 vero
2941 5726 3046 5779 erit
3067 5724 3474 5795 jucundissima.
3505 5727 3569 5779 Et
3595 5728 3722 5781 ilco
3749 5733 3837 5797 ῥι-
