4006 6364
591 268 694 326 985

1073 276 1271 331 DEDIE
1314 274 1761 333 VENEliABlLIS
1800 276 1952 333 OPP.
1996 274 2168 331 PARS
2212 273 2274 328 ΙΙ.
2307 273 2498 330 SEC'I‘.
2539 275 2598 330 ll.
2641 306 2705 316 —-
2750 274 2953 331 DUBIA
2994 275 3079 330 ET
3118 275 3386 333 SPURIA.

3730 282 3829 335 93s

586 388 1129 459 omnemsuperbiam
1163 400 1218 445 et
1250 390 1494 443 hostilem
1528 392 1820 458 potentiam
1866 388 2032 443 fortes
2062 401 2147 442 es-
2179 387 2227 447 A
2255 386 2475 439 Actibus
2506 388 2866 459 apostolorum
2902 386 3093 459 legitur
3119 406 3129 439 :
3166 389 3323 443 Stans
3352 390 3408 443 in
3435 392 3606 445 ntedio
3634 399 3830 457 aperuit

593 468 734 511 sent.
779 458 1091 514 Vel’aliter.
1142 459 1417 519 Prtecinzrit
1462 476 1512 512 se
1559 461 1901 521 fortitudine,
1933 459 1984 512 id
2030 467 2147 522 est,

591 540 715 582 ante
743 543 800 582 se
829 530 990 581 cinxit
1019 529 1376 584 fortitudinem
1396 571 1410 591 ,
1438 531 1485 583 id
1515 540 1627 593 est,
1664 530 1990 595 patientiam.
2019 528 2151 595 Quia

592 610 689 650 nos
727 598 1051 653 detractores
1092 603 1318 666 patimur
1357 611 1405 654 et
1440 608 1558 666 post
1588 601 1802 652 dorsum
1835 607 1888 653 et
1916 609 2038 652 ante
2069 597 2149 650 fa-

592 668 750 719 ciem.
786 669 846 719 Et
878 667 995 721 ideo
1035 669 1341 737 patientiam
1387 670 1644 724 debemus
1686 670 1887 724 habere
1929 669 2150 734 przecin-

596 746 734 788 ctam
760 778 772 797 ,
805 737 854 789 id
883 748 963 790 est
986 777 999 800 ,
1030 748 1152 792 ante
1179 743 1357 792 oculos
1389 742 1614 793 maxime
1646 739 1899 803 positam,
1932 739 1997 792 ad
2030 739 2147 793 illos

593 805 683 877 qui
716 806 965 860 insultant
994 808 1147 862 nobis
1181 812 1229 862 in
1264 809 1449 863 faciem
1475 851 1488 873 ,
1522 825 1587 863 ne
1616 810 1813 862 malum
1862 823 1959 877 pro
2008 808 2148 861 malo

588 875 906 941 reddamus,
949 879 1042 932 sed
1073 896 1101 932 e
1131 884 1398 933 contrario
1443 880 1839 933 benedicamus.
1866 875 2145 932 ‘Patientia

586 946 727 1016 enim
760 949 1055 1001 necessaria
1088 959 1201 1014 est,
1238 958 1294 1002 ut
1334 960 1666 1016 reponemus
1714 949 2143 1014 promissionem.

584 1014 842 1087 Potestet
870 1018 1021 1071 aliter
1048 1018 1149 1071 dici
1173 1060 1185 1082 ,
1215 1014 1437 1072 Indutus
1462 1028 1532 1071 est
1560 1021 1788 1072 decorent
1818 1030 1864 1070 et
1896 1019 2146 1087 fortitudi-

586 1100 721 1157 uem.
757 1085 1010 1141 Decorem
1041 1087 1180 1141 enim
1227 1091 1433 1154 induit,
1465 1091 1713 1157 quoniam
1744 1085 2018 1155 assumptis
2049 1088 2143 1140 tri-

588 1155 679 1207 bus
711 1157 1008 1228 discipulis,
1043 1160 1265 1211 ascendit
1294 1162 1345 1211 in
1377 1155 1626 1220 montem,
1660 1168 1707 1210 et
1753 1160 2143 1228 transfiguratus

584 1234 662 1278 est
687 1234 801 1280 ante
830 1242 931 1279 eos.
983 1227 1365 1282 Fortitudinem
1399 1245 1524 1282 vero
1556 1228 1758 1290 induit,
1790 1230 2000 1295 quando
2046 1228 2144 1279 ini-

591 1296 742 1348 micis
785 1298 1142 1363 qttterentibus
1189 1313 1247 1352 se
1292 1298 1585 1361 respondit,
1616 1298 1724 1360 Eua
1766 1315 1911 1361 sum,
1961 1296 2142 1351 ethoc

588 1367 704 1417 solo
736 1366 895 1419 verbo
922 1382 1015 1420 eos
1048 1370 1348 1434 prostravit.
1382 1368 1507 1421 ltem
1543 1367 1903 1421 fortitudinem
1938 1367 2137 1435 induit,

583 1438 793 1507 quando
818 1438 1022 1505 ﬂagello
1046 1441 1178 1505 facta
1200 1440 1260 1491 de
1282 1438 1539 1507 funiculis,
1566 1439 1830 1491 veridentes
1855 1452 1901 1490 et
1924 1447 2140 1491 ementes

587 1506 653 1557 de
695 1508 880 1574 templo
926 1509 1089 1571 eiecit.
1144 1508 1235 1561 Vel
1277 1510 1429 1561 aliter
1478 1509 1699 1562 habetur
1732 1509 1780 1560 in
1815 1508 2137 1575 Evangelio,

585 1576 721 1641 quod
753 1577 960 1648 quidam
1002 1580 1064 1630 de
1102 1594 1158 1631 eo
1203 1580 1432 1632 dicebant
1471 1584 1587 1648 quin
1619 1580 1775 1631 bonus
1804 1588 1906 1638 est;
1935 1578 2023 1630 alii
2048 1593 2140 1648 au-

583 1655 729 1697 tem:
758 1644 913 1711 Non,
943 1648 1031 1700 sed
1061 1650 1251 1701 seducit
1298 1644 1491 1701 turbas.
1538 1649 1604 1700 bit
1650 1650 1783 1701 inter
1829 1651 1924 1701 hos
1970 1647 2138 1700 induit

583 1716 828 1767 decorem
858 1726 910 1769 et
941 1718 1329 1788 fortitudinem,
1361 1719 1479 1788 quia
1515 1719 1669 1770 talem
1720 1718 1954 1771 habitum
2005 1733 2135 1785 pro-

588 1794 704 1849 pter
735 1796 966 1840 nostram
1015 1787 1413 1841 instructionem
1455 1788 1556 1841 sibi
1603 1789 1909 1854 assumpsit,
1943 1798 1999 1839 ut
2044 1802 2141 1842 nec

582 1854 940 1927 delectaretur
968 1858 1144 1926 lingua
1174 1857 1530 1919 laudantium,
1563 1859 2013 1927 nec'ft'angeretur
2034 1859 2143 1912 lin-

582 1939 679 1990 gua
714 1926 1141 1991 vituperantium.
1172 1929 1319 1994 Quod
1354 1943 1480 1982 vere
1501 1939 1551 1981 et
1572 1926 1822 1983 deCorum
1847 1926 1977 1991 frit,
2002 1937 2055 1981 et
2076 1928 2139 1982 ad

582 2010 826 2062 magnam
857 1999 1210 2053 fortitudinem
1246 1999 1514 2063 pertinuit.
1545 2001 1605 2052 lit
1634 2000 1753 2053 huic
1782 2002 1988 2066 utrique
2020 2014 2141 2052 sen-

585 2068 773 2139 tcntiae
794 2069 1068 2134 pratcinxit
1095 2084 1150 2122 se
1182 2069 1523 2137 fortitudine,
1555 2079 1611 2123 ut
1645 2069 1909 2139 posterius
1940 2069 2138 2123 dictum

581 2145 697 2207 est_,
728 2136 879 2207 plane
908 2149 1057 2205 potes
1085 2140 1353 2207 adoptare.

646 2203 849 2258 Etenim
877 2203 1094 2273 firmarit
1124 2203 1290 2262 orbem
1320 2220 1486 2265 terrte.
1526 2209 1657 2264 Vere
1698 2208 1944 2263 Dominus
1987 2210 2149 2263 indui

580 2286 658 2350 tus
689 2284 763 2329 est
791 2278 1020 2350 decorem
1068 2290 1115 2332 et
1160 2281 1536 2350 fortitudinem,
1569 2281 1617 2350 id
1649 2289 1764 2345 est,
1813 2281 2039 2334 decoros
2085 2292 2139 2350 et

578 2343 763 2410 fortes,
788 2348 905 2416 quia
936 2343 1345 2416 ﬁrmavit'orbem
1366 2343 1530 2414 terrm,
1565 2349 1615 2402 id
1646 2343 1757 2414 est,
1781 2356 1866 2417 qui
1904 2351 2049 2417 prius
2081 2349 2134 2403 in

580 2417 802 2470 terrenis
846 2420 1102 2473 volubiles
1144 2429 1295 2474 erant
1339 2430 1392 2474 et
1436 2420 1708 2473 instabiles
1754 2430 1815 2475 ιιι
1852 2423 2036 2485 orbis,
2082 2422 2135 2474 in

586 2486 690 2538 title
720 2487 933 2541 stabiles
962 2500 1015 2542 et
1046 2491 1341 2544 immobiles
1393 2490 1535 2543 fecit.
1573 2490 1661 2543 Vel
1710 2492 1929 2555 ﬁrmavit
1970 2491 2135 2543 orbem

578 2557 839 2628 terrw,id
871 2569 951 2611 est
973 2602 985 2624 ,
1022 2562 1149 2614 tales
1182 2561 1302 2613 fecit
1323 2604 1337 2626 ,
1370 2561 1457 2628 qui
1510 2575 1609 2613 nec
1638 2562 2006 2612 mollescerent
2037 2560 2133 2612 lin-

581 2640 682 2699 gua
716 2627 1073 2699 adulantium,
1111 2644 1209 2683 nec
1239 2627 1605 2699 frangerentur
1648 2630 1821 2697 lingua
1850 2631 2134 2683 detrahen-

576 2695 735 2769 tium;
766 2696 934 2769 orbem
968 2710 1140 2765 terrm,
1173 2700 1323 2763 dico,
1354 2695 1436 2769 qui
1468 2717 1567 2753 non
1599 2695 2005 2753 commovebitur.
2042 2701 2137 2755 Est

578 2764 716 2839 enim
750 2768 957 2839 quidam
988 2764 1134 2839 orbis
1164 2781 1316 2823 terrm
1344 2764 1428 2839 qui
1459 2787 1561 2823 non
1590 2770 1996 2833 commovebitur,
2029 2772 2131 2823 sci-

578 2833 731 2908 licet,
767 2837 1035 2908 haeretici,
1066 2855 1289 2905 quorum
1324 2833 1494 2892 motus
1524 2843 1739 2908 exponit
1781 2841 1933 2894 nobis
1975 2843 2132 2908 Apo-

571 2906 738 2978 θιιιιιιε
768 2907 817 2959 in
850 2921 993 2975 parte
1022 2909 1201 2961 dieens
1228 2926 1240 2961 :
1278 2910 1349 2961 De
1376 2912 1551 2978 quibus
1595 2906 1709 2962 sunt
1746 2906 2056 2976 Hymenwu's
2085 2922 2130 2963 et

575 2972 806 3029 Plu/etus
828 2972 957 3045 {qui
987 2993 1120 3031 circa
1148 2972 1404 3034 veritatem
1436 2980 1667 3032 aberrant
1708 2972 1927 3031 dicentes
1957 2996 2128 3033 resur-

569 3046 840 3099 reuionem
862 3052 975 3117 jam
1006 3064 1112 3102 esse
1141 3053 1325 3118 [actim
1344 3090 1359 3114 ,
1392 3060 1436 3102 et
1467 3050 1795 3113 quorumdam
1828 3049 1981 3115 ﬁdem
2009 3051 2127 3101 sub-

574 3124 796 3171 rertunt.
825 3120 952 3181 Quis
978 3128 1152 3172 autem
1185 3122 1251 3172 sit
1294 3121 1436 3173 orbis
1480 3120 1563 3185 qui
1591 3135 1690 3171 non
1719 3120 2126 3185 commovebitur,

572 3187 959 3257 subsequentcr
990 3190 1157 3255 aperit
1180 3190 1360 3243 dicens
1389 3208 1400 3241 :
1438 3187 1666 3241 Firmum
1691 3198 1791 3242 stat
1826 3191 2130 3257 fundamer

568 3264 693 3329 tum.
724 3255 880 3329 Novit
910 3260 1038 3311 enim
1070 3258 1313 3312 Dominus
1342 3260 1428 3324 qui
1458 3270 1572 3311 sint
1600 3260 1708 3329 ejus
1733 3276 1750 3320 ;
1779 3255 1870 3312 et:
1909 3260 2130 3313 Recedat

568 3322 632 3377 ab
652 3325 924 3399 iniquitate
954 3333 1114 3383 omnis
1141 3332 1225 3398 qui
1254 3322 1449 3382 inuocat
1478 3322 1656 3399 nomen
1686 3333 1814 3399 ejus.

642 3394 832 3467 Parata
860 3400 999 3451 sedes
1031 3394 1502 3465 tuanpoStroplta
1536 3401 1600 3451 ad
1634 3394 1933 3453 Dominum.
1966 3400 2010 3467 Q
2035 3401 2128 3455 :asi

565 3464 743 3521 dicat:
778 3466 1023 3522 Firmnsti
1061 3464 1271 3539 quidem
1314 3470 1481 3524 orbem
1521 3480 1702 3533 terrm,
1739 3479 1792 3523 et
1832 3474 1931 3522 huc
1970 3464 2129 3526 modo

566 3550 745 3602 parata
786 3551 865 3592 est
907 3543 1046 3593 sedes
1090 3552 1204 3606 tua,
1236 3557 1302 3594 ea:
1344 3552 1496 3602 tunc,
1528 3541 1761 3603 scilicet,
1795 3542 1876 3593 vel
1919 3556 1982 3595 ex
2024 3556 2127 3610 quo

571 3609 814 3680 “ominus
853 3612 1075 3680 regnavit
1098 3651 1111 3671 ,
1152 3612 1232 3663 vel
1278 3626 1338 3664 ex
1369 3627 1474 3679 qtto
1505 3622 1642 3664 terra
1675 3611 1884 3663 fundata
1918 3622 2018 3665 est.
2043 3609 2128 3664 ’Et

562 3677 835 3740 quamvis,
867 3677 1019 3745 quasi
1048 3683 1219 3744 dicat,
1253 3696 1315 3734 cx
1359 3677 1595 3746 tetttpore
1634 3691 1810 3750 parata
1849 3684 1989 3733 sedes
2036 3682 2125 3735 tibi

564 3756 675 3809 est,
719 3756 840 3799 time
877 3750 1034 3802 sedes
1072 3761 1152 3802 est
1190 3760 1416 3813 (eterna,
1448 3751 1566 3819 quia
1607 3762 1659 3802 tu
1688 3767 1739 3802 es
1767 3767 1797 3801 a
1825 3752 2042 3814 steculo,
2075 3761 2128 3804 et

564 3824 614 3866 tu
644 3832 703 3889 es
727 3826 975 3871 :rternus.
999 3822 1121 3872 Αὶὼν
1145 3822 1278 3887 apud
1306 3820 1518 3874 Grurcus
1544 3821 1844 3889 ambiguum
1871 3831 1947 3874 t'sl
1966 3864 1979 3885 ,
2004 3822 2125 3888 quia

567 3886 777 3947 ponitur
806 3898 852 3939 et
889 3902 984 3954 pro
1014 3886 1209 3943 saeculo
1238 3900 1290 3942 et
1321 3906 1413 3957 pro
1446 3900 1645 3943 aitet-no
1673 3886 1773 3953 ;ἐι
1804 3891 1918 3943 ideo
1956 3886 2124 3944 Latini

564 3956 884 4027 interpretes
929 3974 1071 4025 ηερε
1114 3956 1451 4014 inveniuntur
1490 3961 1728 4027 posuisse
1771 3977 1863 4022 pro
1902 3970 2121 4014 :rteruo.

564 4020 730 4081 Sedes
760 4028 848 4081 Dei
878 4020 1101 4083 sunt'illi
1133 4032 1182 4083 in
1211 4032 1401 4099 quibus
1432 4020 1873 4083 Deus'iultabitat.
1909 4031 1979 4081 [lo
2007 4034 2125 4098 qni-

566 4100 660 4149 bus
702 4113 792 4164 per
833 4100 1140 4166 prophetam
1181 4102 1413 4154 dicitur:
1459 4099 1628 4169 Super
1667 4116 1811 4167 qvi-em
1852 4102 2124 4167 requiescet

558 4169 768 4229 spiritus
792 4184 950 4231 meus,
983 4173 1081 4222 nisi
1111 4187 1259 4239 super
1286 4173 1505 4239 quietum
1534 4180 1579 4223 et
1620 4170 1858 4223 humilem
1880 4214 1893 4235 ,
1940 4180 1986 4223 et
2027 4181 2125 4224 tre-

563 4248 771 4309 mentem
805 4242 950 4309 verba
984 4241 1130 4293 utea?
1172 4243 1296 4293 lislo
1325 4257 1449 4309 ergo
1483 4252 1532 4294 ιιι
1564 4252 1806 4309 quietus,
1844 4258 1944 4294 non
1978 4242 2123 4293 rixo-

560 4321 680 4379 sns;
717 4306 928 4360 humilis
949 4352 962 4373 ,
1004 4324 1106 4361 non
1152 4306 1408 4379 superbus
1439 4328 1451 4373 ;
1493 4322 1542 4364 et
1581 4306 1660 4364 sic
1691 4314 1795 4366 eris
1823 4314 1975 4366 sedes
2005 4310 2120 4365 Dei.

560 4375 740 4453 l_\‘eque
770 4379 915 4453 timet
958 4375 1230 4453 timentem
1277 4379 1364 4451 [F.
1401 4387 1525 4434 time
1556 4381 1847 4453 tenentem]
1878 4386 1927 4436 in
1958 4393 2008 4437 te
2035 4396 2123 4438 se-

556 4448 675 4498 dem
697 4487 712 4511 ,
743 4447 863 4514 quia
908 4451 1018 4515 ipse
1051 4447 1438 4504 lirmavit'eam.

631 4515 964 4571 Elevaveruut
991 4521 1203 4587 ﬂumina
1230 4524 1436 4587 ﬂuctus.
1468 4519 1628 4586 Quasi
1661 4521 1800 4575 dicat
1830 4540 1841 4574 :
1875 4522 1952 4575 Ad
1987 4522 2123 4579 hanc

558 4588 735 4640 sedem
779 4597 918 4661 tuam
965 4590 1249 4655 parandam
1293 4593 1544 4661 ﬂumina,
1588 4608 1705 4657 qitze
1746 4595 1889 4660 prius
1931 4595 2125 4648 timue-

558 4667 675 4709 rttttt
696 4696 711 4721 ,
742 4658 1052 4711 elevaverunt
1082 4676 1250 4714 vocem
1277 4658 1443 4715 suam.
1488 4663 1727 4714 Flumina
1750 4658 2123 4729 Vaccipit‘illos

557 4728 624 4800 de
650 4730 953 4800 ventre,_id
984 4740 1094 4794 est,
1140 4731 1207 4785 de
1254 4733 1543 4796 memoria,
1592 4748 1812 4800 quorum
1857 4736 2126 4788 lluxerunt

562 4799 613 4850 in
646 4808 829 4867 gentes
859 4798 1191 4855 abundanter
1218 4802 1508 4867 spiritualia
1542 4798 1712 4863 dona,
1744 4804 1792 4855 id
1836 4811 1954 4865 est,
1999 4817 2121 4855 san-

552 4870 999 4940 ctosapostolos.
1046 4869 1246 4924 Ilorutn
1295 4885 1470 4925 autem
1520 4874 1798 4925 lltttnintnn
1847 4882 2036 4940 caput,
2072 4874 2121 4926 id

554 4948 632 4989 est
677 4938 830 5011 fons,
851 4949 931 4993 est
969 4941 1062 4994 ille
1085 4981 1099 5006 ,
1132 4943 1217 5011 qtti
1264 4943 1391 4996 dixit
1422 4960 1434 4994 :
1470 4944 1528 4997 Si
1560 4944 1672 5010 quis
1700 4943 1834 5002 sitit,
1862 4938 2026 4996 veniat
2054 4943 2123 4995 ad

554 5024 662 5075 me,
690 5017 735 5061 et
763 5009 913 5063 bibat.
953 5011 1054 5076 Qui
1082 5009 1239 5064 credit
1270 5014 1320 5064 in
1352 5030 1459 5073 me.
1490 5009 1623 5066 sicut
1657 5012 1776 5065 dicit
1812 5013 2083 5079 Scriptura
2107 5054 2121 5077 ,

552 5080 765 5152 [lautitia
790 5081 853 5131 de
880 5093 1048 5135 ventre
1072 5085 1179 5152 ejus
1205 5085 1362 5151 ﬂuent
1390 5099 1536 5152 aqua:
1562 5086 1704 5134 vitim.
1737 5083 1807 5134 De
1841 5084 1920 5134 his
1949 5081 2124 5134 llttmi-

554 5149 706 5201 nibus
732 5164 890 5201 unum
918 5194 931 5217 ,
961 5149 1103 5215 quod
1131 5149 1281 5206 valde
1309 5149 1454 5219 prius
1483 5152 1720 5205 liuidum
1753 5152 1848 5204 fuit
1868 5193 1880 5213 ,
1913 5152 2124 5219 quando

554 5221 617 5271 ad
652 5234 833 5272 vocem
866 5223 1074 5293 anotllae
1118 5233 1200 5275 ter
1241 5224 1482 5293 negavit,
1519 5224 1567 5275 id
1598 5232 1709 5285 est,
1744 5222 1965 5287 Petrus,
2000 5234 2123 5275 tunc

552 5304 732 5342 vocem
762 5306 910 5342 suam
941 5292 1192 5345 audacter
1221 5292 1446 5357 levavit,
1476 5293 1709 5358 quando,
1737 5292 1865 5358 ipsis
1893 5292 2124 5345 dimissae

551 5376 578 5409 a
607 5359 1001 5428 prlllclplbtJSt't
1027 5364 1411 5427 sacerdotibus,
1452 5372 1726 5430 postquam
1751 5378 1842 5413 eos
1886 5363 2121 5414 incarce-

557 5440 826 5501 iai'eritttt,
844 5439 896 5485 et
923 5432 1319 5501 ﬂagellaverunt
1343 5444 1392 5485 et
1424 5451 1488 5487 tte
1507 5433 1730 5499 amplius
1750 5435 1799 5484 in
1823 5432 2013 5485 Christi
2039 5448 2127 5483 no-

554 5512 695 5550 lllllle
716 5498 1053 5568 loquerentur
1074 5503 1242 5555 edixe.
1261 5515 1381 5567 unt,
1414 5498 1667 5557 audacter
1690 5502 1989 5569 respondit:
2024 5501 2124 5553 Vos

548 5568 770 5643 iudicate
785 5571 1028 5643 sijustum
1044 5584 1115 5624 est
1138 5574 1241 5625 Deo
1262 5576 1422 5643 magis
1442 5573 1642 5627 obedire
1664 5568 1818 5641 quam
1840 5572 1992 5633 vobis.
2016 5571 2124 5624 Nos

548 5642 674 5688 «nim
702 5654 814 5711 qtae
838 5642 1117 5694 audivimus
1133 5654 1175 5694 et
1194 5642 1406 5696 vidimus
1432 5660 1531 5696 non
1558 5646 1695 5711 [oliui
1725 5661 1818 5695 non
1842 5658 2121 5711 possumus.

554 5711 696 5759 'lttnt-
738 5710 895 5760 etiam
945 5726 1064 5762 vere
1116 5729 1293 5765 voci-In
1339 5715 1595 5773 elevavit,
1627 5710 1869 5780 qu;indo,
1906 5715 2041 5765 sicut
2074 5714 2121 5764 in

2158 3080 2205 3144 C

2255 473 2310 508 os
2342 469 2568 527 suuntret
2600 458 2726 509 dixit
2753 473 2771 510 :
2810 456 2915 508 Viri
2957 462 3170 527 fratres,
3205 470 3309 513 etc.
3340 462 3599 515 Similiter
3645 456 3699 517 et
3742 465 3829 519 alii

2254 526 2605 596 audacissime
2631 528 2827 596 quique
2857 526 3037 592 prose
3067 529 3324 583 fecerunt.
3356 531 3418 583 Et
3447 533 3549 585 hoc
3578 543 3659 584 est
3692 536 3829 596 (ιυοιδ

2251 596 2377 649 dicit
2409 614 2420 648 :
2458 594 2698 649 Flumina
2729 594 2847 670 qua:
2880 596 3025 670 prius
3058 599 3377 670 timuerunt,
3420 602 3547 656 dum
3587 594 3742 670 quasi
3779 596 3825 659 in

2252 679 2422 740 morte
2452 678 2503 720 et
2536 670 2779 740 passione
2814 666 3021 740 Domini
3050 668 3499 735 desperaverunt,
3545 666 3671 740 post
3711 674 3829 738 Spi-

2251 736 2385 790 ritus
2430 738 2595 808 sancti
2646 736 3148 801 conﬁrmationem,
3200 740 3287 808 qui
3341 736 3593 796 timorem
3642 736 3824 798 eorum

2249 808 2405 860 vertit
2448 807 2497 859 in
2548 822 2818 871 amorem,
2864 822 3031 859 vocem
3073 807 3228 861 suam
3260 810 3602 864 elevaverunt.
3636 812 3826 868 Vocem

2247 890 2398 930 suam
2418 917 2432 941 ,
2466 878 2515 929 id
2542 887 2621 929 est
2643 917 2657 941 ,
2688 876 2955 930 Christum
2975 921 2989 943 ,
3023 877 3338 945 ﬁducialiter
3365 882 3826 947 prtedicaverunt:

2246 949 2589 1011 elevaverunt,
2624 962 2748 1001 vere
2778 947 2898 1000 dico
2919 987 2933 1009 ,
2962 949 3178 1015 [lumina
3206 966 3373 1002 vocem
3400 968 3571 1003 suam.
3622 953 3827 1008 Iteratio

2246 1026 2329 1069 est
2378 1016 2442 1070 ad
2488 1017 2982 1079 confirmationem,
3034 1028 3087 1072 et
3134 1034 3237 1072 non
3286 1020 3456 1073 solum
3507 1020 3826 1075 elevarant

2245 1100 2415 1139 vocem
2445 1087 2495 1138 in
2530 1089 2631 1160 leni
2662 1087 3044 1160 admonitione,
3072 1090 3165 1141 sed
3194 1091 3350 1143 etiam
3380 1091 3708 1144 elevavcrunt
3733 1095 3826 1160 ﬂu-

2244 1169 2356 1208 ctus
2383 1172 2519 1221 suos,
2549 1157 2597 1209 id
2626 1166 2737 1217 est.
2765 1158 3206 1213 comminationes
3234 1175 3390 1224 suas,
3418 1160 3671 1214 dicentes
3696 1180 3708 1214 :
3733 1157 3827 1215 ’να

2246 1228 2487 1297 munt/oo
2518 1227 2802 1292 scandulis;
2830 1239 2915 1281 et:
2949 1227 3038 1280 Va:
3060 1230 3195 1281 vobis
3221 1231 3316 1283 nisi
3339 1232 3696 1295 penitentiam
3718 1249 3827 1297 ege-

2243 1296 2375 1349 ritis.
2408 1295 2620 1349 Fluctus
2647 1297 2766 1350 dico
2792 1298 3049 1351 adauctus
3074 1315 3107 1349 a
3132 1301 3333 1352 vocibus
3358 1316 3613 1367 aquarum
3646 1295 3824 1355 ntulis-

2241 1380 2392 1429 rum,
2441 1366 2490 1418 id
2539 1377 2653 1431 est,
2696 1367 2982 1421 multorum
3028 1370 3375 1435 populorum;
3406 1366 3825 1436 praedicantibus

2241 1439 2382 1489 enim
2414 1436 2619 1491 sanctis
2644 1438 2897 1505 aposmlis
2917 1478 2932 1501 ,
2965 1440 3142 1491 statim
3184 1440 3335 1493 multi
3365 1442 3751 1507 crediderunt,
3780 1453 3825 1495 et

2242 1507 2400 1558 etiam
2430 1507 2684 1571 Spiritum
2709 1519 2947 1562 sanctum
2976 1521 3298 1575 acceperunt
3319 1550 3332 1569 .
3380 1521 3436 1564 et
3459 1514 3541 1564 sic
3570 1512 3729 1563 multi
3766 1528 3823 1565 ex

2242 1577 2317 1629 eis
2354 1592 2522 1628 vocem
2559 1576 2906 1644 elevarerunt,
2947 1578 2996 1631 id
3049 1588 3160 1642 est,
3210 1578 3481 1633 Christum
3532 1582 3824 1645 pra-dicare

2239 1654 2536 1714 coeperunt.
2590 1648 2654 1702 Et
2704 1649 2821 1702 ideo
2868 1659 3015 1702 tanto
3056 1649 3346 1703 liducialius
3384 1655 3556 1703 sancti
3598 1653 3826 1717 apostoli

2172 1735 2216 1795 Β
2246 1732 2427 1795 Vocem
2462 1732 2610 1770 suam
2638 1719 2851 1795 elevare
2880 1729 3187 1795 potuerunt.
3226 1720 3313 1773 Vel
3354 1721 3553 1795 aliter:
3596 1724 3825 1786 Quando

2244 1788 2413 1839 sancti
2445 1788 2671 1855 apostoli
2714 1788 2916 1841 dimissi
2960 1797 3084 1841 sunt
3123 1805 3151 1840 a
3194 1790 3557 1845 sacerdotibus
3587 1801 3649 1844 et
3680 1796 3821 1857 prio-

2245 1857 2476 1923 cipibus,
2508 1867 2563 1910 ut
2591 1873 2748 1923 supra
2780 1858 3042 1922 diximus,
3076 1859 3140 1909 ad
3171 1875 3294 1913 suos
3322 1871 3583 1914 venerunt
3612 1872 3675 1916 et
3705 1878 3821 1913 nar-

2243 1938 2492 1979 raverunt
2538 1927 2617 1981 eis
2662 1943 2993 1996 quascunque
3038 1927 3284 1982 dixerant
3328 1931 3411 1985 vel
3459 1930 3709 1985 fecerant
3749 1933 3823 1985 eis

2245 1997 2513 2063 principes
2544 2007 2598 2051 et
2641 1998 2967 2052 sacerdotes.
3002 2000 3069 2052 At
3111 1999 3186 2050 illi
3232 2002 3332 2054 hoc
3375 2002 3658 2055 audientes
3691 2018 3820 2054 una-

2241 2068 2452 2120 nimiter
2496 2071 2804 2121 levaverunt
2844 2083 3029 2121 vocem
3075 2069 3350 2123 dicentes:
3395 2069 3505 2135 Tu,
3558 2070 3820 2131 Domine,

2240 2137 2403 2211 [ecisti
2434 2136 2611 2190 calum
2636 2148 2694 2211 et
2706 2148 2897 2211 terram
2916 2180 2928 2200 ,
2961 2149 3064 2211 etc.
3092 2138 3159 2190 Et
3183 2155 3245 2193 ex
3276 2141 3364 2192 tali
3388 2143 3820 2211 aggratulatione

2239 2207 2464 2260 istorum
2498 2208 2719 2275 apostoli
2750 2207 3034 2261 confortati
3064 2218 3215 2271 sunt,
3252 2218 3308 2261 ut
3350 2207 3478 2262 nom
3494 2211 3676 2262 solum
3726 2228 3815 2259 vn-

2238 2292 2353 2330 cem
2384 2276 2757 2330 admonitionis
2777 2318 2791 2341 ,
2824 2279 2918 2332 sed
2947 2279 3107 2331 etiam
3152 2280 3339 2333 fluctus
3377 2280 3815 2336 computationis

2236 2347 2525 2400 elevarent.
2548 2349 2623 2418 Et
2648 2362 2773 2401 ecce
2801 2348 2996 2401 factum
3021 2359 3102 2411 est
3128 2350 3265 2416 quod
3293 2352 3549 2418 sequitur,
3576 2352 3811 2415 scilicet,

2236 2418 2377 2485 quod
2408 2417 2663 2471 mirabiles
2694 2420 2935 2471 elationes
2978 2419 3163 2482 maris,
3197 2419 3247 2472 id
3291 2417 3401 2484 est,
3434 2421 3727 2487 gentilium
3762 2423 3811 2475 in

2236 2488 2517 2541 sterilitate
2548 2502 2645 2540 sua
2675 2488 3080 2541 amaricantium
3127 2499 3309 2542 contra
3354 2505 3443 2543 eos
3488 2490 3810 2545 insurrexe-

2234 2568 2379 2610 runt.
2403 2558 2549 2610 'l‘uuc
2568 2558 2708 2611 enim
2740 2559 2986 2611 frendens
3016 2559 3098 2612 leo
3116 2562 3347 2612 occurrit
3376 2561 3648 2627 Samsoni,
3678 2578 3813 2614 uxo-

2234 2642 2346 2679 rem
2375 2628 2441 2679 ab
2468 2627 2750 2695 allophylis
2790 2627 3000 2682 ducenti
3026 2638 3119 2692 ,ιιι
3149 2644 3304 2696 supra
3333 2630 3530 2682 dicitun
3556 2644 3669 2683 εει.
3702 2633 3809 2686 Sed

2233 2711 2351 2762 qua:
2382 2697 2550 2750 Cura?
2578 2698 2727 2749 Nulla
2750 2736 2765 2760 ,
2812 2697 3042 2762 scilicet,
3088 2700 3213 2762 quia
3259 2699 3505 2752 Dominus
3550 2702 3815 2756 mirabilis

2234 2764 2413 2819 fuitin
2441 2767 2561 2819 altis
2591 2767 2696 2820 illis
2730 2767 3050 2821 elationibus
3091 2768 3473 2834 dent-intendis.
3517 2768 3619 2833 Qui
3664 2774 3812 2825 enim

2234 2836 2653 2909 prius‘pedibus‘
2704 2851 2849 2909 mare
2876 2839 3308 2905 conculcaverat,
3342 2841 3453 2907 ipse
3496 2842 3814 2909 superbiam

2230 2906 2505 2974 gentilium
2539 2905 2857 2974 subjugavit.

2300 2973 2607 3028 Testimonia
2636 2973 2721 3028 tua
2751 2976 3031 3029 credibilia.
3070 2978 3131 3030 Et
3164 2979 3284 3046 quia
3314 2994 3458 3035 mare
3490 2990 3671 3035 tantas
3701 2985 3809 3038 ela-

2237 3044 2410 3099 tiones
2438 3047 2720 3099 concitavit
2742 3088 2763 3111 ,
2785 3047 2904 3100 ideo
2932 3048 3102 3110 nimis,
3136 3044 3192 3101 id
3217 3060 3296 3101 est
3315 3089 3330 3110 ,
3361 3052 3510 3105 valde
3535 3054 3808 3106 credibilia

2234 3119 2379 3192 facta
2402 3127 2512 3192 sunt
2542 3118 2608 3169 ab
2634 3118 3201 3192 apostolistestimonia
3246 3129 3367 3192 tua,
3420 3122 3468 3173 id
3514 3133 3597 3192 est
3620 3164 3638 3186 ,
3690 3140 3812 3192 quas

2234 3194 2323 3247 tu,
2360 3186 2609 3249 Domine,
2640 3195 2862 3240 testatus
2892 3188 3066 3241 fueras
3108 3191 3185 3243 eis
3230 3187 3451 3241 dicens:
3503 3190 3566 3244 In
3609 3186 3809 3247 uiuida

2230 3272 2520 3325 pressuram
2564 3255 2837 3320 habebitis,
2885 3258 2938 3311 itt
2983 3273 3070 3312 me
3112 3268 3287 3312 autem
3334 3274 3535 3327 pacem.
3577 3262 3807 3328 Experi-

2232 3335 2464 3380 mentum
2520 3341 2646 3379 vero
2699 3328 2888 3395 unius,
2942 3328 2992 3381 id
3044 3338 3161 3391 est,
3219 3344 3483 3395 pressurae
3533 3348 3688 3391 quam
3749 3336 3807 3388 iu

2231 3396 2429 3449 mundo
2476 3396 2829 3463 patiebantur,
2872 3407 2985 3451 erat
3015 3399 3092 3453 eis
3122 3398 3385 3452 certitudo
3413 3402 3615 3455 alterius
3636 3443 3653 3465 ,
3684 3405 3801 3457 sci-

2232 3466 2390 3530 licet,
2423 3466 2561 3532 quod
2594 3467 2644 3519 in
2678 3478 2728 3520 te
2760 3481 2883 3521 vere
2915 3484 3093 3534 pacem
3136 3480 3393 3522 teternam
3445 3472 3661 3525 habituri

2228 3537 2463 3611 sought
2495 3538 2609 3589 hcce
2640 3539 2975 3601 sanctitudo,
3011 3537 3060 3611 id
3104 3550 3213 3611 est,
3264 3540 3384 3592 talis
3430 3542 3655 3594 eruditio
3708 3558 3807 3611 per

2230 3606 2429 3673 ﬂagella
2451 3646 2466 3669 ,
2497 3623 2614 3673 quae
2646 3622 2771 3659 vere
2800 3608 3089 3661 sanctitudo
3110 3648 3124 3673 ,
3153 3608 3207 3661 id
3241 3618 3341 3669 est,
3369 3606 3726 3667 sanctiﬁcatio
3752 3625 3808 3668 et

2230 3678 2471 3744 probatio
2518 3686 2628 3739 est,
2678 3677 3061 3750 decet_domum
3107 3690 3276 3750 tuam,
3326 3680 3375 3732 id
3422 3691 3533 3748 est,
3569 3684 3685 3734 illos
3714 3686 3802 3750 qui

2228 3758 2351 3798 sunt
2394 3755 2633 3799 sant-tum
2678 3747 2929 3817 templum
2979 3758 3156 3811 tuum,
3204 3749 3256 3801 in
3301 3765 3404 3816 quo
3452 3762 3505 3803 tu
3557 3747 3805 3817 habitas;

2228 3817 2440 3869 domum
2491 3818 2612 3869 dico
2659 3816 2966 3887 duraturam
3013 3819 3064 3870 in
3105 3818 3425 3884 longitudine
3470 3822 3704 3887 dierum,
3752 3825 3803 3875 id

2229 3898 2342 3959 est,
2397 3887 2742 3959 :uternaliter.
2794 3886 2884 3959 Vel
2936 3888 3133 3942 aliter:
3192 3888 3529 3943 Elevaverunt
3582 3895 3803 3959 [Iuntina

2226 3958 2414 4031 ﬂuctus
2444 3972 2581 4031 suos.
2615 3958 2773 4031 Quasi
2806 3956 2947 4031 dicat
2976 3974 2991 4011 :
3028 3960 3092 4011 Et
3120 3969 3172 4013 ut
3200 3961 3380 4012 sedem
3414 3977 3537 4027 quae
3568 3956 3667 4016 tibi
3711 3978 3803 4031 pa-

2229 4028 2441 4078 rabatur
2466 4027 2809 4099 impedirent,
2844 4027 2980 4099 ideo,
3028 4031 3275 4092 Domine,
3324 4032 3569 4099 ﬂumina,
3603 4034 3656 4086 id
3687 4027 3802 4096 εξει,

2228 4098 2478 4149 tttundani
2511 4096 2807 4164 pltiloSOphi
2850 4098 3156 4152 elet'averunt
3184 4096 3355 4152 uocent
3381 4118 3534 4154 suam
3554 4146 3569 4167 ,
3606 4105 3656 4157 id
3687 4118 3767 4156 εει
3786 4145 3803 4168 ,

2228 4170 2460 4220 rationes
2507 4182 2629 4219 suas
2676 4177 2729 4219 ει
2773 4172 3260 4237 argumentationes
3299 4184 3486 4224 contra
3522 4174 3805 4227 veritatem

2230 4247 2393 4289 tuam.
2432 4237 2496 4288 Et
2527 4253 2628 4289 non
2668 4239 2836 4290 solum
2865 4240 3081 4306 [Iuntina
3120 4242 3435 4294 eleuarerunt
3467 4258 3675 4307 vocent,
3708 4245 3801 4295 sed

2227 4308 2653 4382 citanti/lumina,
2684 4309 2733 4382 id
2753 4318 2865 4382 est,
2902 4310 3163 4379 principes
3192 4312 3614 4367 inamaricantes
3644 4311 3803 4382 huius

2231 4379 2410 4431 sa-culi
2455 4378 2645 4449 llttctus
2690 4377 3005 4443 inlluentes,
3052 4377 3366 4434 eleuaverunt
3412 4385 3607 4449 ﬂuetus
3646 4377 3804 4448 suis,

2157 4434 2207 4494 D
2236 4449 2285 4500 id
2317 4461 2426 4514 est,
2459 4448 2694 4501 minaces
2740 4434 3184 4503 contradictiones
3232 4467 3383 4515 suas;
3412 4434 3807 4507 'lluctusvdics't

2228 4520 2523 4573 concitatos
2548 4535 2578 4569 α
2605 4518 2804 4571 vocibus
2831 4534 3076 4587 aquarum
3102 4522 3378 4573 multarum
3396 4563 3410 4584 ,
3441 4523 3495 4575 id
3520 4534 3607 4577 est
3624 4564 3639 4585 ,
3670 4524 3807 4576 mul-

2230 4599 2399 4642 torum
2434 4590 2747 4656 populorum
2768 4630 2781 4651 ,
2817 4590 2937 4657 quia
2958 4628 2973 4650 ,
3004 4602 3059 4641 ut
3088 4592 3223 4643 alius
3256 4594 3487 4658 psalmus
3528 4595 3665 4647 dixit
3692 4612 3703 4645 :
3741 4592 3807 4646 Et

2226 4662 2397 4727 populi
2428 4661 2655 4727 meditati
2683 4668 2799 4710 sunt
2830 4660 3037 4722 inania,
3068 4672 3169 4714 etc.
3191 4700 3205 4724 ,
3237 4662 3479 4714 adversus
3524 4663 3808 4715 Dominus

2228 4725 2271 4782 et
2294 4725 2535 4799 adversus
2564 4725 2819 4780 Christum
2846 4732 2978 4799 ejus.
3013 4728 3076 4780 Et
3108 4731 3207 4784 hoc
3235 4735 3390 4785 modo
3419 4734 3665 4786 elationes
3696 4750 3811 4785 m-

2227 4801 2295 4851 ris
2329 4798 2582 4851 mirabiles
2626 4799 2776 4851 facta
2819 4798 2971 4861 sunt,
3003 4810 3060 4851 ut
3090 4815 3231 4867 pnus
3251 4841 3267 4866 ,
3299 4803 3389 4855 sed
3427 4803 3681 4856 Dominus
3710 4806 3811 4855 uti-

2226 4870 2403 4921 rabilis
2452 4867 2545 4920 fuit
2590 4868 2641 4920 in
2686 4869 2789 4920 illis
2835 4868 2953 4919 altis
2999 4870 3376 4934 depritnettdis.
3413 4874 3477 4924 Et
3509 4874 3615 4927 hoc
3644 4874 3809 4927 modo

2228 4939 2485 4991 mirabilis
2506 4977 2521 4999 ,
2554 4939 2673 5012 quia
2705 4938 2987 4990 testimonia
3020 4951 3140 5004 tua,
3176 4943 3225 4993 id
3258 4950 3371 5006 est,
3420 4957 3484 4995 ea
3526 4960 3650 5012 qua:
3700 4944 3807 5010 ipsi

2227 5013 2293 5061 de
2350 5020 2400 5061 te
2458 5008 2633 5060 testati
2681 5018 2838 5070 sunt,
2895 5024 3197 5077 quanquam
3256 5008 3569 5066 viderentur
3628 5008 3809 5068 inore.

2228 5079 2434 5153 dibilia,
2469 5089 2640 5153 tamen
2674 5093 2765 5144 per
2810 5078 3621 5153 miraculocuanexbxbitiouem
3670 5085 3813 5153 facta

2226 5158 2342 5200 sunt
2372 5148 2552 5209 uirilis,
2587 5147 2635 5200 id
2664 5157 2776 5211 est,
2809 5151 2958 5218 valde
2999 5150 3280 5204 credibilia.
3331 5153 3484 5218 Quod
3530 5147 3679 5206 enini
3733 5157 3815 5205 di-

2230 5229 2415 5269 xerunt
2447 5219 2594 5268 l’attis
2622 5216 3100 5293 eorttprobaverunt
3126 5261 3151 5293 ,ν
3174 5216 3387 5273 Dominb
3418 5234 3736 5293 cooperante
3766 5236 3813 5277 es

2229 5302 2508 5343 sermonem
2534 5288 2865 5353 con/immitte
2908 5292 3222 5357 sequentibus
3250 5294 3428 5356 signis.
3464 5288 3531 5347 Et
3562 5300 3688 5361 quia
3721 5293 3815 5349 di-

2230 5359 2296 5411 cit
2330 5362 2440 5427 ba'c
2466 5360 2750 5409 sanctitudo
2769 5369 2817 5409 et
2839 5363 3208 5427 sultCtlllCallO,
3233 5364 3453 5426 scilicet,
3475 5359 3622 5417 dicta
3653 5365 3814 5418 factis

2230 5426 2545 5480 conﬁrmare
2575 5430 2710 5479 decet
2749 5430 2955 5480 domum
2995 5440 3161 5493 luant,
3196 5430 3439 5496 Domine,
3487 5435 3811 5488 duraturam

2231 5499 2281 5551 in
2299 5500 2559 5572 saeculum
2604 5499 2816 5572 saeculi,
2849 5510 2904 5572 ut
2938 5501 3112 5572 prius.
3160 5502 3337 5572 Potest
3364 5514 3416 5556 et
3456 5504 3617 5558 aliter
3651 5505 3815 5572 juxta

2230 5569 2459 5636 priorem
2489 5568 2803 5620 sententiam
2851 5569 2949 5637 legi
2985 5588 2995 5621 :
3040 5569 3302 5624 Mirabiles
3341 5575 3588 5627 elationes
3624 5568 3815 5627 niam.

2229 5638 2385 5703 Quasi
2430 5638 2604 5689 dicat:
2641 5639 2773 5703 Quia
2818 5640 3067 5711 ﬂumina,
3118 5643 3165 5694 id
3209 5651 3322 5710 est,
3366 5645 3595 5711 apostoli
3633 5648 3815 5697 eleta-

2230 5716 2401 5759 rerunt
2448 5721 2615 5759 vocem
2658 5724 2801 5759 suam
2823 5753 2835 5777 ,
2872 5711 2951 5764 vel
2984 5710 3205 5778 ﬂuetus,
3238 5719 3618 5768 eotntntnando
3649 5727 3822 5771 mter-
