4006 6364
251 270 365 328 985

934 272 997 327 IN
1037 271 1455 331 PSALMURUM
1495 275 1754 332 LIBRUM
1797 273 2163 331 EXEGESIS.
2202 305 2272 319 ι·-
2313 273 2557 330 PSALM.
2602 271 2781 329 XCIII.

3380 273 3485 329 986

248 403 350 442 nas
399 399 582 455 ρωηιιε
633 383 936 438 hominibus
976 386 1021 441 si
1070 401 1172 440 non
1220 399 1672 450 converterentur,
1703 388 1822 444 ideo
1851 393 1893 449 Α
1925 388 2232 454 Aposto'um
2263 387 2525 441 dicentem
2560 385 2804 440 fidelibus
2847 384 2896 437 in
2943 384 3153 439 Christo
3183 386 3440 442 roboretis
3470 406 3484 440 :

246 474 422 521 mare,
454 459 503 510 id
532 463 648 519 est,
678 455 976 508 amaritudo
1021 459 1358 522 gentilitatis,
1404 475 1521 524 qmn
1559 461 1704 524 prius
1740 461 1821 524 ja-

247 531 410 581 cebat
450 527 502 580 in
542 524 918 591 cupiditatibus
963 535 1326 591 terrenormn,
1359 529 1614 582 mirabiles
1643 529 1822 582 elatio-

251 614 345 651 nes
375 596 532 661 fecit,
567 596 614 666 id
646 604 763 656 est,
796 595 1108 648 mirabiliter
1139 598 1386 650 intmnuit
1406 637 1420 657 ,
1450 601 1572 666 quia
1600 601 1739 665 quod
1770 601 1820 650 in

250 669 365 720 into
411 674 527 719 erat
575 665 770 718 factum
819 675 902 717 est
949 667 1273 732 insomnio,
1311 670 1409 720 hoc
1441 665 1554 732 εει,
1587 684 1820 721 amorem

250 747 587 788 terrenorum
619 735 879 788 convertit
910 736 959 786 in
991 751 1226 790 amorem
1257 738 1577 792 (-celestium.
1621 741 1683 790 lit
1725 741 1824 790 hoc

253 808 382 860 inde
411 807 601 859 factum
630 816 712 858 est
732 846 747 869 ,
777 805 895 868 quia
927 805 1175 858 Dominus
1199 808 1448 860 mirabilis
1478 809 1570 861 fuit
1598 809 1651 860 in
1682 809 1820 870 altis,

253 877 309 927 i.l
342 887 458 939 est,
493 877 542 927 in
579 875 866 945 profundis
912 876 1061 942 aquis
1108 875 1248 929 illius
1293 880 1475 931 maris.
1521 879 1655 945 Quia
1685 879 1824 930 sicut

251 946 384 998 olim
419 960 510 1011 per
541 944 755 1013 Moysen
786 959 992 997 servon
1043 962 1194 998 suum
1241 964 1405 1012 aquas
1452 950 1502 1000 in
1548 944 1677 1001 mari
1727 949 1824 1000 iiii-

253 1019 424 1068 misso
455 1017 597 1083 ligno
643 1015 970 1086 dulcoravit,
1026 1014 1130 1086 ita,
1175 1017 1416 1070 immisso
1465 1019 1604 1086 ligno
1649 1017 1824 1070 crucis

254 1102 371 1138 sine
401 1085 450 1138 in
483 1098 629 1136 mare
658 1085 969 1153 gentilitatis
989 1124 1002 1147 ,
1033 1085 1082 1137 id
1113 1097 1229 1153 est,
1265 1085 1533 1141 nolilicata
1575 1088 1822 1153 aetttibus

256 1155 365 1208 tide
396 1155 660 1220 passionis
711 1163 764 1206 et
809 1156 1212 1209 resurrectionis
1251 1171 1378 1220 sum,
1420 1158 1822 1210 amaritudinem

251 1241 440 1277 earnm
497 1225 763 1277 convertit
815 1226 864 1276 in
923 1225 1299 1295 dulcedinem,
1355 1229 1480 1293 quia
1530 1229 1620 1295 qui
1675 1227 1820 1292 prius

259 1295 445 1346 IlllllttII
482 1295 684 1346 fuerant
713 1304 1013 1360 amatores,
1049 1294 1172 1348 facti
1203 1307 1326 1349 sunt
1357 1298 1475 1351 caeli
1523 1294 1785 1350 amatores
1807 1334 1822 1359 ,

257 1375 317 1415 et
346 1364 529 1416 mundi
562 1372 982 1430 contemptores.
1019 1365 1085 1416 lit
1114 1365 1210 1417 hoc
1242 1369 1430 1428 modo,
1468 1367 1719 1431 Domine,
1753 1376 1824 1418 te-

250 1434 497 1486 stimonia
527 1445 642 1497 tua,
675 1432 724 1485 id
755 1442 874 1495 est,
907 1451 1024 1500 (pta:
1057 1443 1108 1488 tu
1142 1445 1362 1489 testatus
1395 1438 1568 1489 fueras
1599 1436 1666 1489 de
1695 1451 1823 1489 con-

254 1504 631 1573 corporatione
682 1503 989 1557 .Indteornm
1045 1514 1097 1558 et
1148 1507 1426 1570 gentilium
1484 1507 1620 1558 dicta
1675 1516 1820 1560 sunt.

253 1573 402 1626 Alias
429 1589 542 1625 oves
572 1573 758 1637 habeo,
787 1588 901 1635 qum
931 1590 1030 1626 non
1060 1584 1174 1627 sunt
1205 1592 1265 1628 ex
1305 1576 1398 1627 hoc
1440 1576 1557 1628 ovili
1583 1615 1598 1633 .
1629 1586 1675 1628 et
1705 1576 1823 1627 illas

253 1653 457 1714 oportet
489 1661 565 1714 me
592 1643 844 1695 adducere
862 1683 878 1708 ,
907 1655 1012 1696 etc.
1045 1645 1188 1697 'l‘alia
1225 1647 1359 1714 facta
1387 1655 1505 1698 sunt
1534 1646 1687 1698 nimis
1716 1661 1824 1699 cre-

1927 458 2110 510 Omnia
2137 460 2286 527 facile
2327 460 2438 510 sine
2480 456 2877 527 murmuratione
2918 465 2964 508 et
3004 456 3486 527 disceutatione,iut

1922 529 2036 580 sitis
2072 526 2562 591 irrepreltensibiles,
2606 526 2787 578 sinceri
2827 535 2874 578 et
2917 527 3229 583 immaculati
3259 527 3355 594 ﬁlii
3390 526 3485 579 Dei

1922 599 1974 649 in
2002 599 2166 650 medio
2209 597 2424 649 nationis
2453 599 2770 648 distat-tunsa:
2809 603 2857 648 et
2897 611 3163 662 perversa},
3209 596 3261 648 in
3303 597 3486 664 quibus

1923 668 2094 719 lucetis
2121 679 2356 734 tanquam
2387 667 2655 719 luminaria
2681 666 2733 716 in
2764 666 2969 727 mundo,
2999 665 3199 718 uerbum
3223 668 3338 719 uiue
3362 683 3488 720 con-

1924 738 2155 790 tinentes.
2214 735 2517 790 Luminaria
2571 735 2622 788 in
2672 736 3002 786 firmamento
3049 737 3148 788 fixa
3198 747 3482 803 quantum-

1922 821 2132 874 cunque
2181 809 2246 859 de
2291 808 2370 860 eis
2409 806 2733 858 mentiantur
2762 805 3033 870 homines,
3080 817 3486 873 quantacunque

1923 877 2203 942 opprobria
2253 878 2303 927 in
2348 890 2409 928 ea
2442 876 2652 932 dicant.
2685 885 2936 927 vocantes
2967 875 3101 928 hanc
3140 877 3346 929 stellam
3375 877 3482 929 Ve-

1925 947 2090 1009 neris,
2124 945 2264 998 illam
2292 945 2459 1008 Iovis,
2498 954 2549 996 et
2581 954 2984 1011 quantacunque
3014 946 3322 1013 intemperie
3370 946 3484 999 haec

1928 1015 2032 1068 ima
2068 1016 2476 1080 perturbentur;
2521 1015 2605 1066 illa
2648 1025 2823 1066 tamen
2854 1015 3038 1066 itinera
3068 1030 3162 1067 sua
3193 1031 3296 1069 non
3326 1017 3488 1069 relin-

1923 1095 2113 1153 quunt,
2159 1086 2250 1138 sed
2298 1095 2508 1138 servant
2537 1099 2724 1136 cursus
2753 1100 2844 1150 per
2870 1086 3111 1138 caelestes
3143 1095 3375 1147 tractus,
3425 1094 3483 1137 ut

1923 1156 2178 1221 disposuit
2205 1153 2280 1206 eis
2302 1155 2524 1208 Creator
2552 1168 2759 1206 eorum.
2795 1154 2883 1207 Sic
2909 1165 2962 1206 et
2991 1155 3231 1208 homines
3254 1170 3479 1222 quorum

1921 1238 2016 1275 cor
2063 1224 2281 1277 infixum
2331 1233 2411 1276 est
2457 1226 2787 1276 firmamento
2815 1224 2958 1285 C(BII,
3006 1234 3060 1278 et
3102 1227 3152 1276 in
3187 1225 3321 1278 libro
3354 1225 3483 1288 legis

1927 1294 2048 1357 ltei,
2090 1305 2144 1346 et
2170 1297 2255 1360 qui
2290 1309 2391 1345 non
2421 1293 2612 1345 frttSlra
2640 1293 2859 1344 audiunt
2889 1295 3113 1348 Sursum
3143 1295 3326 1359 corda,
3354 1309 3486 1355 quo-

1925 1379 2040 1416 rum
2093 1366 2376 1416 thesaurus
2428 1372 2479 1414 et
2529 1363 2864 1414 conversatio
2909 1373 2991 1416 est
3045 1366 3094 1416 iu
3137 1365 3481 1426 coelestibus;

1921 1443 2388 1500 quantumctmqne
2434 1433 2556 1486 mali
2591 1443 2640 1483 et
2685 1447 3023 1494 persuasores
3061 1441 3116 1486 et
3151 1434 3483 1486 detractores

1921 1503 1989 1555 de
2018 1503 2098 1555 eis
2129 1504 2446 1556 mentientes
2487 1501 2837 1565 maledicam,
2890 1513 3355 1572 quantumcunque
3384 1505 3481 1555 de-

1926 1572 2166 1635 trahant,
2208 1573 2305 1637 ipsi
2339 1581 2512 1624 tamen
2546 1572 2644 1623 iter
2676 1587 2829 1623 suum
2860 1581 3147 1641 peragunt,
3196 1573 3244 1625 id
3291 1581 3406 1635 est,
3454 1587 3483 1624 a

1925 1643 2066 1694 bono
2097 1642 2372 1710 proposito
2405 1656 2509 1693 non
2537 1642 2808 1694 recedunt.
2853 1642 2916 1694 Et
2945 1641 3132 1695 horum
3165 1641 3345 1696 talium
3378 1657 3479 1694 vos

253 1713 461 1765 dibilia.
493 1713 555 1765 Et
585 1714 694 1764 lucc
719 1715 1022 1787 sanctitudo,
1049 1716 1186 1779 quod
1216 1711 1373 1787 etiam
1404 1717 1519 1767 alia:
1545 1729 1670 1767 oves
1695 1729 1820 1768 con-
1854 1728 1900 1787 Β
1927 1722 2006 1763 est
2035 1712 2084 1763 in
2115 1712 2217 1787 hoc
2243 1713 2467 1787 psalmo,
2493 1711 2892 1787 exhortautinni
2911 1712 3148 1764 infirmos
3175 1724 3228 1766 et
3254 1725 3484 1787 murmu-

259 1794 546 1835 vet‘tcntttr
574 1792 628 1835 et
656 1777 1206 1850 concorpoi'abuittur,
1241 1785 1378 1837 decet
1408 1787 1615 1836 domum
1645 1794 1785 1837 tuam
1805 1823 1822 1850 ,

253 1852 312 1904 id
361 1862 474 1914 est,
512 1851 816 1923 _I“.cclesiam
865 1864 1037 1923 luant,
1086 1869 1202 1921 qua:
1245 1871 1349 1908 non
1395 1855 1550 1908 decet
1589 1858 1827 1923 angustis

254 1924 448 1996 spatiis
479 1921 648 1996 «laudi
669 1963 681 1982 ,
712 1923 926 1996 domum
956 1921 1076 1977 dico
1102 1925 1407 1980 dutatmam
1433 1926 1489 1978 in
1513 1921 1830 1996 longitudine

255 1994 460 2045 dierum
485 2035 500 2059 ,
533 1994 582 2044 id
614 2003 728 2057 est,
759 1993 810 2046 in
842 2003 1119 2048 aeternum.

731 2103 794 2156 IN
837 2104 1155 2158 PSALMUM
1196 2104 1369 2159 XCIII.

471 2211 710 2266 Psalmus
751 2213 846 2282 ipsi
889 2214 1051 2267 David
1091 2224 1277 2283 quarta
1316 2215 1544 2270 sabbati.

855 2341 1233 2382 Λιιουειεετυει.

337 2435 674 2507 Enumeratis
717 2437 870 2507 malis
911 2452 1026 2505 quae
1055 2440 1224 2492 victor
1251 2437 1533 2492 Chaldaeus
1580 2438 1830 2507 inges-‘it,

257 2505 570 2580 adjungitur
597 2506 917 2580 oratio_victi
937 2549 950 2572 ,
973 2509 1133 2580 _capti
1159 2519 1209 2561 et
1239 2510 1598 2580 transmigrati
1631 2505 1829 2580 populi.

256 2577 430 2632 Aliter
459 2590 562 2630 vox
595 2575 842 2630 Ecclesia:
869 2576 935 2630 de
962 2576 1158 2632 Judwis
1187 2579 1253 2633 ad
1284 2575 1583 2636 Dominum.

870 2683 1217 2723 FIPLANATIO.

338 2758 528 2826 Quarta
556 2761 746 2814 sabbati
799 2770 872 2815 est
901 2777 932 2813 a
959 2760 1167 2813 sabbato
1195 2769 1376 2826 quarta
1403 2760 1564 2829 feria,
1605 2775 1708 2827 qua
1749 2759 1834 2813 die

263 2829 514 2884 Dominus
553 2833 831 2884 luminaria
873 2831 983 2884 ειειὶ
1025 2831 1230 2882 creauit.
1282 2829 1716 2896 Hocaptandum
1761 2841 1835 2882 est

258 2901 450 2953 sanctis
484 2903 604 2954 viris
645 2905 832 2955 ccelesti
869 2901 921 2954 in
963 2910 1095 2952 terra
1124 2901 1497 2953 conversatione
1526 2899 1832 2962 lucentibus,

259 2973 326 3021 de
348 2971 524 3038 quibus
546 2983 614 3030 est
635 2972 859 3041 psalmus
880 2972 972 3022 iste
992 2972 1238 3024 dicturus.
1261 2970 1554 3041 Respiciens
1577 2969 1832 3041 Propheta

259 3041 609 3108 insipientium
636 3039 803 3094 corda
843 3042 1072 3103 turbari,
1115 3041 1261 3108 quasi
1302 3039 1410 3093 Deo
1455 3040 1688 3092 mortalia
1731 3056 1832 3092 non

259 3121 495 3180 cui-fante,
517 3115 723 3180 quando
753 3113 934 3178 impios
965 3113 1274 3177 prosperari,
1302 3120 1348 3162 et
1369 3113 1537 3179 justas
1564 3111 1829 3164 cernebant

265 3179 462 3249 affligi,
514 3179 566 3234 in
609 3183 775 3250 prima
816 3193 961 3251 parte
1002 3180 1276 3234 Dominum
1307 3190 1475 3247 rogat,
1510 3190 1564 3233 ut
1591 3180 1834 3234 retribuat

264 3251 524 3315 superbis,
552 3268 638 3317 per
657 3269 782 3321 quos
807 3252 1049 3303 mundum
1072 3252 1160 3302 tali
1183 3252 1515 3321 aestimatione
1536 3260 1834 3321 cognoverat

262 3335 380 3374 esse
402 3322 653 3375 vitiatum.
703 3321 937 3374 Secunda
964 3324 1098 3389 ipsos
1128 3322 1385 3389 increpat,
1427 3320 1512 3388 qui
1541 3320 1698 3373 stulta
1723 3321 1834 3373 bla-

267 3391 500 3458 sphemia
533 3389 691 3445 Deum
735 3402 912 3456 putant
945 3391 1167 3444 humana
1201 3407 1298 3444 non
1326 3390 1525 3452 videre,
1569 3390 1687 3441 dum
1730 3391 1837 3458 ipse

266 3463 513 3514 creaturis
539 3463 642 3512 suis
667 3462 1050 3530 intelligentiam
1077 3469 1273 3530 priestet
1302 3471 1347 3512 et
1374 3474 1608 3522 sensum;
1637 3461 1838 3530 beatum

269 3530 522 3594 deputans
542 3531 709 3597 illum,
728 3533 812 3595 qui
834 3529 1010 3582 mutuli
1033 3529 1102 3598 fel
1126 3531 1275 3581 citate
1295 3539 1576 3594 contempta
1599 3531 1649 3581 in
1671 3529 1840 3581 divina

270 3602 542 3653 retu-rentia
571 3610 868 3664 perseverat.
913 3599 1079 3653 Tertia
1106 3602 1172 3651 ad
1197 3616 1369 3652 eorum
1399 3600 1595 3652 animos
1625 3601 1841 3652 invitan-

271 3672 396 3732 dos,
439 3670 711 3722 Dominum
741 3671 836 3724 sibi
862 3672 982 3723 dicit
1010 3671 1166 3738 fuisse
1189 3670 1473 3740 refugium,
1514 3679 1558 3721 et
1589 3669 1840 3723 vindicem

273 3742 382 3807 fore
421 3741 755 3809 peccantium.

838 3844 1267 3885 ClllHII-INTABIUS.

347 3942 479 3996 Deus
507 3943 757 3996 ultionum
792 3942 1055 3996 Dominus.
1108 3943 1294 3996 Solent
1329 3941 1476 3995 multi
1508 3956 1843 3998 murmurare

271 4013 528 4066 adversus
569 4014 873 4082 patientiam
917 4013 1042 4075 Dei,
1087 4022 1141 4066 et
1179 4013 1360 4066 dolere
1404 4013 1594 4078 impios
1634 4014 1841 4080 vivere,

271 4084 560 4149 plurimum
591 4097 776 4152 posse,
823 4095 874 4136 et
901 4083 1038 4149 quod
1068 4085 1280 4151 gravius
1306 4091 1418 4146 est,
1462 4084 1626 4135 bonos
1667 4084 1846 4150 oppri-

273 4168 424 4206 mere
464 4169 476 4204 :
529 4151 603 4206 et,
631 4151 708 4207 sic
756 4162 1125 4218 pervertuntur
1171 4153 1505 4218 impatientes
1553 4163 1605 4204 et
1649 4153 1842 4207 infirmi

271 4223 468 4286 animi,
501 4225 647 4290 quasi
677 4224 866 4275 frustra
897 4224 1004 4275 sint
1036 4223 1190 4289 boni,
1234 4221 1352 4288 quia
1389 4221 1525 4275 Dens
1553 4225 1736 4278 oculos
1777 4225 1847 4277 ab

273 4294 355 4346 eis
395 4297 603 4357 avertit,
628 4301 681 4346 et
715 4294 881 4346 malos
915 4295 965 4346 in
1008 4291 1089 4345 his
1126 4307 1246 4360 qua:
1287 4291 1510 4358 diligunt
1551 4292 1844 4346 adauxerit.

273 4363 527 4417 Putantcs
556 4377 682 4429 ergo
710 4363 826 4416 sine
854 4376 1012 4415 causa
1059 4363 1193 4415 bene
1225 4364 1428 4424 vivere,
1463 4363 1752 4414 invitantur
1778 4365 1844 4416 ad

1860 3076 1906 3138 C

1931 1791 2108 1834 rantes
2141 1783 2206 1833 ad
2239 1782 2545 1849 patientiam
2587 1781 2637 1832 in
2668 1783 2850 1835 labore
2882 1781 3172 1842 bonorum,
3219 1792 3270 1835 et
3300 1783 3484 1834 contra

1931 1852 2233 1905 felicitatem
2266 1853 2526 1905 malorum
2557 1862 2607 1902 et
2638 1851 3135 1918 reprehendentinm
3169 1851 3360 1917 impios
3389 1851 3486 1903 Ilo-

1931 1931 2130 1984 rentee,
2163 1930 2215 1975 et
2244 1922 2521 1974 veritatem
2555 1936 2657 1972 non
2686 1932 3088 1987 cognoscentes.
3143 1921 3354 1972 Titulus
3402 1922 3485 1972 sic

1931 1993 2249 2058 exponitur:
2283 1988 2547 2054 Psalmus,
2581 1990 2630 2042 id
2661 2000 2762 2053 est,
2795 1991 2906 2044 laus
2933 1991 3028 2043 ista
3059 1990 3365 2042 attribuitur
3391 1990 3491 2054 ipsi

1933 2061 2120 2122 David,
2164 2075 2266 2114 non
2297 2063 2610 2126 cuicunque,
2647 2061 2738 2112 sed
2770 2061 3068 2129 significato
3100 2074 3192 2124 per
3225 2075 3310 2112 res
3341 2073 3490 2112 erea-

1934 2143 2013 2184 tas
2043 2141 2226 2199 quarta
2251 2131 2452 2183 sabbati
2480 2146 2493 2193 ;
2528 2131 2627 2182 hoc
2652 2139 2733 2182 cst
2757 2128 3059 2182 attribuitur
3085 2128 3486 2199 solisfidelibus

1931 2197 2129 2252 sanctis
2159 2203 2208 2252 in
2241 2201 2455 2253 Christo
2483 2199 2746 2251 roboratis
2767 2241 2781 2262 ,
2831 2213 2964 2266 quos
3005 2209 3158 2251 vocat
3203 2197 3489 2262 Apostolus

1935 2270 2209 2322 luminaria
2242 2269 2422 2322 mundi
2449 2285 2462 2333 ;
2515 2268 2700 2319 horum
2733 2267 2872 2321 enim
2902 2283 3026 2330 vox,
3072 2277 3130 2320 ut
3157 2282 3316 2332 supra
3345 2268 3486 2320 dixi-

1935 2355 2073 2402 mus,
2099 2349 2180 2392 est
2207 2340 2255 2390 in
2287 2338 2386 2393 hoc
2414 2339 2635 2406 psalmo,
2661 2339 2947 2403 quamlibet
2968 2345 3151 2389 contra
3178 2341 3483 2403 patientiam

1936 2407 2027 2462 Dei
2061 2405 2476 2462 inornmrantem
2503 2446 2516 2468 ,
2561 2409 2637 2460 sic
2666 2408 3063 2474 corrigentinm.
3115 2405 3276 2472 Quasi
3305 2409 3444 2460 dicat
3472 2425 3483 2459 :

1933 2477 2012 2530 Tu
2041 2478 2250 2546 quidem
2285 2492 2615 2541 murmuras,
2655 2477 2793 2546 quod
2827 2478 2964 2530 Deus
2991 2477 3166 2530 statim
3199 2491 3302 2529 non
3340 2477 3489 2541 punit

1934 2549 2144 2616 iniquos
2171 2566 2182 2600 :
2218 2563 2322 2601 non
2354 2547 2518 2601 debes
2564 2561 2922 2608 murmurare.
2955 2547 3045 2600 sed
3080 2547 3250 2611 potius
3279 2547 3368 2600 tibi
3400 2561 3490 2600 ca-

1937 2615 2162 2672 vendum
2187 2627 2269 2670 est
2294 2632 2360 2671 ne
2385 2627 2438 2670 tu
2463 2619 2537 2668 sis
2561 2617 2697 2670 inter
2723 2617 2860 2678 illos,
2879 2615 2998 2681 quia
3021 2631 3144 2669 vere
3172 2616 3350 2680 puniet
3370 2630 3486 2671 eos.

1936 2687 2064 2740 Nam
2099 2689 2236 2741 Deus
2266 2698 2366 2750 est,
2393 2695 2449 2739 et
2474 2687 2517 2740 si
2547 2688 2682 2740 Dens
2706 2696 2808 2748 est,
2839 2689 3062 2750 iniustus
3087 2700 3189 2739 non
3215 2696 3331 2740 est:
3363 2700 3492 2754 ergo

1935 2759 2065 2811 nth
2097 2761 2235 2823 quod
2269 2768 2321 2810 ιιι
2354 2773 2457 2810 non
2489 2757 2706 2823 punies.
2750 2755 3066 2821 impunitum
3100 2757 3381 2823 relinquet.
3426 2755 3492 2809 Et

1935 2830 2057 2893 quia
2090 2829 2222 2880 Deus
2269 2838 2380 2892 est,
2431 2841 2558 2894 ergo
2602 2827 2703 2880 erit
2735 2826 2980 2879 Dominus
3022 2827 3301 2887 ultionum;
3356 2823 3492 2878 Deus

1935 2898 2055 2952 dico
2089 2913 2210 2952 vere
2239 2900 2340 2950 erit
2370 2893 2616 2949 Dominus
2642 2897 2920 2958 ultionum,
2951 2893 3000 2947 id
3031 2904 3141 2960 est,
3181 2904 3490 2962 potestatem

1936 2977 1988 3021 et
2016 2967 2304 3021 dominium
2340 2967 2550 3020 tandem
2594 2968 2645 3020 in
2689 2965 2994 3019 ulciscendo
3023 2966 3308 3019 exercebit.
3359 2967 3489 3018 Nam

1939 3038 2111 3106 (quasi
2143 3038 2302 3101 dicat)
2337 3036 2501 3090 libere
2533 3045 2673 3105 aget.
2726 3036 2788 3088 Et
2816 3051 2935 3089 vere
2983 3046 3105 3088 tunc
3143 3036 3318 3106 libere
3347 3046 3489 3102 aget,

1939 3105 2060 3175 quia
2093 3109 2235 3176 prius
2264 3109 2416 3160 libere
2443 3108 2582 3177 egit,
2630 3107 2750 3177 quia
2781 3107 2918 3177 nulli
2959 3107 3008 3157 in
3044 3105 3487 3177 verbopepercit.

1943 3175 2196 3232 Dominus
2223 3187 2336 3230 erat
2367 3177 2417 3229 in
2450 3175 2623 3230 carnis
2650 3175 2976 3236 humilitate,
3018 3177 3110 3227 sed
3149 3175 3338 3227 nullius
3370 3190 3493 3240 per-

1939 3261 2124 3301 sonam
2157 3249 2393 3315 respexit
2424 3246 2480 3299 in
2506 3259 2753 3299 sermone
2782 3245 3065 3315 veritatis._
3089 3243 3222 3315 Nulli
3241 3246 3494 3315 pepercit

1941 3318 1992 3370 in
2025 3317 2212 3380 verbo,
2244 3311 2297 3368 ut
2326 3327 2503 3369 essent
2531 3317 2722 3382 quibus
2771 3324 3011 3380 parceret
3054 3311 3105 3367 in
3139 3312 3356 3382 judicio.
3418 3315 3490 3366 De

1940 3402 2006 3440 eo
2035 3389 2174 3440 enim
2205 3386 2402 3440 dictum
2447 3395 2563 3438 est:
2599 3383 2664 3436 Et
2694 3395 2799 3437 erat
2843 3384 3046 3448 loquens
3090 3393 3326 3450 tauquam
3355 3394 3490 3451 pote-

1940 3468 2120 3510 statem
2146 3457 2352 3517 habens,
2384 3470 2484 3507 non
2524 3457 2652 3507 sicut
2682 3454 2876 3510 Scriba:
2903 3468 3106 3516 eorum,
3149 3465 3194 3506 et
3223 3452 3494 3506 Pitarisa'i.

1944 3526 2012 3580 Et
2051 3527 2138 3594 qui
2171 3527 2299 3578 nulli
2333 3525 2566 3593 pepercit
2597 3526 2648 3577 in
2677 3527 2858 3585 verbo,
2889 3524 3106 3594 veniens
3133 3523 3488 3594 judicandus,

1945 3591 2124 3663 parcet
2166 3591 2409 3648 alicui'in
2440 3599 2723 3657 sententia,
2757 3595 2974 3648 veniens
3016 3592 3377 3661 indicaturus!
3427 3591 3492 3644 Et

1942 3666 2031 3734 qni
2063 3666 2262 3718 nullum
2298 3665 2472 3717 timuit
2501 3666 2552 3718 in
2583 3665 2897 3727 humilitate,
2931 3663 3136 3734 timebit
3177 3665 3403 3731 aliquem
3437 3664 3492 3734 in

1944 3733 2259 3802 lthjestale?
2289 3735 2495 3787 Nullum
2525 3735 2726 3801 utique,
2751 3749 2876 3803 ergo
2898 3733 2987 3803 qui
3011 3736 3154 3801 prius
3180 3734 3344 3788 libere
3367 3733 3494 3802 egit,

1943 3816 1996 3860 et
2028 3807 2236 3858 tomlem
2268 3806 2434 3858 libere
2459 3816 2597 3872 aget.

2020 3873 2258 3928 Exaltare
2283 3875 2365 3943 qui
2393 3876 2592 3942 iudicas
2621 3885 2826 3928 terram.
2855 3873 3001 3926 Dixit
3026 3872 3145 3939 quia
3176 3873 3340 3926 libere
3369 3873 3495 3941 egit,

1949 3945 2084 3998 hanc
2113 3954 2290 3998 autem
2323 3945 2617 3998 libertatem
2647 3945 2760 4012 ejus
2789 3944 2934 4010 impii
2966 3943 3228 4005 homines,
3283 3943 3331 3994 id
3376 3954 3490 4004 est,

1944 4013 2113 4068 Judaei
2162 4030 2265 4069 non
2317 4014 2583 4068 tulerunt:
2627 4018 2746 4081 quia
2793 4013 3042 4066 eontrarii
3072 4025 3221 4064 erant
3249 4012 3498 4078 Operibus

1945 4100 2152 4140 eorum.
2206 4084 2309 4138 Sed
2357 4099 2476 4136 cum
2529 4080 2825 4146 tenuerunt,
2854 4080 3271 4146 flagellavcrunt,
3313 4082 3496 4147 spinea

1946 4169 2143 4208 corona
2173 4155 2654 4215 circumdederunt,
2701 4152 2751 4204 in
2798 4165 3011 4204 crucem
3061 4151 3401 4214 levaverunt,
3448 4161 3506 4203 et

1949 4226 2160 4277 tandem
2193 4223 2516 4276 occiderunt.
2555 4224 2618 4273 lit
2647 4220 2763 4274 ideo
2794 4221 3131 4286 pr0pbeticus
3161 4220 3376 4287 spiritus
3403 4218 3503 4273 hoc

1951 4292 2244 4360 praevidens
2271 4292 2439 4344 dixit:
2474 4292 2713 4344 Exaltare
2741 4291 2826 4360 qui
2846 4290 3053 4356 judicas
3085 4298 3290 4342 terram.
3340 4289 3501 4357 Quasi

1947 4363 2126 4415 dicat:
2161 4362 2382 4425 Morere,
2421 4363 2659 4423 Domine,
2706 4371 2764 4414 ut
2803 4360 3072 4422 exaltcris,
3101 4369 3155 4414 et
3181 4362 3404 4414 exaltare
3448 4369 3506 4413 ut

275 4432 580 4486 ituitandam
617 4421 807 4486 eorum
852 4431 1135 4492 malitiam,
1170 4445 1304 4499 quos
1335 4421 1523 4483 florere
1555 4445 1841 4498 perspexe-
1872 4421 1922 4480 D
1947 4432 2211 4499 judicatus
2240 4447 2268 4482 a
2298 4421 2469 4496 terra,
2507 4421 2708 4499 judiees
2740 4440 2932 4483 terram
2957 4469 2972 4492 ,
3027 4421 3080 4482 tu
3128 4431 3246 4484 dico
3271 4431 3355 4498 qui
3383 4445 3506 4483 vere

276 4504 404 4556 rint.
453 4501 511 4557 Si
553 4510 764 4565 autem,
815 4514 1026 4567 propter
1069 4501 1426 4554 infirmitatem
1474 4513 1716 4567 persiina:
1761 4503 1844 4556 vel

274 4573 459 4639 animi,
493 4571 626 4624 mala
661 4572 832 4625 facere
863 4571 1164 4636 formidant,
1189 4587 1255 4624 ne
1292 4579 1345 4622 et
1384 4569 1484 4634 ipsi
1518 4571 1650 4623 mala
1678 4573 1845 4626 susci-

280 4643 459 4708 piant,
506 4643 769 4694 abstinent
798 4642 1010 4709 quidem
1042 4656 1100 4693 se
1131 4657 1156 4692 a
1191 4641 1342 4692 malis
1372 4639 1524 4692 factis
1545 4679 1560 4702 ,
1602 4641 1694 4693 sed
1739 4657 1842 4696 non

278 4714 548 4768 abstinent
575 4729 603 4762 a
630 4712 1036 4778 cogitationibus
1067 4710 1262 4778 pravis.
1313 4711 1376 4762 Et
1405 4712 1540 4780 inter
1568 4712 1843 4780 cogitatio-

281 4798 376 4836 nes
408 4797 592 4836 eorum
621 4783 826 4849 iniquas
869 4785 980 4834 haec
1023 4792 1104 4834 est
1144 4795 1346 4833 summa
1381 4778 1656 4844 impietas,
1703 4782 1842 4849 quod

283 4863 465 4917 putant
499 4856 659 4904 Deum
691 4853 953 4918 negligere
996 4862 1048 4905 et
1087 4866 1190 4904 non
1229 4864 1416 4903 curare
1451 4864 1534 4901 res
1567 4849 1842 4912 humanas.

280 4931 371 4974 aut
419 4922 695 4988 a'qualitcr
746 4921 940 4975 habere
989 4922 1157 4974 bonos
1207 4931 1261 4973 et
1309 4919 1513 4980 malos;
1562 4929 1672 4981 aut,
1706 4923 1843 4984 qttod

285 4993 634 5055 perniciosius
673 5001 786 5054 est,
832 4991 984 5044 malis
1015 4991 1214 5052 favere,
1249 4991 1415 5042 bonos
1445 4988 1641 5043 odisse.
1689 4991 1846 5046 Tales

279 5063 627 5128 cogitationes
658 5061 935 5114 hominum
966 5062 1174 5126 tacitas,
1207 5061 1287 5112 vel
1319 5059 1478 5114 etiam
1506 5071 1847 5127 erumpentes

284 5132 338 5182 in
364 5131 507 5182 dicta
533 5131 612 5185 vel
638 5129 773 5184 facta
795 5142 947 5185 curat
971 5134 1201 5193 psalmus
1226 5131 1345 5192 iste,
1369 5131 1412 5181 si
1435 5144 1622 5184 curare
1649 5133 1804 5184 \CIIIII
1830 5151 1842 5185 :

283 5201 404 5268 quia
435 5203 590 5254 docet
617 5202 923 5267 patientiam
956 5200 1006 5252 in
1037 5202 1219 5254 labore
1250 5202 1529 5262 bonorum,
1571 5212 1622 5252 et
1660 5211 1845 5255 contra

287 5271 591 5326 felicitatem
629 5272 909 5335 malorum,
937 5271 1087 5334 cujus
1117 5271 1404 5341 titulusesl
1429 5286 1443 5320 :
1488 5269 1725 5323 l’salmus
1751 5273 1848 5341 ipsi

286 5343 452 5394 David
481 5351 658 5409 quarta
686 5342 914 5393 Sabbati.
969 5342 1166 5405 Quarta
1196 5339 1409 5392 Sabbati
1431 5380 1444 5402 ,
1483 5349 1540 5391 ιει
1571 5341 1622 5392 in
1653 5339 1844 5395 Genesi

284 5408 498 5479 legitur,
529 5412 644 5480 fecit
679 5411 812 5464 Deus
843 5411 1133 5472 luminaria,
1164 5409 1214 5462 id
1244 5408 1346 5474 est,
1389 5409 1556 5460 solem
1587 5419 1640 5462 et
1670 5410 1849 5466 lunam

283 5492 330 5533 rt
367 5479 542 5534 stellas
586 5496 776 5543 omnes,
828 5490 873 5533 et
920 5481 1085 5548 posuit
1127 5495 1210 5532 eas
1255 5479 1307 5529 in
1352 5480 1669 5544 ﬁrmamento
1711 5485 1843 5536 caeli.

283 5552 418 5618 Quid
460 5567 588 5620 ergo
620 5551 735 5602 vult
776 5549 875 5620 sibi
906 5551 1042 5616 quod
1073 5549 1351 5620 deqquarta
1395 5551 1594 5620 sabbati
1639 5551 1843 5605 titulum

281 5633 488 5688 accepit
529 5618 810 5689 psalmus?
842 5619 896 5671 In
928 5634 1030 5686 quo
1062 5618 1370 5685 patientiam
1403 5619 1654 5671 docemur
1687 5620 1736 5672 in
1773 5623 1848 5674 la-

281 5695 408 5746 bore
437 5695 726 5756 bonorum,
760 5701 813 5745 et
840 5701 1024 5744 contra
1053 5689 1357 5743 lelicitatem
1387 5689 1647 5742 malorqu
1682 5690 1846 5747 babes

1937 4503 2169 4571 JtldiCﬂS,
2201 4499 2252 4554 id
2284 4511 2384 4568 est,
2414 4501 2672 4570 jutlicabis
2701 4515 2913 4554 omnem
2945 4511 3149 4561 terram,
3179 4509 3282 4552 tam
3310 4499 3505 4571 cultam

1945 4569 2100 4636 quam
2129 4571 2378 4624 incultam
2406 4569 2424 4623 :7
2453 4583 2504 4626 et
2535 4572 2650 4625 ideo
2677 4574 2833 4624 redde
2859 4571 3231 4622 retributionem
3257 4569 3506 4636 superbis.

1947 4641 2178 4710 Superbi
2208 4651 2328 4694 sunt
2362 4641 2434 4694 illi
2468 4641 2660 4709 quibus
2692 4655 2870 4706 parum
2913 4651 2994 4694 est
3021 4655 3274 4710 peccare,
3290 4638 3384 4692 sed
3416 4654 3510 4692 au-

1945 4708 2071 4766 dent
2094 4715 2256 4764 etiam
2282 4708 2494 4778 peccata
2513 4713 2819 4765 defendere.
2854 4710 2917 4761 Et
2945 4710 3024 4762 his
3053 4710 3236 4762 reddet
3260 4708 3510 4762 Dominus

1947 4781 2371 4836 retributionem.
2411 4783 2577 4845 Quam
2619 4779 3060 4834 retributionem?
3113 4778 3305 4846 Utique
3350 4789 3506 4832 teter-

1948 4867 2069 4904 nam
2099 4853 2514 4914 damnationem,
2549 4852 2832 4904 hmmlibus
2861 4860 3033 4901 autem
3070 4864 3171 4902 no:i
3205 4849 3461 4901 retribuet
3488 4867 3502 4902 :

1948 4921 2091 4976 verbi
2121 4921 2308 4990 gratia,
2349 4923 2564 4990 quidam
2610 4922 2677 4974 de
2709 4919 2836 4988 ipsis
2861 4919 3268 4973 crttcilixortbus
3301 4919 3511 4990 Domini

1947 4992 2076 5044 visis
2105 4989 2183 5044 tet
2216 4989 2486 5045 miracirlis
2534 5001 2586 5044 et
2632 4991 2790 5044 tantis
2835 4991 3192 5056 apostolorum
3235 4989 3512 5056 praeconiis

1946 5061 2173 5128 auditis,
2204 5074 2261 5115 se
2291 5063 2738 5114 liumiliaverunt:
2782 5058 2902 5127 quia
2935 5069 3204 5124 peccatum
3235 5075 3388 5110 suum
3419 5074 3512 5111 co-

1946 5140 2264 5199 gnoverunt,
2289 5141 2342 5184 et
2368 5133 2591 5199 pretium
2617 5131 2994 5195 redemptionis
3019 5143 3149 5192 sum,
3175 5129 3264 5197 qui
3287 5130 3512 5181 sawien-

1950 5214 2029 5256 tes
2061 5202 2326 5264 fuderunt,
2355 5202 2632 5254 credentes
2678 5201 2939 5261 biberunt,
2967 5201 3173 5265 quando
3198 5199 3512 5253 accedentes

1948 5272 2012 5323 ad
2037 5267 2310 5336 apostolos
2329 5273 2572 5324 dixerunt
2598 5287 2611 5323 :
2634 5271 2768 5332 Quid
2791 5269 3022 5336 facimus,
3041 5270 3133 5321 viri
3157 5268 3382 5338 fratres?
3402 5276 3508 5322 etc.

1952 5342 2017 5394 I‘lt
2049 5341 2128 5394 his
2159 5342 2347 5393 talibus
2377 5355 2478 5394 non
2510 5340 2849 5393 retribuetnr.
2903 5340 3152 5404 Superbis
3187 5350 3358 5392 autem
3389 5339 3511 5406 qui-

1947 5411 2048 5480 bus
2072 5425 2253 5480 parum
2279 5424 2360 5464 ρει
2391 5410 2602 5480 fecisse,
2629 5409 2721 5462 sed
2748 5411 2984 5462 nituntur
3009 5411 3168 5462 etiam
3197 5408 3507 5473 defendere,

1950 5477 2424 5535 illis'relribuetur.
2471 5477 2674 5532 Dicitur
2703 5490 2876 5532 autem
2910 5481 2973 5531 ad
3003 5494 3184 5532 eorum
3214 5480 3507 5533 citrrectio-

1951 5567 2090 5612 nem,
2119 5562 2172 5602 ut
2199 5552 2275 5602 vel
2307 5550 2495 5602 timore
2524 5564 2690 5615 plena:
2717 5558 3111 5602 convet'tmtur.
3146 5549 3208 5601 Et
3231 5550 3506 5603 sciendum

1950 5623 2087 5689 quod
2108 5621 2254 5683 dicit,
2282 5617 2524 5671 Exaltare
2547 5630 2592 5670 et
2619 5619 2804 5682 redde;
2823 5619 3097 5689 prophetia
3126 5629 3207 5672 est
3233 5620 3513 5689 przlrscicti-

1956 5688 2051 5754 tts,
2092 5705 2193 5744 non
2236 5691 2454 5743 audacia
2483 5691 2738 5757 jubctttis.
2789 5692 2900 5742 Dion
2931 5688 3070 5742 enim
3102 5691 3219 5744 idco
3260 5688 3512 5743 Dominus
