4006 6364
303 308 410 366 995

1051 307 1114 360 ΙΝ
1162 305 1572 362 ρδιιιιοιιυιι
1617 305 1872 360 ιλιιιιυιι
1920 303 2279 360 [Χιεϐιῖδιε.
2322 332 2390 344 --·
2429 303 2672 391 ῚῙΞΑΙΛΙ.
2713 302 2800 357 Cl.

3441 305 3547 360 994

301 431 354 474 et
385 429 827 481 evanrscenteiu;
860 416 1042 484 utique
1071 418 1401 470 delii-iemein
1433 426 1483 468 et
1515 431 1618 468 non
1651 431 1796 479 perm
1817 433 1847 463 ις

1963 417 2183 478 populus
2214 425 2332 484 erat
2359 426 2572 481 propter
2599 416 3084 481 prieviiricatioiicrn
3120 433 3131 469 :
3166 425 3215 468 ct
3245 418 3364 484 quia
3398 434 3532 480 pra-.-

300 502 536 544 nentein.
567 490 721 544 Tales
747 491 859 540 dies
883 487 1070 556 dignus
1099 487 1192 538 iuit
1214 488 1455 552 accipere
1486 487 1573 540 ille
1598 488 1856 552 superbus

297 561 495 624 Adam,
526 576 588 612 ex
621 576 724 624 quo
753 558 991 611 Christus
1022 571 1233 608 carnem
1265 558 1498 623 acea-pit,
1532 565 1586 609 et
1618 557 1860 608 liberavit

303 645 406 686 nos
435 649 463 682 ει
495 631 683 684 diebus
712 631 858 680 lmni.
897 629 998 693 Qui
1036 640 1249 693 pmpter
1278 643 1372 678 nos
1403 630 1644 692 dignatus
1675 635 1757 679 est
1786 627 1856 676 mi

301 714 439 754 voce
486 703 690 752 dierum
740 698 902 756 luini.
953 707 1006 750 et
1053 697 1228 748 subdit
1287 712 1496 749 cau~aiu
1534 712 1696 763 quare
1751 697 1858 748 dies

297 771 593 839 defecerunt
624 784 644 823 :
673 771 788 821 ideo
818 767 1020 839 scilicet
1047 769 1166 829 quia
1199 766 1282 819 illa
1311 783 1428 834 quin
1459 767 1715 820 deberent
1741 780 1858 820 esse

294 838 476 892 orrinia
506 856 620 892 ossa
651 855 782 899 mea,
817 838 865 890 id
893 848 992 897 est,
1035 839 1360 890 ﬁrmamenta
1395 839 1583 888 animze
1614 839 1664 888 in
1703 840 1855 898 ini-is,

295 911 506 962 scilicet
530 910 668 962 ratio
690 919 743 961 et
763 907 1128 972 intelligentia,
1155 916 1416 972 aruerunt,
1447 909 1496 959 id
1522 914 1625 970 est,
1655 905 1778 958 vilia
1807 918 1858 957 ut

295 979 526 1034 invalida
559 989 780 1046 propter
805 979 1096 1030 contuitum
1129 977 1366 1029 vi-ritatis
1391 1016 1406 1039 ,
1458 992 1615 1040 quem
1666 981 1859 1046 amise-

291 1059 441 1113 l’uut,
469 1045 588 1103 sunt
611 1051 738 1100 sicut
767 1049 1025 1100 aemilius.
1053 1048 1322 1100 Ciconum
1349 1048 1542 1099 dicitur
1568 1045 1692 1098 illud
1723 1052 1859 1098 unde

291 1121 535 1187 sagiinen
567 1118 854 1184 eliquatur,
906 1127 1179 1182 postquam
1224 1118 1273 1168 iii
1322 1126 1524 1168 tantum
1569 1127 1854 1187 crematur,

290 1185 436 1256 quod
465 1193 582 1241 sine
611 1189 753 1240 omni
784 1188 1005 1240 humore
1031 1188 1286 1248 el'licitur,
1315 1189 1454 1256 quod
1487 1187 1615 1240 satis
1646 1185 1750 1239 vile
1779 1196 1856 1238 est

288 1267 347 1311 et
371 1258 679 1312 invalidum.

370 1329 668 1382 Percussus.
711 1327 824 1380 Non
853 1325 1022 1378 solum
1066 1324 1116 1377 in
1155 1323 1409 1378 exteriori
1442 1324 1512 1378 ita
1557 1324 1855 1377 infirmatus

290 1412 435 1461 sum,
465 1399 558 1450 St'd
587 1400 747 1451 etiam
779 1411 1045 1463 perculsus
1073 1411 1186 1448 sum
1219 1397 1268 1447 in
1295 1395 1564 1458 exteriori,
1583 1405 1636 1448 et
1665 1396 1716 1447 iii
1741 1411 1845 1458 ine,

291 1478 348 1520 et
379 1469 429 1521 in
459 1468 591 1521 meis
618 1469 782 1520 factus
807 1482 923 1519 sum
953 1475 1003 1516 ut
1028 1467 1218 1532 fenum,
1244 1467 1360 1529 quia
1394 1465 1459 1517 de
1495 1465 1652 1532 priori
1679 1465 1856 1517 virore

296 1538 348 1589 in
383 1543 517 1592 lianc
548 1537 814 1591 iniseriam
843 1536 1054 1589 cecidit.
1089 1535 1184 1587 llic
1209 1543 1289 1587 est
1323 1549 1604 1601 percussus
1635 1535 1720 1587 ille
1743 1573 1757 1595 .
1789 1536 1855 1586 ile

290 1624 396 1671 quo
429 1623 523 1673 per
553 1608 734 1660 Isaiam
759 1607 970 1666 dicitur,
1004 1603 1119 1655 Non
1149 1605 1198 1655 in
1223 1613 1465 1655 internum
1491 1605 1702 1657 irascar.
1733 1607 1850 1668 Spi-

288 1681 418 1729 ritus
443 1679 578 1730 enim
603 1695 633 1729 a
663 1694 739 1730 me
763 1678 1002 1743 procedit.
1041 1675 1248 1726 Omnem
1276 1676 1454 1739 ﬂatum
1486 1690 1575 1741 ego
1603 1675 1718 1742 feci,
1744 1691 1856 1742 pro-

289 1759 404 1810 pter
429 1760 684 1815 peccatum
714 1757 878 1822 autem
912 1745 1162 1822 modicum
1187 1745 1310 1813 quid
1335 1745 1621 1822 contristent
1645 1761 1780 1822 eunt,
1807 1755 1851 1822 et
1891 1765 1929 1822 Β

286 1819 518 1883 percussi
543 1833 676 1868 eam.
720 1815 783 1867 Et
814 1816 968 1867 aerii
1000 1818 1178 1882 [actem
1210 1832 1368 1866 meam
1399 1815 1462 1866 ab
1490 1829 1548 1865 eo
1573 1854 1586 1871 ,
1621 1825 1664 1864 et
1699 1815 1851 1866 tristis

291 1887 418 1938 abiit
443 1889 494 1938 iu
520 1887 611 1939 viis
640 1886 764 1938 suis.
801 1886 920 1937 llaec
949 1885 1218 1951 percussio
1245 1887 1296 1936 in
1325 1884 1574 1936 exteriori
1606 1887 1852 1937 convenit

291 1959 454 2009 etiam
487 1958 582 2022 ipsi
614 1955 791 2023 rapiti,
825 1965 1036 2020 propter
1067 1969 1249 2020 pinnas
1284 1953 1504 2021 peccari,
1537 1968 1668 2021 quas
1697 1969 1855 2007 coin-

289 2041 482 2079 munes
528 2025 799 2079 nobiseum
833 2025 1032 2077 hahuit.
1069 2025 1132 2075 Et
1178 2025 1369 2091 repetit
1400 2024 1535 2090 quod
1571 2024 1850 2090 praedixit,

286 2106 345 2148 ut
393 2111 604 2148 causam
647 2095 798 2161 hujus
829 2111 945 2147 esse
975 2095 1236 2146 ostendat.
1283 2095 1439 2158 Quasi
1481 2093 1660 2157 dicat,
1713 2097 1850 2163 quod

289 2181 560 2226 percussus
584 2181 696 2218 sum
725 2170 774 2218 in
802 2165 1076 2225 exteriori,
1123 2167 1239 2217 ideo
1274 2168 1336 2216 l'ar
1357 2175 1464 2216 tum
1491 2174 1591 2227 est,
1617 2164 1737 2230 quia
1768 2182 1855 2219 cor

283 2251 450 2288 meum
475 2276 490 2298 ,
522 2235 571 2288 id
603 2246 680 2288 est
705 2276 719 2299 ,
759 2238 929 2288 anima
976 2251 1213 2288 meorum
1245 2253 1319 2286 ari
1342 2236 1379 2286 it
1405 2275 1418 2295 ,
1463 2234 1510 2284 id
1542 2244 1623 2287 est
1657 2236 1809 2287 viluit
1835 2275 1850 2297 ,

284 2307 500 2357 amissis
543 2306 744 2356 viribus
782 2305 1141 2368 intelligentia:
1182 2315 1229 2357 et
1273 2307 1515 2358 rationis.
1563 2306 1623 2356 Et
1664 2308 1854 2358 turrito

283 2379 447 2440 aruit,
473 2377 590 2442 quia
613 2376 797 2428 oblitus
819 2391 929 2426 sunt
956 2379 1004 2426 iii
1030 2376 1160 2427 ini-is
1180 2377 1442 2427 comedere
1463 2390 1642 2442 panem
1665 2391 1852 2439 meum,

293 2445 345 2496 id
369 2458 468 2506 est,
499 2447 782 2499 ob~ervare
808 2444 1134 2498 Doiniuicuin
1164 2455 1502 2510 przeceptum.
1529 2446 1854 2510 Suggerente

283 2514 430 2566 enim
481 2523 730 2582 serpente
771 2525 822 2567 i-t
873 2516 974 2567 Eva
1018 2515 1430 2581 przevaricamc,
1480 2514 1640 2566 miser
1684 2516 1851 2567 Adam
1897 2549 1907 2558 -

287 2584 486 2637 oblitus
518 2586 844 2638 Doruinicnm
878 2601 998 2651 priet
1019 2598 1220 2651 eptuin,
1251 2585 1390 2644 quod
1413 2584 1633 2636 deberet
1657 2585 1705 2636 ei
1736 2600 1856 2638 esse

282 2653 349 2705 ad
383 2654 785 2708 delectationem
812 2694 826 2716 ,
869 2657 1004 2708 sicut
1046 2658 1194 2720 panis
1222 2655 1474 2706 edulium.
1517 2654 1728 2707 Manum
1757 2670 1852 2706 ex-

283 2724 458 2776 tendit
483 2724 548 2776 ad
579 2727 822 2790 vetitum,
857 2737 908 2776 et
941 2739 1043 2776 non
1077 2725 1274 2776 invenit
1300 2724 1437 2792 quod
1473 2723 1714 2790 promisit
1739 2724 1855 2778 dia-

281 2794 458 2859 bolus,
491 2795 583 2847 sed
614 2795 753 2862 quod
785 2795 1011 2846 minatus
1038 2802 1121 2847 est
1161 2795 1318 2846 Deus.

353 2865 397 2915 Α
424 2879 540 2917 voce
568 2867 779 2932 gemitus
810 2865 925 2915 mei.
963 2865 1100 2916 DiXIl
1141 2867 1275 2915 aruit
1321 2879 1410 2915 cor
1450 2878 1613 2915 meum
1645 2879 1665 2915 :
1715 2878 1854 2918 nunc

279 2935 514 2986 ostendit
541 2934 806 3000 quomodo
843 2935 983 2986 dicat
1012 2949 1066 2984 os
1097 2949 1259 2985 nteant
1295 2933 1510 2985 adlia'sit
1537 2933 1679 2984 carni
1707 2949 1851 2999 mete,

279 3001 332 3053 id
357 3012 456 3064 est,
487 3004 689 3055 ﬁrmius
717 3018 888 3057 meum
920 3003 968 3053 in
995 3005 1130 3056 lllt‘iS
1157 3005 1376 3056 adbo-sit
1409 3002 1683 3056 inlirmiori
1711 3019 1848 3066 ineo,

277 3071 486 3127 scilicet
516 3076 680 3127 Adam
713 3090 864 3126 mens
897 3074 1015 3126 Eva:
1043 3089 1152 3128 suae
1181 3072 1471 3136 consensit,
1500 3073 1549 3124 id
1578 3080 1682 3137 est,
1714 3076 1850 3126 ratio

275 3146 627 3197 sensualitati.
658 3145 807 3209 Quod
854 3145 1109 3214 processit
1146 3163 1176 3194 a
1208 3160 1325 3197 voce
1361 3144 1570 3210 gemitus
1615 3144 1712 3195 mei
1736 3183 1752 3208 ,
1799 3145 1847 3198 id

275 3221 378 3270 est.
409 3228 437 3265 a
468 3229 596 3267 voce
619 3220 899 3281 serpentis,
933 3215 1020 3280 qui
1049 3214 1182 3267 dixit
1213 3232 1224 3266 :
1262 3215 1416 3267 Erilis
1445 3214 1573 3266 sicut
1599 3214 1693 3266 dii.
1721 3217 1850 3278 Quae

279 3295 378 3352 vos
413 3292 496 3336 est
524 3285 751 3351 gemitus
783 3287 885 3338 mei
919 3300 1038 3348 vos,
1070 3286 1190 3352 quia
1223 3300 1314 3351 pro
1347 3285 1430 3336 illa
1479 3299 1692 3352 semper
1721 3282 1848 3336 milii

275 3350 331 3403 in
365 3367 497 3406 niers
535 3350 843 3417 dolendum,
877 3350 1245 3420 seinperiirilri
1281 3350 1750 3422 ingemiscerr‘dum.
1784 3355 1849 3408 Et

274 3435 374 3489 pro
405 3423 503 3476 hac
529 3437 656 3475 voce
686 3425 736 3476 in
768 3426 899 3476 meis
929 3425 1178 3486 dolenda,
1209 3440 1322 3476 sum
1350 3438 1448 3491 ego
1476 3428 1640 3491 {actus
1667 3425 1844 3476 similis

271 3492 508 3559 pelicano
537 3494 824 3546 solitudinis
854 3496 1141 3554 nascendo,
1174 3505 1228 3548 et
1256 3497 1383 3546 sicut
1413 3493 1706 3562 nycticoraa:
1732 3509 1846 3546 mo-

274 3563 485 3630 riendo,
511 3575 561 3615 el
591 3565 727 3616 sicut
757 3580 935 3628 pas~er
957 3562 1222 3616 solitarius
1252 3565 1303 3615 in
1333 3571 1471 3616 tecto
1495 3563 1842 3630 resurgendo.

270 3626 548 3685 Pelicanus
569 3635 682 3685 avis
702 3626 938 3700 quaedam
963 3645 1064 3697 est,
1089 3635 1295 3686 deserta
1319 3648 1584 3700 quiem-ns,
1615 3626 1844 3687 niaxime

274 3709 451 3755 tamen
483 3703 724 3756 habitans
771 3706 819 3755 in
851 3704 1076 3756 desertis
1107 3704 1232 3769 ripis
1273 3703 1372 3756 Nili
1417 3702 1682 3766 ﬂuminis;
1733 3703 1844 3759 biec

270 3771 387 3823 avis
421 3774 588 3837 pullos
619 3787 745 3824 suos
780 3775 1049 3835 iuterlicit,
1083 3783 1260 3840 postea
1291 3787 1446 3840 super
1477 3786 1568 3825 eos
1600 3773 1840 3840 plangit,

268 3849 323 3891 et
355 3841 543 3894 iterum
577 3844 817 3896 verberat
849 3858 906 3897 se
937 3846 1054 3906 alis,
1091 3851 1145 3897 et
1175 3853 1367 3909 rostro,
1411 3842 1549 3908 quod
1599 3843 1649 3895 in
1690 3845 1839 3897 tertia

268 3911 358 3962 die
388 3915 694 3979 sanguinein
725 3913 969 3974 eli'undit,
1007 3930 1110 3980 quo
1143 3929 1266 3966 mox
1301 3924 1357 3966 ut
1406 3914 1719 3976 irrorantur,
1758 3929 1842 3967 re—

268 3980 533 4034 viviscunt.
564 3982 710 4048 pulli.
759 3983 867 4035 lloc
896 3999 924 4036 a
966 3981 1190 4037 Domino
1231 3993 1413 4036 nostro
1459 3982 1584 4037 Jesu
1627 3982 1840 4039 lllriisto

269 4065 375 4102 non
405 4053 773 4116 disconvenit,
823 4054 910 4120 qui
943 4055 1057 4106 avis
1088 4063 1167 4107 est
1198 4053 1519 4106 solitudinis.
1551 4054 1649 4119 Qui
1693 4055 1835 4108 solus

268 4122 334 4172 de
361 4121 563 4187 virgine
591 4133 743 4174 natus
768 4163 783 4186 ,
817 4124 960 4175 solus
987 4126 1100 4176 sine
1127 4125 1478 4177 delectatione
1507 4135 1792 4190 conceptus
1820 4165 1835 4187 ,

264 4201 317 4242 et
347 4193 462 4243 sine
491 4193 673 4246 dolore
716 4201 870 4245 natus
899 4210 909 4244 :
941 4209 1027 4260 qui
1064 4194 1231 4259 pullos
1259 4210 1414 4253 suos,
1448 4194 1496 4246 id
1527 4204 1630 4254 est,
1665 4195 1837 4247 boari-

266 4274 361 4313 nes
388 4274 508 4332 arse
537 4263 724 4324 factos,
752 4261 896 4329 justo
917 4263 1116 4328 judicio
1141 4278 1238 4316 suo
1268 4263 1645 4332 iriterlecitaEt
1675 4278 1835 4332 super

264 4344 358 4382 eos
391 4331 589 4397 planxit
613 4371 630 4395 ,
663 4332 782 4400 quia
815 4347 908 4397 pro
938 4333 1014 4384 eis
1060 4333 1314 4385 iiilirmari
1342 4333 1524 4392 voluit.
1558 4331 1753 4396 Unde,’
1779 4344 1835 4387 ut

263 4400 384 4451 alibi
409 4398 691 4470 idisimiis,‘
714 4398 980 4470 Sapientia
1016 4403 1106 4454 Dei
1137 4403 1287 4455 etiam
1326 4402 1531 4470 gallina:
1559 4418 1830 4468 compara-

1965 484 2285 537 varieatores
2315 483 2547 547 luerunt,
2582 486 2698 537 idco
2726 487 2993 538 hominem
3029 501 3206 554 regem
3239 483 3534 553 elegerunt,

1962 570 2177 606 omnem
2211 570 2336 606 vero
2369 558 2534 620 legem
2565 566 2996 620 contempserunt
3027 572 3041 608 :
3073 567 3125 608 et
3164 557 3424 611 latronem
3455 560 3539 612 di-

1963 624 2095 677 mitti
2123 625 2223 678 sibi
2257 625 2550 691 petierunt,
2583 625 2849 678 Christum
2883 641 3008 677 vero
3041 629 3439 679 cruciliseriint.

2042 693 2273 763 l’igilavi.
2307 698 2463 759 Quasr
2494 697 2633 764 dicat
2659 737 2673 758 ,
2703 694 2932 747 dormivi
2963 705 3016 749 ct
3042 697 3304 762 evigilati,
3349 698 3466 764 quia
3499 713 3529 750 a

1961 775 2130 817 morte
2161 765 2444 817 resurri-xi.
2493 763 2555 815 Et
2585 767 2749 832 [actus
2779 781 2890 817 sum
2935 767 3064 817 sicut
3093 783 3285 834 passer,
3320 763 3375 820 id
3409 780 3488 822 est
3515 809 3532 832 ,

1960 837 2196 906 avolans,
2230 850 2327 906 e_n_s
2355 835 2614 906 solitarius
2642 837 2692 886 in
2722 844 2879 895 tecto,
2913 836 2959 906 id
2988 845 3067 887 est
3091 877 3106 898 ,
3138 835 3188 888 in
3221 837 3379 903 carlo,
3411 841 3537 906 quia

1959 903 2106 956 Solus
2132 903 2363 970 pomifer
2396 905 2485 957 ille
2508 907 2680 956 adhuc
2711 905 2948 957 introivit
2975 907 3023 957 in
3051 916 3339 959 sceretmra
3367 903 3535 959 laturi--

1961 973 2154 1037 naculi,
2187 974 2272 1025 ubi
2303 976 2496 1027 sedens
2530 975 2594 1026 ad
2623 975 2897 1027 dexteram
2936 975 3103 1028 Patris
3129 978 3338 1029 aSSidUC
3371 979 3533 1030 intrr-

1962 1045 2118 1110 pcllat
2167 1059 2259 1108 pro
2291 1044 2464 1098 nobis.
2516 1044 2578 1096 Et
2615 1045 2736 1112 qiiia
2768 1045 2958 1113 (quasi
3000 1046 3184 1112 dicat)
3244 1050 3292 1100 in
3333 1058 3534 1100 tantum

1961 1129 2045 1164 ine
2078 1113 2370 1176 litimiliavi,
2417 1113 2555 1181 quod
2593 1113 2759 1180 fictus
2801 1131 2912 1166 sum
2942 1115 3121 1168 similis
3163 1119 3396 1181 pelicano
3422 1158 3438 1177 ,
3485 1129 3533 1168 et

1957 1183 2084 1234 sicut
2115 1185 2428 1250 IinliCOTUx,
2461 1185 2579 1237 ideo
2606 1184 2794 1235 inimici
2827 1195 2933 1237 tota
2962 1187 3060 1245 die,
3098 1186 3146 1237 id
3188 1200 3288 1248 est,
3322 1187 3534 1239 assid-au

1958 1252 2265 1320 exprobrant
2307 1254 2468 1318 milii,
2515 1261 2618 1306 etc.
2657 1254 2832 1306 l'otest
2866 1255 2976 1306 haec
3021 1255 3200 1307 avium
3241 1258 3534 1308 similitudo

1957 1322 2163 1388 Corpori
2196 1322 2431 1376 attribui.
2465 1323 2568 1376 Sed
2617 1326 2856 1390 quaedam
2888 1339 3046 1390 supra
3079 1325 3215 1377 dicta
3239 1367 3252 1388 ,
3287 1329 3484 1378 scilicet
3510 1367 3524 1387 ,

1962 1391 2090 1443 Ussa
2132 1408 2240 1443 mea
2271 1394 2399 1444 sicut
2443 1395 2686 1465 crcmium
2725 1405 2996 1465 aruerunt1
3026 1411 3073 1447 ei
3107 1413 3136 1444 η
3177 1413 3291 1448 voce
3320 1400 3532 1465 gemitus

1956 1463 2054 1512 mei
2081 1502 2093 1521 ,
2127 1473 2336 1525 oportet
2369 1467 2579 1514 mutari.
2611 1464 2743 1515 Ossa
2770 1473 2943 1516 tamen
2978 1463 3199 1516 Domino
3227 1467 3276 1516 in
3310 1463 3533 1527 (ξι-τινι.το

1956 1529 2151 1584 (ὶιιιιηιί
2185 1533 2505 1594 robustiora,
2556 1534 2742 1584 borum
2781 1536 3054 1585 lrixorinin
3107 1550 3198 1599 per
3225 1535 3528 1588 Slllliilltltii-

1958 1615 2076 1651 ΙΙιἸΙΙ
2107 1609 2230 1652 sunt
2260 1601 2477 1664 inﬁrmi,
2506 1602 2592 1668 qui
2623 1619 2764 1671 siepo
2797 1603 3158 1669 periclitantur
3189 1605 3444 1670 labendo,
3475 1616 3529 1658 et

1960 1671 2240 1741 interdum
2267 1670 2618 1741 persecutioni
2651 1670 2910 1726 cedendo.
2958 1673 3237 1741 Friguutur
3266 1677 3404 1728 enim
3440 1679 3528 1728 lir-

1962 1740 2157 1810 miores
2199 1740 2264 1792 ab
2311 1739 2393 1792 liis
2444 1743 2700 1806 iiilirrnis,
2750 1751 2964 1810 propter
3004 1739 3430 1809 compassionein
3475 1757 3527 1798 et

1956 1809 2319 1874 dilecrionem,
2352 1827 2506 1878 quain
2554 1814 2602 1862 in
2636 1830 2730 1862 eos
2763 1809 3048 1866 habebunt.
3103 1816 3164 1866 Et
3192 1816 3526 1882 unumquod-

1955 1896 2060 1946 que
2101 1895 2160 1933 os
2199 1889 2346 1932 tanto
2383 1884 2549 1948 magis
2592 1882 2831 1948 frigitur,
2881 1897 3079 1950 quanto
3112 1885 3226 1949 plus
3261 1895 3421 1937 amat.
3468 1886 3524 1940 Si

1956 1952 2096 2002 enim
2133 1965 2286 2020 arnor
2313 1950 2488 2020 desit,
2525 1951 2722 2003 nullum
2753 1969 2812 2004 os
2845 1951 3069 2019 l‘rrgitur.
3103 1953 3166 2006 Et
3210 1954 3328 2005 ideo
3358 1955 3522 2020 dicit,

1960 2022 2091 2072 Ussa
2120 2037 2250 2088 mea,
2278 2019 2326 2072 id
2355 2034 2434 2071 est
2464 2022 2512 2071 lii
2531 2021 2726 2074 iiiiorrs
2749 2021 2814 2074 de
2841 2038 2972 2074 meis
3001 2038 3238 2074 aruerunt
3271 2039 3361 2090 per
3383 2019 3528 2076 eum?

1958 2092 2258 2157 pa~sioneni
2287 2091 2612 2143 inlirmoruin
2639 2093 2767 2142 sicut
2792 2094 3052 2144 cremium.
3077 2094 3318 2162 Sequens
3343 2110 3527 2148 versus

1958 2177 2060 2211 INNl
2093 2171 2342 2214 llltllullll'.

2026 2230 2068 2280 A
2112 2245 2230 2282 voce
2273 2235 2506 2296 gemitus.
2539 2228 2680 2283 Dixit
2709 2245 2976 2297 percussas
3006 2247 3118 2284 sum
3149 2240 3200 2282 ut
3229 2232 3422 2300 fenum.
3461 2234 3526 2286 Et

1958 2300 2079 2350 inde
2130 2305 2315 2368 (quasi
2345 2301 2517 2368 dicat)
2568 2311 2650 2354 est
2699 2303 2797 2352 hoc
2845 2301 2982 2366 quod
3015 2319 3068 2353 os
3099 2318 3264 2354 ineunt
3308 2303 3521 2355 ad/tasit

1957 2371 2098 2421 ειη-πὶ
2146 2384 2296 2432 nicas,
2334 2370 2382 2420 id
2413 2379 2532 2431 est,
2566 2370 2706 2438 quod
2757 2373 3005 2424 fortiores
3051 2372 3100 2424 in
3146 2386 3371 2439 Corpore
3398 2389 3519 2426 meo

1956 2439 2226 2504 conjuncti
2255 2450 2378 2490 sunt
2425 2440 2676 2494 invalidis
2708 2456 2802 2505 per
2833 2443 3284 2510 ronipassionem.
3320 2443 3386 2495 Et
3418 2445 3516 2496 hoe

1956 2525 1987 2560 a
2019 2525 2132 2561 voce
2159 2511 2373 2580 gemitus
2401 2510 2499 2560 mei
2533 2511 2582 2561 in
2618 2510 2745 2577 ipsis
2776 2513 3036 2575 inlirmis,
3073 2513 3280 2565 sciliCet
3309 2513 3395 2578 qui
3426 2530 3519 2580 ge-

1957 2590 2106 2630 inuut
2153 2579 2295 2632 unde
2343 2595 2446 2631 non
2479 2589 2620 2632 esset
2660 2581 3014 2650 gemendum,
3049 2582 3131 2634 vel
3165 2597 3268 2634 non
3299 2579 3519 2650 gemunt

1958 2650 2097 2720 unde
2127 2657 2270 2702 esset
2299 2652 2636 2717 gemendum.
2683 2648 2861 2720 Gemit
2889 2651 3029 2703 enim
3060 2651 3252 2714 ali-iiiis
3281 2648 3368 2719 qui
3401 2668 3519 2720 per-

1956 2718 2091 2772 didit
2121 2720 2393 2786 pecuniam
2416 2761 2430 2783 ,
2463 2719 2558 2772 sed
2594 2735 2696 2772 non
2729 2719 2893 2788 gemit
2933 2725 3021 2788 qui
3053 2722 3231 2773 amisrt
3263 2718 3516 2776 innocen-

1960 2788 2103 2842 tiam.
2151 2788 2213 2840 Et
2251 2791 2301 2840 in
2345 2789 2443 2841 hoc
2484 2803 2541 2842 se
2570 2791 2863 2858 gemendus
2894 2788 3128 2851 la'ciunt,
3161 2807 3256 2841 nec
3291 2803 3514 2857 possunt

1959 2859 2221 2912 lirmiores
2248 2859 2343 2911 Iros
2369 2860 2502 2911 tales
2528 2859 2812 2923 deserere;
2843 2861 2985 2925 quia,
3013 2870 3069 2912 ut
3098 2860 3171 2912 ait
3199 2861 3510 2927 Apostolus,

1959 2927 2148 2981 Debent
2194 2928 2441 2995 [iratiores
2490 2928 2828 2994 iit/initiorum
2873 2931 3222 2995 inﬁrmitatem
3271 2943 3515 2997 portare,

1956 2999 2076 3064 quia
2123 2999 2318 3050 debent
2359 3013 2453 3050 eos
2491 3002 2757 3067 euri-igere
2801 3008 2854 3052 et
2901 3001 3183 3054 instruere.
3217 3001 3281 3052 Et
3313 3003 3432 3055 uide
3462 3005 3520 3056 lit

1957 3068 2083 3120 illud
2113 3069 2252 3135 quod
2285 3067 2462 3120 subdit
2489 3070 2670 3122 dicens
2697 3086 2710 3122 :
2746 3070 2940 3122 Similis
2971 3070 3131 3130 factus
3157 3087 3268 3122 sum
3303 3071 3352 3124 in
3386 3076 3518 3126 meis

1953 3140 2181 3203 pelicano
2211 3139 2529 3203 solitudinis,
2557 3149 2661 3191 etc.
2694 3139 2814 3208 Tria
2863 3154 3058 3208 genera
3105 3143 3280 3192 avium
3331 3142 3514 3206 ponit,

1949 3218 2000 3261 et
2031 3210 2130 3261 tria
2155 3209 2275 3280 loca
2303 3224 2314 3259 :
2349 3222 2399 3262 et
2434 3223 2525 3280 per
2555 3210 2652 3259 hoc
2682 3207 2926 3280 designat
2970 3211 3067 3262 tria
3116 3212 3385 3262 hominum
3418 3228 3516 3280 ge-

1950 3293 2095 3349 nera.
2130 3279 2353 3343 Quidam
2385 3279 2524 3330 enim
2549 3280 2623 3349 de
2656 3278 2734 3328 his
2765 3281 2853 3346 qui
2889 3294 3006 3331 ossa
3039 3289 3163 3332 sunt
3205 3281 3257 3333 in
3290 3278 3514 3349 carpere

1947 3348 2184 3410 Christi,
2238 3349 2488 3400 timentes
2548 3345 2876 3400 Dominicam
2940 3350 3084 3402 illam
3146 3345 3508 3405 sententiain:
3573 3400 3582 3407 .

1948 3419 2104 3471 Serve
2150 3418 2291 3485 piger
2333 3428 2378 3468 et
2409 3433 2654 3485 nequam,
2700 3434 2859 3486 quare
2902 3435 3001 3470 non
3033 3421 3215 3472 dedisti
3245 3424 3510 3490 pecuniam

1945 3504 2106 3540 nteant
2135 3491 2201 3538 ail
2230 3502 2473 3547 mensam,
2499 3500 2541 3540 et
2568 3502 2660 3561 ego
2689 3491 2887 3561 veniens
2914 3506 3023 3540 cun.
3051 3492 3214 3543 usuris
3235 3507 3358 3561 e.eg
3380 3509 3513 3546 sscm

1943 3558 2089 3610 illaut
2114 3599 2130 3624 ,
2159 3559 2400 3611 volentes
2427 3561 2567 3610 lucra
2599 3557 2795 3611 Christi
2824 3575 3094 3626 quairere,
3126 3575 3177 3614 et
3207 3557 3511 3618 thesaurum

1943 3629 2043 3700 sibi
2073 3627 2417 3700 Commissum
2451 3627 2678 3700 liil«.liter
2709 3643 2933 3696 erogare
2956 3673 2971 3696 ,
3008 3633 3142 3684 litttit
3183 3633 3384 3684 similes
3417 3650 3511 3700 pe-

1944 3699 2149 3763 licano,
2200 3699 2283 3751 avi
2329 3697 2402 3750 illi
2447 3699 2657 3751 deserta
2701 3703 3003 3766 quaerenti;
3035 3704 3155 3768 quia
3203 3697 3509 3757 vaduiitad

1941 3769 2248 3836 desertum,
2284 3769 2333 3820 id
2364 3775 2487 3838 e:t,
2509 3769 2574 3820 ad
2607 3771 2724 3822 illos
2754 3770 2844 3837 qui
2876 3773 3108 3823 nonduin
3139 3773 3294 3825 Iidem
3328 3788 3506 3838 perce-

1945 3849 2154 3905 perunt,
2173 3851 2225 3891 et
2252 3838 2320 3891 ibi
2352 3837 2688 3910 priedicando
2717 3851 2769 3893 et
2799 3840 3060 3906 docendo,
3089 3844 3204 3895 sive
3234 3837 3510 3910 proliciaiit

1940 3911 2053 3962 sive
2103 3925 2239 3972 non,
2295 3916 2468 3961 tamen
2519 3909 2658 3976 quod
2708 3927 2890 3963 eorum
2943 3925 3022 3965 εει
3075 3909 3350 3979 peragunt.
3404 3917 3506 3968 Abi

1942 3994 2154 4047 quoque
2197 3981 2264 4031 de
2307 3981 2519 4032 ossrbus
2566 3980 2797 4045 Christi,
2850 3981 2931 4032 vel
2975 3984 3136 4032 etiam
3186 3982 3358 4035 cidem
3401 3986 3508 4037 alio

1943 4060 2184 4114 tempore
2226 4057 2385 4111 suat,
2432 4050 2560 4119 sicut
2606 4060 2900 4116 nycticor'oz
2937 4052 2986 4101 in
3030 4051 3342 4116 domiciliis;
3382 4055 3504 4119 quia

1941 4123 2160 4172 veniunt
2189 4119 2254 4171 ad
2287 4120 2436 4181 illos,
2467 4117 2554 4183 qui
2584 4129 2708 4170 s'int
2752 4121 3074 4172 domicilium
3097 4159 3111 4181 ,
3159 4121 3208 4172 id
3253 4133 3334 4176 est
3355 4162 3370 4184 ,
3400 4117 3501 4175 ile-

1937 4200 2196 4243 struetum
2227 4187 2537 4250 ιιιιιιίὶιείιιιιι,
2573 4189 2712 4255 quod
2744 4205 2770 4238 a
2807 4189 2904 4242 tide
2931 4199 3383 4255 apostalaverunt.
3425 4195 3496 4247 De

1937 4262 2128 4332 quibus
2159 4260 2237 4332 sic
2268 4267 2342 4309 ait
2373 4259 2660 4324 ApuStulus
2691 4274 2702 4308 :
2739 4255 3050 4332 Hgnieuazus
3075 4269 3126 4332 et
3153 4258 3386 4314 Pliiletus
3411 4267 3500 4332 qui

1936 4331 2071 4381 circa
2099 4330 2358 4381 veritatem
2385 4336 2679 4379 aferrantes
2711 4334 2984 4381 multorum
3011 4331 3162 4398 [idem
3191 4330 3498 4398 pervertitiu.

1941 4401 2003 4450 Et
2033 4402 2083 4451 in
2119 4404 2218 4450 hoc
2254 4409 2378 4472 sunt
2405 4404 2708 4472 nyctcorax
2735 4435 2750 4460 ,
2781 4401 2868 4466 qui
2903 4401 3037 4453 sicut
3065 4403 3179 4454 avis
3210 4402 3296 4456 illa
3327 4403 3501 4472 diligit

263 4479 365 4522 tur.
389 4469 524 4542 _Post
571 4472 736 4542 legem
767 4469 943 4523 autem
967 4511 981 4534 ,
1012 4472 1061 4524 id
1093 4481 1173 4525 est
1196 4511 1213 4536 ,
1249 4476 1298 4524 in
1330 4469 1567 4536 tempore
1600 4475 1783 4542 gratia:
1812 4515 1826 4537 ,
1866 4471 1913 4529 ι)
1942 4471 2221 4542 tenebras,
2255 4470 2326 4520 ita
2358 4469 2455 4530 ipsr
2499 4469 2830 4533 frequentant
2857 4480 2909 4522 et
2935 4481 3113 4523 amant
3143 4478 3388 4526 tenebras
3415 4469 3497 4526 er-

261 4539 402 4603 quod
433 4541 580 4607 quasi
613 4543 726 4593 dies
755 4544 907 4593 tertia
932 4551 1032 4600 est,
1063 4555 1316 4609 quantum
1348 4543 1485 4608 quod
1517 4539 1640 4595 ante
1669 4545 1832 4609 legem

261 4621 315 4660 et
343 4610 443 4662 sub
487 4611 600 4678 lege
645 4612 899 4679 sanguine
941 4627 1037 4663 suo
1077 4615 1190 4663 illStt
1233 4614 1280 4664 in
1325 4626 1483 4664 cruce
1520 4613 1662 4678 ipsos
1708 4613 1836 4664 Vivi-

263 4679 459 4732 licavit.
495 4680 567 4732 l’o
592 4693 672 4732 est
702 4695 858 4733 etiam
907 4681 991 4734 illa
1034 4682 1230 4734 occisio
1255 4721 1268 4743 ,
1299 4681 1349 4734 id
1384 4691 1465 4734 est
1489 4721 1504 4746 ,
1556 4684 1836 4749 illipiOltlllt

259 4753 544 4803 conversio
590 4751 672 4803 hic
703 4751 899 4818 accipi,
943 4753 1008 4804 de
1038 4767 1136 4818 qua
1177 4753 1288 4817 ipse
1336 4753 1462 4804 dicit
1499 4767 1510 4802 :
1544 4749 1656 4819 Ego
1701 4758 1836 4804 occi-

259 4821 402 4883 dam,
432 4829 477 4870 et
506 4822 668 4872 vivere
700 4823 904 4886 faciam,
939 4823 1217 4889 percutiam
1245 4832 1287 4872 it
1318 4827 1528 4873 satiabo.
1561 4823 1835 4888 l‘unquaiu

258 4891 402 4961 enim
431 4891 768 4944 occideretur
796 4893 988 4944 Saulus
1033 4893 1224 4961 impius
1258 4903 1582 4959 persecutor,
1614 4903 1666 4944 et
1708 4892 1836 4944 vivi-

261 4960 509 5012 licaretur
538 4961 730 5013 l’aulus
757 4964 987 5027 Optimus
1021 4960 1354 5029 pra-dicatur,
1389 4964 1487 5014 nisi
1529 4963 1834 5030 redemptus

256 5031 516 5095 sanguine
544 5047 662 5095 suo,
699 5041 850 5084 tertia
883 5032 990 5094 die,
1023 5034 1070 5083 id
1101 5042 1200 5095 est,
1239 5042 1356 5097 post
1386 5034 1549 5094 legem
1581 5033 1718 5084 l'uso.
1749 5034 1837 5087 Sic

257 5109 311 5151 et
343 5099 394 5152 in
439 5102 645 5153 caileris
684 5103 760 5153 sic
789 5100 982 5154 occisis
1015 5110 1116 5153 lani
1145 5112 1268 5156 ante
1299 5104 1466 5168 legi-ui
1490 5111 1543 5156 et
1572 5103 1670 5154 sub
1699 5103 1832 5169 lege,

255 5184 414 5236 quam
442 5182 556 5236 post
591 5171 778 5239 legent.
817 5173 874 5222 Et
910 5177 1006 5222 lioc
1029 5181 1112 5223 est
1137 5175 1274 5237 quod
1303 5173 1434 5223 dicit
1463 5187 1476 5223 :
1516 5171 1703 5223 Factus
1725 5191 1837 5224 sunt

255 5239 437 5292 similis
466 5243 696 5308 pelicano
738 5241 1049 5292 solitudinis.
1085 5240 1277 5310 Factus
1303 5258 1412 5294 sum
1454 5243 1581 5293 sicut
1611 5246 1838 5310 ngctica-

255 5325 353 5380 riu:
381 5310 626 5363 habitans
656 5313 707 5362 in
738 5312 1014 5362 datnicitio.
1051 5309 1363 5380 Nycticorax
1401 5313 1513 5362 avis
1541 5323 1622 5364 est
1649 5309 1836 5365 volans

255 5379 306 5450 iii
340 5380 595 5450 tenebris.
629 5381 724 5433 Cui
769 5383 1014 5434 Christus
1044 5390 1401 5450 comparatur;
1445 5380 1564 5450 quia
1607 5383 1657 5434 in
1692 5393 1837 5434 tene-

253 5449 398 5513 bras,
432 5449 483 5501 id
510 5460 594 5504 est
622 5451 671 5503 iti
704 5452 1052 5518 ignorantiam
1082 5449 1382 5502 ludii-orum
1417 5449 1580 5504 venit.
1612 5452 1673 5505 Si
1702 5457 1836 5506 enim

251 5520 615 5590 gagiiotrisseitt,
647 5536 907 5590 nunquam
936 5520 1214 5573 Dominum
1240 5519 1420 5590 glorite
1440 5521 1831 5590 t‘l'uciﬁxissettt.

252 5585 585 5642 DJmiciliuin
621 5606 745 5644 vero
764 5585 854 5644 est
887 5592 1214 5642 destructum
1240 5585 1550 5652 iedilii-ium,
1582 5585 1676 5645 ubi
1718 5595 1836 5645 sci-

253 5662 376 5726 luet
416 5660 513 5710 soli
548 5661 772 5725 parietes
799 5671 942 5713 sunt.
997 5660 1145 5714 LTnile
1176 5663 1276 5712 alia
1325 5664 1596 5714 Uilllaiiﬂio
1633 5662 1784 5714 babv-t
1816 5702 1832 5726 ,

251 5723 317 5780 In
348 5723 630 5797 parietinis.
691 5731 1028 5785 Destructuiii
1062 5747 1237 5786 autem
1269 5732 1548 5787 auliliciiim
1580 5723 1830 5788 .lcdaicus

1943 4540 2079 4590 roris
2106 4540 2310 4590 illorum
2331 4577 2343 4596 ,
2370 4553 2471 4588 non
2501 4547 2555 4588 ut
2580 4551 2922 4604 permaneant
2941 4580 2956 4604 ,
2981 4542 3072 4594 sed
3097 4552 3151 4595 ut
3175 4543 3242 4595 de
3269 4544 3501 4597 tenebris

1941 4610 2221 4676 splendere
2252 4611 2419 4660 lucem
2455 4607 2668 4659 faciant.
2699 4611 2834 4662 Sunt
2880 4611 3004 4662 item
3050 4612 3136 4663 alii
3181 4613 3246 4664 de
3289 4614 3500 4668 ossrlrus

1941 4681 2136 4732 Utilin
2160 4719 2171 4737 ,
2202 4695 2287 4746 qui
2325 4678 2540 4730 veniunt
2568 4679 2633 4729 ad
2667 4679 2804 4742 illus,
2834 4683 2919 4748 qui
2955 4682 3077 4732 licet
3109 4684 3156 4733 in
3191 4682 3292 4734 liile
3323 4693 3494 4748 stetit,

1943 4760 2116 4800 tamen
2163 4755 2260 4800 sub
2308 4759 2445 4801 teeto
2492 4759 2652 4812 sunt,
2702 4753 2824 4816 quia
2870 4752 3154 4804 carnaliter
3205 4754 3404 4806 \ivunt.
3437 4753 3498 4807 Et

1943 4823 2078 4870 inter
2111 4819 2207 4870 lius
2237 4822 2386 4886 quasi
2420 4821 2745 4888 doriiiieutes
2778 4821 3022 4886 vigilant,
3057 4823 3105 4873 id
3139 4836 3248 4886 cst,
3289 4827 3336 4873 iu
3362 4827 3496 4888 ,uic-

1943 4892 2108 4941 tudini
2155 4891 2262 4940 dati
2311 4901 2454 4940 sunt.
2503 4887 2657 4940 Juxta
2706 4890 2878 4942 illud:
2924 4890 3107 4943 Justus
3154 4887 3368 4944 tradidit
3415 4911 3502 4944 cor

1939 4976 2086 5010 suam
2114 4961 2180 5010 ad
2212 4959 2523 5028 vigilandum
2555 4958 2802 5011 diluculo.
2855 4962 2921 5012 Ει
2965 4972 3087 5014 Sunt
3132 4964 3259 5014 sicut
3304 4980 3498 5031 passer,

1949 5030 1997 5081 id
2033 5041 2112 5082 est
2142 5042 2279 5082 catitt
2314 5043 2362 5080 et
2391 5032 2632 5095 queruli,
2666 5032 2784 5095 quia
2816 5031 3096 5084 condolent
3131 5034 3232 5086 illis
3267 5052 3277 5086 :
3307 5030 3498 5100 piisser

1941 5101 2061 5152 dlCl)
2092 5100 2350 5153 solitarius
2381 5117 2432 5151 in
2465 5111 2610 5160 tecto,
2641 5101 2760 5166 quia
2795 5117 2897 5152 non
2930 5113 3052 5154 sunt
3094 5117 3214 5156 cum
3263 5105 3354 5156 illo
3399 5107 3499 5158 sub

1943 5181 2106 5230 tecto,
2154 5173 2246 5223 sed
2291 5171 2388 5222 soli
2435 5180 2556 5222 sunt
2605 5171 2653 5221 in
2705 5181 2886 5222 tecto:
2935 5175 3057 5240 quia
3102 5176 3223 5225 etsi
3256 5176 3308 5226 in
3339 5190 3498 5228 caine

1946 5243 2258 5306 ambulant,
2293 5257 2396 5292 non
2426 5244 2715 5291 secundum
2753 5256 2965 5293 carnem
2997 5253 3207 5305 vrvunt,
3246 5246 3328 5296 vel
3363 5247 3499 5299 mlli-

1943 5318 2054 5362 tant
2082 5314 2145 5362 ad
2178 5316 2276 5364 hoc
2299 5351 2312 5372 ,
2354 5321 2409 5361 ut
2440 5312 2558 5361 illos
2589 5311 2745 5362 etiam
2779 5327 2864 5378 qui
2896 5312 2947 5364 in
2978 5322 3114 5366 tecto
3152 5329 3330 5366 secum
3375 5326 3498 5368 sunt

1940 5380 2224 5432 attraham.
2262 5381 2349 5433 γει
2376 5379 2553 5444 aliter,
2585 5392 2637 5430 ut
2674 5395 2766 5448 per
2799 5392 2898 5434 troc
2931 5383 3026 5434 tria
3055 5399 3249 5450 genera
3280 5390 3452 5437 avium
3478 5427 3492 5449 ,

1941 5467 2084 5522 quas
2109 5453 2287 5517 ponit,
2340 5461 2492 5522 notes
2537 5451 2694 5502 etiam
2746 5450 2843 5522 lria
2879 5452 3149 5506 hominum
3181 5471 3405 5522 genera.
3439 5468 3490 5508 et

1943 5521 2040 5572 tria
2072 5520 2185 5574 loca
2211 5561 2224 5583 ,
2263 5521 2354 5573 sed
2385 5520 2488 5572 alio
2517 5523 2694 5574 modo.
2745 5519 2811 5573 ιιι
2839 5524 3043 5575 accedit
3070 5519 3398 5579 continuatio
3427 5528 3491 5578 ad

1943 5595 2165 5658 primam
2199 5592 2512 5655 lectionem,
2545 5592 2610 5641 de
2641 5591 2851 5658 capite;
2887 5605 3100 5660 promer
3133 5597 3276 5648 enim
3305 5611 3490 5649 Vocem

1937 5662 2165 5728 gemitus
2194 5660 2508 5723 delendam,
2540 5662 2625 5711 alii
2675 5671 2727 5712 et
2771 5664 2820 5713 in
2869 5679 3092 5730 Corpore
3137 5667 3328 5719 Chiisu
3375 5679 3495 5718 sunt

1942 5732 2139 5785 similes
2171 5733 2401 5799 pelicario
2434 5732 2757 5797 solitudinis,
2791 5738 2911 5802 quia
2959 5737 3284 5791 CiellliiiC-llil
3333 5739 3490 5790 vitam
