4006 6364
499 315 602 372 oss

975 325 1172 383 llEDzE
1215 322 1660 381 \‘ENEllAlllLlS
1700 324 1845 380 Ol‘P.
1894 324 2070 380 PARS
2107 321 2174 378 ll.
2215 323 2406 378 SECT.
2453 322 2513 376 ll.
2547 349 2612 364 —--
2648 321 2846 413 DUDIA
2895 321 2978 375 ET
3018 317 3286 376 SPlllllA.

3639 323 3734 379 995

506 450 779 512 appetunt.
812 441 910 496 Alii
939 457 1064 495 vero
1093 447 1215 492 sunt
1257 440 1387 491 sicut
1432 439 1758 507 nycticorax,
1807 436 1930 512 quia
1977 436 2059 512 fu-
2093 440 2140 498 Α
2236 435 2326 512 Tu
2354 447 2527 512 autem
2565 434 2949 512 DomineaEgo
2987 436 3201 500 quidem
3224 434 3383 512 justo
3418 431 3629 499 judicio
3657 446 3740 512 tuo

506 507 668 583 giiiut.
692 523 1028 580 conspectum
1069 511 1341 583 hominum
1380 523 1713 583 Con-iniurium
1733 547 1748 570 ,
1778 508 1915 559 sicut
1945 507 2061 558 avis

507 576 596 638 illa
639 576 843 639 lucem;
891 583 971 634 vel
1023 589 1078 632 ut
1124 579 1289 632 sancti
1324 581 1565 630 monachi
1601 576 1830 638 faciunt,
1877 585 2069 629 etnon

507 664 633 708 sunt
663 654 712 704 in
744 652 986 711 :i-dilicio,
1018 651 1110 702 sed
1141 651 1192 701 in
1221 650 1503 711 domicilio,
1538 647 1588 698 id
1618 657 1700 699 est
1723 688 1735 708 ,
1771 662 1822 698 in
1854 647 2072 698 destru-

509 736 596 779 cto
625 722 845 775 a-dilicio
873 738 884 771 :
916 725 1034 788 quia
1067 721 1366 771 destructus
1395 729 1475 770 est
1502 719 1583 768 eis
1627 716 1877 788 mundus.
1925 715 1992 788 Et
2019 715 2072 788 lii

512 795 781 846 dormiunt
807 807 834 841 a
865 786 988 841 cura
1020 789 1257 841 sa-culari
1279 829 1292 850 ,
1323 797 1446 840 sunt
1473 798 1648 839 autem
1698 787 1785 837 alii
1827 787 1913 853 qni
1945 786 2074 852 vigi-

513 866 652 918 lant.
675 864 792 926 quia
823 860 1014 912 habent
1039 861 1195 920 lilios,
1224 873 1462 916 uxorein.
1489 867 1543 910 et
1573 858 1734 908 multa
1764 855 2068 926 possident,

510 933 644 986 sicut
675 925 772 984 Job
802 941 852 982 et
880 929 1142 982 Abraham
1175 931 1441 987 fecerunt,
1472 938 1524 978 et
1574 939 1750 978 tamen
1784 934 1906 977 sunt
1937 925 2073 978 sicut

509 1018 714 1069 passer,
748 1001 796 1052 id
827 1009 944 1064 est,
976 998 1132 1050 cauti.
1183 999 1243 1050 Et
1276 998 1402 1069 ideo
1424 996 1542 1049 dico
1571 1005 1694 1069 sunt
1722 995 1848 1048 sicut
1876 1011 2069 1064 passer,

511 1065 630 1139 quia
661 1081 782 1122 sunt
813 1070 1035 1122 solitarii
1069 1069 1118 1120 in
1154 1080 1320 1139 tecto,
1349 1066 1404 1139 id
1434 1075 1516 1120 est
1538 1107 1550 1126 ,
1585 1065 1636 1116 in
1679 1066 1906 1139 humana
1947 1080 2076 1116 Cull-

514 1135 849 1201 versatione,
899 1154 991 1206 per
1038 1139 1135 1190 hoc
1182 1138 1300 1202 quia
1346 1138 1413 1188 ita
1457 1145 1581 1188 sunt
1609 1136 1787 1186 omnia
1821 1135 2075 1206 habentes

516 1221 762 1278 tanquam
795 1205 909 1261 non
933 1207 1152 1259 habeam
1186 1224 1197 1259 :
1232 1217 1283 1259 et
1311 1208 1430 1272 quia
1464 1215 1679 1257 utuntur
1709 1205 1937 1278 inm-do
1963 1215 2076 1278 tan-

515 1273 674 1348 quam
723 1295 824 1330 non
871 1287 1104 1330 utantur.
1158 1278 1220 1328 Et
1267 1281 1368 1329 lioc
1407 1285 1488 1326 est
1519 1278 1656 1348 quod
1689 1273 2076 1348 dicit,‘_Sirnilis

515 1344 679 1421 factus
705 1364 817 1421 sum
845 1350 896 1400 in
926 1348 1238 1421 iiiiiliusdain
1268 1362 1503 1421 meorum
1534 1345 1763 1421 pelicauo
1788 1344 2077 1421 solitudinis

517 1414 615 1474 lioc
660 1421 737 1472 vel
786 1418 874 1469 illo
921 1418 1096 1470 modo.
1148 1417 1200 1468 lii
1246 1416 1558 1482 ipiilnisdain
1609 1416 1770 1481 [actus
1815 1430 1925 1466 sum
1952 1414 2079 1464 sicut

519 1491 812 1559 nycticorax
833 1488 1086 1559 habitans
1115 1487 1164 1538 in
1195 1487 1428 1559 deserto.
1473 1486 1536 1536 lit
1575 1485 1975 1559 inquibusdam
2005 1484 2080 1534 vi-

517 1554 700 1625 giluvi,
731 1569 776 1610 et
816 1557 977 1625 [actus
1013 1572 1123 1608 sum
1163 1556 1292 1606 sicut
1326 1570 1514 1617 passer.
1548 1554 1806 1625 solitarius
1846 1554 1897 1604 in
1929 1561 2076 1625 tecto.

515 1617 931 1686 Unile'scili'cet,
963 1629 1079 1693 quia
1114 1629 1232 1677 talis
1262 1640 1360 1691 ego
1386 1636 1436 1676 et
1469 1626 1596 1675 tales
1630 1624 1730 1675 inci
1760 1633 1931 1676 erant.
1966 1621 2079 1673 hii-

518 1700 636 1752 mici
668 1700 764 1751 mei
793 1696 1158 1766 exprobrabant
1188 1696 1312 1745 milii
1341 1695 1444 1760 ipsi,
1471 1694 1745 1766 dii-cutes:
1779 1693 1949 1766 Quare
1973 1707 2084 1743 ma-

2173 509 2326 570 arui,
2363 507 2567 567 cecidi,
2612 505 2820 558 insenui
2853 521 2866 556 :
2909 515 2963 557 tu
3002 512 3170 555 autem
3216 502 3432 555 Domine
3465 518 3570 556 non
3600 510 3734 557 ceci.

2173 577 2332 640 disti,
2385 590 2480 628 nec
2529 574 2844 636 insenuisti,
2895 575 3017 641 quia
3063 589 3329 642 permanes
3377 575 3433 624 in
3479 584 3740 642 tetanum.

2183 646 2321 712 Ergo
2376 654 2428 696 tu
2474 655 2706 698 a-ternus
2749 659 2902 698 serva
2949 658 3033 696 ine
3064 641 3454 708 temporalem.
3493 641 3651 710 Viges
3677 648 3738 698 ad

2177 731 2262 770 me
2296 715 2628 768 liberandum
2653 754 2666 774 .
2701 715 2838 766 sicut
2874 713 3086 781 viguiin
3117 714 3181 764 ad
3229 727 3316 764 me
3356 713 3738 767 damnandum.

2178 785 2288 848 Tu,
2339 787 2583 852 inquam,
2630 800 2897 848 permanes
2943 786 2998 835 in
3044 793 3325 844 (sternunt,
3355 790 3409 834 et
3453 784 3744 837 memoriale

2177 864 2358 913 tuum.
2408 855 2456 906 id
2505 863 2624 920 est,
2657 854 2849 906 factum
2884 863 3031 906 tuum
3063 854 3276 918 dignum
3324 855 3586 904 memoria
3635 868 3745 918 per-

2179 925 2414 978 manebit
2443 939 2608 991 usque
2638 926 2691 976 in
2720 924 3094 994 generationem
3123 922 3494 981 decedentem.
3527 933 3575 974 et
3604 938 3746 994 genef

2177 998 2424 1046 rationem
2455 992 2848 1048 succedentem.
2875 992 3010 1059 Quid
3037 1003 3211 1045 autem
3237 994 3364 1044 illud
3398 993 3745 1046 inemoriale!

2180 1065 2280 1117 hoc
2313 1064 2546 1127 scilicet,
2582 1065 2701 1129 quia
2735 1073 2788 1114 tu
2821 1067 2908 1133 qui
2938 1063 3152 1131 jacuisti
3185 1064 3236 1114 in
3267 1063 3440 1114 servis
3472 1061 3656 1114 missis
3686 1061 3749 1115 ad

2180 1137 2385 1187 vineam
2407 1174 2421 1196 ,
2456 1150 2730 1197 exsurgens
2762 1133 2812 1185 in
2844 1149 2926 1184 me
2972 1135 3184 1185 bierede
3214 1142 3303 1183 tuo
3334 1133 3743 1195 resuscitando,

2185 1220 2268 1257 me
2299 1216 2348 1257 et
2380 1219 2472 1270 per
2501 1219 2584 1256 me
2616 1203 2858 1255 faciendo
2885 1204 3022 1254 alios
3073 1217 3386 1268 exsurgere,
3437 1203 3749 1254 misereberis

2184 1275 2344 1335 Sion,
2383 1276 2684 1326 misericors
2713 1274 2820 1324 eris
2853 1272 3055 1325 Judaici
3101 1274 3278 1339 populi
3303 1311 3318 1332 ,
3369 1273 3640 1332 vocando.
3668 1275 3748 1338 juo

2182 1345 2462 1397 Siilicando
2486 1382 2499 1406 ,
2532 1357 2580 1396 ei
2617 1352 2828 1410 pet-cata
2864 1344 3202 1395 remittendo.
3243 1344 3309 1393 Et
3358 1357 3487 1395 vere
3533 1347 3747 1395 misere-

2185 1415 2325 1467 beris
2349 1454 2362 1475 ,
2391 1416 2509 1481 quia
2547 1415 2676 1464 venit
2709 1422 2905 1478 tempus
2937 1414 3204 1465 miserendi
3231 1412 3373 1479 ejus,
3411 1421 3538 1481 terni
3563 1428 3626 1464 us
3653 1428 3750 1466 sci-

2186 1487 2312 1536 licet
2369 1480 2748 1548 plenitudinis,
2800 1485 2868 1536 de
2918 1498 3023 1543 quo
3073 1482 3398 1543 Apostolus:
3435 1480 3570 1534 Cum
3618 1485 3747 1534 venit

2184 1553 2444 1622 plenitudo
2476 1553 2731 1622 temporis,
2752 1553 2886 1604 misit
2919 1551 3056 1604 Deus
3086 1549 3278 1604 Filium
3309 1568 3461 1604 suum
3492 1562 3671 1602 natum
3695 1568 3752 1605 (ι

2185 1625 2420 1684 muliere,
2453 1623 2640 1688 factum
2669 1624 2760 1674 sub
2790 1623 2931 1690 lege,
2964 1633 3015 1674 ut
3047 1638 3128 1674 eos
3167 1623 3252 1689 qui
3290 1624 3382 1674 sub
3427 1622 3540 1691 lege
3583 1634 3749 1682 erant,

2188 1694 2241 1746 id
2273 1703 2355 1745 est
2381 1693 2508 1746 Sion
2542 1695 2828 1745 redimeret.
2869 1692 3023 1745 Venit
3055 1693 3176 1744 dico
3207 1701 3449 1759 tempus,
3481 1695 3608 1759 quia
3641 1708 3750 1745 vere

522 1773 678 1840 gister
702 1763 863 1844 vester
882 1783 994 1844 cum
1020 1767 1361 1844 peccatoribus
1391 1776 1434 1844 et
1467 1764 1750 1844 publicanis
1780 1763 2078 1841 nia'nducat,
2117 1787 2160 1844 Β
2192 1763 2320 1814 venit
2349 1771 2544 1832 tempus
2565 1802 2581 1828 ,
2614 1765 2750 1844 sicut
2782 1772 3010 1844 testatur
3040 1763 3249 1829 quidam
3280 1763 3311 1814 i-
3337 1770 3423 1814 ter
3462 1763 3746 1844 seditiosiu-

525 1835 580 1892 ει
624 1841 786 1891 multa
835 1841 977 1889 talia.
1032 1841 1093 1887 ιιι
1138 1835 1531 1902 exprobrabant
1572 1835 1731 1887 etiam
1763 1837 1929 1892 meis,
1963 1835 2082 1896 quia

525 1923 649 1961 vere
679 1909 860 1976 primis
890 1905 1216 1971 temporibus
1263 1908 1638 1976 exprobraiuiu
1667 1903 1784 1976 luit
1816 1905 1882 1955 ab
1913 1902 2088 1969 impiis

526 1973 726 2032 sanctis
755 1976 1184 2044 ιιιιειιίείιιιιιιιιιιε
1209 1974 1346 2042 quod
1380 1977 1635 2026 humanas
1664 1973 1808 2044 leges
1831 1980 1883 2024 et
1911 1987 2087 2025 mores

531 2055 966 2113 corrumperent,
1008 2056 1062 2096 et
1090 2048 1230 2112 quod
1266 2044 1507 2094 homines
1539 2044 1892 2109 promissione
1923 2044 2090 2095 veniit:

532 2118 756 2170 latenter
787 2130 1006 2182 peccare
1041 2116 1294 2166 lacerent.
1327 2113 1430 2167 Sed
1463 2113 1590 2165 dieit
1621 2113 1806 2165 beatus
1836 2114 2080 2182 AugUsii-

527 2205 626 2241 tius
667 2181 795 2255 quia
829 2185 1200 2251 desperatione
1249 2198 1417 2236 venia:
1464 2185 1629 2250 magis
1682 2191 1982 2255 peccarent.
2032 2181 2090 2235 Si

523 2260 664 2311 enim
687 2253 750 2309 tu
779 2256 971 2323 aliquid
1005 2269 1248 2320 sperares
1271 2295 1283 2319 ,
1319 2269 1420 2305 non
1454 2263 1654 2306 restare
1703 2253 1794 2305 tibi
1840 2255 1937 2304 nisi
1983 2260 2092 2305 tor-

527 2341 734 2391 menta,
767 2329 927 2378 velles
962 2328 1044 2376 liic
1073 2326 1293 2391 implere
1319 2326 1494 2374 omnia
1526 2325 1757 2375 carnalia
1791 2323 2088 2387 deSideria;

527 2407 580 2451 et
623 2397 756 2450 bene
811 2404 863 2448 te
904 2396 1152 2462 corrigit,
1196 2394 1283 2460 qui
1327 2393 1704 2461 indulgentiam
1750 2393 2009 2458 promittit
2040 2405 2094 2446 et

528 2467 655 2523 dii-it
684 2483 696 2518 ε
732 2466 930 2528 Iledite,
964 2466 1392 2533 prwvaricatores,
1442 2464 1508 2513 ad
1557 2479 1662 2516 cor.
1696 2463 1876 2531 Neque
1926 2463 2091 2516 Deum

526 2551 832 2593 contemnas
854 2577 870 2603 ,
902 2537 1048 2603 quasi
1087 2533 1438 2600 promissione
1471 2535 1637 2585 Venis:
1670 2543 1977 2601 peccatores
2009 2549 2094 2603 se-

527 2624 684 2660 curos
731 2602 930 2658 faciat.
958 2605 1164 2658 Etenim
1215 2619 1281 2655 ne
1328 2604 1696 2668 desperatione
1729 2603 1896 2654 venia:
1945 2602 2094 2671 pejus

526 2681 856 2738 viveremus,
892 2678 1132 2740 protrusit
1177 2673 1520 2739 indulgentiae
1563 2685 1790 2738 portum.
1845 2675 1970 2724 ltcni
2028 2687 2095 2727 ne

528 2763 623 2814 Spe
652 2748 815 2799 venite
846 2745 996 2813 pejus
1024 2745 1347 2814 t'r'uicreinus,
1383 2742 1523 2795 diem
1554 2747 1738 2795 mortis
1772 2743 1894 2796 ierit
1924 2745 2096 2796 incer-

531 2813 827 2877 tissiinuin,
879 2813 1345 2882 providentissime
1392 2829 1674 2880 Utrumque
1721 2814 2093 2878 consulueris,

533 2889 735 2939 scilicet
765 2893 820 2936 ut
847 2896 992 2937 esset
1022 2894 1348 2936 revertentes
1377 2899 1479 2950 quo
1509 2895 1892 2948 ιεειιιιττειιιυι,
1924 2895 1977 2936 ει
2005 2898 2094 2936 εδδ

529 2967 613 3010 set
656 2961 796 3008 mide
843 2954 1148 3007 dill'ereiites
1198 2963 1540 3004 terrerentur.
1587 2953 1734 3004 Nunc
1762 2957 1826 3004 ad
1861 2953 2093 3005 litteram

527 3027 826 3081 redeamus.
859 3023 1244 3094 Exprobrabant
1273 3024 1394 3094 aii/ii
1424 3023 1611 3074 inimici
1641 3024 1767 3086 mei,
1797 3032 1842 3074 et
1869 3023 1954 3091 qui
1981 3027 2095 3075 lau-

531 3098 716 3150 dabant
746 3112 823 3149 me
850 3105 903 3148 et
934 3109 1079 3147 meos
1099 3135 1112 3159 ,
1139 3093 1381 3162 jurubant
1412 3095 1676 3144 adversum
1702 3107 1798 3143 me.
1824 3093 1928 3145 Ure
1957 3095 2096 3146 enim

533 3168 848 3229 laudabant,
892 3171 1051 3218 corde
1097 3180 1220 3216 vero
1275 3163 1491 3216 insidias
1541 3165 1815 3232 parabant.
1874 3164 1940 3216 Ει
1993 3164 2094 3216 hoc

533 3241 669 3303 ideo,
726 3240 845 3306 quia
875 3235 1238 3306 manducaqu
1270 3237 1525 3306 cinerem,
1557 3234 1604 3284 id
1637 3241 1748 3297 est,
1792 3232 1912 3298 quia
1956 3235 2092 3286 reci-

534 3305 744 3378 piebam
787 3305 1284 3378 etriiicorporabam
1325 3305 1454 3356 inihi
1499 3307 1706 3356 steriles
1748 3307 2094 3378 et_despera-

536 3373 796 3440 iissimos,
831 3377 964 3429 sicut
997 3377 1214 3428 l'auluin
1245 3383 1639 3442 persecutorem
1684 3373 1970 3439 pessimum
1991 3415 2002 3433 .
2038 3384 2094 3427 et

537 3449 838 3502 Μειιιιιιιιιιιι
869 3448 1204 3508 tetoiiariuin,
1232 3455 1468 3510 tanquam
1499 3459 1702 3508 panem,
1731 3443 1782 3495 id
1813 3455 1923 3508 est,
1955 3446 2093 3497 sicut

535 3519 746 3573 Petrum
777 3519 1070 3582 sniiplicein
1115 3516 1382 3567 hominem
1414 3525 1466 3568 et
1501 3523 1834 3581 piscatorem.
1870 3515 1932 3566 Et
1961 3518 2092 3568 alios

538 3589 849 3656 simpliciter
880 3590 1138 3648 viventes,
1167 3587 1286 3652 quia
1317 3594 1466 3638 erant
1494 3583 1643 3650 quasi
1690 3585 1838 3651 panis
1883 3585 2089 3650 idonei,

535 3676 666 3726 quos
697 3674 796 3725 ego
824 3667 877 3709 et
905 3659 1008 3708 mei
1038 3657 1502 3718 iiiauducarenius,
1535 3663 1588 3706 ct
1615 3661 1768 3707 nobis
1794 3669 2092 3723 concorpo-

535 3743 773 3782 raremns
796 3765 810 3789 ,
853 3737 899 3778 et
930 3737 1099 3793 potum
1131 3740 1296 3775 meum
1324 3740 1435 3775 cum
1477 3729 1602 3792 [Ictu
1645 3727 1942 3790 miscebant,
1993 3728 2094 3779 hoc

536 3812 617 3851 est
652 3817 663 3849 :
701 3797 754 3851 Si
786 3799 994 3863 quando
1026 3795 1120 3848 luit
1153 3797 1277 3844 milii
1313 3798 1388 3846 \cl
1423 3812 1552 3846 meis
1584 3797 1753 3861 aliqua
1787 3796 2092 3860 temporalis

536 3867 868 3937 jiicuiiditas,
904 3867 977 3918 illi
1007 3865 1364 3937 admiscebam
1411 3866 1621 3924 lletuiu,
1660 3867 1709 3916 id
1743 3874 1825 3937 est
1868 3868 2093 3918 ll'lallllil:

540 3934 966 3992 amaritudinem.
1023 3936 1109 3987 Vel
1141 3937 1316 3996 aliter,
1369 3944 1427 3986 ιιι
1470 3947 1537 3986 snt
1585 3934 1891 4002 hypallage,
1946 3938 2093 4002 quasi

535 4014 704 4073 dicat,
740 4006 1113 4059 Manducabum
1155 4019 1335 4066 panem
1367 4018 1418 4056 et
1450 4005 1499 4055 in
1533 4021 1615 4056 inc
1644 4013 1697 4055 et.
1726 4005 1776 4055 in
1811 4009 1940 4057 meis
1981 4016 2092 4057 tan-

533 4095 684 4147 quam
711 4081 923 4130 cinerem
944 4117 958 4143 ,
981 4090 1024 4128 et
1055 4076 1318 4147 miscebunt
1349 4077 1591 4147 poculum
1619 4090 1784 4126 meum
1808 4091 1923 4126 cum
1947 4077 2091 4143 ﬂetu,

539 4145 724 4217 magna
769 4150 974 4200 tristitia
1018 4149 1145 4199 inibi
1187 4146 1284 4199 luit
1323 4145 1462 4214 quod
1493 4146 1826 4199 necessarius
1854 4150 1981 4199 mini
2013 4149 2096 4200 ci-

534 4222 633 4272 bus
660 4228 714 4272 et
741 4228 912 4285 potus.

607 4292 651 4341 Α
691 4283 821 4355 [acie
855 4289 965 4340 iite.
1012 4286 1136 4338 Dico
1175 4288 1292 4355 quia
1334 4283 1699 4338 manducabam
1737 4285 1953 4339 cinerem
1983 4296 2096 4340 latt-

537 4374 684 4428 quain
712 4360 1014 4426 pancm.’lL‘t
1045 4361 1143 4410 hoc
1170 4368 1284 4410 erat
1311 4373 1342 4408 a
1372 4359 1502 4425 [acie
1529 4357 1620 4409 ira:
1649 4367 1702 4408 et
1729 4359 2093 4426 indignationis

537 4427 672 4492 tute,
714 4433 764 4480 id
805 4440 914 4486 cst.
947 4429 1013 4478 ab
1057 4443 1127 4478 ira
1170 4444 1286 4495 qua:
1334 4438 1512 4480 Secuta
1555 4437 1634 4480 est
1681 4427 2091 4492 indignationem

543 4482 680 4553 ιιιιιιιί
702 4537 718 4560 ,
749 4482 1122 4563 ctijus'l'acies,
1156 4482 1205 4550 Id
1237 4511 1318 4550 εει
1349 4482 1828 4567 prwseiitiaadlidc
1859 4501 1908 4550 iti
1943 4501 2094 4550 nobis
2127 4482 2172 4540 ί)

537 4579 622 4624 est
651 4583 743 4638 per
774 4585 954 4636 pinnas
989 4569 1210 4634 peccati.
1259 4565 1362 4620 Irae
1401 4569 1520 4620 dico
1564 4565 1719 4636 hujus
1764 4569 1883 4636 quia
1915 4581 1966 4621 ιιι
1994 4572 2095 4620 ele-

538 4657 658 4693 vans
687 4641 888 4692 uulsis“
919 4654 1013 4690 me.
1049 4638 1161 4704 Ipsa
1191 4655 1329 4691 enim
1360 4638 1584 4691 elevatio
1616 4643 1715 4688 luit
1744 4641 1938 4702 ailisio,
1973 4639 2095 4706 quia

541 4714 592 4764 iii
624 4723 877 4778 quantum
909 4710 1176 4760 hominem
1212 4725 1317 4774 pra:
1347 4725 1405 4760 Cl
1428 4712 1555 4760 teris
1598 4711 1912 4761 annnaiihns
1953 4711 2098 4760 exal-

541 4784 700 4843 tavit,
731 4782 781 4832 in
815 4790 1015 4833 tantmn
1047 4779 1483 4848 pracvaricanteiu
1511 4791 1752 4844 gravwie
1780 4793 1932 4846 pinna
1963 4783 2097 4831 mul-

538 4861 716 4906 Clavit.

613 4921 732 4973 Dies
774 4920 870 4973 mei
910 4921 1040 4972 sicut
1087 4920 1282 4972 umbra.
1337 4919 1460 4971 Dico
1507 4919 1711 4971 allisisli
1744 4933 1854 4982 me,
1886 4929 1938 4972 et
1978 4933 2101 4972 ecce

540 4994 1102 5057 quoiiiodozscilicct,
1142 4994 1265 5059 quia
1306 4992 1412 5043 dies
1453 4992 1547 5041 mei
1595 4991 2000 5053 declinaverunt,
2049 4991 2100 5042 id

541 5074 660 5127 est,
690 5063 1037 5114 declinabiles
1077 5072 1130 5114 et
1172 5065 1442 5112 instabiles
1485 5064 1609 5112 tacti
1641 5069 1799 5124 sunt,
1830 5064 1957 5113 sicut
1991 5077 2102 5112 uin-

543 5137 632 5184 bra
682 5136 938 5185 instabilis
985 5145 1087 5184 εει.
1139 5133 1403 5184 liiterseril
1454 5133 1638 5182 beatus
1681 5133 2010 5198 Augustinus
2048 5142 2102 5183 et

544 5207 708 5256 uicit:
741 5207 898 5255 Certe
927 5203 1042 5255 dies
1075 5202 1147 5254 tui
1180 5218 1280 5253 non
1311 5203 1677 5263 declinarent,
1721 5204 1765 5253 si
1809 5213 1862 5253 tu
1905 5217 1932 5253 ει
1980 5217 2102 5253 vera

544 5276 623 5324 via
658 5291 758 5325 iioli
794 5275 1141 5327 declinasses.
1192 5271 1326 5335 Quid
1359 5270 1500 5322 enim
1555 5287 1743 5323 mirnin
1787 5274 1830 5322 si
1870 5273 1985 5323 dies
2030 5283 2102 5322 ιιιι

544 5346 746 5396 similes
777 5347 894 5396 laeti
928 5355 1048 5396 stitit
1077 5344 1190 5394 tibi.
1231 5342 1320 5393 Vel
1351 5342 1503 5392 aliter
1533 5356 1546 5392 :
1586 5341 1705 5393 Dies
1750 5343 1845 5392 mei
1876 5341 2105 5392 d.cliuaa

545 5424 750 5475 verunt,
802 5416 919 5468 lacti
970 5429 1062 5482 per
1113 5414 1214 5465 hoc
1257 5413 1386 5463 sicut
1438 5416 1656 5464 umbra:
1687 5415 1806 5480 quia
1835 5427 1938 5482 iio_ii
1984 5419 2109 5462 sunt

545 5492 687 5546 dies,
719 5487 808 5536 sed
843 5478 1022 5537 umbra
1075 5494 1273 5536 tantum
1320 5497 1562 5534 γαϊυωιιι
1609 5478 1836 5534 durum.
1881 5478 1944 5532 Et
1991 5483 2107 5532 ideo

545 5558 658 5610 dies
687 5557 1082 5608 declinaverunt
1109 5597 1122 5619 ,
1174 5570 1290 5620 quia
1339 5568 1430 5622 ego
1476 5555 1591 5605 arui
1636 5554 1764 5605 sicut
1808 5553 2007 5621 fenum,
2057 5552 2108 5604 id

545 5637 658 5687 est,
717 5633 783 5679 dc
840 5629 1014 5680 \irore
1069 5627 1230 5692 priori
1285 5627 1335 5675 iu
1392 5630 1527 5677 lianc
1581 5626 1855 5676 miseriam
1913 5622 2105 5676 cecidi.

551 5700 852 5750 licviresi-nt
892 5715 1016 5766 ergo
1059 5704 1234 5749 lciium
1274 5696 1530 5764 sanguine
1569 5695 1865 5750 Salvatoris
1905 5697 1985 5748 sui
2029 5694 2112 5748 ir-

547 5779 766 5835 tignum.

2191 1847 2277 1885 res
2309 1848 2607 1899 pl'll'ClpllllS
2637 1833 2818 1884 dicens
2847 1849 2860 1884 ε
2895 1831 3027 1885 Ecce
3052 1841 3246 1901 tempus
3273 1835 3589 1901 acceptabile
3609 1872 3625 1896 ,
3652 1847 3751 1885 ecce

2192 1918 2322 1954 nunc
2352 1905 2457 1954 dies
2486 1903 2691 1962 salu'is,
2724 1911 2777 1954 ct
2805 1913 3020 1955 caetera.

2267 1974 2520 2037 Quoniam
2569 1974 2886 2040 placuerunt.
2937 1973 3063 2026 Dico
3107 1970 3415 2025 misereberis
3459 1969 3628 2035 Sion,
3660 1971 3751 2025 hoc

2191 2044 2392 2096 scilicet
2429 2042 2621 2104 modo,
2653 2043 2894 2110 quoniam
2925 2045 3082 2095 servis
3112 2045 3210 2094 tuis
3257 2044 3489 2093 maxime
3539 2045 3632 2093 tibi
3679 2043 3749 2094 law

2193 2115 2523 2177 miliaribus,
2556 2112 2605 2164 id
2636 2124 2714 2164 est
2736 2151 2750 2174 ,
2784 2115 3052 2181 Apostolis
3085 2113 3185 2164 tuis
3230 2112 3531 2182 placuerunt
3554 2151 3569 2173 ,
3601 2112 3650 2164 id
3681 2122 3753 2163 est

2191 2184 2477 2254 placebunt
2521 2183 2717 2250 lapides
2766 2184 2876 2252 ejus
2921 2185 3081 2245 Sion,
3131 2182 3182 2234 id
3227 2181 3308 2235 est
3342 2181 3662 2254 PrOplietze,
3693 2186 3750 2232 ad

2193 2251 2384 2306 lioc'ut
2417 2261 2588 2320 portet
2616 2268 2708 2304 eos
2729 2291 2743 2314 ,
2783 2251 2832 2305 id
2864 2263 2977 2318 est,
3010 2263 3280 2320 exponant
3307 2266 3427 2320 quae
3461 2251 3536 2304 ιιιί
3573 2254 3753 2320 praedio

2194 2333 2390 2376 xerunt
2436 2324 2504 2375 de
2547 2321 2900 2376 aediﬁcatione
2948 2338 3084 2376 vera:
3125 2322 3275 2376 Sion.
3328 2330 3389 2372 t-.t
3434 2322 3646 2374 taciatis
3671 2337 3753 2374 eus

2195 2393 2637 2458 fundamentum,
2669 2407 2830 2459 super
2875 2397 3014 2461 quod
3065 2394 3191 2445 Sion
3235 2393 3548 2454 aadilii-etur,
3599 2401 3647 2444 et
3686 2397 3754 2444 sic

2194 2463 2568 2516 miserebantur
2598 2473 2746 2514 terra:
2773 2467 2913 2528 eius,
2965 2462 3016 2516 id
3061 2472 3175 2525 est,
3221 2463 3434 2516 illorum
3484 2461 3576 2527 qui
3626 2473 3753 2513 lena

2197 2537 2358 2586 eratis
2389 2536 2438 2585 in
2481 2532 2682 2586 carnali
2713 2531 2840 2587 Sion
2863 2575 2878 2598 ,
2913 2533 3215 2599 recipiendo
3265 2548 3358 2585 eos
3399 2542 3460 2583 ut
3492 2533 3599 2584 vivi
3633 2534 3752 2597 lapi-

2197 2604 2348 2670 pidcs
2377 2607 2483 2656 sint
2516 2605 2565 2655 in
2600 2619 2792 2656 novum
2834 2603 3137 2657 aedilicium.
3182 2603 3344 2657 Terra
3387 2613 3572 2654 autem
3616 2616 3757 2655 erant

2198 2675 2275 2726 illi
2309 2674 2360 2725 in
2393 2674 2621 2738 lapidem
2650 2672 3006 2735 olfensionis,’
3028 2683 3082 2726 et
3113 2686 3310 2740 petram
3351 2672 3594 2725 scatidali
3616 2712 3630 2735 ,
3663 2675 3758 2723 sci-

2198 2745 2319 2796 licet
2346 2745 2397 2796 in
2427 2744 2654 2811 lapidem
2681 2745 2770 2811 qui
2803 2743 2971 2796 lactus
2997 2753 3078 2796 est
3107 2747 3156 2797 in
3184 2753 3340 2808 caput
3365 2743 3580 2810 anguli,
3605 2756 3754 2811 quem

2197 2813 2297 2881 ipsi
2327 2812 2650 2866 aediﬁcantes
2681 2815 3120 2880 reprobaverunt.
3170 2816 3234 2866 Et
3264 2814 3384 2864 ideo
3436 2828 3488 2863 in
3533 2824 3756 2872 terrain,

2196 2890 2264 2937 de
2293 2899 2393 2947 qua
2425 2884 2571 2950 prius
2601 2882 2724 2936 lacti
2759 2895 2919 2944 sunt,
2952 2885 3279 2937 ceciderunt.
3313 2881 3419 2935 Sed
3456 2897 3564 2934 non
3599 2886 3757 2946 potuit

2199 2954 2437 3006 inel'licax
2470 2969 2590 3007 esse
2619 2969 2714 3006 vos
2745 2953 2832 3005 illa
2869 2955 3134 3017 petitionis
3154 2995 3169 3019 ,
3203 2951 3360 3004 Pater
3389 2954 3600 3021 ignosce
3628 2954 3754 3016 itis,

2197 3026 2314 3092 quia
2341 3026 2570 3076 nesciunt
2599 3026 2719 3091 quid
2753 3024 2966 3092 faciunt.
2999 3022 3064 3075 Et
3091 3025 3210 3077 ideo
3230 3063 3245 3086 ,
3277 3025 3326 3075 id
3358 3035 3476 3092 est,
3506 3028 3605 3074 tria
3647 3025 3760 3074 mil-

2203 3091 2269 3145 lia
2300 3105 2353 3148 et
2383 3094 2614 3162 quinque
2644 3091 2806 3148 millia
2827 3136 2840 3157 ,
2883 3098 2930 3146 ιιι
2962 3104 3079 3160 est,
3109 3109 3296 3147 omnes
3324 3094 3397 3145 illi
3429 3091 3648 3146 luerunt
3675 3094 3758 3161 qui

2203 3168 2428 3233 pretium
2462 3164 2795 3217 venditarum
2829 3180 3008 3218 rerum
3037 3179 3251 3216 suarum
3281 3174 3404 3216 ante
3451 3165 3614 3230 pedes
3639 3179 3759 3230 apo-

2198 3237 2456 3287 stolorum
2490 3248 2798 3298 posuerunt.
2857 3237 2920 3287 Et
2953 3236 3052 3288 hoc
3083 3236 3204 3286 iecit
3232 3235 3301 3286 de
3333 3236 3432 3285 hac
3477 3243 3651 3298 terra,
3677 3237 3757 3300 qui

2199 3305 2364 3358 Adam
2389 3305 2609 3372 primum
2636 3306 2753 3357 fecit
2776 3309 2840 3358 de
2865 3315 3023 3359 terra.
3049 3304 3139 3356 Vel
3166 3306 3350 3356 aliter:
3375 3304 3508 3369 lloc,
3534 3305 3756 3371 inquam,

2199 3378 2358 3427 modo
2387 3378 2696 3428 misereberis
2727 3377 2853 3428 Sion
2877 3419 2890 3442 ,
2924 3377 3043 3441 quia
3077 3377 3232 3427 servis
3255 3378 3359 3426 suis
3383 3415 3397 3437 ,
3429 3375 3484 3426 id
3529 3385 3604 3426 est
3630 3389 3751 3438 apo-

2198 3447 2350 3498 stolis
2380 3449 2658 3514 placebunt
2688 3445 2885 3516 lapides
2910 3448 3020 3514 ejus
3044 3446 3169 3498 Sion
3189 3480 3203 3506 ,
3235 3445 3286 3496 id
3314 3453 3430 3516 est,
3461 3447 3752 3516 quicunque

2198 3517 2478 3569 Credetites
2513 3518 2580 3570 de
2615 3513 2806 3584 populi)
2838 3513 2938 3568 illo
2960 3525 3012 3568 el.
3047 3516 3164 3568 lacti
3199 3517 3298 3565 vivi
3327 3514 3533 3578 lapides
3560 3513 3612 3564 in
3655 3515 3756 3578 pri-

2200 3587 2380 3638 iiiitiva
2426 3587 2688 3652 Eiclesia,
2736 3597 2782 3639 et
2833 3588 2910 3639 sic
2937 3587 3304 3638 miserebantur
3351 3589 3462 3650 eius
3507 3596 3682 3646 term,
3717 3587 3759 3635 ιιι

2197 3666 2314 3722 est,
2345 3657 2484 3708 illius
2516 3656 2714 3724 popuii.
2751 3656 2818 3708 Et
2850 3658 3071 3708 subinde
3101 3667 3270 3724 gentes
3313 3655 3557 3705 timebunt
3587 3671 3760 3706 nomn

2199 3735 2356 3789 tuum,
2378 3726 2611 3789 Daniine,
2631 3728 2746 3792 quia
2773 3727 2909 3779 servi
2936 3727 3005 3778 tui
3030 3728 3150 3778 inde
3175 3741 3233 3777 es
3246 3726 3377 3792 pulsi
3406 3725 3762 3792 praedicabunt

2163 3839 2168 3844 ,
2197 3801 2466 3851 omnibus.
2501 3798 2654 3852 Juxza
2697 3798 2857 3858 illud,
2904 3795 3056 3849 Vobis
3087 3799 3344 3863 Oportebat
3376 3798 3604 3864 primum
3633 3797 3763 3863 loqui

2196 3869 2395 3921 verbum
2427 3867 2520 3920 Dei
2541 3909 2555 3927 ,
2585 3869 2672 3920 sed
2702 3870 2942 3935 quoniam
2972 3869 3230 3935 Tt’pltllS!l5
3258 3868 3420 3926 illud,
3448 3877 3499 3917 et
3527 3869 3762 3936 indignos

2195 3954 2280 3991 vos
2309 3955 2415 3992 esse
2432 3938 2728 4007 judicastis,
2758 3955 2869 3993 ecce
2895 3941 3228 3990 convertimur
3257 3939 3323 3988 ad
3353 3946 3546 4005 gentes.
3573 3936 3636 3989 Ei
3666 3952 3760 3990 noii

2197 4014 2368 4061 Solum
2403 4014 2664 4072 minores,
2695 4011 2787 4061 sed
2817 4021 2862 4062 et
2893 4025 3062 4061 omnes
3104 4022 3244 4077 reges
3276 4019 3434 4058 totius
3475 4017 3659 4072 terris,
3689 4011 3761 4058 vi-l

2198 4096 2383 4132 omnes
2415 4085 2548 4134 bene
2591 4090 2837 4146 regentes
2885 4093 3080 4132 terram
3127 4093 3276 4129 Suam
3314 4078 3378 4129 de
3406 4082 3659 4143 gentibus
3705 4091 3759 4128 n-

2197 4150 2429 4214 mebunt,
2466 4151 2513 4202 id
2545 4163 2625 4202 est
2657 4151 3042 4203 revercbuntur
3090 4149 3308 4217 gloriam
3352 4158 3516 4197 t;.ant.
3568 4147 3762 4201 Nomen

2199 4231 2252 4271 et
2287 4226 2506 4288 gloriam
2541 4239 2634 4288 pro
2663 4226 2852 4274 eodem
2887 4222 2972 4274 hic
3000 4220 3226 4284 accipit,
3257 4219 3460 4271 scilicet
3493 4234 3591 4285 pro
3621 4220 3765 4271 laude

2197 4307 2328 4343 ειιιει.

2253 4308 2328 4342 lla.

2226 4307 2242 4358 J
2272 4362 2405 4425 Quia
2432 4361 2724 4428 a'diﬁcabit.
2772 4360 2893 4413 Ideo
2923 4359 3066 4413 servi
3106 4357 3424 4427 incipientes
3454 4358 3525 4409 ab
3549 4357 3764 4411 dorus-i-

2201 4431 2301 4500 lem
2335 4435 2396 4482 ad
2429 4445 2611 4500 gentes
2640 4446 2700 4485 se
2738 4437 3095 4500 convertunt,
3128 4434 3250 4497 quia
3284 4430 3464 4482 taliter
3494 4429 3764 4495 ediﬁcabit

2203 4499 2450 4554 Dominus
2484 4501 2645 4566 Sion,
2672 4502 2876 4554 scilicet
2904 4499 2972 4553 de
2998 4501 3206 4552 duobus
3248 4500 3354 4551 illis
3399 4499 3612 4567 populis
3657 4511 3762 4551 tan-

2199 4587 2355 4642 quam
2400 4574 2467 4624 de
2511 4573 2720 4625 duobus
2763 4570 3052 4642 parietibus
3095 4570 3380 4642 e__diver‘so
3429 4571 3764 4624 venientibus

2200 4639 2292 4695 sed
2323 4643 2532 4696 diversa
2567 4657 2672 4694 non
2703 4641 3080 4694 sentientibus.
3120 4639 3182 4692 Et
3213 4640 3264 4692 iu
3311 4639 3408 4692 hac
3460 4642 3590 4694 Sion
3635 4647 3765 4692 vide-

2201 4712 2355 4774 bitur,
2390 4714 2439 4764 id
2471 4722 2582 4772 est,
2618 4722 3031 4782 recognoscetur
3059 4721 3114 4762 et
3144 4713 3229 4761 hic
3265 4711 3485 4782 tandem
3521 4711 3576 4761 in
3607 4713 3763 4778 gluria

2200 4798 2296 4834 sua
2321 4823 2335 4844 ,
2368 4784 2572 4835 scilicet
2603 4780 3040 4844 resurrectionis,
3071 4780 3398 4833 ascensionis
3419 4822 3434 4845 ,
3468 4785 3765 4835 coiisessio-

2202 4853 2285 4905 itis
2315 4870 2325 4903 :
2363 4853 2507 4918 ptius
2541 4853 2815 4904 videbatur
2846 4851 2897 4902 iii
2931 4851 3214 4918 ignominia
3247 4866 3362 4900 sua.

2275 4919 2514 4988 Respexit
2553 4924 2606 4973 in
2648 4933 2926 4972 orationem
2970 4922 3262 4972 humilium.
3299 4919 3426 4972 Dico
3456 4920 3581 4989 quia
3612 4920 3767 4986 tediﬁ.

2203 4995 2334 5044 cabit
2365 4993 2610 5043 Dominus
2641 4992 2789 5050 Sion,
2821 4991 2909 5057 qui
2943 4989 2993 5041 in
3025 4993 3110 5042 illa
3141 4991 3339 5042 carnali
3363 4992 3489 5042 Sion
3525 4992 3625 5042 lioc
3657 5007 3763 5041 iuu-

2203 5067 2302 5126 ιιι»,
2334 5061 2537 5115 si-iliret
2566 5064 2684 5123 quia
2727 5061 2980 5126 respexit,
3015 5059 3065 5112 id
3096 5071 3176 5112 est
3217 5062 3468 5126 respiciet
3496 5061 3551 5112 in
3581 5065 3764 5111 oratio-

2205 5150 2316 5185 nem
2347 5134 2648 5196 Iiuvuilium,
2682 5132 2733 5182 id
2763 5141 2844 5182 est
2870 5131 3203 5198 credentium
3236 5139 3290 5182 el
3316 5133 3382 5182 de
3430 5132 3533 5182 lioc
3580 5131 3767 5198 populo

2206 5215 2260 5257 et
2290 5205 2357 5256 de
2388 5203 2476 5254 illo
2525 5207 2624 5255 hoc
2665 5211 2954 5254 orantium.
2987 5197 3053 5251 Et
3085 5217 3186 5251 non
3217 5203 3436 5270 sprevit,
3473 5202 3524 5253 id
3556 5197 3767 5254 estnon

2206 5284 2417 5341 spernet
2444 5288 2640 5339 precem
2660 5287 2855 5340 eorum,
2887 5273 2936 5322 id
2960 5280 3065 5337 est,
3094 5272 3312 5338 recipiet
3341 5283 3561 5340 propter
3581 5273 3771 5325 contir-

2208 5357 2512 5397 ιιιειιιιιιιειιι.

2282 5414 2583 5468 Scribuntur
2610 5410 2738 5464 lia'c.
2787 5411 2908 5463 "ac
2939 5409 3142 5462 scilicet
3169 5409 3308 5476 quod
3341 5411 3598 5463 Dominus
3630 5411 3768 5477 prius

2210 5487 2548 5539 miserebitur
2578 5485 2740 5544 Sion,
2772 5492 2826 5534 et
2852 5482 3045 5532 deinde
3071 5491 3325 5548 gentium.
3365 5480 3429 5532 Et
3459 5485 3526 5533 de
3559 5483 3640 5534 bis
3669 5496 3765 5532 non

2213 5571 2305 5624 per
2355 5557 2578 5616 merita,
2629 5553 2732 5624 sed
2780 5566 2872 5624 per
2925 5551 3094 5601 solum
3151 5552 3574 5624 misericordiam
3623 5565 3766 5603 suam

2212 5621 2496 5680 iedilicabit
2515 5626 2659 5675 Sion.
2689 5621 2835 5685 lltec,
2861 5621 3096 5687 inquam,
3122 5621 3428 5685 scribantur,
3453 5621 3503 5673 id
3527 5630 3629 5684 est,
3664 5636 3768 5672 ιιιιι⁴

2212 5713 2369 5763 quam
2399 5705 2593 5756 seripta
2625 5705 2676 5745 et
2708 5697 2855 5749 liriiia
2903 5701 3284 5763 ξιιιιιιιιιιιειιιιιι·
3330 5707 3360 5743 ιι
3411 5691 3678 5759 prioribus
3722 5691 3768 5740 iu

2215 5760 2430 5819 atteram
2461 5763 2874 5834 generationem,
2903 5760 2958 5814 id
2990 5774 3102 5826 εει,
3145 5763 3196 5816 in
3243 5763 3571 5832 Spiritualeui
3615 5777 3765 5832 gene-
