4006 6364
241 349 377 408 1001

990 353 1053 408 ΙΝ
1091 351 1506 409 PSALMORUM
1549 350 1803 405 LIBRUM
1849 345 2201 402 EXEGESIS.
2230 375 2301 387 —
2342 346 2579 403 PSALM.
2620 347 2727 403 Cll.

3340 350 3477 409 1002

237 462 517 515 coronabit
549 471 619 527 te,
651 464 783 532 quia
806 466 962 531 replet
1012 464 1316 518 desiderium
1345 474 1485 516 tuum
1536 464 1587 516 in
1618 462 1784 524 bonis,
1820 465 1868 524 Α
1965 460 2153 532 Moysi.
2181 459 2280 513 Per
2302 460 2515 529 Moysen
2538 459 2859 529 intelligendi
2877 470 2998 515 sunt
3023 475 3207 517 omnes
3232 466 3473 532 perfecti,

234 532 576 598 perducendo
603 543 652 587 te
686 536 750 587 ad
774 534 897 589 illud
927 536 1152 599 bonum,
1202 534 1342 601 quod
1391 543 1471 587 est
1520 548 1783 587 summum

234 604 474 655 Durnium
507 604 791 665 bonorum,
825 621 927 659 non
958 606 1007 659 in
1038 605 1118 660 his
1147 606 1299 659 bonis
1329 605 1439 669 ubi,
1467 619 1785 673 quocunque

233 682 290 725 te
320 683 519 737 vertas,
545 674 745 729 vilescit
774 676 1009 730 habitum
1058 676 1195 739 quod
1238 677 1475 729 accendit
1520 675 1789 730 desidera-

234 752 371 813 tum.
394 743 617 808 Quando
632 747 773 800 enim
798 760 899 799 non
920 746 1109 806 habeo.
1140 747 1329 813 cupio;
1360 757 1637 813 postquam
1663 761 1789 798 vero

234 811 433 878 habeo,
463 824 769 887 contemno,
792 827 845 871 et
871 832 965 887 per
992 818 1078 887 illa
1108 811 1243 871 bona
1274 811 1592 869 renovabitur
1618 820 1788 883 juven-

235 893 319 935 tus
350 895 468 948 tua,
520 895 573 938 ut
605 885 887 953 .juventus'
908 886 1111 955 aquila.
1149 887 1264 941 Prae
1308 896 1579 941 senectute
1606 902 1791 954 super-

235 955 434 1009 crescit
462 955 653 1023 aquila:
682 960 924 1025 superius
954 969 1184 1012 rostrum
1216 956 1453 1012 inferiori
1485 959 1535 1011 in
1560 967 1788 1025 tantum,

236 1033 299 1077 ut
329 1040 427 1098 nec
460 1039 521 1098 os
555 1026 785 1098 aperire,
816 1043 913 1082 nec
943 1042 1003 1083 se
1032 1028 1251 1083 reticere
1294 1028 1481 1098 possit,
1511 1036 1565 1083 et
1590 1029 1665 1081 sic
1696 1043 1789 1093 pe-

234 1095 402 1169 nuria
431 1096 537 1149 cibi
564 1096 763 1169 deﬁcit.
810 1099 864 1152 ln
913 1099 1005 1153 tali
1052 1095 1533 1169 angustia'acutum
1562 1098 1790 1165 lapidem

235 1166 448 1232 quaerit,
498 1177 550 1220 et
602 1168 783 1222 tandiu
839 1170 999 1224 rostri
1054 1166 1440 1233 incrementum
1492 1169 1788 1234 contundit,

236 1234 413 1291 donec
438 1251 497 1291 se
524 1237 743 1293 reticere
771 1241 973 1307 possit,
1018 1249 1073 1295 et
1115 1250 1238 1293 tunc
1268 1240 1457 1306 recipit
1481 1248 1535 1293 et
1565 1241 1791 1293 nitorem

236 1319 535 1378 pennarum
567 1320 621 1362 et
650 1308 886 1378 vigorem
918 1311 1129 1365 virium.
1162 1311 1251 1365 Sic
1273 1312 1447 1363 anima
1472 1320 1654 1363 nostra
1687 1325 1789 1363 non

233 1386 355 1428 erat
380 1377 565 1432 idonea
588 1391 646 1432 ut
673 1377 808 1447 pane
844 1380 937 1437 illo
965 1396 1070 1449 quo
1094 1391 1381 1435 vescuntur
1403 1381 1576 1449 angeli
1607 1381 1792 1435 retice-

232 1456 405 1517 retur,
438 1449 560 1517 quia
581 1463 642 1504 os
673 1459 911 1505 nostrum
938 1452 1164 1507 veritate
1206 1452 1441 1505 clausum
1493 1453 1788 1513 tenebatur,

234 1516 333 1567 sed
362 1516 481 1572 data
503 1527 587 1574 est
610 1520 761 1575 nobis
791 1532 963 1591 petra,
991 1522 1041 1575 id
1064 1533 1178 1589 est,
1210 1520 1473 1585 Christus,
1521 1520 1585 1573 ad
1632 1536 1790 1589 quam

235 1596 507 1659 vetustate
558 1591 758 1658 attrita,
814 1607 876 1647 os
924 1603 1189 1652 nostrum,
1245 1592 1478 1645 novitate
1527 1600 1788 1659 apertmn,

238 1655 489 1713 idoneum
519 1659 718 1715 factum
744 1655 924 1719 estad
944 1663 1269 1717 vescendum
1297 1676 1430 1730 pane
1460 1655 1794 1729 illo-angelo-

235 1741 378 1803 rum,
404 1730 494 1803 qui
521 1731 873 1803 desedixit:
916 1733 1028 1803 Ego
1058 1750 1171 1788 sum
1216 1734 1363 1801 panis
1392 1735 1531 1786 vivus
1552 1772 1566 1795 ,
1612 1733 1698 1803 qui
1733 1734 1796 1785 de

234 1797 361 1873 creto
384 1801 656 1873 descendi;
681 1802 766 1857 hic
788 1805 937 1873 panis
966 1797 1036 1859 ab
1056 1797 1230 1858 anima
1254 1804 1508 1871 cujusque
1532 1797 1785 1867 renovati,

233 1866 323 1919 hic
347 1869 508 1924 etiam
531 1866 857 1940 comeditur;
890 1885 1015 1929 tunc
1042 1889 1169 1928 vero
1195 1866 1439 1941 plenarie'
1463 1873 1555 1926 illo
1585 1866 1793 1927 relicie-

234 1952 376 2004 mur,
403 1942 613 2014 quando
656 1943 709 1997 in
754 1945 1126 2014 Evangelicum
1161 1945 1395 1998 habitum
1435 1945 1790 1997 commutabi-

235 2022 378 2075 rnur,
410 2010 597 2085 etipse
629 2014 730 2068 erit
757 2010 933 2071 omnia
964 2017 1016 2071 in
1045 2014 1291 2069 omnibus
1323 2024 1377 2068 et
1400 2016 1549 2085 quasi
1581 2014 1790 2068 dicere-

237 2088 371 2153 gur:
429 2079 644 2137 Interim
696 2099 871 2142 autem
922 2087 976 2141 ia
1022 2086 1120 2140 hac
1164 2079 1588 2153 peregrinatione
1633 2085 1793 2151 quid?

236 2146 433 2215 Utique
463 2168 570 2206 non
596 2156 1034 2225 derelinquimur,
1061 2146 1182 2225 quia
1214 2146 1465 2209 Dominus
1478 2146 1687 2278 ffacietis
1712 2166 1794 2210 est

236 2220 613 2276 misericordias
638 2268 651 2278 .
705 2239 1070 2278 verumtamen
1130 2241 1233 2278 non
1305 2227 1406 2278 nisi
1500 2227 1793 2278 acientibus

235 2220 651 2293 misericordias,
705 2220 1091 2282 verumtamen
1130 2241 1233 2280 non
1305 2227 1406 2279 nisi
1478 2220 1793 2281 facientibus

236 2290 655 2366 misericordias.
705 2294 853 2351 Beati
903 2300 1045 2351 enim
1094 2296 1484 2360 misericordes,
1552 2299 1793 2366 quoniam

234 2361 637 2437 misericordiam
690 2376 1074 2437 consequentur.
1129 2368 1295 2432 Quem
1358 2377 1531 2421 autem
1565 2361 1791 2422 inodum

235 2432 623 2489 misericordiae
647 2438 809 2505 exigit
830 2432 1041 2503 ?'Hunc,
1064 2439 1270 2495 scilicet
1293 2456 1305 2491 :
1332 2437 1503 2505 Dilige
1530 2438 1793 2491 inimicum

236 2510 416 2568 tuum,
469 2513 569 2558 et:
622 2506 773 2561 Omni
805 2509 990 2577 petenti
1018 2519 1063 2563 te
1112 2510 1296 2563 tribue.
1352 2506 1567 2563 Videtur
1600 2520 1792 2567 autem

236 2585 539 2649 repugnare
556 2577 707 2649 quod
730 2578 941 2647 dicitur,
986 2580 1192 2635 scilicet
1223 2597 1234 2631 :
1277 2578 1522 2649 Iniquum
1552 2596 1652 2633 non
1681 2596 1796 2633 sus-

234 2643 442 2719 picias;
480 2655 533 2699 et
556 2643 683 2701 illud
711 2664 731 2703 :
752 2643 956 2705 Tandiu
979 2651 1187 2704 desudet
1212 2643 1527 2719 elemosyna
1560 2650 1611 2702 in
1637 2667 1792 2704 manu

234 2720 348 2790 tua,
380 2715 542 2790 donec
554 2720 757 2788 justum
795 2722 1035 2790 invenies,
1088 2722 1170 2775 cui
1212 2721 1299 2775 des
1349 2715 1479 2774 eam.
1528 2721 1630 2777 Sed
1683 2722 1795 2776 vult

234 2780 498 2851 Dominus
553 2780 612 2843 ut
659 2780 1077 2849 misericordiam
1143 2791 1303 2846 iacias
1365 2792 1529 2846 etiam
1589 2792 1791 2860 iniquo,

234 2866 345 2932 non
376 2863 627 2932 tanquam
671 2861 871 2931 iniquo.
927 2863 1169 2919 Occurrit
1218 2861 1312 2917 tibi
1357 2862 1515 2917 homo
1561 2861 1788 2930 iniquus,

233 2928 454 3002 iniquus
483 2928 643 3002 homo
672 2928 926 3002 est'Opus
955 2933 1071 2999 Dei,
1096 2934 1333 3002 iniquum
1364 2947 1495 2988 vero
1521 2928 1665 3001 Opus
1712 2945 1795 2989 est

234 2993 492 3083 bontinis.
520 2997 615 3083 .Da
662 2993 997 3083 operi-Dei,
1038 2993 1118 3083 ita
1158 2993 1216 3057 u't
1260 3017 1367 3057 non
1393 2993 1636 3083 attendas
1662 3018 1793 3083 Opus

234 3062 493 3146 hominis,
518 3068 570 3146 id
592 3062 715 3146 est;
732 3083 787 3128 ut
808 3076 949 3143 quod
980 3062 1292 3146 iniquusest
1321 3088 1427 3146 non
1450 3074 1653 3146 placeat
1676 3062 1789 3140 tibi,

233 3140 362 3212 quia
390 3140 650 3212 sirecipis
682 3140 916 3212 iniquum
964 3146 1015 3199 in
1068 3140 1282 3201 nomine
1332 3140 1532 3212 iniqui,
1588 3160 1793 3201 merce-

1894 531 1985 585 sed
2016 531 2131 585 ideo
2151 544 2274 585 eum
2305 532 2478 597 potius
2501 534 2664 599 ponit,
2692 533 2812 599 quia
2845 548 2939 598 per
2959 548 3079 587 eum
3111 531 3280 601 legem
3311 535 3477 589 dedit.

1891 601 1949 656 ln
1981 615 2089 670 qua
2132 602 2247 665 iege
2289 601 2411 655 data
2459 617 2707 670 magnum
2759 605 3070 672 mysterium
3117 615 3217 657 est.
3254 605 3331 659 Ad
3379 610 3478 660 hoc

1891 673 2032 743 enim
2066 673 2144 725 lex
2177 672 2298 725 data
2328 681 2429 743 est,
2458 682 2513 725 ut
2536 682 2808 727 crescente
2838 685 3055 739 peccato
3072 675 3284 743 superbi
3308 676 3479 733 itumi-

1892 742 2167 813 liarentur,
2185 742 2439 796 bumiliati
2458 744 2853 805 conﬁterentur,
2872 743 3101 798 confessi
3119 742 3475 813 Saliarentur;

1893 811 1987 869 has
2016 812 2249 867 occultas
2274 815 2379 865 vias
2406 830 2524 866 suas
2557 824 2701 867 notas
2724 815 2838 880 fecit
2864 813 3052 882 Moysi,
3086 830 3178 881 per
3201 833 3357 883 quem
3388 811 3471 875 les

1889 883 2010 955 data
2045 894 2142 950 est,
2168 898 2272 951 qua
2298 885 2726 955 superabundavit
2757 885 3022 947 delictum,
3070 898 3124 939 ut
3165 889 3474 955 superabun-

1892 954 2035 1028 daret
2058 962 2103 1028 et
2135 955 2336 1028 _gratia.
2369 954 2480 1028 Nec
2502 955 2620 1028 _lioc_
2650 955 2937 1009 crudeliter
2966 956 3098 1010 adeo
3137 954 3332 1012 factum
3369 973 3473 1028 est,

1891 1024 1984 1077 sed
2013 1024 2320 1097 salubriter.
2368 1022 2515 1079 Multi
2538 1026 2677 1079 enim
2699 1034 2975 1093 aegrotant,
3010 1037 3061 1080 et
3084 1042 3187 1097 non
3214 1022 3474 1097 sentiunt,

1893 1109 1995 1165 nec
2059 1094 2325 1148 medicum
2363 1106 2657 1165 quaerunt;
2707 1105 2931 1165 augetur
2979 1096 3229 1163 morbus,
3285 1094 3478 1157 crescit

1892 1164 2158 1238 molestia,
2212 1163 2465 1238 quaeritur
2508 1165 2745 1238 medicus
2770 1163 2798 1238 ζ
2834 1176 2887 1238 et
2945 1178 3166 1222 sanatur
3220 1182 3470 1238 a‘grotus.

1893 1234 2057 1307 Ecce
2092 1235 2387 1301 quomodo
2430 1236 2660 1302 pertinet
2721 1237 2785 1289 ad
2854 1236 3025 1307 legem
3082 1234 3469 1295 misericordia.

1892 1304 2154 1379 Judicium
2182 1319 2394 1379 quoque
2432 1320 2526 1374 per
2570 1304 2937 1379 contrarium,
2972 1309 3176 1363 scilicet
3215 1322 3467 1379 quantum

1891 1374 1961 1428 ad
2018 1390 2141 1451 non_
2182 1374 2515 1451 attendentes
2591 1378 2707 1451 hoc
2749 1378 3015 1451 pertinere
3065 1374 3350 1451 intelligas.
3411 1386 3474 1439 Et

1893 1458 1999 1519 non
2066 1446 2241 1519 solum
2298 1445 2567 1519 Moysict
2621 1446 2739 1501 aliis
2794 1450 2912 1518 fecit
2970 1450 3077 1503 vias
3138 1445 3265 1506 suas
3311 1464 3477 1519 notas,

1891 1516 1984 1570 sed
2035 1516 2269 1589 etM/iliis
2329 1515 2495 1571 Israel
2525 1558 2540 1583 ,
2593 1520 2643 1572 id
2694 1515 3123 1589 est'quibusque
3181 1515 3477 1579 minoribus

1894 1600 2015 1663 Eon.
2042 1585 2348 1663 videntibus
2396 1589 2560 1642 Deum
2614 1590 2741 1655 lide,
2775 1585 3000 1663 tandem
3037 1585 3237 1646 'visuris
3278 1597 3475 1663 specie.

1895 1654 2042 1711 Fecit
2071 1667 2224 1712 notas
2252 1658 2535 1712 voluntates
2579 1654 2733 1723 suns,
2770 1660 2886 1715 haec
2916 1670 3092 1715 autem
3123 1674 3204 1715 est
3236 1654 3478 1719 voluntas

1894 1739 2011 1798 sua,
2038 1736 2097 1782 ut
2144 1743 2240 1782 nos
2285 1730 2619 1784 attendamus
2650 1730 2998 1798 multiplicem
3034 1744 3266 1787 nostram
3308 1730 3473 1792 mise—

1895 1796 2049 1873 riam,
2078 1806 2131 1853 et
2157 1813 2457 1873 quaeramus
2483 1796 2819 1873 medicinam
2844 1818 2855 1853 :
2898 1811 2951 1856 et
2979 1803 3055 1856 sic
3083 1803 3134 1856 iti
3163 1817 3473 1873 perpetuum

1897 1882 2001 1922 non
2032 1870 2309 1931 irascetur,
2347 1870 2450 1924 hoc
2481 1870 2643 1923 infert
2668 1872 2733 1924 ad
2766 1870 3183 1926 consolationem
3210 1870 3469 1930 uestram.

1894 1935 2008 1991 Non
2048 1940 2189 1992 enim
2221 1949 2461 2008 satagere
2493 1940 2749 1995 debemus
2782 1952 2835 1995 ut
2863 1940 3093 1996 futuram
3126 1946 3254 1996 iram
3280 1948 3477 2000 evada-

1895 2010 2159 2082 mus,sed
2179 2022 2243 2082 ut
2273 2019 2597 2079 praesentem
2627 2012 2976 2079 deponatnus.
3010 2013 3083 2067 De
3111 2028 3213 2082 qua
3242 2018 3477 2082 Aposto—

1895 2078 1989 2152 lus_
2008 2080 2080 2152 ait
2111 2098 2121 2131 :
2164 2078 2380 2135 Fuimus
2408 2082 2543 2135 enim
2569 2078 2846 2149 aliquando
2874 2093 2917 2134 ct
2936 2078 3219 2137 nosnatura
3247 2078 3342 2151 [iiii
3364 2088 3477 2152 irw,

1896 2160 1949 2202 et
1978 2148 2096 2204 ideo
2125 2152 2453 2207 consolando
2484 2167 2579 2205 nos
2615 2154 2759 2206 dicit.
2806 2153 2938 2219 Quia
2990 2170 3090 2206 non
3138 2148 3479 2212 irascetur-in

1895 2228 2214 2300 perpetuum.
2258 2222 2376 2276 Jam
2407 2224 2547 2300 enim
2579 2223 2827 2300 speiratn
2856 2223 2907 2276 in
2939 2240 3040 2300 qua
3070 2224 3243 2300 adhuc
3268 2241 3477 2297 sumus,

1894 2294 1948 2362 id
1977 2302 2076 2356 est,
2110 2306 2294 2359 poenas
2326 2294 2525 2359 peccati
2548 2294 2832 2358 evasimus,
2862 2294 3074 2349 tandem
3108 2298 3335 2362 poenitus
3356 2294 3478 2355 eva-

1896 2358 2087 2431 demus
2113 2358 2132 2413 ξ
2161 2371 2217 2416 et
2242 2358 2380 2417 sicut
2410 2378 2513 2417 non
2539 2365 2591 2417 in
2621 2372 2934 2431 perpetuum
2968 2358 3249 2431 irascetur,
3281 2368 3352 2421 ita
3383 2386 3474 2423 nec

1895 2430 1950 2483 in
1995 2440 2239 2505 aeternum
2286 2434 2676 2488 comminabitur
2706 2430 2733 2486 τί
2774 2435 2887 2490 hate
2918 2436 3057 2490 enim
3104 2430 3340 2505 prmSens
3372 2441 3474 2505 ira,

1896 2502 2239 2557 comminatio
2261 2515 2345 2559 est
2373 2513 2605 2559 aeternae.

1971 2570 2091 2643 Non
2116 2577 2393 2627 secundum
2439 2584 2641 2643 peccata
2670 2586 2858 2630 nostra.
2889 2576 3049 2642 Quasi
3088 2576 3231 2631 dicat
3280 2598 3290 2631 :
3350 2580 3477 2635 Dico

1897 2641 2018 2716 quia
2042 2659 2142 2716 non
2166 2646 2219 2698 in
2248 2641 2544 2714 perpetuum
2564 2647 2827 2712 irascetur,
2860 2641 3017 2716 neque
3041 2650 3430 2704 comminabitur
3453 2668 3473 2714 ;

1897 2722 1951 2767 et
1975 2713 2137 2786 liujus
2167 2713 2477 2771 salvationis
2504 2718 2608 2783 jam
2637 2718 2849 2771 arrliam
2881 2713 3159 2784 habemus,
3190 2722 3312 2786 quia
3353 2713 3473 2775 cum

1898 2783 2061 2838 nobis
2104 2788 2469 2852 peccatoribus
2498 2786 2627 2841 nihil
2668 2787 2769 2841 nisi
2815 2783 3469 2854 supplicium'deberetur.
3522 2832 3525 2845 ,

1900 2870 2003 2927 non
2032 2855 2150 2925 fecit
2180 2857 2323 2910 nobis
2353 2858 2627 2911 secundum
2657 2868 2863 2926 peccata
2891 2869 3095 2922 nostra,
3136 2874 3296 2927 neque
3326 2864 3475 2915 retri-

1903 2923 2008 2997 buit
2034 2923 2178 2980 nobis
2220 2931 2499 2981 secundum
2540 2923 2832 2997 iniquitates
2876 2938 3097 2982 nostras.
3140 2923 3243 2983 Pro
3286 2932 3473 2986 eodem

1900 2996 2422 3070 accipitiniquitates
2452 3009 2502 3050 et
2528 2996 2767 3070 peccata.
2803 2997 2893 3051 Vel
2927 3010 3080 3070 potes
3124 2998 3323 3056 referre
3350 3018 3473 3070 pec-

1896 3074 2015 3138 cata
2043 3067 2109 3121 ad
2138 3069 2434 3137 originalia,
2468 3068 2769 3138 iniquitates
2798 3071 2865 3122 ad
2893 3068 3137 3123 actualia.

1976 3136 2239 3200 Quoniam
2274 3136 2572 3192 secundum.
2618 3136 2755 3192 Vere
2792 3138 3083 3193 secundum
3115 3149 3329 3208 peccata
3361 3158 3464 3198 non

233 3190 359 3284 dem
389 3190 1551 3287 ῇηίηίιῖἶᾶιίβὶξεῖξξξάίῴἰῖξξίῇίι’ἷιῇξῖιίιξι
1824 3190 1870 3254 C
1902 3190 2027 3262 fecit
2054 3190 2235 3287 nobis,
2269 3190 2842 3287 quiamisericqrditer
2863 3190 3137 3287 nobiscum
3165 3212 3309 3287 egit;
3345 3231 3465 3269 nam

233 3283 582 3346 mine~justi,
628 3287 934 3356 mercedem
978 3283 1106 3355 justi
1156 3283 1397 3355 accipiet.
1453 3286 1557 3341 Sed
1608 3286 1797 3356 aliquis

233 3359 492 3426 PPI'verse
514 3355 743 3426 etnimis
772 3358 915 3425 large
944 3357 1363 3412 misericordiam
1408 3356 1674 3425 accipiens
1698 3355 1798 3410 7di-

234 3417 309 3469 cit
338 3434 349 3468 :
380 3417 628 3496 Nunquid
672 3440 779 3480 non
802 3417 1063 3496 cdrrigam
1087 3427 1251 3483 ﬁlium
1302 3417 1636 3481 luxuriosum
1655 3466 1670 3491 ,
1699 3442 1797 3482 nec

238 3503 456 3566 servum
484 3493 836 3566 sceleratum?
868 3497 919 3551 ls
947 3493 1079 3553 sciat
1104 3500 1226 3566 quia
1248 3497 1431 3565 regula
1452 3498 1794 3553 Domini‘non

236 3559 583 3635 reprehendit
604 3566 723 3620 haec
741 3568 787 3621 si
820 3569 969 3633 tiant,
994 3570 1099 3622 imo
1121 3559 1413 3635 respon'det
1440 3570 1487 3621 si
1515 3583 1618 3621 non
1643 3569 1793 3622 liant.

237 3627 415 3706 Debes
445 3634 583 3687 enim
612 3627 1099 3706 corrigere'oinnes
1140 3637 1207 3692 ad
1220 3627 1623 3692 correctionem
1655 3650 1799 3693 tuam

238 3702 601 3776 pertinentes,
629 3706 673 3759 si
690 3702 867 3762 autem
898 3710 989 3776 qui
1009 3708 1077 3763 ad
1101 3717 1154 3762 te
1173 3723 1277 3761 non
1301 3709 1531 3763 attinent
1549 3708 1643 3763 tibi
1666 3711 1800 3763 inle-

239 3781 369 3848 ruint
396 3772 642 3848 iniuriam
661 3816 674 3839 ,
702 3772 965 3847 patienter
994 3782 1256 3833 sustineas
1285 3793 1401 3848 eam
1420 3818 1434 3841 ,
1487 3778 1610 3846 quia
1662 3783 1800 3835 sicut

238 3841 551 3913 misericors
579 3841 718 3912 erit,
762 3849 806 3903 si
859 3859 914 3903 tu
958 3849 1207 3903 misertus
1252 3847 1455 3913 fueris,
1503 3841 1585 3902 ita
1641 3851 1799 3905 etiant

240 3911 553 3989 misericors
582 3911 707 3981 erit,
734 3928 792 3972 ut
825 3934 929 3973 non
958 3928 1249 3973 remaneat.
1285 3911 1516 3972 inultum
1543 3922 1799 3989 quidquid

240 3992 355 4054 pro
369 3980 568 4049 iustitia
602 3980 818 4053 pateris.
852 3990 920 4043 Et
944 3990 1062 4043 ideo
1079 3988 1257 4045 subdit
1278 4006 1289 4041 :
1310 3990 1446 4054 Quia
1474 3980 1577 4045 erii
1600 3980 1801 4048 iaciens

232 4052 494 4129 iudicium
533 4058 763 4129 omnibus
798 4076 889 4126 pro
934 4060 1135 4127 iustitia
1184 4052 1488 4127 patientibus
1534 4061 1801 4129 injurias».

241 4122 578 4197 lli-apostera
630 4127 764 4183 duos
798 4122 1090 4197 'sequ'entes
1130 4122 1347 4193 versus,
1381 4139 1435 4184 et
1470 4129 1555 4183 dic
1581 4122 1616 4183 ἐ
1663 4131 1805 4190 Vere

242 4188 500 4267 Dominus
521 4205 601 4249 est
629 4201 824 4262 faciens
848 4188 1243 4267 misericordias,
1272 4188 1395 4263 quia
1416 4211 1496 4254 est
1522 4188 1805 4257 miserator

242 4270 297 4314 et
318 4264 648 4339 misericors.
677 4270 977 4325 Misericors
1002 4264 1550 4339 quidetn’aliectione,
1580 4276 1803 4327 misera-

246 4340 331 4409 tur
352 4334 696 4404 exhibitione,
742 4341 864 4409 quia
893 4334 1126 4411 undique
1148 4357 1245 4395 nos
1268 4351 1425 4395 vocat
1466 4334 1544 4396 ad
1574 4358 1803 4398 conver-

242 4414 474 4482 sronem,
513 4410 758 4482 undique
800 4412 865 4464 ad
898 4413 1280 4482 ptBnitentiam.
1322 4412 1469 4465 Sicut
1538 4413 1612 4466 ait
1664 4418 1806 4482 Apo-

240 4473 416 4553 stolus
445 4492 458 4553 _:
489 4477 567 4553 Art
594 4473 800 4553 ignoras
834 4473 1035 4534 diuitias
1054 4483 1232 4551 gratia:
1251 4481 1481 4553 DeiiAn
1500 4484 1661 4553 nescis
1687 4473 1805 4553 quia

1900 3280 2268 3343 corroboravit,
2302 3280 2353 3333 id
2394 3289 2507 3347 est,
2536 3277 2873 3333 conﬁrmavit
2900 3277 3301 3333 misericordiam
3330 3300 3475 3337 suam

1898 3364 2049 3419 super
2079 3352 2305 3403 timentes
2344 3367 2417 3415 se,
2460 3352 2735 3403 secundum
2764 3350 3084 3419 altitudinem
3116 3356 3224 3415 cum
3254 3369 3285 3405 a
3313 3364 3469 3409 terra.

1900 3418 2140 3485 (licium,
2199 3421 2251 3475 id
2293 3430 2413 3484 est,
2471 3420 2860 3475 ﬁrmamentum
2915 3419 3146 3490 undique
3200 3426 3473 3489 inqualiter

1900 3492 2064 3543 altum
2108 3503 2189 3547 est
2237 3505 2266 3543 a
2300 3499 2460 3556 terra,
2492 3498 2547 3544 et
2589 3490 2817 3559 undique
2862 3493 3084 3559 protegit
3132 3500 3350 3548 terram.
3408 3496 3477 3553 Et

1900 3562 2074 3630 guinis
2116 3560 2310 3630 gratia,
2356 3561 2410 3614 id
2472 3571 2573 3625 est,
2610 3562 2896 3629 temperies
2936 3571 3089 3615 terrte
3131 3577 3161 3615 a
3206 3565 3346 3619 coelo
3376 3578 3476 3621 est.

1901 3628 1970 3682 Et
1995 3644 2077 3685 est
2105 3628 2286 3688 dicere
2326 3650 2337 3685 :
2381 3631 2455 3685 lta
2500 3628 2836 3686 conﬁrmavit
2884 3632 3140 3685 Dominus
3184 3636 3471 3691 misericor-

1901 3701 2041 3776 diam
2066 3719 2215 3757 suam
2260 3717 2411 3772 super
2442 3701 2668 3757 timentes
2694 3719 2747 3755 se
2766 3712 2880 3776 ,_ut_
2900 3700 3036 3755 sicut
3063 3704 3256 3757 caelum
3284 3720 3313 3759 a
3346 3722 3470 3776 pro-

1902 3771 2133 3827 tectione
2162 3771 2404 3828 terrtese
2442 3787 2549 3825 non
2582 3781 2758 3841 potest
2780 3771 3104 3841 disjungere,
3140 3776 3211 3827 ita
3242 3771 3473 3835 nec'mi-

1901 3842 2195 3899 sericordia
2211 3846 2326 3912 ejus
2346 3858 2375 3895 a
2400 3842 2725 3912 protectione
2738 3844 3039 3897 timentium
3063 3859 3206 3909 eum,
3234 3864 3336 3901 non
3357 3851 3467 3909 dis-

1900 3912 2071 3984 iungit
2092 3931 2168 3971 se.
2201 3910 2290 3969 vel
2316 3913 2502 3967 aliter:
2527 3910 2871 3967 Conlirmavit
2895 3915 3291 3971 misericordiam
3321 3938 3468 3975 suum

1902 3988 2179 4040 secundum
2220 3984 2540 4038 altitudinem
2571 3984 2682 4036 creti
2711 4001 2741 4036 a
2768 3996 2900 4037 terra
2920 4024 2935 4050 ,
2968 3986 3019 4037 id
3049 3998 3150 4050 est,
3184 3987 3235 4040 in
3266 3997 3467 4046 tantum

1904 4056 1958 4110 in
1987 4055 2348 4132 quantum__illi
2376 4055 2466 4122 qui
2497 4054 2566 4108 de
2593 4063 2731 4132 terra
2756 4053 3249 4132 cmlumrfactisunt
3271 4060 3470 4115 distant

1906 4140 2047 4179 nunc
2093 4127 2161 4179 ab
2211 4126 2313 4178 alia
2365 4134 2526 4188 terra,
2555 4123 2658 4177 tvel
2702 4140 2730 4175 a
2775 4138 2834 4179 se
2876 4123 3004 4191 ipsis
3033 4128 3119 4193 qui
3154 4128 3295 4192 prius
3321 4144 3474 4186 erant

1906 4204 2069 4250 terra.
2123 4196 2188 4248 Et
2217 4194 2450 4249 ostendit
2488 4194 2625 4247 idem
2654 4208 2748 4257 per
2774 4194 2929 4247 aliam
2958 4194 3365 4253 similitudinem
3389 4203 3474 4255 di»

1903 4280 2035 4320 cens
2068 4282 2080 4317 :
2115 4267 2247 4331 Quia
2288 4266 2404 4333 fecit
2454 4263 2741 4331 iniquitates
2768 4274 2967 4317 nostras
2997 4264 3148 4337 longe
3186 4286 3217 4321 a
3248 4271 3390 4325 nobis
3420 4275 3474 4327 in

1907 4346 2132 4401 tantum,
2162 4343 2415 4403 quantum
2446 4345 2595 4387 ortus
2622 4344 2703 4387 est
2742 4337 3024 4400 occidens;
3068 4340 3180 4394 inec
3205 4347 3471 4397 contraria

1907 4407 2166 4482 naturalia
2195 4406 2395 4459 distant
2414 4406 2549 4457 inter
2577 4405 2778 4482 se_._\lel
2802 4406 2953 4461 aliter
2984 4425 2995 4457 :
3026 4408 3154 4464 Orta
3182 4425 3263 4467 est
3286 4424 3471 4482 gratia,

1907 4476 2152 4553 occident
2198 4487 2416 4553 peccata
2466 4492 2477 4525 :
2530 4485 2585 4529 et
2634 4475 2752 4529 ideo
2798 4492 2889 4543 per
2935 4493 3111 4535 ortum
3158 4475 3469 4553 intelligitur

242 4544 488 4609 patientia
516 4544 701 4621 Dei—ad
732 4544 1074 4618 pernitcntt'ani
1120 4562 1166 4604 te
1209 4552 1457 4605 adducit?
1498 4552 1660 4607 Vocat
1700 4544 1807 4609 'nos
1836 4545 1885 4604 Ι)
1911 4550 2097 4621 gratia,
2133 4562 2224 4614 per
2269 4546 2597 4621 occidentem
2628 4560 2755 4600 vero
2780 4562 2933 4615 ptena
2965 4544 3472 4621 peccatorurnfqute

241 4624 506 4691 creaturae
526 4618 824 4691 beneﬁciis,
872 4629 1025 4675 vocat
1073 4636 1169 4675 nos
1217 4623 1579 4690 spiritualibus
1624 4626 1797 4691 donis,

241 4690 299 4764 et
330 4684 449 4763 ideo
472 4696 558 4764 est
582 4684 845 4744 miseratur
870 4700 916 4745 et
940 4693 1222 4764 misericors
1247 4684 1266 4744 ἱ
1300 4692 1394 4746 sed
1442 4694 1516 4764 ita
1542 4684 1803 4764 intelliga;

242 4758 331 4804 tur
384 4757 705 4823 misericors,
760 4773 816 4815 ut
868 4771 922 4816 ct
971 4762 1211 4817 videatur
1256 4765 1450 4829 justus.
1488 4762 1633 4817 Sicut
1662 4757 1803 4819 enim

242 4837 389 4897 nunc
412 4835 495 4897 est
532 4829 864 4895 misericors,
896 4832 1208 4887 ita'tandem
1240 4837 1341 4886 erit
1361 4848 1518 4886 verax
1554 4852 1565 4885 :
1600 4848 1653 4888 ct
1683 4835 1803 4889 ideo

244 4896 541 4949 timendum
572 4910 682 4975 est,
703 4915 769 4955 ne
800 4903 1008 4975 tandem
1026 4903 1363 4975 experiamur
1388 4902 1612 4972 justum,
1646 4920 1805 4975 quem

245 4977 392 5041 nunc
420 4971 809 5041 contemnimus
839 4974 1147 5041 benignum.
1180 4972 1433 5040 Sequitur
1460 4990 1471 5024 :

314 5033 648 5113 Lattganitnis
678 5050 769 5113 est,
795 5052 847 5092 ut
876 5033 1096 5096 militum
1120 5033 1419 5098 misericors.
1462 5043 1807 5113 Longanimis

241 5108 473 5186 estpqui
500 5122 604 5160 non
638 5112 816 5186 statim
848 5114 995 5176 punit
1026 5123 1240 5186 peccata
1272 5126 1475 5179 nostra,
1500 5108 1807 5186 sedlenga-

243 5180 489 5256 nimitate
517 5180 705 5256 quierit
733 5181 870 5256 bona
899 5197 1080 5256 opera.
1129 5184 1190 5238 Si
1213 5186 1353 5256 enim
1382 5187 1596 5254 puniret
1622 5180 1809 5256 pecca-

241 5254 440 5309 torem,
474 5262 629 5314 quem
662 5248 881 5303 haberet
924 5251 1295 5308 laudatorem?
1339 5248 1449 5311 Nec
1488 5248 1663 5311 tamen
1698 5262 1811 5313 vult

240 5314 295 5365 in
325 5318 542 5397 corvina
574 5333 702 5373 voce
717 5320 1058 5397 dilationem,
1089 5323 1184 5377 sed
1212 5323 1267 5397 in
1291 5326 1593 5397 columbino
1612 5334 1809 5397 gemitu

240 5385 657 5465 confessionem.
713 5391 933 5465 Multum
978 5385 1154 5448 autetn
1202 5396 1507 5450 misericors
1555 5385 1657 5465 esi,
1688 5400 1809 5465 quia

243 5467 555 5529 retnunerat
579 5460 632 5513 in
660 5463 812 5515 nobis
834 5476 938 5515 non
965 5474 1146 5517 nostra
1169 5466 1377 5529 merita,
1410 5468 1502 5520 sed
1524 5484 1616 5519 sua
1646 5460 1806 5525 dona.

241 5524 477 5580 Hesume
506 5538 669 5583 totum
702 5547 931 5597 tersum,
963 5544 1017 5587 et
1051 5535 1171 5587 dic:
1204 5524 1447 5590 Dominus
1475 5538 1737 5592 miseratur
1766 5524 1813 5594 et

240 5598 551 5673 misericors,
576 5601 878 5669 longanimis
906 5613 950 5657 ct
978 5606 1191 5658 multum
1220 5608 1524 5669 misericors,
1551 5611 1663 5673 ipse
1694 5611 1814 5666 fecit

239 5670 561 5744 tintashvias
618 5686 739 5725 suas
804 5675 1102 5741 prtedictas,
1146 5678 1349 5732 scilicet
1396 5670 1811 5736 misericordiam

240 5744 308 5859 «aiti
338 5736 616 5805 judicmm,
664 5758 755 5809 per
804 5736 937 5813 quas
995 5736 1107 5815 ipse
1157 5748 1223 5802 ad
1274 5764 1369 5805 nos
1413 5752 1576 5813 venit,
1619 5762 1671 5806 et
1716 5767 1814 5810 nos

338 5823 480 5859 eum.

238 5818 308 5859 aa
338 5823 480 5860 eunt.

520 5901 788 5965 Parnm.
837 5907 1053 5969 XCI".

1914 4620 2157 4684 adempta
2207 4628 2289 4671 est
2339 4631 2431 4681 per
2472 4616 2720 4685 adempta
2775 4631 3007 4686 peccata.
3044 4624 3105 4675 Et
3132 4637 3210 4677 est
3249 4616 3473 4680 dicere;

1906 4687 2163 4752 Quantum
2210 4689 2365 4765 distat
2413 4697 2555 4765 ortus
2592 4690 2659 4765 ab
2703 4690 2980 4765 occidente,
3014 4693 3196 4756 idest,
3247 4700 3413 4765 gratia
3445 4714 3473 4750 a

1906 4774 2083 4834 paena,
2115 4768 2218 4834 tam
2250 4758 2554 4834 longe__[ecit
2583 4759 2867 4834 iniquitates
2896 4772 3111 4818 nostras.
3160 4767 3223 4819 Et
3248 4758 3477 4834 qualiter

1907 4835 2008 4883 boc
2035 4828 2185 4893 fecit,
2218 4829 2452 4883 ostendit
2481 4830 2664 4884 dicens
2699 4850 2709 4884 :
2743 4830 2997 4888 Dominus
3039 4828 3280 4890 misertus
3306 4847 3380 4891 est
3410 4840 3475 4893 ti-

1906 4900 2153 4977 trientibus
2195 4917 2247 4977 se
2284 4901 2465 4977 taliter
2511 4904 2763 4970 quomodo
2809 4906 3071 4958 miseretur
3116 4918 3257 4977 pater
3282 4907 3475 4977 aliquis

1908 4971 2157 5045 ﬁliorum.
2204 4970 2314 5026 Sub
2343 4971 2497 5045 Patre
2527 4989 2653 5041 ergo
2696 4978 3008 5029 verberante
3042 4970 3327 5045 ploremus,
3370 4970 3470 5031 sub

1908 5043 2278 5115 emendatione
2310 5044 2427 5112 ejus
2458 5059 2731 5112 gemamus
2758 5046 2910 5110 :quia
2937 5043 3197 5115 ﬂagellum
3220 5050 3335 5115 eius
3360 5064 3473 5103 inec

1908 5112 2084 5187 dicina
2112 5124 2216 5187 est,
2268 5129 2373 5167 non
2421 5130 2597 5183 pinna,
2627 5129 2679 5169 et
2724 5112 3135 5187 castigatio'tion
3178 5112 3465 5173 damnatio.

1910 5184 1975 5238 Et
2006 5184 2123 5239 ideo
2152 5184 2395 5238 misertus
2425 5197 2524 5252 est,
2556 5187 2792 5253 quoniam
2836 5184 2942 5256 ipse
2985 5190 3213 5258 ragnovit
3253 5189 3469 5256 ﬁgmen-

1911 5264 2019 5307 tum
2044 5264 2294 5311 nostrum.
2339 5259 2450 5311 Scit
2477 5259 2618 5311 enim
2648 5258 2771 5325 quid
2812 5259 2953 5323 fecit,
2980 5269 3035 5313 et
3065 5260 3326 5328 quomodo
3356 5259 3472 5328 lap-

1910 5339 2027 5379 sum
2059 5329 2145 5389 sit,
2178 5337 2231 5381 et
2261 5328 2525 5395 quomodo
2557 5328 2897 5385 reliciendum
2922 5332 3011 5385 sit.
3350 5344 3355 5349 '

1986 5396 2297 5451 Recordatus
2328 5409 2419 5451 est.
2473 5400 2590 5451 Ideo
2636 5414 2845 5468 quoque
2889 5406 3135 5455 misertus
3171 5408 3253 5453 est
3283 5401 3478 5468 nostri,

1914 5469 2035 5537 quia
2084 5472 2374 5523 recordatus
2421 5480 2494 5521 est
2538 5470 2771 5537 quoniam
2818 5472 2977 5539 pulvis
3018 5488 3215 5525 sumus.
3262 5474 3325 5525 Et
3353 5488 3477 5526 vere

1916 5540 2106 5607 pulvis,
2140 5540 2389 5606 quoniam
2415 5541 2585 5603 homo,
2616 5540 2665 5592 id
2696 5550 2795 5603 est,
2827 5545 2893 5595 ab
2932 5544 3092 5596 homo
3122 5558 3326 5595 sumus.
3375 5546 3473 5593 At-

1918 5611 2095 5662 tendat
2137 5625 2261 5676 ergo
2306 5612 2471 5663 tniser
2500 5611 2655 5664 homo
2681 5611 2804 5677 quid
2851 5613 2918 5665 sit
2951 5614 3131 5677 homo,
3163 5622 3220 5665 ut
3248 5628 3353 5665 non
3384 5626 3475 5665 su-

1918 5682 2119 5748 perbiat
2166 5682 2343 5731 ltotno.
2390 5680 2517 5733 Nam
2566 5680 2687 5747 quid
2725 5683 2963 5748 superbit
3012 5682 3207 5742 homo?
3255 5683 3472 5734 lit-nstra

1918 5752 2116 5818 utique,
2147 5752 2266 5817 quia
2299 5750 2404 5803 dies
2426 5752 2537 5820 ejus
2560 5753 2688 5803 sicut
2718 5753 2913 5820 fenum,
2944 5754 3103 5806 modo
3136 5752 3333 5807 scilicet
3370 5754 3470 5804 lio-

1828 5892 1831 5893 ,
1917 5834 2112 5886 rentes,
2148 5830 2201 5876 et
2226 5822 2403 5879 statim
2446 5832 2765 5891 arescentes,
2810 5834 2861 5883 et
2910 5825 3142 5895 εῃιονεῡὶι
3190 5825 3347 5879 homo
3375 5824 3470 5886 sic.

2964 5917 3040 5975 332
