4006 6364
507 285 645 342 1007

501 409 670 465 etiam
713 417 860 474 aqum
904 402 1108 474 stabunt
1153 418 1306 472 super
1352 413 1564 457 montes.
1607 403 1711 460 Sed

497 478 655 536 Nu’lla
693 473 903 542 utique,
937 473 1056 541 quia
1097 474 1289 541 fugient
1329 488 1511 543 aqum,
1553 474 1602 528 id
1642 473 2067 540 est,'cessabun'

497 546 900 620 persecutiones
927 544 987 595 ab
1018 543 1357 620 increpatione
1386 554 1509 610 tua,
1548 547 1707 620 id_est
1729 590 1742 609 ,
1775 562 1866 620 per
1897 547 2072 620 incre-

497 615 805 692 pationem,
829 628 991 692 quam
1023 623 1076 667 tu
1108 615 1267 668 iacies
1296 630 1391 692 per
1422 627 1566 692 tuos.
1593 617 1807 692 Etvere
1834 617 2035 684 fugient
2058 657 2071 681 ,

499 684 995 763 qtiiaformidabunt
1036 701 1068 763 ᾳ
1107 700 1224 763 voce
1253 686 1463 738 tonitrai
1493 687 1599 752 tui,
1623 687 1684 763 id
1715 697 1824 763 est,
1860 696 2074 763 propter

498 755 832 818 manifestam
860 755 1327 810 comminationem
1370 765 1576 811 tuorum
1605 757 1894 812 dicentium
1929 775 1940 810 :
1983 757 2074 811 γω

497 832 690 886 mundo
730 826 1062 899 ascandalis.
1106 825 1317 899 liursus
1334 843 1346 878 :
1384 826 1503 881 Nisi
1539 829 1884 897 paenitentiam
1910 829 2074 899 egeri-

497 905 583 960 tis.
629 897 875 967 peribitis,
921 905 975 949 et
1019 897 1234 950 similia.
1283 896 1348 950 Et
1392 909 1634 954 cessante
1683 896 2070 966 persecutione,

495 972 694 1039 quibus
719 967 958 1035 oppressi
985 977 1158 1032 erant,
1191 977 1385 1022 montes
1415 973 1703 1032 ascendant,
1734 969 1786 1024 id
1816 981 1918 1036 est,
1948 982 2072 1026 tunc

498 1039 774 1109 apparebit
802 1046 1107 1109 sanctorum
1135 1039 1498 1103 apostolorum
1537 1050 1590 1094 et
1627 1041 1853 1095 aliorum
1886 1043 2072 1108 prmia-

499 1105 674 1167 torum
704 1107 1012 1164 eminentia.
1055 1105 1120 1159 Et
1151 1109 1318 1178 campi
1360 1109 1587 1164 humiles
1628 1113 1826 1165 subditi
1864 1105 2071 1166 descen-

495 1185 637 1236 dent.
684 1182 950 1243 Quantum
991 1179 1250 1252 eninrilli
1296 1179 1409 1252 plus
1447 1181 1740 1252 ascendunt
1788 1183 1839 1236 iu
1885 1185 2073 1252 prmla-

494 1253 640 1308 tione
659 1292 674 1316 ,
705 1259 848 1303 tanto
887 1248 1053 1320 magis
1082 1249 1165 1300 isti
1195 1250 1472 1320 prolicient
1502 1251 1553 1304 in
1583 1248 1933 1320 subjectione.
1965 1255 2071 1310 Sed

495 1331 673 1377 tamen
716 1334 888 1389 neque
926 1317 1005 1372 illi
1035 1319 1362 1392 ascendunt,
1395 1335 1566 1390 neque
1595 1317 2068 1392 isti—descendunt,

495 1395 598 1448 nisi
639 1395 690 1446 in
721 1392 887 1444 locum
925 1403 1072 1458 quem
1116 1397 1169 1443 tu
1206 1390 1458 1456 fundasti,
1496 1393 1546 1446 id
1577 1405 1680 1457 est,
1713 1395 1936 1451 lirmiter
1963 1390 2073 1452 disi-

492 1463 742 1532 posuisti.
793 1461 1164 1530 Unusquisque
1201 1459 1342 1516 enim
1368 1460 1636 1531 propriam
1665 1464 1882 1522 domum
1912 1468 2072 1524 habet

488 1549 522 1588 a
551 1535 754 1599 Spiritu
786 1540 986 1585 sancto.

565 1601 1120 1678 Terminumposuisti.
1150 1601 1271 1656 Ideo
1293 1602 1411 1678 dico
1436 1611 1487 1659 te
1510 1604 1680 1659 locum
1705 1607 1782 1661 eis
1804 1611 2067 1678 posuisse,

489 1677 619 1744 quia
647 1683 700 1729 tu
733 1674 946 1740 posuisti
974 1673 1264 1738 terminum,
1296 1673 1349 1727 id
1375 1682 1475 1740 est,
1502 1685 1702 1730 certam
1731 1673 1927 1733 metam
1957 1673 2070 1736 om;

966 283 1171 342 unum
1210 284 1664 347 VENERABILIS
1703 288 1852 346 ore.
1906 259 2085 343 rans
2123 283 2186 342 ιι.
2229 285 2417 343 ΞΕΟΤ.
2462 286 2527 342 ιι.
2570 314 2640 329 -ς-
2675 285 2884 342 DUBIA
2923 283 3011 341 er
3051 284 3325 342 SPURIA.

1750 419 1869 474 qua:
1907 403 2070 458 cura?
2102 404 2150 463 Α
2177 401 2269 474 Yel
2301 402 2458 456 aliter
2491 420 2504 454 :
2540 401 2786 458 Volucres
2816 403 2948 474 casti,
2985 403 3072 474 qui
3101 403 3246 470 prius
3276 413 3421 474 erant
3459 402 3757 472 instabiles,

3623 289 3761 347 1088

2173 471 2468 527 habitabant
2497 490 2650 541 super
2674 491 2732 528 ea
2751 513 2768 538 ,
2802 473 2854 527 id
2881 485 2964 528 est
2984 471 3008 538 ,
3042 473 3240 526 fundati
3273 472 3323 525 in
3366 474 3471 528 [ide
3501 471 3757 531 montium

2173 553 2228 597 et
2253 544 2572 599 convallium
2603 545 2820 600 stabiles
2841 554 3026 610 erunt;
3059 554 3113 599 et
3138 546 3328 597 dabunt
3359 561 3533 599 vocem
3561 548 3627 600 de
3653 565 3758 602 me-

2172 614 2256 668 dio
2288 626 2567 682 petrarum,
2599 625 2658 668 ut
2687 615 2852 684 prius.

2247 685 2441 754 [ligans
2485 694 2698 740 montes.
2740 686 2945 741 Dictum
2982 695 3066 742 est
3107 702 3119 738 :
3163 685 3241 740 Tu
3276 687 3464 740 emittis
3501 691 3670 756 [crates
3712 692 3764 744 in

2175 758 2527 828 convallibus;
2559 767 2633 825 tu,
2666 757 2808 822 dico,
2839 758 2999 811 etiam
3025 759 3196 825 rigans
3223 768 3416 816 montes
3443 759 3507 810 de
3537 763 3766 828 superio-

2172 827 2314 881 ribus
2337 829 2465 896 suis,
2490 828 2539 883 id
2562 838 2665 893 est,
2693 828 3171 900 imbuensmontes
3190 828 3558 895 spiritualibus
3584 833 3763 900 donis,

2173 913 2290 964 quae
2318 914 2346 952 a
2379 909 2463 965 te,
2495 901 2585 968 qui
2614 914 2739 954 vere
2769 899 3016 968 superior
3050 915 3126 960 es.
3159 901 3278 966 quia
3309 908 3546 964 creator,
3582 916 3767 968 proce-

2172 968 2323 1024 dunt.
2357 971 2518 1023 Omne
2550 972 2681 1025 enim
2709 971 2904 1034 datam,
2938 979 2984 1023 et
3006 985 3152 1024 omne
3179 969 3372 1022 donum
3400 972 3658 1038 Optimam
3684 975 3766 1026 de-

2172 1055 2373 1112 sursum
2421 1049 2522 1109 est,
2568 1041 2879 1095 descendens
2923 1056 2954 1092 a
3005 1039 3158 1093 Patre
3202 1041 3476 1093 luniinum.
3529 1041 3603 1095 Et
3651 1046 3770 1112 quia

2177 1109 2376 1164 habent
2419 1127 2450 1164 a
2496 1122 2568 1177 te,
2602 1127 2706 1166 non
2752 1127 2781 1164 a
2829 1126 2908 1174 se,
2955 1112 3077 1166 ideo
3123 1120 3262 1164 terra
3305 1115 3510 1165 sociata
3551 1109 3772 1180 per'eos

2173 1182 2461 1236 sociabitur
2487 1183 2555 1236 de
2596 1181 2767 1237 fructu
2806 1197 3029 1250 operum
3069 1197 3173 1235 non
3215 1181 3476 1249 ipsorum,
3520 1183 3619 1236 sed
3654 1196 3769 1237 tuo-

2172 1265 2312 1306 rmu.
2339 1251 2522 1321 Neque
2544 1252 2676 1306 enim
2700 1253 2786 1321 qui
2807 1256 3027 1321 plantat,
3051 1252 3127 1305 uel
3151 1252 3239 1322 qui
3261 1253 3417 1321 rigat,
3446 1261 3524 1306 est
3548 1256 3772 1322 aliquid,

2173 1323 2262 1375 sed
2289 1325 2374 1389 qui
2402 1326 2763 1378 incrementum
2793 1329 2878 1376 dat
2908 1322 3064 1377 Deus.

2249 1393 2538 1447 Producens
2565 1395 2755 1463 fenum.
2789 1393 3093 1456 Satiabitur,
3125 1393 3336 1462 inquam
3357 1435 3372 1459 ,
3401 1405 3577 1459 terra;
3609 1406 3771 1463 terra,

2173 1461 2315 1534 dico,
2343 1461 2623 1532 producens
2652 1465 2824 1534 [cnam
2851 1465 3117 1531 jumentis.
3138 1461 3247 1534 vel
3279 1476 3452 1530 potest
3481 1467 3681 1524 referri
3711 1461 3774 1523 ad

2175 1533 2493 1599 Dominum,
2548 1547 2604 1610 ut
2652 1533 2728 1610 sic
2777 1534 2986 1589 dicatur
3036 1552 3048 1587 :
3104 1533 3772 1610 Emittis‘fontes,rigans

2174 1615 2388 1671 montes,
2423 1617 2475 1677 et
2506 1606 2750 1660 satiando
2772 1615 2985 1677 terram
3006 1607 3290 1677 prodacens
3320 1607 3497 1675 fenum
3519 1649 3534 1672 ,
3567 1609 3626 1663 id
3652 1606 3772 1677 est,

2176 1674 2481 1730 necessaria
2507 1677 2738 1730 carnalia
2764 1675 3053 1745 jutnEntis,
3101 1676 3153 1728 id
3179 1686 3292 1741 est,
3322 1674 3774 1745 praedicatoribus

487 1743 670 1812 nibus,
705 1744 930 1828 scilicet,
975 1743 1336 1828 illiititibus_et
1374 1748 1574 1812 campis
1613 1758 1667 1800 ct
1707 1751 1878 1828 aquis,
1921 1769 2067 1821 quem

2175 1749 2375 1828 sanctis
2407 1743 2795 1828 triturantibus,
2831 1756 3131 1828 utgrana‘a
3163 1743 3348 1816 paleis,
3383 1749 3576 1828 id_est,
3607 1752 3775 1828 honos

489 1832 595 1892 non
632 1814 1082 1892 transgredientur.
1127 1815 1194 1867 lit
1218 1813 1336 1868 ideo
1363 1830 1516 1885 aqua:
1546 1813 1823 1892 postquam
1848 1813 1957 1891 jam
1983 1823 2068 1892 ju-

487 1886 650 1941 bente
701 1898 750 1941 te
798 1884 1083 1953 Iugierunt,
1103 1954 1112 1956 _
1132 1899 1399 1956 nunquam
1421 1884 1693 1956 amplius
1718 1884 2070 1947 convérteniar

489 1959 691 2030 aperire
720 1967 924 2030 terram:
955 1954 1116 2030 Quasi
1141 1955 1280 2010 dicat
1312 1973 1327 2030 :_
1358 1955 1504 2010 Mare
1522 1954 1551 2022 ,’
1572 1959 1710 2028 quod
1749 1964 2067 2030 movebitur,

487 2038 544 2081 et
569 2028 762 2082 ﬂuctus
794 2025 1018 2080 tundent
1044 2027 1212 2090 littus,
1240 2027 1361 2094 quia
1390 2043 1492 2080 non
1519 2025 1736 2083 omnino
1770 2025 2069 2097 persecutio

485 2099 895 2173 exstirpabitur,
924 2097 1015 2150 sed
1048 2105 1224 2173 tamen
1254 2111 1520 2165 nunquam
1547 2100 1776 2173 amplius
1804 2117 1956 2173 aqua:
1987 2122 2070 2161 re-

487 2169 850 2244 ve_rtentur_in
876 2177 1090 2244 statum
1130 2167 1318 2244 illum,_
1353 2177 1408 2222 ut
1437 2171 1680 2244 operiant
1714 2167 1907 2227 terrain
1929 2217 1944 2241 ,
1975 2191 2069 2244 op-

483 2239 727 2314 primant
765 2239 1087 2314 Ecclesiam,
1139 2245 1195 2290 ut
1241 2238 1405 2314 prius.
1455 2241 1608 2314 Quia,
1637 2254 1704 2314 et,
1736 2244 1780 2296 si
1832 2238 2072 2314 tempore

483 2308 804 2382 Antichristi
825 2311 1009 2382 gravis
1041 2308 1344 2376 persecutio
1370 2309 1543 2366 futura
1566 2312 1660 2382 sit,
1693 2313 1863 2370 levior
1889 2308 2066 2374 tamen

480 2380 608 2448 erit,
635 2383 758 2452 quia
782 2381 981 2452 ubique
1011 2394 1114 2452 non
1140 2382 1260 2452 erit.
1459 2395 1461 2397 ·

561 2450 665 2520 Qui
689 2453 892 2525 emittis.
920 2450 1200 2525 Al'osuisti,
1231 2451 1482 2525 inquam,
1512 2455 1590 2509 eis
1621 2455 1906 2510 terminum
1929 2499 1944 2524 ,
1975 2469 2028 2512 tu
2049 2501 2062 2525 ,

481 2523 624 2590 dico,
654 2526 740 2593 qui
769 2522 953 2578 emittis
985 2525 1150 2590 fontes
1179 2523 1229 2574 in
1258 2523 1590 2578 convallibus.
1632 2525 1913 2582 Convalles
1933 2522 2068 2584 sunt

483 2595 737 2662 depressa
771 2605 825 2649 et
850 2593 1192 2664 strictailuca
1221 2594 1359 2646 inter
1383 2605 1609 2660 montes,
1656 2611 1748 2663 per
1778 2614 1894 2664 qua:
1926 2600 2068 2654 desi-

484 2675 715 2736 gnantur
757 2665 1004 2728 humiles,
1033 2663 1099 2716 de
1137 2663 1328 2736 quibus
1370 2680 1465 2732 per
1511 2663 1820 2735 prophetam
1865 2670 2065 2726 dictum

479 2735 569 2811 est
596 2753 607 2786 :
641 2737 986 2811 Super‘quent
1026 2735 1299 2811 requiescet
1340 2737 1744 2811 spiritus‘meus,
1788 2740 1890 2792 nisi
1917 2758 2068 2811 super

480 2806 708 2874 quietam
736 2817 783 2859 et
813 2805 1076 2867 humilem,
1107 2816 1151 2856 et
1182 2808 1436 2860 timentem
1475 2807 1622 2860 verba
1665 2812 1816 2862 mea?
1856 2805 2067 2876 Quanto

482 2878 627 2945 enim
652 2876 983 2940 humiliores,
1010 2884 1157 2929 tanto
1182 2876 1235 2927 in
1265 2877 1526 2942 spirituali
1552 2880 1720 2945 gratia
1754 2881 2062 2938 lertiliorcs.

480 2944 553 3020 Ει
581 2947 700 3020 ideo
729 2947 856 3000 dicit
882 2963 894 2998 :
922 2946 1231 3020 Quinemittis
1257 2947 1442 3020 fontes,
1461 2949 1522 3020 id
1550 2944 1653 3016 est,
1678 2951 1767 3018 qui
1800 2967 2066 3020 praeparas

480 3016 855 3091 inexhaustam
879 3027 934 3091 et
958 3016 1282 3091 reﬁcientem
1304 3017 1674 3091 doctrinamin
1696 3016 2062 3091 convallibus;

481 3089 857 3158 pertransibunt
883 3090 1014 3140 inter
1042 3088 1565 3158 mediummontium,
1597 3089 1650 3145 id
1673 3101 1786 3158 est,
1820 3108 1924 3147 non
1955 3088 2063 3150 dis;

479 3159 716 3234 sentient
747 3176 776 3212 a
817 3157 1084 3234 communi
1111 3157 1674 3234 dt)Cll'ill£l_ill0llllUlll,
1712 3157 1901 3229 idest,
1936 3180 2064 3234 apo-

481 3230 767 3284 stolorum.
815 3229 942 3284 iiazc
970 3229 1113 3283 enim
1144 3229 1428 3284 concordia
1458 3245 1584 3286 vere
1624 3235 1956 3288 observanda
1971 3229 2069 3293 ἐει

481 3299 539 3374 in
571 3301 828 3374 Ecclesia.
863 3299 1012 3374 Unde
1040 3309 1095 3354 et
1121 3299 1393 3374 apostolus
1420 3301 1636 3374 Paulus,
1667 3306 1757 3373 qui
1789 3320 1962 3374 neque
1990 3309 2067 3361 di-

480 3370 611 3426 dicit
642 3372 710 3425 ab
738 3372 950 3443 homine
978 3386 1150 3443 neque
1177 3386 1269 3443 per
1299 3371 1568 3426 hominem
1589 3416 1605 3442 ,
1623 3370 1838 3443 tamen,
1869 3370 1935 3429 ne
1961 3378 2070 3432 dis-

481 3444 688 3516 sentire
727 3442 998 3516 videretur
1035 3441 1101 3495 ab
1140 3442 1294 3508 aliis,
1336 3443 1562 3516 contulit
1606 3448 1746 3514 quod
1787 3441 2071 3516 acceperat

481 3528 605 3568 cuin
645 3513 842 3583 eis,rct
880 3514 958 3566 sic
1000 3527 1213 3567 omnem
1253 3513 1633 3582 suspicionem
1659 3532 1873 3583 pravam
1905 3513 1972 3574 de
2010 3534 2070 3576 se

481 3585 697 3651 repulit.
723 3582 827 3656 δἐι
855 3583 1007 3656 aliter
1036 3601 1047 3635 :
1080 3582 1237 3656 Aqua:
1265 3583 1330 3638 de
1361 3582 1690 3641 convallibus
1720 3591 2068 3654 procedentes

479 3653 867 3728 pertransibunt
888 3655 1020 3706 inter
1044 3653 1269 3728 medium
1301 3656 1571 3728 montium,
1603 3657 1654 3711 id
1683 3653 1762 3711 εει
1783 3699 1796 3722 ,
1829 3675 1922 3728 per
1955 3663 2066 3715 val-

480 3723 591 3779 lem
636 3723 980 3798 transiluerit,
1024 3725 1145 3792 quia
1174 3725 1240 3777 ad
1271 3726 1414 3798 solos
1446 3723 1687 3782 homines
1717 3723 2065 3798 peri-enient;

483 3804 698 3868 montes
719 3809 866 3860 vero,
900 3796 950 3848 id
979 3805 1080 3860 est,
1112 3795 1369 3868 superbos
1400 3812 1505 3868 non
1537 3795 1815 3868 attingént.
1852 3802 1917 3854 Et
1945 3795 2067 3856 nota

480 3868 622 3930 quod
652 3866 772 3920 ideo
796 3868 941 3933 ponit
967 3864 1368 3935 pertransibunt,
1392 3867 1535 3934 quia,
1563 3878 1618 3920 ut
1641 3864 1930 3936 A'postolus
1953 3873 2025 3926 ait
2053 3891 2064 3924 :

478 3937 601 3991 Sive
627 3936 939 4008 prophetica,
982 3938 1083 3990 sive
1117 3937 1360 4000 scientia,
1401 3939 1795 4005 evacuabantar,
1828 3945 2070 4010 quoniam

477 4024 594 4061 cum
632 4011 821 4063 uenerit
848 4009 986 4078 quod
1027 4011 1304 4077 perfectum
1344 4015 1448 4073 est,
1493 4012 1814 4064 et'acuabitur
1842 4009 1980 4082 quod
2007 4029 2070 4068 ea:

478 4089 624 4147 parte
651 4090 743 4132 est.

555 4149 833 4204 Putabant.
863 4151 1024 4225 Quasi
1055 4149 1199 4225 dicat
1227 4167 1240 4204 :
1269 4149 1351 4225 De
1385 4150 1884 4225 aquisconvallium
1916 4165 2061 4225 pota-

479 4220 602 4292 bunt
653 4238 822 4275 omnes
871 4223 1040 4275 bestia:
1087 4223 1222 4292 agri,
1267 4221 1318 4273 id
1364 4233 1469 4292 est,
1511 4223 1672 4292 aliqui
1712 4226 1779 4280 de
1819 4220 2068 4281 omnibus

479 4291 666 4347 bestiis
689 4295 817 4361 agri.
845 4292 1047 4346 Bestias
1070 4291 1184 4361 agri
1214 4301 1370 4345 vocat
1394 4291 1642 4358 Judaeos;
1670 4297 1893 4358 bestias,
1923 4297 2064 4361 ideo,

478 4368 604 4431 quia
637 4373 690 4416 et
719 4367 763 4415 si
797 4365 960 4416 Deum
990 4377 1175 4416 verum
1197 4363 1463 4433 colerent,
1499 4374 1674 4418 tamen
1705 4377 1921 4433 propter
1949 4367 2065 4420 sola

479 4434 709 4488 carnalia
744 4434 843 4487 hoc
870 4434 1152 4488 iaciebant.
1195 4431 1297 4486 Per
1326 4449 1510 4502 agrum
1538 4431 1716 4490 autem
1749 4431 2062 4504 designatur

477 4506 695 4582 cultura
729 4506 860 4582 legis
900 4514 954 4558 et
988 4487 1387 4582 prophetarum”
1413 4487 1490 4558 eis
2092 4487 2145 4545 Ῑ)

477 4576 652 4630 solum
684 4577 870 4630 bestia:
895 4580 1028 4643 agri,
1063 4575 1154 4628 sed
1184 4575 1342 4629 etiarn
1370 4577 1574 4645 onagri,
1609 4576 1663 4630 id
1688 4586 1788 4642 est,
1815 4575 2060 4646 gentiles,

474 4650 564 4715 qui
596 4659 746 4701 erant
776 4646 926 4716 quasi
956 4647 1229 4699 silvestres
1257 4646 1423 4712 asini,
1457 4648 1508 4699 id
1541 4658 1657 4711 est,
1688 4647 1866 4702 stolidi
1893 4661 1946 4703 et
1976 4650 2062 4703 iti-

476 4720 703 4780 domiti,
733 4719 1091 4783 exspectabant
1124 4716 1291 4784 potari
1323 4717 1390 4770 ab
1421 4718 1572 4785 aquis
1612 4721 1738 4772 illis.
1785 4719 1850 4771 Et
1881 4719 1982 4772 hoc
2009 4723 2063 4773 in

472 4788 560 4840 siti
591 4805 704 4849 sua,
736 4789 784 4842 id
814 4797 914 4852 est,
945 4790 996 4842 in
1027 4787 1161 4842 sitia
1193 4787 1298 4840 Deo
1329 4786 1429 4840 sibi
1451 4789 1594 4842 data.
1619 4789 1725 4842 Alii
1749 4789 1888 4841 enim
1921 4791 2059 4857 plus,

474 4860 563 4912 alii
595 4863 792 4924 minus,
825 4862 949 4927 quia
977 4861 1059 4912 ha:
1087 4870 1500 4924 contemperaue
1525 4871 1683 4922 sunt,
1714 4861 1854 4926 quod
1886 4861 1953 4913 de
1980 4862 2062 4915 his

476 4940 725 5002 putantur
771 4931 947 4997 magni
987 4939 1041 4984 et
1091 4931 1258 4995 parvi,
1307 4931 1529 5002 doctiet
1573 4929 1793 5002 indocti,
1829 4945 1985 4984 senes
2012 4941 2066 4986 et

474 4999 529 5054 et
560 5003 744 5069 pueri,
787 5002 1012 5071 quisque
1047 5015 1142 5071 pro
1172 5013 1262 5052 sua
1294 4999 1607 5071 capacitate.
1653 4999 1750 5054 llic
1779 5002 1919 5055 enim
1949 5004 2061 5056 ele-

475 5068 609 5140 phas
640 5068 1018 5140 natat,'agnus'
1043 5068 1310 5134 ambulat;
1353 5070 1440 5124 hic
1482 5085 1680 5140 onager
1719 5072 1977 5140 reﬁcitur,
2009 5083 2066 5128 et

473 5143 626 5213 lepus
655 5160 759 5197 non
790 5152 1037 5197 terretur.

551 5214 720 5284 Super
752 5232 832 5267 ea.
865 5215 1070 5267 Dictum
1096 5223 1176 5267 est
1203 5227 1218 5267 :
1249 5212 1730 5284 Quoniammontes
1755 5215 2062 5280 ascendunt,

475 5294 521 5337 et
567 5283 878 5340 descendunt
918 5285 1119 5352 campi,
1163 5293 1216 5336 et
1258 5284 1429 5339 fontes
1459 5283 1695 5337 orientur
1726 5286 1778 5337 in
1809 5286 2065 5340 convalli-

478 5355 596 5427 bus.
649 5359 709 5410 Et
750 5373 899 5427 super
935 5373 993 5408 ea
1013 5395 1027 5420 ,
1060 5353 1296 5427 scilicet,
1340 5364 1545 5427 montes
1567 5395 1580 5418 ,
1611 5369 1829 5422 campos
1857 5366 1910 5408 et
1939 5372 2065 5408 con-

483 5425 662 5492 valles,
697 5425 921 5481 valucres
949 5427 1082 5490 cwli,
1116 5425 1167 5478 id
1197 5436 1307 5489 est,
1339 5426 1641 5492 spirituales
1675 5427 1805 5489 viri,
1839 5441 2065 5492 quorum

479 5507 820 5552 conversatio
851 5499 903 5552 in
933 5497 1083 5552 caelis
1113 5507 1195 5550 est
1217 5536 1231 5560 ,
1259 5506 1452 5563 erunt,
1494 5500 1614 5564 quia
1646 5497 1940 5551 inuitentur
1971 5513 2068 5549 au-

477 5568 713 5621 ctoritati
751 5584 952 5624 eorum.
990 5570 1056 5622 Et
1082 5565 1418 5631 habitabant,
1452 5567 1504 5620 id
1534 5578 1644 5632 est,
1679 5569 1838 5622 corde
1867 5569 1942 5621 eis
1971 5569 2066 5620 ad-

481 5639 796 5702 hwrehunt,
827 5639 1059 5703 scilicm,
1104 5649 1162 5691 ut
1192 5638 1323 5691 nihil
1353 5653 1592 5692 seorsum
1631 5639 1862 5695 sentiant
1881 5679 1895 5702 ,
1923 5638 2066 5707 quod

481 5711 776 5779 pet'l'ectmn
807 5713 1054 5776 ostendit,
1089 5710 1271 5764 dicens
1300 5727 1310 5761 :
1345 5709 1477 5774 Quia
1507 5710 1645 5762 dabit
1674 5726 1840 5764 uocent
1871 5713 1931 5761 de
1962 5726 2067 5760 me-

482 5782 570 5839 dio
596 5795 870 5853 petrarum,
901 5782 953 5836 id
980 5791 1093 5850 est,
1124 5783 1192 5837 de
1219 5784 1488 5838 communi
1518 5784 1753 5838 doctrina
1785 5783 2061 5837 montium.

2173 1819 2387 1891 amatis
2415 1827 2679 1891 separent.
2714 1818 2789 1891 De
2811 1817 3009 1891 quibus
3038 1817 3235 1891 dictum
3262 1828 3344 1872 est
3369 1835 3390 1891 7:
3426 1817 3556 1873 Non
3586 1823 3774 1891 alliga-

2173 1887 2250 1941 bis
2281 1905 2337 1942 os
2365 1887 2784 1943 bouitritaranti.
2811 1887 3017 1943 Debent
3037 1889 3178 1942 enim
3201 1888 3377 1943 devoti
3411 1887 3775 1956 provinciales

2174 1972 2397 2028 erogare
2448 1959 2644 2014 cibaria
2695 1958 2951 2030 militibus
2997 1959 3236 2024 Christi,
3293 1961 3430 2015 sicut
3484 1962 3775 2030 Apostolus

2171 2032 2414 2100 praaeipit
2442 2030 2627 2085 dicens
2658 2048 2668 2081 :
2699 2028 3044 2082 Communicet
3075 2039 3242 2082 autem
3268 2029 3346 2083 his
3376 2033 3467 2100 qui
3495 2028 3774 2087 catechizat

2171 2100 2321 2153 uerbo
2351 2102 2395 2155 ei
2422 2103 2509 2169 qui
2541 2117 2594 2154 se
2618 2100 2895 2153 catechisut
2930 2102 2984 2152 in
3022 2101 3251 2153 omnibus
3290 2101 3455 2154 bonis.
3507 2105 3574 2157 Et
3601 2106 3730 2157 alibi
3763 2123 3772 2156 :

2172 2170 2235 2226 Si
2265 2187 2356 2228 nos
2382 2171 2737 2243 seminavimus
2767 2171 2903 2243 vobis
2933 2171 3259 2239 spiritantia,
3287 2173 3413 2240 quid
3455 2191 3710 2243 magnum
3737 2179 3777 2228 si

2171 2251 2414 2296 metemus
2444 2241 2590 2296 nobis
2617 2241 2886 2294 carnalia?
2918 2243 3050 2295 Dant
3076 2243 3219 2297 enim
3248 2244 3418 2297 sancti
3451 2241 3775 2312 praedicato-

2170 2326 2260 2365 res
2298 2328 2508 2378 aurum,
2557 2314 2821 2382 accipiunt
2868 2313 3072 2379 fenum,
3119 2311 3173 2367 id
3220 2321 3322 2377 est,
3365 2311 3499 2367 dant
3553 2325 3771 2380 aeterna,

2171 2385 2443 2452 accipiunt
2471 2383 2690 2438 caduca.
2726 2385 2789 2436 Et
2818 2383 2940 2437 ideo
2969 2383 3035 2437 ad
3075 2383 3331 2452 majorem
3363 2388 3774 2451 expressionem

2171 2467 2292 2521 qua:
2318 2454 2588 2524 accipiunt
2614 2455 2793 2508 subdit
2825 2471 2835 2505 :
2870 2453 2938 2506 Et
2970 2453 3271 2522 producens
3300 2453 3517 2508 herbam
3550 2460 3776 2512 servituti

2173 2525 2459 2581 hominum.
2500 2525 2824 2581 Servitutein
2867 2525 3145 2578 hominum
3185 2533 3361 2588 vocat,
3408 2540 3554 2590 quos
3597 2538 3656 2580 et
3695 2530 3776 2595 ju-

2171 2606 2372 2661 menta,
2396 2597 2515 2664 quia
2539 2595 2664 2650 dicit
2687 2595 2973 2663 Apostolus
2999 2613 3012 2647 :
3042 2595 3150 2648 Nos
3178 2608 3348 2650 autem
3375 2610 3554 2651 seruos
3583 2609 3771 2653 vestros

2171 2682 2261 2733 per
2300 2665 2477 2720 Jesam
2519 2667 2796 2721 Christum.
2847 2665 2913 2719 Et
2959 2666 3082 2720 alibi
3115 2683 3126 2717 :
3167 2666 3297 2720 Cum
3331 2682 3501 2721 essem
3545 2667 3678 2724 liber
3715 2671 3774 2724 ab

2170 2738 2422 2802 onmibus,
2453 2753 2532 2792 me
2560 2751 2757 2790 servum
2783 2736 2878 2804 feci
2907 2737 3154 2790 omnium.

2200 2811 2203 2818 '
2249 2807 2316 2861 Ut
2345 2809 2531 2862 educas
2556 2824 2757 2877 panem.
2789 2807 2867 2859 Ad
2899 2806 3023 2872 hoc,
3049 2807 3286 2875 inquam,
3311 2807 3575 2877 producis
3597 2811 3770 2866 fenum

2171 2879 2240 2933 de
2289 2889 2437 2950 terra
2478 2879 2713 2933 inferiori
2757 2877 3131 2950 jumentis,_at
3175 2881 3361 2931 educas
3404 2879 3470 2932 de
3510 2885 3770 2950 superiori

2172 2957 2311 3002 terra
2333 2989 2348 3014 ,
2391 2949 2444 3004 id
2473 2961 2590 3015 est,
2621 2952 2689 3002 de
2721 2948 3158 3016 praedicatoribus
3187 2964 3381 3016 panem
3401 2991 3420 3016 ,
3452 2951 3508 3003 id
3539 2948 3627 3007 est
3647 2997 3663 3018 ,
3694 2969 3770 3010 re-

2171 3019 2461 3075 fectionem
2492 3021 2818 3086 Spiritualem
2852 3020 2953 3072 illis
2980 3017 3348 3086 inferioribus;
3394 3031 3440 3072 et
3472 3017 3689 3086 uinum,
3722 3025 3768 3076 id

2171 3100 2289 3156 est,
2338 3091 2650 3158 praeclarum
2683 3093 2901 3145 calicem
2935 3089 3180 3156 Domini,
3222 3093 3311 3158 qui
3353 3105 3465 3144 non
3498 3092 3772 3148 dementat

2171 3175 2384 3229 corpus,
2422 3161 2516 3215 sed
2547 3162 2771 3224 lwti/icat
2801 3177 2886 3214 cor
2916 3160 3153 3213 hominis.
3193 3159 3354 3228 Quasi
3381 3162 3532 3216 dicat
3565 3180 3576 3214 :
3608 3163 3772 3218 Nemo

2171 3241 2326 3301 paret
2355 3247 2414 3286 os
2443 3231 2508 3286 ad
2539 3233 2875 3296 ebrietatem,
2900 3232 2993 3284 sed
3024 3245 3141 3295 cor,
3163 3232 3285 3300 quia
3316 3237 3422 3287 hoc
3454 3236 3640 3288 vinum
3669 3251 3770 3289 non

2170 3316 2366 3373 corpus
2395 3302 2695 3366 dementat,
2729 3302 2821 3373 sed
2859 3317 2972 3356 cor.
3023 3301 3161 3356 Vere
3185 3303 3330 3357 enim
3361 3317 3460 3356 cor
3490 3304 3772 3360 dementa-

2172 3372 2322 3428 verat
2347 3373 2508 3438 illius,
2542 3375 2594 3426 id
2625 3384 2728 3441 est,
2759 3372 3174 3437 abalienaverat,
3207 3373 3298 3441 qui
3328 3375 3618 3428 semiustus
3650 3387 3765 3428 tor-

2170 3454 2352 3497 menta
2383 3459 2490 3498 non
2522 3443 2779 3509 timebat,
2813 3441 2907 3496 sed
2950 3452 3177 3513 tyranno
3206 3443 3505 3500 insultabat
3531 3447 3713 3502 dicens
3746 3462 3765 3502 :

2170 3515 2384 3569 Assatns
2429 3531 2561 3579 sum,
2583 3516 2700 3584 jam
2730 3529 2872 3566 versa
2897 3523 2944 3567 et
2970 3514 3246 3584 manduca.

2247 3585 2315 3639 Ut
2343 3582 2609 3639 exhilaret.
2658 3585 2864 3638 Habent
2891 3582 3106 3652 quidam
3150 3585 3271 3638 libri
3303 3603 3318 3641 :
3367 3584 3439 3640 Ut
3467 3589 3654 3641 educat
3683 3605 3770 3656 pa-

2170 3672 2322 3722 nem,
2355 3658 2494 3723 quod
2530 3657 2675 3710 'bene
2699 3669 2820 3708 cum
2853 3656 2955 3708 isto
2985 3656 3268 3720 convenit,
3303 3666 3360 3709 ut
3406 3657 3484 3711 sic
3513 3659 3726 3712 dicatur
3756 3678 3768 3714 :

2170 3727 2295 3782 ldeo
2323 3727 2559 3797 producit
2588 3726 2844 3780 Dominus
2869 3728 3040 3794 fenum
3059 3727 3329 3797 jumentis,
3356 3738 3413 3780 ut
3434 3745 3621 3795 panem
3652 3732 3774 3782 edu-

2172 3808 2252 3852 cat
2295 3796 2342 3851 et
2385 3799 2577 3851 vinum.
2626 3797 2694 3850 Et
2731 3805 2853 3869 post
2883 3798 2982 3850 ista
3003 3796 3552 3869 exhilaret,lceiiﬁcet
3593 3803 3773 3869 [aciem

2170 3869 2482 3925 interiorem
2514 3869 2567 3921 in
2595 3870 2734 3932 oleo,
2771 3867 2822 3920 id
2853 3875 2968 3933 est,
3002 3867 3053 3918 in
3083 3866 3345 3935 spirituali
3375 3867 3572 3936 gratia.
3593 3866 3771 3924 Ῥοδι-

2171 3955 2333 4008 quam
2362 3941 2504 3993 enim
2535 3937 2726 4006 aliquis
2753 3947 2835 3991 est
2871 3951 3007 4004 pane
3032 3937 3125 4008 illo
3155 3938 3361 4008 cibatus
3382 3979 3397 4002 ,
3436 3949 3491 3992 et
3531 3942 3659 3994 vino
3685 3942 3774 3996 illo

2174 4007 2410 4080 potatus,
2454 4010 2697 4076 sequitur
2739 4017 2795 4062 ut
2821 4007 3102 4080 _spir_ituali
3146 4007 3316 4080 gratia
3364 4010 3668 4076 repleatur.
3711 4013 3774 4066 Et

2171 4078 2297 4136 ideo
2324 4081 2494 4150 (quasi
2519 4081 2684 4148 dicat)
2705 4078 3027 4150 exhilarabit
3054 4078 3242 4150 faciem
3265 4081 3319 4131 in
3349 4081 3478 4144 oleo,
3512 4085 3769 4150 quoniam

2172 4152 2326 4220 panis
2357 4149 2662 4220 prwcessit,
2697 4152 2786 4218 qui
2816 4149 3080 4217 conﬁrmet
3112 4166 3200 4202 cor
3224 4149 3463 4204 hominis.
3509 4149 3628 4207 Hoc
3657 4154 3772 4208 ideo

2171 4221 2341 4292 addit,
2387 4221 2508 4289 quia
2551 4220 2868 4288 simpliciter
2910 4235 3101 4292 panem
3147 4223 3341 4292 posuit.
3384 4222 3453 4274 Et
3494 4233 3582 4276 est
3624 4227 3771 4292 quasi

2171 4291 2312 4346 dicat
2346 4309 2358 4344 :
2393 4292 2535 4345 Intus
2562 4292 2726 4351 esuri.
2759 4292 2900 4343 intus
2929 4290 3037 4353 siti,
3071 4289 3192 4358 quia
3223 4292 3364 4344 intus
3391 4289 3682 4348 reﬁcieris.

2243 4362 2645 4417 Satnrabantur.
2692 4361 2852 4428 Quasi
2898 4363 3084 4414 dicat:
3127 4360 3202 4416 De
3239 4362 3341 4416 hoc
3384 4378 3524 4430 pane
3570 4376 3771 4418 satura-

2175 4435 2362 4486 buntnr
2388 4433 2548 4502 ligna,
2591 4448 2696 4486 non
2735 4435 2845 4500 jam
2893 4432 3178 4503 silvestria,
3206 4433 3534 4503 sedcampi,
3587 4437 3638 4489 id
3668 4449 3767 4498 est,

2164 4503 2276 4574 jam
2305 4501 2539 4572 planala,
2575 4516 2628 4557 et
2657 4513 2715 4556 ut
2744 4513 3006 4570 ponantur
3027 4502 3099 4574 Ain
3141 4501 3366 4574 aedilicio
3394 4501 3543 4572 apta.
3594 4507 3659 4560 Et
3688 4522 3772 4561 ac-

2163 4572 2283 4642 cipe
2327 4590 2421 4642 per
2468 4574 2610 4643 ligna
2655 4574 2890 4626 minores
2931 4572 3118 4643 plebes
3158 4573 3500 4642 populorum.
3551 4575 3624 4631 Et
3664 4592 3768 4631 non

2165 4649 2360 4710 solum,
2405 4642 2699 4699 sed’etiani
2727 4643 2904 4709 cedri,
2951 4642 3002 4695 id
3043 4654 3146 4708 est,
3187 4653 3433 4712 potentes
3465 4654 3521 4698 et
3564 4649 3769 4702 nobiles

2167 4733 2307 4784 pane
2348 4715 2440 4770 illo
2471 4717 2873 4769 saturabuntur.
2921 4712 3094 4777 Cedri,
3125 4716 3264 4779 dico,
3297 4715 3342 4767 si
3387 4725 3515 4769 sunt
3563 4717 3766 4779 Libani,

2163 4788 2216 4841 id
2245 4796 2347 4852 est,
2376 4786 2701 4849 candidatte,
2725 4795 2780 4840 et
2807 4799 2916 4856 non
2937 4799 2966 4836 a
2989 4798 3048 4837 se
3071 4784 3386 4856 candidam,
3411 4788 3458 4839 si
3488 4804 3624 4854 quas
3655 4790 3766 4856 ipse

2164 4859 2433 4927 plantavit.
2476 4856 2662 4910 Omnis
2693 4855 3323 4927 enimiplanta‘tioquam
3363 4872 3472 4910 non
3504 4855 3766 4924 plantavit

2165 4925 2326 4983 Pater
2373 4943 2543 4990 tuens,
2597 4925 2973 4980 eradicabitur.
3021 4925 3086 4977 Et
3131 4925 3260 4988 illic,
3309 4926 3361 4978 in
3409 4928 3615 4992 cedris,
3662 4929 3768 4982 illic

2166 5015 2395 5070 passeres
2439 4999 2824 5070 nidiﬁcabant._
2851 4995 3108 5050 Passeres
3157 5004 3311 5070 vocat
3361 4997 3635 5066 humiles,
3679 5001 3767 5067 qui

2164 5067 2291 5125 huic
2320 5070 2517 5125 saeculo
2546 5067 3079 5130 abrenuntiaveruut,
3110 5077 3182 5129 et,
3215 5067 3282 5121 ad
3311 5082 3658 5126 communem
3687 5072 3764 5122 vi-

2168 5151 2273 5194 tam
2298 5156 2356 5194 se
2387 5139 2796 5203 transferentes,
2821 5136 3062 5209 habitant
3085 5138 3138 5190 in
3164 5139 3446 5209 C(BllQDilS,
3469 5155 3595 5209 qua:
3618 5141 3764 5194 cedri

2165 5219 2616 5281 construxerunt,
2666 5209 2841 5273 cauti,
2890 5217 2946 5262 et
2991 5207 3056 5281 de
3105 5208 3336 5281 peccatis
3383 5207 3503 5281 suis
3543 5226 3764 5281 semper

2165 5281 2398 5352 queruli.
2446 5280 2512 5333 Et
2549 5281 2796 5350 quamvis
2835 5293 2986 5347 spem
3032 5278 3262 5352 habeant
3308 5280 3360 5334 in
3404 5280 3584 5337 cedris
3635 5278 3760 5348 illis,

2168 5350 2384 5421 propter
2435 5354 2810 5406 necessitatem
2859 5350 3246 5421 temporalem,
3273 5360 3456 5421 tamen
3509 5355 3562 5407 in
3602 5357 3762 5410 deum

2166 5420 2375 5476 hei-odii
2406 5433 2488 5476 est
2517 5422 2823 5491 principalis
2849 5435 2974 5489 spes
2998 5435 3209 5474 eorum.
3240 5420 3373 5476 Nam
3400 5423 3585 5480 domus
3614 5429 3761 5481 hero-

2168 5495 2243 5546 dii
2272 5504 2344 5547 est
2374 5495 2482 5546 diu;
2507 5509 2702 5546 eorum.
2736 5494 2994 5547 llcrodius
3025 5504 3107 5546 εει
3145 5492 3258 5546 avis
3285 5507 3404 5562 quae
3435 5497 3680 5552 nidiﬁcat
3710 5499 3758 5551 in

2168 5565 2456 5619 humilibus
2486 5564 2652 5633 petris
2680 5565 2864 5628 maris,
2898 5578 3015 5634 qua:
3056 5564 3288 5633 undique
3331 5567 3638 5622 tunduntur
3665 5569 3762 5622 ﬂu-

2168 5638 2366 5700 ctibus,
2408 5647 2461 5690 et
2501 5649 2605 5688 Ιιοιι
2649 5635 2983 5704 franguntur,
3022 5635 3115 5688 sed
3146 5637 3400 5702 frangunt
3427 5639 3640 5692 ﬂuctus.
3672 5640 3761 5695 Sic

2168 5719 2221 5762 et
2250 5709 2488 5761 Christus
2520 5718 2707 5762 tunsus
2738 5708 2830 5760 luit
2870 5706 2924 5759 in
2955 5721 3034 5769 se,
3065 5717 3118 5759 et
3150 5710 3388 5762 tunditur
3427 5709 3480 5759 in
3521 5727 3634 5763 suis
3664 5713 3757 5762 llu-

2167 5780 2340 5834 ctibus
2390 5781 2739 5834 tentationum
2788 5789 2842 5834 et
2891 5778 3332 5843 tribulationum,
3384 5795 3522 5848 quos
3571 5798 3754 5838 OlltilC.‘
