4006 6364
190 379 322 438 1009

941 381 1000 436 ΙΝ
1043 381 1456 439 PSAIMORUM
1495 379 1745 436 LIBRUM
1790 378 2141 436 EXEGBSIS.
2181 407 2252 420 —--
2288 378 2531 438 PSALM.
2571 379 2703 436 Clll.

3294 373 3435 436 1010

189 497 395 562 frangit,
437 504 490 551 et
533 511 636 551 non
668 493 954 562 frangitur.
1006 500 1071 552 Et
1114 501 1227 554 haec
1256 500 1433 551 domus
1465 499 1677 562 lieroiln‘,
1711 495 1762 550 id
1793 495 1840 554 Α
1869 485 1990 547 num
2033 503 2086 548 et
2126 509 2281 548 omne
2324 493 2630 549 satellitium
2677 493 2814 563 ejus,
2855 495 2942 563 qui
2992 494 3111 550 ideo
3157 494 3433 556 silvestres

189 581 264 622 est
291 568 528 622 Christus
547 610 562 632 ,
603 577 683 623 est
716 572 1024 633 paftscribtts
1049 571 1177 624 dux.
1210 571 1411 622 Επειεὶ
1439 572 1594 623 etiam
1623 585 1764 621 mon-

191 652 276 703 tes,
304 639 355 694 id
381 650 480 700 est,
505 640 747 704 apostoli,
776 653 906 693 sunt
931 643 1090 695 duces
1120 641 1310 694 cervis.
1337 641 1486 694 Cervi
1518 641 1765 693 dicuntur

190 711 261 766 illi
287 713 372 778 qui
401 712 506 778 jam
539 710 728 763 habent
759 715 933 776 agiles
958 713 1135 778 pedes,
1165 711 1214 766 id
1241 723 1340 774 est,
1365 711 1669 764 allectiones
1700 709 1766 764 ad

193 781 609 837 transiliendum.
637 781 760 834 llaec
779 787 947 836 etiam
970 782 1215 851 vepribus
1243 792 1296 837 et
1323 782 1559 835 sentibus
1588 781 1765 849 plena,

188 863 241 908 et
269 854 332 906 ad
363 851 836 906 conscendendutri
871 853 1054 918 ardua,
1089 854 1138 907 id
1167 861 1266 913 est,
1299 852 1552 906 cmlestia.
1591 853 1654 905 Et
1687 852 1770 906 his

191 925 375 978 talibus
401 933 590 976 montes
618 923 828 980 excelsa.
865 926 912 976 id
941 933 1052 988 est,
1083 923 1304 991 apostoli
1333 933 1452 976 sunt
1482 923 1644 976 duces
1671 921 1768 976 do-

189 995 349 1048 ctiina
397 1008 488 1047 sua
542 1001 596 1046 et
627 996 908 1064 exemplo.
957 995 1062 1049 Sed
1110 1004 1282 1048 tamen
1331 1003 1502 1062 petra,
1552 993 1604 1048 id
1652 1001 1768 1057 est,

191 1064 450 1128 Christus,
481 1071 561 1118 est
591 1063 668 1116 eis
709 1063 1021 1134 principalis
1059 1065 1164 1118 dux
1202 1073 1257 1117 ει
1301 1064 1592 1132 principale
1631 1064 1770 1128 refu-

229 1137 345 1187 ium.
398 1135 462 1188 Et
509 1136 607 1186 hoc
654 1133 849 1201 probat
893 1133 919 1186 ἐι
971 1134 1158 1203 majori
1189 1135 1370 1189 dicens
1405 1152 1416 1187 :
1448 1135 1578 1200 Quia
1611 1135 1769 1189 etiam

229 1154 345 1187 111111.
400 1154 462 1188 IL!
509 1154 607 1186 HOC
655 1154 849 1201 promit.
894 1154 919 1186 τὶ
971 1154 1158 1203 majort
1189 1154 1370 1189 UICCIIS
1405 1154 1416 1187 ἒ
1448 1154 1578 1200 quia
1611 1154 1769 1189 Cllilm

190 1154 523 1276 zcrinacitts,
562 1205 611 1276 id
661 1214 774 1265 est.
822 1206 994 1276 spinis
1040 1214 1371 1274 peccatorum
1421 1205 1670 1258 involutis
1717 1213 1772 1260 et

192 1274 632 1344 desperatissimis
651 1274 1029 1345 estiret'u‘gium,
1063 1292 1154 1344 per
1183 1276 1321 1343 quod
1354 1276 1524 1329 solum
1556 1285 1771 1344 sperant

196 1359 254 1396 Sl'.
285 1360 435 1409 posse
465 1345 695 1399 liberari.
730 1344 832 1399 νει
865 1344 1018 1401 aliter
1049 1364 1061 1398 :
1097 1346 1318 1408 Montes,
1360 1347 1408 1399 id
1439 1356 1552 1410 est,
1584 1347 1771 1402 altiora

195 1427 490 1486 prarcepta,
521 1427 642 1468 sunt
671 1415 774 1468 dux
807 1419 968 1469 Cervis
989 1458 1004 1481 ,
1037 1419 1174 1486 quod
1208 1431 1312 1470 non
1343 1417 1441 1469 sibi
1474 1418 1772 1471 attribuun-

196 1497 297 1550 tur,
340 1488 430 1540 sed
462 1485 702 1546 Domino,
738 1489 862 1552 quia
908 1485 1166 1555 petra’est
1208 1488 1287 1541 eis
1327 1489 1595 1556 refugium.
1643 1489 1771 1542 Nam

193 1556 349 1627 etia_m
380 1557 657 1609 berinaciis
683 1565 763 1609 cst
797 1556 1078 1627 refugium,
1112 1568 1174 1621 ut
1195 1557 1358 1624 prius.

266 1625 405 1679 Fecit
436 1627 628 1679 lunam.
661 1627 826 1691 Quasi
862 1625 1002 1682 dicat
1033 1647 1044 1680 :
1081 1629 1242 1696 Ligna
1268 1630 1439 1695 campi
1482 1630 1774 1685 saturando

196 1704 252 1749 ct
273 1698 371 1750 alia
401 1699 650 1770 praedicta
694 1699 968 1764 faciendo,
1005 1703 1120 1767 fecit
1155 1699 1360 1764 lunam,
1393 1701 1442 1753 id
1474 1714 1552 1755 est
1581 1744 1594 1768 ,
1639 1718 1774 1770 pra:-

194 1779 394 1820 sentem
427 1768 712 1821 Ecclesiam
741 1783 871 1840 qu:e_
894 1779 1109 1840 propter
1134 1779 1470 1838 augmentum
1501 1781 1554 1825 et
1583 1768 1772 1826 decre-

1869 565 2050 618 bestize
2089 563 2354 628 dicuntur,
2399 565 2517 634 quia
2557 567 2671 619 sine
2699 581 2792 634 spe
2818 565 3044 635 amplius
3085 567 3298 620 domum
3341 583 3432 622 re-

1868 636 2059 689 deundi
2089 637 2320 689 damnati
2349 645 2502 701 sunt;
2538 636 2588 690 lii
2610 676 2625 700 ,
2657 637 2866 704 inquam
2888 680 2901 696 .
2936 638 3345 706 pertransibunt,
3376 639 3432 696 id

1868 717 1950 760 est
1971 748 1985 768 ,
2017 707 2085 761 de
2116 721 2219 760 uno
2248 708 2312 759 ad
2338 708 2497 760 alium
2532 708 2846 762 transibunt.
2883 709 2946 762 Et
2976 725 3078 762 non
3109 711 3277 761 solum
3310 725 3430 763 ma-

1866 776 2010 844 jores
2040 778 2338 841 daemones,
2383 777 2475 831 sed
2509 787 2562 832 et
2601 781 2758 832 catuli
2795 780 2996 832 leonum
3039 780 3434 846 pertransibunt

1868 849 2122 919 rugientes
2148 849 2283 919 sicut
2309 849 2557 917 majores,
2589 851 2652 901 ad
2685 850 2802 913 hoc,
2832 859 2884 902 ut
2916 851 3113 915 rapiant
3136 859 3182 904 et
3203 859 3434 919 quarunt

1868 917 1963 988 sibi
1988 934 2152 972 escam
2173 961 2186 982 ,
2217 918 2268 971 id
2299 930 2381 972 est
2403 962 2415 982 ,
2446 928 2503 972 ut
2529 919 2753 987 aliquem
2785 922 3053 975 inveniant
3081 921 3146 975 de
3175 917 3277 988 quo
3311 936 3435 986 pos-

1871 987 1979 1042 sint
2017 1003 2076 1042 se
2120 989 2358 1043 reﬁcere.
2402 989 2514 1044 Non
2546 1000 2721 1044 autem
2772 991 2912 1045 illam
2941 1005 3116 1045 eseam
3167 987 3434 1045 habebunt

1871 1057 1970 1112 nisi
1999 1075 2031 1111 α
2062 1056 2167 1113 Deo
2195 1059 2293 1112 sibi
2325 1060 2522 1114 datam.
2569 1060 2773 1115 Habent
2811 1063 2953 1115 enim
2980 1062 3302 1115 voluntatem
3336 1077 3435 1115 no-

1871 1131 2024 1183 cendi
2053 1172 2068 1194 ,
2124 1130 2217 1200 sed
2266 1145 2370 1183 non
2418 1129 2613 1183 habent
2667 1140 2980 1200 potestatem
3029 1132 3128 1186 nisi
3187 1141 3441 1198 quantum

1873 1201 2114 1268 permissi
2152 1199 2370 1255 fuerint.
2411 1201 2533 1254 Cito
2570 1211 2744 1255 autem
2787 1202 2972 1271 (quasi
3010 1203 3186 1271 dicat)
3228 1201 3438 1256 ﬁnietur

1875 1272 2222 1336 pertransitus
2252 1271 2358 1335 ille,
2383 1273 2629 1339 quoniam
2660 1273 2737 1325 sol
2769 1274 2988 1337 orietur,
3012 1284 3064 1328 et
3095 1283 3218 1327 tunc
3249 1274 3432 1326 bestia:

1875 1341 1976 1393 illa:
2010 1356 2067 1414 _aA
2108 1342 2358 1414 cordibus
2414 1343 2643 1414 lidclium
2693 1344 2928 1408 expulsae
2973 1345 3436 1414 congregabantur

1874 1412 2021 1482 quasi
2054 1411 2104 1465 in
2137 1413 2408 1480 angulum,
2445 1423 2489 1463 et
2521 1412 2902 1465 collocabantur
2930 1411 3156 1482 quasi'in
3188 1413 3438 1468 cubilibus

1873 1481 2013 1546 suis,
2056 1482 2104 1535 id
2136 1493 2245 1546 est,
2277 1483 2326 1534 in
2360 1483 2605 1535 cordibus
2635 1481 2955 1537 inﬁdelium.
2977 1485 3040 1537 Et
3069 1485 3145 1539 sic
3177 1488 3346 1548 homo,
3385 1485 3438 1538 id

1873 1560 1975 1615 est,
2027 1567 2211 1625 revera
2259 1563 2409 1625 utens
2456 1556 2677 1618 ratione,
2724 1556 2874 1606 exibit
2924 1555 2974 1608 in
3024 1570 3152 1622 pace
3197 1558 3264 1607 ad
3315 1571 3443 1625 opus

1873 1637 2042 1674 suum.
2077 1623 2142 1675 Et
2171 1624 2293 1688 quid
2326 1635 2477 1676 vocet
2507 1640 2638 1691 opus
2665 1626 2899 1693 exponit,
2933 1626 3154 1691 scilicet,
3187 1623 3354 1680 exibit
3385 1626 3439 1678 in

1876 1706 2004 1760 pace
2033 1698 2097 1745 all
2129 1696 2467 1762 (perationem
2495 1711 2637 1747 suam
2669 1695 2721 1748 in
2753 1698 2901 1750 vinea
2933 1696 3159 1758 homini,
3191 1713 3346 1764 usque
3375 1695 3445 1749 ad

1872 1778 2162 1836 vesperam,
2203 1765 2250 1817 id
2285 1775 2396 1825 est.
2440 1780 2604 1832 usque
2636 1765 2700 1836 ad
2745 1774 2950 1834 tempus
2981 1768 3321 1830 Antichristi,
3357 1769 3448 1836 qui

196 1847 426 1891 mentum
473 1840 609 1891 luna:
639 1834 1007 1908 comparatur:
1054 1834 1250 1894 Lunam
1297 1841 1417 1894 dico
1457 1843 1768 1897 cxisteutem
1800 1835 1848 1904 Β
1876 1835 2052 1908 νθῐιίθῑ
2080 1834 2130 1886 ίη
2165 1849 2382 1908 Vespere
2415 1836 2614 1908 ιίιιιηάίο
2636 1835 2790 1908 Ῑιιμιο
2816 1839 2956 1890 θηίηι
2985 1852 3170 1892 τυτειιε
3202 1854 3304 1890 ""X
3333 1834 3443 1897 ίίέί·

195 1907 247 1979 i_n
284 1919 535 1979 tempora,
570 1909 618 1960 id
661 1907 778 1974 est,
812 1919 1013 1964 tantum
1048 1910 1407 1979 tcmporaliter
1436 1912 1767 1967 duraturam.

197 1977 263 2052 Et
307 1977 428 2052 iecit
468 1979 863 2052 etianiAso'em,
896 1996 1002 2043 quo
1045 1977 1168 2052 luna
1211 1981 1618 2052 illuminaretur,
1649 1987 1771 2052 quia

196 2046 424 2102 Verbum
454 2063 606 2102 smtm
638 2049 762 2104 fecit
792 2053 1077 2105 incarnari.
1108 2051 1176 2105 Et
1198 2053 1260 2104 ad
1289 2046 1644 2107 dilierentiain
1666 2046 1772 2107 'no-

193 2117 287 2172 stri
326 2120 452 2172 solis
480 2119 610 2174 dicit
641 2119 787 2192 :_Qui
831 2121 910 2174 sol
949 2125 1212 2192 cognovit,
1258 2122 1307 2175 id
1341 2133 1458 2192 est,
1506 2125 1773 2190 pra‘sdvit

192 2205 423 2244 occasum
453 2206 620 2244 suum.
665 2190 813 2244 Sicut
839 2193 984 2246 enim
1012 2190 1294 2246 voluntate
1335 2191 1617 2247 humanam
1649 2211 1770 2248 car-

193 2274 314 2313 nem
350 2262 582 2330 aceepit,
620 2261 692 2316 ita
731 2265 1001 2317 voluntate
1038 2262 1309 2332 deposuit;
1357 2274 1615 2330 potestate
1644 2281 1770 2319 vero

194 2333 427 2407 accepit,
472 2334 609 2386 sicut
656 2333 768 2407 ipse
815 2334 888 2387 ait
933 2349 948 2386 :
1005 2333 1320 2407 l’otestatem'
1349 2335 1507 2388 habeo
1551 2337 1770 2407 ponendi

190 2403 415 2454 animam
444 2419 608 2455 meam
637 2412 683 2455 et
716 2405 894 2457 iterum
923 2405 1152 2458 sumendi
1177 2421 1307 2458 eam.

267 2469 491 2525 Posuisti
530 2475 776 2528 tenebras.
822 2475 980 2541 Quasi
1019 2476 1161 2529 dicat
1204 2494 1214 2528 :
1263 2476 1435 2542 Quare
1473 2476 1771 2533 occiditur?

196 2539 346 2615 Ideo,
378 2544 615 2611 scilicet,
645 2546 768 2611 quia
801 2539 859 2597 tu
892 2549 1102 2614 posuisti
1128 2539 1386 2611 tenebras,
1432 2547 1478 2600 id
1507 2557 1615 2611 est,
1648 2553 1767 2615 quia

193 2613 408 2686 emt-itas
426 2615 681 2686 contingit
711 2618 760 2668 in
790 2613 972 2670 Israel.
999 2616 1058 2670 Si
1089 2619 1217 2669 enim
1244 2619 1606 2686 cognovissent,
1638 2613 1768 2673 nun-

263 2699 343 2734 am
371 2683 531 2737 Deum
554 2683 732 2754 gloria:
756 2687 1140 2753 cruciﬁxissent.
1169 2689 1232 2742 Et
1260 2683 1442 2756 posita:
1469 2701 1591 2742 sunt
1622 2697 1768 2744 tene-

240 2767 332 2826 rae,
361 2756 574 2822 quando
598 2772 714 2824 qua:
740 2757 805 2808 de
831 2772 896 2810 eo
927 2759 976 2810 in
999 2758 1284 2826 Scripturis
1311 2759 1450 2812 dicta
1481 2771 1631 2813 erant
1661 2777 1766 2818 non

196 2823 566 2893 intellexerunt
587 2823 735 2888 {nox
770 2841 917 2889 vero,
950 2828 1000 2881 id
1031 2823 1144 2893 est,
1177 2830 1506 2882 densissimte
1536 2833 1769 2889 tenebrae

195 2891 347 2948 faeta:
373 2905 497 2949 sunt
525 2898 574 2950 in
606 2899 947 2971 eis,_quando
972 2914 1064 2967 per
1087 2891 1376 2953 doctrinam
1408 2908 1461 2954 et
1491 2902 1765 2971 miracula,

191 2979 312 3030 quae
353 2981 531 3020 coram
575 2969 652 3022 eis
700 2967 846 3030 fecit,
890 2968 1062 3036 ipsum
1110 2985 1212 3024 non
1257 2971 1628 3026 intellexerunt
1672 2967 1770 3031 nec

193 3047 594 3109 cognoverunt,
623 3053 743 3109 cum
777 3049 951 3092 tamen
980 3041 1192 3109 quidam
1231 3056 1413 3094 eorum
1446 3043 1572 3097 visis
1603 3045 1766 3100 mira-

188 3108 324 3186 culis
354 3108 541 3186 mserit
577 3128 588 3160 :
628 3107 790 3186 Nemo
819 3107 1524 3186 potestihtecusignafacere
1558 3133 1672 3186 qua:
1715 3127 1770 3171 tu

190 3175 340 3250 facis,
371 3179 467 3250 nisi
499 3178 632 3232 Deus
661 3175 952 3250 fueritcum
978 3182 1089 3237 illo.
1123 3181 1185 3234 Et
1215 3175 1266 3234 in
1297 3175 1388 3236 illa
1419 3175 1580 3240 nocte.
1597 3204 1766 3243 omnes

189 3247 359 3324 bestia:
386 3249 545 3324 silva',
581 3247 761 3324 idest,
794 3250 983 3313 Judmi,
1015 3268 1118 3305 non
1147 3253 1252 3320 jam
1285 3254 1470 3309 bestia:
1498 3259 1638 3324 agri,
1671 3262 1764 3315 sed

191 3318 384 3398 besti_:c_
417 3322 584 3384 silvae,
629 3321 679 3374 id
727 3333 830 3398 est,
883 3318 1218 3398 immansucti
1263 3334 1318 3379 et
1361 3318 1766 3398 incorrigibiles,

188 3392 338 3456 quasi
364 3389 493 3468 jugo
517 3401 572 3444 et
604 3392 983 3468 prophetarum
1016 3404 1074 3468 et
1101 3395 1228 3468 legis
1258 3395 1465 3468 penitus
1497 3389 1764 3468 expertes,

188 3463 588 3538 pertransibunt,
623 3463 673 3538 id
703 3473 807 3528 est,
832 3463 897 3516 de
928 3466 1228 3538 cognitione
1260 3467 1312 3538 in
1344 3463 1763 3538 persuasionem,

186 3529 258 3605 de
287 3532 630 3605 persuasione
662 3533 712 3585 in
743 3529 1127 3600 operationem,
1160 3547 1212 3589 et
1236 3536 1313 3589 sic
1342 3529 1391 3590 in
1419 3529 1767 3605 perseveran;

189 3600 316 3652 tiam
349 3603 667 3680 transibunt.
714 3605 941 3680 Et_quo_s
962 3621 1067 3680 per
1102 3608 1298 3680 bestias
1340 3600 1486 3662 silva:
1507 3612 1762 3680 accipiat,

184 3672 453 3741 ostendit,
487 3673 668 3729 dicens
703 3673 917 3728 :‘Catuli
953 3676 1185 3738 leonum,
1219 3678 1269 3731 id
1300 3688 1414 3741 est,
1451 3696 1552 3734 non
1592 3672 1764 3740 solum

188 3739 443 3817 majores,
469 3743 562 3797 sed
581 3744 748 3817 etiam
769 3745 1029 3817 ininores,
1057 3749 1124 3801 de
1149 3748 1348 3802 Judreis
1372 3739 1766 3817 pertransibunt

183 3815 442 3895 rugientes
467 3816 677 3895 pariter
707 3832 718 3866 :
753 3814 1338 3895 Cruciﬁge,_cruciﬁge’
1363 3814 1496 3874 eum.
1528 3824 1608 3895 Ad
1641 3825 1762 3895 hoc,

183 3891 239 3932 ut
267 3884 475 3955 rapiant
501 3893 545 3937 et
572 3896 800 3954 quaerant
826 3884 990 3941 escam
1012 3889 1128 3954 sibi,
1159 3890 1207 3942 id
1227 3884 1333 3954 est,
1361 3900 1417 3943 ut
1441 3884 1766 3955 satisfaciant

185 3954 390 4033 carnali
396 3955 561 4035 'cordi
585 3972 746 4035 super
768 3959 1092 4035 eum._Qu_o_d
1126 3961 1300 4035 lacere
1327 3977 1429 4015 non
1459 3954 1761 4035 potuerunt,

183 4023 288 4102 nisi
321 4022 492 4102 a-Deo
533 4022 847 4102 permissum
889 4022 984 4102 sit.—
1024 4029 1172 4102 Unde
1201 4047 1320 4084 eum
1352 4022 1631 4102 corruptus
1671 4022 1765 4093 Jul

180 4094 287 4146 dex
315 4094 517 4149 diceret
547 4114 558 4148 :
594 4097 773 4150 Nescis
810 4101 1049 4165 quoniam
1080 4101 1238 4153 habeo
1267 4094 1558 4167 potestatein
1590 4108 1763 4162 dimit-

181 4173 290 4215 tere
333 4174 380 4239 te
411 4174 456 4217 et
486 4168 779 4239 crucifigere
811 4179 886 4237 te,
931 4171 1181 4224 Dominus
1213 4179 1762 4234 tumentenmesicam

184 4238 446 4306 pupugit,
475 4247 529 4290 et
555 4238 768 4292 omnem
800 4239 979 4293 ﬂatum
1011 4244 1224 4306 emisit,
1255 4244 1438 4298 dicens
1471 4264 1481 4298 :
1523 4247 1638 4301 Non
1669 4250 1764 4303 ha-

177 4305 322 4384 beres
354 4308 405 4358 iu
434 4324 511 4359 me
541 4319 866 4388 potestatem,
895 4322 999 4364 etc.
1031 4313 1186 4366 Urlus
1211 4305 1282 4381 est
1313 4318 1407 4388 sol.
1443 4317 1517 4370 llli
1548 4322 1762 4388 quidem

179 4375 420 4455 r‘ug‘ient,
453 4387 506 4429 ut
537 4375 737 4455 rapiant
767 4388 812 4433 ct
840 4393 1067 4445 quierant
1097 4377 1282 4438 escam.
1310 4385 1412 4438 Sed
1449 4375 1577 4455 (μιτέ
1597 4375 1762 4446 cura?

175 4443 446 4525 Sol_o_rlus
470 4459 563 4512 est,
593 4443 642 4502 id
671 4458 771 4513 est,
803 4443 1149 4525 resurgendo,
1175 4443 1508 4508 ascendendo
1537 4443 1756 4525 orietur,

173 4526 230 4567 et
254 4515 346 4594 illi
390 4521 634 4572 timentes
663 4515 1154 4594 congregaliiintur,
1206 4537 1260 4576 ut
1312 4528 1652 4594 pr.ncipiant,
1694 4515 1760 4586 ne

171 4587 299 4658 quis
335 4586 388 4638 in
429 4601 495 4641 eo
533 4590 746 4642 nomine
779 4586 1040 4658 loquatur.
1076 4593 1143 4646 Et
1173 4586 1555 4649 collocabantur
1583 4586 1650 4652 in,
1677 4617 1766 4653 cu-

174 4655 370 4707 bilibus
395 4659 520 4734 suis,
555 4659 738 4734 idest,
783 4655 1219 4734 iniconscientiis
1267 4670 1376 4718 suis
1426 4673 1622 4734 pravis.
1674 4672 1767 4726 ille

170 4737 365 4798 autem
394 4731 479 4794 qui
513 4729 615 4782 erit
651 4732 816 4792 homo,
857 4731 907 4784 id
939 4741 1050 4796 est,
1081 4736 1287 4788 ratione
1317 4729 1488 4798 utens,
1519 4740 1671 4793 exibit
1701 4743 1768 4796 de

174 4796 514 4877 conscientia
549 4814 705 4866 prava
737 4802 804 4852 ad
831 4817 957 4877 opus
987 4819 1155 4867 suum,
1191 4805 1240 4857 id
1273 4816 1374 4870 est,
1407 4796 1636 4877 adeptis
1665 4813 1764 4865 sibi

170 4868 333 4945 utile.
387 4867 438 4920 id
483 4877 583 4949 est,
631 4867 1026 4949 conﬁtebuntur
1068 4867 1441 4949 peccatasua,
1485 4867 1551 4930 ut.
1587 4881 1638 4934 hi
1677 4884 1764 4949 qui

169 4940 1124 5014 venienl‘esgdapostolosdixerunt
1157 4963 1169 4998 :
1208 4947 1343 5008 Quid
1381 4950 1645 5014 faciemus,
1673 4940 1767 5005 viri

163 5009 409 5075 fratres?
454 5006 520 5084 Et
550 5009 741 5084 deinde
769 5013 985 5067 exibunt
1027 5017 1096 5068 ad
1128 5006 1470 5084 Operationem
1503 5006 1644 5073 suasu
1668 5063 1680 5083 ,
1717 5026 1763 5076 id

161 5087 274 5141 est,
309 5083 676 5158 operabuntur
704 5083 756 5158 in
790 5085 943 5138 vinea
977 5101 1134 5158 usque
1163 5083 1229 5138 ad
1260 5105 1547 5156 vesperam,
1585 5093 1630 5145 id
1662 5105 1762 5158 est,

163 5164 353 5229 usque
388 5151 454 5203 ad
495 5152 658 5229 linem
684 5155 802 5207 vita:
833 5169 965 5209 suae.
1002 5151 1089 5229 vel
1133 5159 1286 5229 aliter
1317 5151 1506 5213 {Dixit
1536 5151 1654 5229 quia
1686 5151 1763 5220 sol

161 5218 424 5297 ενι-εἱ(ιίιὶ
443 5230 496 5274 ει
522 5221 573 5274 in
606 5222 917 5297 illoioccasn
947 5228 1179 5294 posuisti,
1210 5228 1260 5281 id
1293 5240 1402 5295 est,
1434 5218 1598 5297 pones
1627 5218 1766 5288 tene;

158 5290 326 5368 bras_,
374 5292 427 5345 id
466 5302 580 5357 est,
624 5290 1090 5368 dubitatiouemiin
1121 5290 1373 5353 cordibus
1392 5290 1762 5368 apostolorum

157 5373 217 5414 et
245 5363 491 5438 aliorum
521 5366 871 5438 credentium.
904 5366 968 5438 Et
1001 5367 1090 5421 ﬁet
1114 5369 1271 5422 etiam
1299 5363 1504 5432 noxfid
1539 5384 1640 5438 est,
1672 5377 1764 5428 (lc-

153 5433 415 5508 speratio
466 5435 516 5487 in
567 5437 884 5502 quibusdam
933 5437 1183 5505 illorum,
1233 5442 1352 5508 quia
1397 5442 1573 5497 dicent
1605 5433 1766 5501 {Nos

150 5504 485 5572 putabamus
531 5508 664 5574 quod
711 5509 1065 5574 redempturus
1109 5504 1264 5563 esset'
1295 5509 1481 5565 Israel.
1542 5513 1616 5568 De
1668 5520 1764 5570 hac

151 5585 334 5651 nocte
363 5577 505 5628 dixit
540 5577 791 5651 Dominus
823 5577 980 5632 Petro
1010 5595 1024 5632 :
1059 5580 1262 5644 Simon,
1296 5583 1496 5646 Simon,
1529 5590 1762 5651 expetivit

149 5660 250 5697 vos
288 5645 545 5724 Satanas,
579 5657 629 5698 ut
657 5649 898 5724 cribraret
929 5665 1013 5724 vos
1042 5652 1171 5724 sicut
1204 5653 1442 5715 triticum,
1474 5645 1568 5724 ego
1594 5645 1761 5710 autem

148 5717 312 5768 oravi
347 5732 456 5792 ριό⁸
471 5727 551 5782 te,
582 5728 637 5792 ut
668 5735 768 5772 non
797 5720 1000 5787 deﬁciat
1030 5722 1155 5787 ﬁdes
1186 5733 1301 5787 tua,
1331 5733 1376 5777 cl
1407 5736 1458 5776 tu
1490 5717 1762 5792 dliqnando

147 5787 456 5860 conversus
480 5791 725 5855 conﬁrma
754 5796 933 5858 fratres
963 5799 1093 5844 tuos.
1122 5795 1255 5857 Fiet,
1294 5799 1528 5860 inquam,
1564 5787 1688 5858 nox,
1715 5812 1759 5851 et

145 5861 207 5914 in
243 5859 372 5927 ipsa
405 5870 560 5915 nocte
587 5877 759 5915 ainnes
787 5863 955 5917 bestia:
978 5864 1138 5940 silvtc,
1172 5865 1222 5918 id
1252 5859 1537 5940 est,7('aput
1564 5869 1762 5926 dmino-

1874 1903 2019 1978 quia,
2070 1914 2124 1956 ιιι
2155 1904 2440 1972 ApOstolus
2485 1906 2558 1958 ait
2589 1921 2601 1957 :
2635 1904 2759 1958 Tale
2790 1915 2985 1976 tempus
3028 1910 3122 1961 erit
3162 1908 3316 1978 quale
3343 1923 3446 1962 non

1870 1973 2055 2046 fuitrea:
2081 1991 2159 2038 eo,
2189 1991 2252 2027 ea:
2279 1992 2375 2038 quo
2405 1985 2572 2045 gentes
2603 1991 2708 2029 esse
2735 1973 3011 2046 coeperunt.

1946 2044 2113 2117 Quam
2142 2044 2468 2116 magnificam
2497 2059 2633 2100 sunt.
2669 2044 2860 2101 Videas
2890 2050 3147 2116 propheta
3179 2048 3293 2102 hare
3325 2050 3443 2117 pul-

1872 2115 1997 2169 chra
2028 2131 2056 2168 a
2087 2115 2196 2169 Deo
2222 2115 2461 2188 Ordinata
2492 2126 2545 2171 et
2571 2119 2828 2188 disposita
2859 2115 3074 2174 currere
3099 2121 3209 2174 suis
3238 2115 3447 2188 tempo-

1873 2188 2040 2248 ribus,
2070 2196 2122 2240 et
2151 2187 2432 2241 attendens
2461 2188 2718 2241 artiﬁcem
2746 2187 3034 2256 gloriosum
3075 2191 3129 2244 in
3160 2191 3270 2244 suis
3311 2187 3445 2244 arti-

1877 2257 2092 2319 ﬁciosis,
2126 2259 2356 2322 erumpit
2388 2259 2439 2311 in
2472 2259 2610 2312 hanc
2633 2259 3036 2314 admirationem
3067 2261 3250 2314 dicens
3285 2280 3296 2314 :
3334 2259 3444 2313 Do-

1871 2327 2027 2390 mine,
2058 2343 2211 2394 opera
2241 2337 2332 2380 tua
2359 2345 2511 2396 quant
2540 2339 2654 2382 sunt
2695 2330 3022 2399 magnificam
3047 2331 3069 2385 !
3088 2331 3196 2386 Nec
3224 2335 3442 2394 mirum,

1871 2399 1915 2471 si
1945 2409 2260 2471 Operasunt
2299 2400 2598 2468 magniﬁca,
2640 2403 2760 2468 quia
2793 2415 2884 2468 per
2923 2403 3258 2471 magniﬁcum
3294 2403 3446 2456 liunt.

1871 2467 2001 2521 Nam
2032 2470 2194 2543 fecisti
2226 2467 2398 2522 omnia
2427 2471 2515 2524 illa
2545 2472 2599 2523 in
2627 2467 2900 2543 sapientia,
2933 2473 2985 2527 id
3013 2467 3097 2528 est
3135 2489 3227 2543 per
3259 2473 3448 2527 Filium

1873 2548 2040 2610 tuum,
2083 2541 2150 2593 de
2189 2555 2294 2610 quo
2340 2543 2626 2609 Apostolus
2675 2560 2686 2595 :
2739 2541 2851 2596 Nos
2896 2541 3231 2610 praedicamus
3273 2543 3448 2597 Iesum

1869 2607 2127 2684 Christum
2152 2607 2472 2684 crucifixum,
2497 2613 2693 2666 Judwis
2724 2607 3042 2678 scandalum,
3065 2615 3295 2684 gentibus
3323 2619 3452 2669 stul-

1872 2681 2033 2753 titiam
2059 2697 2077 2734 :
2105 2683 2294 2735 vocatis
2321 2685 2686 2753 vero‘gentibus
2716 2685 2972 2738 Christum
3003 2681 3094 2740 Dei
3123 2687 3370 2749 virtutem,
3402 2696 3452 2740 et

1875 2750 1967 2824 Qci
1993 2753 2310 2824 sapientiam.
2339 2755 2404 2808 Et
2434 2750 2624 2823 repetit
2653 2755 2882 2810 breviter
2909 2771 3069 2824 opera
3102 2757 3190 2810 illa
3220 2758 3404 2810 dicens
3429 2775 3442 2811 :

1871 2821 2032 2874 Terra
2078 2821 2296 2878 Judaica
2339 2821 2546 2895 impleta
2588 2835 2660 2879 est
2710 2821 3023 2894 possessione
3069 2838 3178 2891 tua,
3230 2827 3281 2879 id
3329 2836 3445 2891 est,

1870 2896 2208 2961 possessione
2249 2910 2384 2949 nova
2407 2937 2419 2958 ,
2461 2897 2510 2950 id
2543 2907 2656 2964 est,
2693 2898 2840 2950 inulti
2872 2898 2939 2951 de
2975 2897 3174 2952 Judteis
3204 2896 3448 2951 credide-

1871 2972 1994 3038 runt
2023 2964 2075 3017 in
2117 2975 2190 3031 te,
2231 2977 2285 3019 et
2315 2967 2436 3020 lacti
2468 2976 2593 3021 sunt
2632 2969 2902 3038 possessio
2941 2977 3050 3033 tua,
3078 2969 3224 3036 juxta
3268 2967 3395 3038 illud
3431 2987 3443 3022 :

1871 3033 2004 3087 Ecce
2028 3044 2190 3107 vetera
2219 3038 2352 3106 facta
2378 3048 2492 3090 sunt
2523 3033 2669 3093 nova.
2705 3039 2772 3092 Et
2799 3040 2874 3091 ait
2905 3033 3190 3106 Apostolus
3216 3057 3229 3092 :
3259 3037 3319 3093 Si
3345 3055 3448 3107 qua

1870 3120 1997 3157 nova
2026 3107 2078 3158 in
2109 3105 2310 3160 Christo
2337 3120 2589 3164 creatura.
2621 3111 2729 3165 Nec
2757 3111 2930 3163 solum
2955 3105 3131 3176 terra,
3163 3111 3255 3164 sed
3286 3105 3450 3167 etiam

1873 3176 1966 3249 hoc
1994 3193 2234 3246 magnum
2260 3195 2420 3245 mare,
2463 3180 2515 3235 id
2553 3188 2656 3246 est,
2697 3181 2964 3249 gentilitas
3003 3181 3054 3234 in
3093 3181 3448 3236 amaritudine

1871 3247 2118 3303 vitiorum
2168 3250 2378 3316 posita,
2435 3251 2649 3319 impleta
2697 3247 2780 3306 est
2827 3251 3166 3318 possessione
3217 3262 3326 3306 tua.
3377 3250 3446 3306 Et

1870 3332 2018 3392 mare
2059 3319 2200 3392 istud
2248 3322 2529 3392 spatiosum
2573 3331 2656 3378 est
2691 3322 2942 3388 manibus,
2993 3322 3044 3377 id
3095 3330 3211 3389 est,
3267 3325 3447 3392 operi-

1871 3388 2000 3463 bus,
2042 3390 2232 3463 messis
2273 3391 2416 3446 enim
2459 3393 2620 3448 multa
2665 3401 2780 3459 est,
2822 3393 3053 3463 operarii
3096 3388 3224 3448 vero
3265 3388 3440 3460 pauci.

1869 3457 2012 3526 Illic,
2058 3461 2110 3514 id
2155 3470 2257 3533 est,
2308 3464 2360 3517 in
2400 3465 2533 3518 mari
2575 3473 2700 3520 sunt
2738 3457 2946 3533 reptilia
2985 3479 3200 3533 quorum
3229 3457 3330 3517 non
3365 3474 3442 3518 est

1869 3545 2128 3605 numerus,
2172 3532 2222 3585 id
2267 3542 2369 3600 est,
2422 3543 2547 3589 sunt
2593 3535 2754 3590 multa
2808 3532 3435 3605 millia’suggestionum,

1870 3603 2218 3676 tentationum
2249 3620 2263 3657 :
2296 3606 2560 3676 qumideo
2601 3605 2810 3673 reptilia
2841 3603 3261 3676 dicunturfquia
3303 3606 3440 3660 leni-

1867 3679 1948 3746 ter
1987 3673 2300 3746 subrepunt.
2335 3675 2429 3730 Vel
2469 3679 2593 3746 quia
2634 3690 2731 3731 nos
2772 3691 2959 3743 repere
2990 3673 3206 3740 faciunt,
3251 3677 3303 3730 id
3333 3685 3436 3736 est.

1868 3744 1921 3795 in
1963 3744 2598 3818 terramdejieiuntflbi
2641 3755 2766 3803 sunt
2801 3748 3046 3801 animalia
3092 3748 3280 3818 pusilla
3326 3764 3440 3802 cum

1867 3815 2095 3882 magnis,
2130 3816 2182 3870 id
2212 3829 2322 3881 est,
2357 3819 2592 3873 haeretici
2616 3822 2946 3874 concitantes
2976 3815 3200 3874 limresin
3234 3822 3286 3872 ln
3319 3834 3444 3872 ma-

1863 3883 2091 3959 joribus,
2122 3895 2176 3941 et
2215 3886 2266 3959 in
2295 3889 2610 3944 minoribus.
2657 3892 2711 3944 ln
2757 3891 3069 3959 majoribus,
3101 3901 3155 3944 ut
3197 3892 3247 3944 in
3285 3889 3442 3944 Verbi

1867 3956 2146 4010 divinitate
2177 3976 2187 4010 :
2219 3957 2269 4011 in
2297 3960 2589 4014 minoribus
2613 3976 2761 4024 vero,
2792 3956 2856 4014 ιη’
2880 3963 2930 4014 in
2958 3961 3300 4014 humanitate.
3334 3960 3440 4013 Sed

1865 4027 2105 4100 quamvis
2131 4029 2303 4099 (quasi
2325 4031 2489 4100 dicat)
2519 4031 2625 4085 sint
2654 4030 2900 4100 animalia
2924 4040 2977 4083 et
3003 4030 3242 4096 reptilia,.
3262 4039 3442 4085 tamen

1867 4113 2016 4151 naves
2035 4140 2049 4161 ,
2083 4098 2133 4151 id
2160 4111 2238 4152 est
2261 4140 2276 4163 ,
2311 4098 2564 4156 Ecclesiae
2601 4101 2776 4156 crucis
2803 4099 3141 4155 adhaerentes
3169 4115 3272 4154 non
3300 4115 3444 4152 nau-

1867 4167 2214 4237 lragabuntur
2244 4172 2331 4235 ibi,
2364 4173 2413 4224 id
2443 4180 2554 4236 est,
2592 4172 2642 4224 in
2671 4171 2806 4224 mari
2836 4171 2951 4236 illo,
2985 4171 3076 4225 sed
3104 4185 3292 4226 secure
3323 4186 3442 4240 per-

1865 4243 2165 4294 transibunt.

1939 4311 2108 4364 Draco
2142 4313 2254 4364 iste.
2288 4310 2399 4365 Non
2429 4313 2600 4366 solum
2649 4315 2852 4381 reptilia
2900 4322 2952 4370 et
2998 4314 3244 4369 animalia
3278 4327 3441 4383 parva

1865 4390 1917 4435 et
1951 4396 2158 4449 magna,
2195 4383 2290 4433 sed
2320 4384 2478 4436 etiam
2509 4388 2664 4437 draco
2696 4390 2786 4438 iste
2816 4385 3064 4440 notabilis
3097 4398 3179 4440 est
3202 4385 3291 4446 ibi.
3325 4390 3443 4439 sci-

1866 4453 1986 4505 licet
2007 4461 2170 4525 _capnt
2201 4454 2360 4506 totius
2393 4455 2536 4507 mali.
2587 4456 2746 4522 Quem
2775 4467 2826 4510 tu
2865 4458 2916 4510 in
2944 4459 3201 4525 dignitate
3242 4462 3441 4525 forma-

1870 4525 1953 4584 sti,
2006 4523 2117 4591 ipse
2147 4534 2269 4576 ante
2309 4539 2367 4577 se
2397 4525 2734 4592 del'ormavit,
2781 4539 2834 4581 et
2863 4529 2941 4582 sic
2971 4523 3342 4582 formatusest
3369 4529 3438 4579 ad

1798 4581 1847 4641 D
1873 4581 2193 4647 illudc'ndum
2213 4595 2276 4652 ci.
2295 4597 2342 4648 id
2367 4605 2466 4662 est,
2493 4597 2665 4650 taliter
2689 4581 2743 4652 ui
2775 4581 3022 4652 illudatur
3035 4601 3081 4653 ei
3103 4614 3132 4652 a
3161 4597 3432 4651 ﬁdelibus.

1871 4667 2060 4720 Multos
2088 4665 2229 4719 enim
2264 4681 2396 4735 quos
2431 4683 2521 4734 per
2544 4677 2723 4734 guttur
2770 4669 3159 4736 perforatnrum
3205 4668 3427 4737 amittit,

1869 4737 1992 4803 quia
2015 4737 2222 4788 armilla
2253 4738 2522 4790 maxillam
2547 4740 2665 4807 ejus
2697 4742 2997 4807 perforasti.
3024 4741 3123 4795 Per
3144 4740 3428 4801 armillam,

1867 4822 1984 4874 qum
2028 4807 2250 4881 rotunda
2281 4809 2546 4881 etisolida
2597 4820 2700 4874 est,
2744 4810 3052 4879 designatur
3076 4809 3266 4881 gratia,
3313 4811 3435 4878 quia

1866 4887 2004 4930 sucut
2050 4877 2254 4930 armilla
2285 4878 2478 4931 collum
2516 4881 2600 4934 vel
2635 4877 2908 4933 brachium
2957 4877 3251 4935 circumdat
3293 4877 3433 4933 :iita

1867 4951 2029 5016 gratia
2059 4947 2321 5015 quosdam
2350 4951 2430 5003 sic
2458 4952 2643 5016 ambit,
2675 4961 2729 5004 ut
2762 4952 3123 5018 resipisciendo
3154 4952 3311 5005 faciat
3341 4964 3435 5003 eos

1867 5020 2001 5073 elabi
2035 5019 2276 5092 faucibth
2307 5020 2525 5085 diaboli,
2557 5023 2606 5073 in
2637 5023 2830 5089 quibus
2856 5022 2963 5092 jam
2997 5040 3090 5090 per
3125 5024 3326 5088 lapsum
3355 5032 3432 5074 te—

1867 5093 2128 5142 nebantur
2153 5091 2340 5144 clausi.
2375 5092 2438 5144 Et
2469 5093 2582 5145 haec
2628 5096 2818 5154 omnia,
2859 5091 3068 5147 'scilicet
3092 5107 3148 5148 et
3177 5095 3336 5146 draco
3379 5101 3434 5144 et

1867 5162 2115 5212 auin'ialia
2140 5171 2427 5229 exspectant
2458 5163 2558 5215 hoc
2586 5177 2614 5214 a
2647 5173 2718 5226 te,
2741 5173 2793 5214 ut
2818 5164 2904 5217 des
2933 5180 3097 5217 escam
3127 5165 3178 5216 in
3209 5172 3432 5228 tempore

1865 5231 1969 5304 illis
2019 5246 2046 5282 a
2088 5240 2148 5304 te
2193 5233 2470 5300 disposito.
2510 5233 2575 5286 Et
2602 5233 2722 5286 ideo
2773 5235 2894 5288 dico
2935 5242 3245 5304 exspectant
3293 5248 3321 5285 a
3355 5244 3428 5295 te,

1865 5303 1984 5370 quia
2015 5300 2254 5371 colligent
2282 5313 2458 5356 escam
2492 5312 2537 5356 te
2568 5306 2723 5356 dante
2753 5306 2876 5370 illis,
2910 5307 2960 5359 id
2989 5300 3090 5367 est.
3136 5319 3240 5359 non
3267 5320 3428 5372 quam

1866 5373 2165 5437 voluerunt,
2214 5373 2307 5427 sed
2353 5389 2509 5443 quam
2561 5385 2612 5428 tu
2643 5375 2812 5428 dabis.
2862 5379 3027 5432 Draco
3059 5377 3201 5431 enim
3250 5389 3436 5429 omnes

1865 5444 2124 5516 devorare
2179 5448 2288 5496 vult
2317 5445 2410 5498 sed
2461 5459 2563 5500 non
2615 5446 2836 5499 devorat
2881 5464 3012 5516 quos
3041 5449 3172 5501 vult.
3208 5447 3264 5501 Si
3312 5447 3431 5515 quis

1863 5516 2006 5567 enim
2057 5514 2226 5568 bonus
2257 5516 2373 5577 erit,
2409 5516 2557 5568 cibus
2581 5516 2774 5569 Christi
2823 5514 2942 5581 erit,
2973 5529 3026 5574 et
3055 5521 3232 5574 cibum
3277 5514 3432 5572 Chri-

1863 5596 2002 5638 stum
2033 5585 2284 5638 habebit:
2319 5585 2365 5638 si
2393 5587 2508 5654 quis
2537 5602 2662 5640 vero
2689 5589 2858 5642 malus
2886 5601 2985 5655 est,
3019 5592 3166 5646 cibus
3211 5603 3431 5657 serpen-

1866 5657 1931 5707 tis
1963 5661 2082 5718 erit,
2111 5657 2230 5723 quia
2275 5659 2510 5723 serpenti
2535 5659 2734 5712 dictum
2764 5669 2848 5713 est
2891 5677 2904 5714 :
2938 5661 3152 5715 Terram
3184 5660 3439 5713 comedet.

1865 5727 1920 5780 Si
1948 5727 2026 5778 vis
2052 5741 2180 5794 ergo
2212 5742 2314 5800 non
2358 5742 2477 5781 esse
2507 5729 2656 5782 cibus
2699 5733 2985 5800 serpentis,
3013 5748 3129 5787 esto
3160 5732 3348 5796 bonus,
3378 5738 3434 5782 et

1863 5809 1982 5850 cum
2012 5798 2287 5877 Apostolo,
2323 5814 2434 5877 (pta!
2460 5817 2658 5854 sursum
2680 5798 2800 5855 sunt
2826 5808 3032 5877 sapias,
3067 5821 3170 5859 non
3193 5817 3308 5876 qua:
3350 5815 3442 5854 su-

1863 5884 1953 5942 per
1981 5878 2187 5922 terram.
2218 5871 2466 5941 Sequitur
2489 5890 2501 5925 :
