4006 6364
203 337 346 395 ΙΟΠ

203 468 334 508 men
371 453 656 518 Abraham,
703 469 807 509 non
847 453 915 511 de
965 471 1127 513 carne

201 531 452 590 imitans,
501 526 698 590 audite,
730 527 869 580 servi
919 537 970 583 et
998 526 1320 593 electi'Dei,
1371 530 1629 582 habentes
1658 529 1775 596 glo-

203 600 348 652 riam
382 599 521 659 vita},
545 613 661 660 quae
691 613 829 651 nunc
859 610 959 662 est,
989 607 1043 653 et
1067 599 1288 662 futurae;
1321 608 1376 654 ct
1404 602 1445 652 si
1475 599 1620 653 dura:
1653 605 1777 652 sunt

205 665 369 721 vtibis
397 669 715 721 tcntationes
759 669 808 721 in
844 670 942 721 hoc
981 672 1198 734 sarculo,
1224 669 1418 738 Joseplt
1450 671 1500 723 in
1541 683 1775 735 carcere,

202 739 500 809 Christum
538 742 588 790 in
617 753 777 792 cruce
807 740 1053 806 cogitate.
1096 743 1149 795 Si
1201 752 1374 795 autem
1405 740 1777 809 temporalium

204 825 390 863 rerum
422 808 626 875 adjacet
657 813 1002 878 prosperitas,
1055 827 1158 864 non
1187 821 1404 879 proriter
1448 808 1616 879 ipsam
1651 811 1775 875 Deo,

202 879 304 933 sed
363 889 577 948 propter
629 880 797 934 Deum
853 881 964 948 ipsa
1022 883 1268 946 tttimini,
1319 897 1416 936 nec
1467 881 1782 935 existimetis

207 949 379 1004 Deum
412 952 772 1004 necessarium
801 967 920 1006 esse
952 953 1247 1008 cultoribus
1273 955 1383 1006 suis
1415 963 1631 1020 propter
1654 953 1775 1005 ista.

205 1020 319 1093 Sed
352 1021 578 1089 primum
622 1023 842 1093 quarrite
863 1037 1083 1092 regnum
1121 1023 1238 1088 Dei,
1271 1032 1324 1078 et
1351 1021 1614 1093 justitiam
1641 1025 1778 1091 ejus,

199 1099 265 1148 et
285 1092 402 1148 hac
427 1093 604 1147 omnia
637 1091 958 1159 adjicientur
988 1095 1155 1148 vobis.
1189 1113 1209 1146 ι

699 1182 764 1238 ΙΝ
811 1183 1134 1240 PSALMUM
1184 1183 1292 1240 CV.

735 1274 980 1340 Alleluia,
1031 1275 1266 1330 alleluia.

807 1385 1190 1426 ARGUMENTUM.

275 1459 517 1515 Psalmus
541 1461 625 1516 hic
652 1476 715 1516 ex
749 1476 975 1529 persona
1007 1463 1182 1530 populi
1211 1461 1358 1529 quasi
1385 1461 1492 1529 jam
1527 1462 1578 1515 in
1613 1461 1778 1532 Baby-

199 1533 327 1585 lone
359 1533 517 1598 positi
566 1533 796 1594 canitur,
847 1533 1150 1587 conﬁtentis
1180 1542 1393 1601 per-cata
1427 1547 1543 1595 sua,
1584 1548 1645 1584 ac
1691 1533 1784 1584 de-

198 1602 380 1657 ﬂentis
407 1601 546 1670 quod
581 1604 852 1657 beneﬁciis
880 1605 973 1658 Dei
997 1619 1208 1670 semper
1238 1605 1472 1665 ingratus
1493 1604 1778 1658 exstiterit.

198 1673 392 1744 Aliter,
442 1689 541 1727 vos
595 1674 846 1731 Ecclesia:
898 1675 964 1728 ad
1023 1675 1330 1744 Apostolos.
1386 1675 1665 1743 Legendus
1713 1674 1779 1727 ad

200 1743 471 1800 Exodum.

820 1830 1170 1872 EXPLANATIO.‘

272 1907 516 1964 Breviter
563 1910 613 1963 in
659 1910 811 1963 titulo
865 1919 1258 1977 prtemonetur,
1311 1915 1370 1962 ut
1421 1907 1643 1964 Domino
1694 1915 1773 1959 to.

200 1979 313 2035 tius
341 1981 532 2046 psalmi
571 1981 892 2050 jubilatione
919 1990 1181 2036 cantetur.
1214 1978 1574 2033 lntroducitur
1606 1979 1778 2030 conli-

201 2061 323 2106 tens
357 2053 583 2118 populus
615 2051 987 2120 llebrteorum,
1018 2053 1128 2120 qui,
1163 2051 1348 2105 relicta
1381 2059 1589 2116 patrum
1611 2050 1778 2120 perli-

199 2123 310 2184 dia,
343 2123 407 2175 ad
445 2122 690 2192 pietatem
743 2122 952 2176 Domini
1002 2119 1115 2190 ipso
1159 2119 1781 2192 miseranteaperdnctus

198 2202 305 2253 est.
338 2204 398 2246 ut
426 2190 807 2260 intelligamus,
839 2208 960 2247 cum
997 2193 1193 2248 fuerint
1240 2190 1508 2252 conversi,
1540 2201 1592 2244 et
1639 2192 1781 2258 ipsos

198 2263 417 2317 alleluia
469 2267 661 2318 merito
709 2279 805 2332 pro
861 2280 954 2320 sua
1012 2264 1382 2332 redemptione
1431 2270 1670 2332 cantare.
1723 2260 1779 2314 ln

199 2334 372 2402 prima
421 2333 584 2403 igitur
617 2331 922 2390 narratione
953 2331 1267 2402 deprecatur
1320 2339 1378 2403 ut
1417 2331 1651 2386 societur
1685 2346 1780 2400 po-

203 2406 331 2472 pulo
377 2402 730 2475 beneplacito,
777 2407 900 2475 quia
961 2415 1077 2460 erat
1119 2406 1329 2459 Domini
1361 2402 1655 2458 Salvatoris
1685 2403 1779 2456 ad-

201 2487 364 2530 ventu
410 2477 478 2532 de
519 2478 764 2544 gentibus
812 2477 1235 2546 congregandus.
1289 2475 1531 2528 Secunda
1576 2485 1780 2546 pat_rum

198 2561 421 2602 suorum
465 2543 680 2615 peccata
713 2543 1052 2614 diminuerat,
1104 2562 1222 2618 qua:
1255 2547 1491 2601 fecerunt
1519 2545 1570 2618 in
1613 2543 1779 2615 Egy-

200 2630 314 2686 pto,
346 2620 608 2674 mirabilia
642 2620 846 2674 Domini
880 2615 1481 2682 minime'contuentes,
1515 2615 1657 2684 pium
1705 2628 1782 2668 ta-

200 2695 322 2742 men
358 2689 636 2744 Dominum
669 2691 736 2743 ab
770 2691 996 2744 inimicis
1026 2705 1120 2745 eos
1152 2690 1424 2745 liberasse.
1470 2687 1644 2740 Tertia
1697 2700 1784 2741 re-

199 2760 306 2814 fert
348 2761 414 2814 ad
471 2761 724 2827 peccandi
779 2762 952 2816 studia
1007 2776 1291 2828 reversos,
1352 2759 1445 2812 sed
1500 2755 1780 2810 Dominum

199 2831 366 2900 Moysi
399 2835 644 2900 precibus
684 2833 845 2888 luisse
893 2831 1194 2887 delinitum.
1227 2831 1422 2898 Quarta
1478 2829 1784 2893 iniquitates

199 2916 383 2956 eorum
437 2906 628 2958 asserit
683 2905 946 2968 iteratas,
1007 2902 1510 2971 impendentemque
1562 2900 1782 2971 Domini

198 2973 356 3037 iram,
414 2974 640 3029 l‘ltinees
689 2969 1099 3042 supplicatione
1134 2974 1418 3042 placatam.
1474 2969 1666 3038 Quinta
1717 2969 1785 3023 ad

198 3057 389 3111 aquam
420 3046 858 3100 contradictionis
879 3060 971 3099 eos
995 3044 1213 3114 Moysen
1237 3043 1608 3106 exacerbasse,
1633 3055 1786 3095 suos-

198 3129 304 3183 que
339 3125 460 3184 post
503 3116 618 3170 haec
649 3117 784 3171 filios
825 3117 979 3171 idolis
1019 3115 1327 3169 immolasse
1377 3121 1781 3166 commemorat.

202 3174 354 3240 Unde
382 3187 638 3242 Dominus
669 3188 1016 3242 vehementer
1045 3188 1233 3250 iratus,
1268 3184 1482 3238 tradidit
1523 3197 1615 3238 eos
1642 3199 1785 3250 gcn-
1811 3174 1860 3239 C

202 3258 332 3311 tium
385 3259 652 3312 servituti.
690 3259 766 3313 Ac
806 3259 998 3313 deinde
1049 3259 1354 3318 miseratus,
1397 3256 1450 3309 in
1495 3261 1785 3321 conspectu

199 3327 562 3393 inimicorum,
603 3343 696 3382 eos
727 3328 957 3383 reddidit
987 3329 1266 3397 gloriosos.
1303 3329 1462 3384 Sexta
1511 3334 1784 3397 precatur,

198 3399 341 3467 quod
366 3409 586 3452 noverat
612 3413 732 3454 esse
760 3395 1064 3464 venturuin,
1090 3408 1146 3453 ut
1167 3399 1234 3453 de
1261 3395 1529 3452 universis
1555 3395 1786 3467 nationi-

203 3466 304 3522 bus
327 3470 562 3524 Ecclesia
584 3470 844 3524 catholica
872 3483 1246 3541 congregetur,
1269 3480 1322 3524 et
1354 3469 1535 3522 laudes
1561 3466 1787 3520 Domino

207 3550 406 3594 aeterna
429 3542 786 3596 exsultatione
813 3542 1067 3596 celebret.
1116 3590 1118 3592 ,

772 3647 1201 3691 (εοεκεητλιιιῠε.

275 3729 598 3801 Conﬁtemini
633 3729 870 3796 Domino,
895 3731 1155 3799 quoniam.
1188 3727 1430 3801 Psalmus
1457 3725 1665 3801 istede
1703 3723 1786 3801 al-

203 3795 482 3859 leluiat'icis
526 3804 745 3872 psalmis
784 3795 1051 3856 secundus
1080 3810 1184 3872 est,
1235 3798 1326 3868 qui
1367 3795 1787 3872 inscribiturbis

201 3874 450 3930 Alleluia.
488 3865 556 3928 Et
582 3876 767 3929 dicunt
803 3873 1021 3941 quidam
1048 3871 1188 3941 qttod
1235 3865 1370 3923 tinus
1411 3870 1482 3922 sit
1506 3867 1580 3941 de
1623 3865 1785 3936 priori

201 3949 424 4015 psalmo.
456 3946 558 4001 Sed
584 3945 711 3998 dicit
741 3940 924 3998 beatus
967 3940 1291 4015 Augustinus
1330 3943 1452 4009 quia
1490 3941 1540 4015 _si
1571 3940 1672 4015 hoc
1700 3952 1788 3992 es-

198 4009 459 4082 si-t,,tttnc
502 4017 628 4070 illttd
669 4015 807 4083 quod
838 4009 1064 4069 notatur
1094 4013 1331 4082 psalmus
1361 4011 1502 4080 quod
1546 4009 1618 4064 sit
1646 4010 1786 4063 inter

198 4099 484 4156 utrumque
519 4088 730 4142 alleluia
759 4095 1066 4154 poneretur.
1097 4085 1233 4138 Dicit
1257 4083 1418 4156 etiam
1447 4095 1553 4135 non
1598 4093 1786 4156 neces-

198 4150 412 4213 sarium'
441 4173 562 4213 esse
592 4159 672 4210 bis
713 4150 930 4227 apponi,
963 4157 1086 4225 quia
1118 4155 1287 4209 semel
1318 4160 1521 4208 tantum
1565 4150 1782 4227 sufficit.

196 4228 548 4300 Conjungitur
590 4221 763 4283 autem
789 4221 906 4294 'pcr
945 4221 1044 4300 hoc
1075 4227 1310 4300 psalmus
1356 4227 1454 4300 iste
1500 4221 1782 4300 superiori,

196 4295 326 4370 quia
351 4295 491 4356 sicut
519 4301 608 4356 ille
650 4309 841 4354 tractat
871 4301 937 4354 de
967 4299 1048 4352 his
1082 4295 1142 4351 in
1171 4296 1362 4366 quibus
1391 4295 1782 4370 beneplacitum

196 4364 283 4426 est
313 4372 421 4430 Deo
449 4373 501 4425 in
544 4373 707 4440 priori
739 4371 955 4439 populo,
1003 4370 1072 4423 ita
1115 4364 1309 4440 tractat
1356 4371 1455 4420 iste
1483 4367 1549 4419 de
1581 4365 1662 4418 bis
1692 4364 1783 4431 qui

196 4445 626 4498 amaricaverunt
672 4441 772 4495 sibi
825 4441 1129 4502 Dominum,
1184 4439 1376 4504 quibus
1429 4446 1630 4489 tantum
1674 4449 1780 4487 non

194 4513 367 4568 defuit
397 4515 574 4568 divina
623 4511 1004 4566 misericordia.
1059 4510 1315 4563 Dicuntur
1363 4518 1542 4560 autem
1575 4509 1674 4558 hoc
1724 4507 1777 4558 in

198 4599 430 4653 persona
459 4585 696 4648 illorum,
721 4583 1042 4652 quicunque,
1079 4584 1120 4632 si
1150 4581 1358 4634 veniam
1395 4585 1697 4653 precantur,
1725 4583 1779 4629 et

201 4648 422 4711 illorum
467 4655 716 4723 exempla
739 4648 1190 4716 commemorant,
1225 4654 1275 4723 in
1309 4665 1439 4723 quos
1470 4648 1782 4723 etiampec-

197 4737 417 4782 catores
451 4727 602 4780 dives
634 4719 886 4794 apparuit
918 4721 1427 4794 misericordiaaDei‘,
1456 4731 1507 4773 et
1539 4719 1722 4785 incipit
1751 4732 1780 4772 a

196 4798 538 4853 confessione
582 4791 691 4852 iste
716 4791 868 4849 sicut
907 4794 1076 4864 prior.
1124 4791 1442 4864 Accipienda
1493 4797 1670 4864 autem
1703 4797 1785 4864 est

195 4870 463 4924 confessio
498 4867 777 4937 gementis,
821 4857 940 4933 quia
968 4865 1160 4937 dicitur
1181 4857 1478 4937 itt_'_psalmo
1504 4878 1515 4912 :
1543 4857 1784 4912 Peccavi-

195 4957 311 4993 mus
335 4955 451 4992 cum
490 4933 722 5008 patribus
750 4940 958 4990 nostris.
989 4936 1098 4992 Sub
1127 4933 1470 5008 intelligenda
1498 4942 1671 5008 tamen
1702 4939 1786 4987 est

194 5003 806 5073 confessio'laudantis,
862 5011 982 5076 quia
1039 5006 1261 5061 subdit:
1296 5005 1551 5076 Quoniam
1604 5003 1781 5076 bonus,

195 5084 440 5150 quoniam
487 5083 536 5134 in
565 5082 806 5134 strculum
854 5074 1207 5132 misericordia
1257 5080 1391 5150 ejus.
1439 5074 1588 5128 Nulla
1641 5074 1782 5150 enim

196 5145 468 5207 confessio
496 5162 833 5220 peccatorum
857 5151 974 5203 vilis
997 5160 1100 5214 est,
1139 5150 1190 5200 io
1219 5145 1319 5214 qua
1368 5149 1506 5200 Deus
1537 5159 1641 5220 non
1665 5145 1785 5220 lau-

197 5225 358 5276 datur
400 5214 561 5276 corde
608 5231 662 5275 et
701 5237 814 5275 ore.
865 5222 930 5273 fit
961 5221 1080 5287 quia
1111 5222 1162 5271 in
1196 5231 1419 5286 utraque
1449 5214 1786 5287 confessione

195 5295 445 5348 laudatur
477 5293 754 5358 Dominus,
801 5293 920 5346 ideo
953 5286 1192 5359 psalmus
1225 5289 1308 5359 bis
1351 5288 1561 5339 alleluia
1594 5286 1784 5359 intitu-

199 5367 366 5430 fatur,
411 5375 464 5418 et
505 5363 686 5431 incipit
729 5357 837 5415 ita:
868 5357 1213 5428 Con/itemini,
1263 5358 1312 5411 id
1363 5370 1461 5419 est,
1494 5357 1788 5431 confessio-

202 5452 328 5490 nem
354 5427 515 5490 l‘acite
556 5427 798 5499 Domino,
847 5427 1074 5501 primum
1109 5445 1204 5482 vos
1241 5427 1786 5501 accus:tndo,_deinde

203 5511 380 5575 ipsum
413 5506 697 5560 laudando.
730 5506 794 5558 Et
816 5499 1024 5575 debetis
1054 5503 1099 5575 ei
1131 5499 1394 5575 confiteri,
1423 5499 1664 5575 quoniam
1705 5507 1788 5551 est

207 5569 394 5642 bonus,
427 5580 476 5630 id
506 5586 609 5641 cst,
639 5576 814 5629 suavis
834 5585 897 5642 et
941 5573 1112 5628 dulcis
1137 5571 1384 5624 omnibus
1416 5585 1473 5624 se
1502 5569 1660 5637 digne
1687 5583 1784 5635 gu-

199 5651 490 5713 stantibus,
522 5659 575 5702 ct
611 5648 850 5716 quoniam
896 5643 1405 5716 misericordia__ejus
1454 5650 1537 5694 est
1590 5642 1641 5716 in
1685 5654 1789 5716 sw-

198 5725 401 5775 culum.
430 5709 730 5773 Secundum
775 5719 1026 5771 smculum
1079 5717 1204 5770 αἱῶν
1242 5709 1484 5765 Griecum
1533 5709 1789 5779 accipitur

199 5792 514 5862 mquivoce,
567 5800 639 5862 ειῄ
669 5804 763 5856 ρτο
812 5797 1015 5862 literne
1064 5795 1124 5862 et
1161 5799 1256 5854 pro
1292 5794 1548 5862 tempore.
1691 5795 1787 5848 pro

208 5853 454 5934 tempore
478 5853 787 5932 accipiatur,
813 5869 936 5914 tunc
962 5853 1319 5927 intelligemus
1339 5853 1787 5922 misericordiam,

954 337 1020 398 IN
1061 339 1476 432 PSALMODUM
1515 336 1772 397 LIBRUM
1811 336 2169 398 EXEGESIS.
2193 343 2262 382 -έ-
2288 340 2527 399 PSALM.
2567 339 2676 398 CV.

3316 337 3461 396 1018

1173 457 1425 528 glorians,
1477 457 1569 512 sed
1617 457 1772 510 fidem
1804 457 1853 516 Α
1879 454 1998 522 quia
2030 468 2084 510 et
2113 456 2166 510 in
2197 454 2297 511 hac
2325 455 2668 528 miserianos
2688 455 3014 519 consolatur,
3045 457 3099 508 et
3127 452 3194 528 ab
3217 451 3320 528 hac
3351 452 3457 528 mi-

1881 529 2017 578 seria
2047 543 2144 580 nos
2175 527 2390 590 liberat;
2416 526 2460 578 si
2492 542 2618 580 vero
2650 543 2743 595 pro
2766 537 2993 595 arterno,
3023 534 3148 580 tunc
3177 524 3318 580 illam
3351 527 3452 578 mi-

1880 597 2226 651 sericordiam
2274 598 2630 662 intelligemus
2669 600 2785 652 sine
2830 613 2930 667 qua
2977 610 3133 650 nemo
3181 605 3356 666 potest
3402 597 3457 651 in

1883 667 1971 719 illa
1998 668 2108 720 vita
2134 683 2253 723 esse
2293 668 2500 731 beatus,
2535 668 2756 733 scilicet,
2799 683 2901 737 qua
2947 668 3178 722 laborem
3210 678 3453 721 nostrum

1883 739 2224 802 temporalem
2249 749 2447 794 aeterna
2478 739 2654 807 quiete
2685 748 3008 794 remunerat.

1956 808 2082 871 Quis
2139 810 2370 879 loquetur
2416 810 2682 876 potentias.
2738 808 3458 878 Bepletusconsideratione

1881 877 2185 949 divinorum
2203 877 2458 949 operum,
2481 881 2580 932 iste
2607 883 2694 949 qui
2735 877 2973 947 exposcit
3001 880 3452 939 misericordiam.

1881 948 2100 1020 subdit:
2133 948 2265 1014 Quis
2299 956 2533 1020 loquetur
2571 948 2819 1018 potentias
2859 951 3085 1017 Domini,
3114 961 3218 1005 etc.
3269 951 3460 1003 Consi-

1883 1018 2076 1090 derans
2126 1018 2384 1087 praecepta
2436 1021 2549 1085 Dei,
2589 1036 2810 1090 quorum
2865 1031 3247 1088 praeceptorum
3296 1034 3458 1089 Opera

1886 1089 2072 1144 laudes
2112 1101 2235 1144 sunt
2283 1091 2420 1161 ejus,
2465 1093 2554 1158 qui
2587 1089 2840 1159 operatur
2884 1094 2934 1146 in
2965 1093 3098 1156 suis,
3139 1091 3304 1145 dicit:
3333 1092 3461 1158 Quis

1884 1161 2157 1214 confessus
2181 1163 2407 1230 loquetur
2425 1165 2677 1232 potentias
2709 1161 2938 1227 Domini,
2970 1165 3021 1217 id
3048 1172 3151 1224 est,
3175 1162 3292 1231 quis
3317 1171 3459 1230 pote-

1887 1232 1956 1282 rit
1999 1232 2159 1285 alicui
2190 1234 2458 1300 explicare
2488 1243 2750 1300 praecepta
2791 1234 3019 1297 Domini,
3051 1233 3242 1301 quibus
3271 1243 3457 1300 poten-

1887 1309 1968 1354 ter
2000 1317 2096 1356 nos
2123 1313 2278 1356 sanat
2305 1312 2358 1356 et
2381 1303 2668 1370 justifieat?
2704 1303 2768 1357 Et
2794 1304 2914 1372 quia
2950 1304 3085 1357 Deus
3117 1303 3457 1357 invisibiliter

1886 1373 2128 1439 qua-dam
2170 1385 2442 1440 operatur,
2476 1384 2528 1427 et
2567 1376 2650 1427 illa
2693 1385 2816 1428 sunt
2859 1373 3164 1438 ineffabilia,
3197 1375 3317 1428 ideo
3363 1374 3459 1428 ad-

1886 1442 2000 1495 dit:
2033 1445 2136 1497 Aut
2171 1446 2287 1513 quis
2315 1445 2537 1513 auditas,
2585 1444 2636 1498 id
2667 1454 2769 1506 est,
2813 1448 2855 1498 si
2903 1446 3146 1506 audierit,
3179 1446 3338 1499 etiam
3372 1445 3464 1512 fa-

1887 1517 1999 1575 ciet,
2028 1514 2078 1567 id
2109 1525 2208 1578 est,
2237 1517 2428 1580 poterit
2457 1516 2629 1569 facere
2664 1532 2834 1569 omnes
2866 1516 3042 1570 laudes
3068 1517 3220 1576 eius?
3249 1515 3458 1570 Laudes

1886 1593 2010 1638 sunt
2037 1585 2154 1652 ejus
2195 1601 2357 1654 opera
2391 1597 2775 1654 praeceptorum
2819 1588 2974 1654 ejus;
3015 1586 3108 1640 sed
3140 1587 3259 1641 ideo
3285 1587 3460 1651 potius

1889 1655 2062 1720 posuit
2092 1656 2290 1719 laudes,
2339 1673 2496 1724 quam
2541 1671 2724 1726 opera,
2756 1657 2840 1712 vel
2890 1665 3178 1726 praecepta,
3209 1658 3351 1725 quia,
3403 1657 3459 1710 in

1886 1737 2138 1797 quantum
2186 1729 2283 1781 hoc
2337 1728 2512 1790 fuerit,
2542 1729 2652 1781 laus
2697 1729 2810 1794 ejus
2841 1730 3079 1797 suntqui
3126 1736 3364 1791 operatur
3400 1727 3460 1782 its

1887 1795 2029 1849 nobis
2052 1799 2175 1850 valle
2203 1807 2248 1850 ct
2283 1815 2373 1866 pro
2405 1799 2534 1850 bona
2562 1797 2821 1852 voluntate
2850 1795 3111 1866 per/icere.
3143 1797 3235 1852 Vel
3261 1799 3419 1852 aliter
3439 1811 3461 1856 :

1890 1867 2016 1929 Quis
2045 1868 2318 1922 confessus
2349 1867 2603 1937 loquetur,
2653 1867 2702 1920 id
2733 1877 2836 1931 est,
2860 1869 3020 1936 digne
3059 1868 3467 1934 repraesentabit

1885 1940 1935 1989 in
1969 1952 2026 1989 se
2055 1940 2307 2004 potentias
2341 1939 2584 1992 Domini?
2612 1940 2834 2001 scilicet,
2878 1953 3034 2006 quam
3087 1948 3332 2006 potenter
3352 1938 3460 2000 ho-

1884 2009 2080 2063 minem
2117 2008 2446 2068 formaverit.
2493 2020 2545 2063 et
2591 2023 2750 2074 quam
2782 2019 3025 2076 potenter
3055 2008 3454 2064 reformaverit.

1885 2078 2029 2143 Quis,
2065 2081 2301 2148 inquam,
2333 2082 2400 2134 ita
2435 2082 2688 2146 loquetur,
2721 2089 2776 2133 ut
2799 2080 2954 2134 faciat
2977 2080 3182 2134 auditas
3213 2081 3306 2134 has
3335 2095 3454 2132 om-

1884 2165 1978 2220 nes
2009 2152 2189 2203 laudes
2233 2153 2365 2220 ejus,
2395 2151 2620 2215 scilicet,
2661 2159 2718 2204 ut
2773 2165 2876 2205 non
2919 2152 3092 2206 solum
3117 2151 3258 2205 dicat
3297 2164 3448 2216 voce,

1882 2219 1974 2274 sed
2006 2222 2165 2274 etiam
2190 2219 2435 2276 ostendat
2464 2221 2664 2289 opere?
2693 2220 2878 2275 Nullus
2906 2222 3104 2290 utique.

1955 2290 2097 2344 Beati
2135 2295 2220 2360 qui
2246 2294 2552 2346 custodiunt.
2583 2290 2928 2345 Continuatio
2956 2292 3164 2358 eadem,
3189 2291 3283 2346 sed
3312 2298 3454 2346 utra-

1882 2377 1986 2426 que
2013 2364 2298 2416 sententia.
2323 2363 2482 2430 Quasi
2513 2363 2654 2416 dicat
2681 2380 2692 2415 :
2721 2363 2904 2417 Nullus
2927 2365 3108 2432 utique
3129 2377 3316 2418 omnes
3340 2363 3458 2416 lauo

1883 2432 1978 2488 des
1999 2432 2115 2502 ejus
2144 2434 2320 2488 facere
2351 2435 2576 2502 poterit;
2621 2435 2717 2487 sed
2761 2443 2934 2487 tamen
2957 2433 3174 2503 quidam
3206 2442 3328 2487 sunt
3362 2434 3456 2502 'qui

1884 2519 1988 2556 non
2021 2507 2259 2558 faciendo
2289 2506 2414 2558 beati
2447 2514 2590 2566 sunt,
2643 2503 2736 2568 illi,
2785 2505 3012 2566 scilicet,
3045 2506 3131 2572 qui
3158 2505 3456 2558 custodiunt

1875 2575 2162 2643 judicium,
2195 2585 2243 2630 et
2286 2577 2480 2647 faciunt
2502 2577 2776 2646 justitiam,
2807 2575 2988 2647 idest,
3031 2575 3119 2643 qui
3152 2584 3296 2647 recte
3317 2574 3463 2647 judi-_

1883 2655 2026 2710 cant,
2052 2656 2108 2699 et
2134 2644 2526 2710 recta'faciunt',
2559 2658 2612 2700 et
2641 2661 2744 2700 non
2773 2647 2838 2698 ad
2865 2645 3070 2708 horam,
3098 2646 3191 2700 sed
3228 2647 3281 2698 in
3323 2644 3461 2698 omni

1884 2725 2123 2784 tempore.
2160 2720 2459 2787 Quicunque
2499 2719 2632 2770 enim
2678 2719 3098 2784 perseveraverint
3133 2717 3374 2787 usqucin
3402 2716 3466 2779 [i-

1883 2802 2019 2852 nem,
2042 2788 2093 2840 Iti
2124 2790 2250 2841 salvi
2279 2786 2446 2855 erunt,
2478 2791 2576 2842 hoc
2606 2798 2708 2854 est,
2747 2790 2836 2858 qui
2877 2788 3183 2841 custodiunt
3201 2786 3461 2858 judicium

1886 2861 1936 2912 in
1971 2860 2095 2922 fide,
2128 2869 2183 2913 et
2215 2859 2687 2928 faciuntjustitiam
2718 2855 2779 2913 in
2823 2860 3153 2926 operatione,
3185 2865 3241 2912 et
3278 2856 3330 2910 in
3363 2855 3464 2928 hoc

1888 2929 2024 2982 beati
2051 2942 2194 2996 sunt,
2227 2933 2347 2998 quia
2377 2926 2551 2983 veniet
2578 2940 2789 2998 tempus
2816 2930 3027 2997 quando
3045 2926 3461 2998 judiciuquuod

1886 3015 2026 3054 nunc
2052 2997 2347 3056 custoditur
2377 3001 2480 3054 fide
2508 2997 2843 3055 exercebitur
2872 2999 3200 3066 operatione,
3232 2997 3455 3064 scilicet,

1885 3073 2097 3139 quando
2145 3073 2351 3140 jttstitia
2401 3081 2740 3126 convertctur
2791 3071 2842 3124 in
2887 3070 3186 3140 judicium,
3233 3070 3286 3124 id
3341 3076 3457 3134 est,

1888 3143 2099 3210 quando
2124 3143 2250 3210 justi
2290 3144 2560 3210 accipiunt
2605 3149 2915 3209 potestatem
2944 3140 3215 3210 judicandi
3243 3154 3337 3198 eos
3367 3153 3458 3194 re-

1889 3222 1995 3275 cte,
2035 3229 2062 3265 a
2109 3216 2300 3281 quibus
2350 3228 2492 3267 nunc
2524 3213 2834 3279 judicantur
2882 3227 2987 3265 non
3039 3221 3204 3267 recte.
3242 3212 3306 3264 Et
3335 3211 3462 3279 quia

1889 3283 2162 3338 custodire
2180 3285 2461 3353 judicium,
2494 3293 2549 3337 et
2577 3283 3048 3350 facerejustitiam,
3079 3297 3236 3353 nemo
3265 3289 3462 3353 potest,

1891 3356 1993 3412 nisi
2024 3351 2241 3409 sanatus
2263 3356 2329 3407 ab
2357 3353 2634 3422 iniquitate
2662 3369 2756 3422 per
2784 3354 2933 3406 illum
2961 3355 3049 3424 qui
3077 3351 3336 3424 jttstificat
3361 3351 3460 3405 im-

1890 3425 2055 3496 pium,
2101 3428 2219 3478 ideo
2247 3427 2510 3480 rationem
2562 3425 2760 3496 subdit.
2812 3425 2974 3490 Quasi
3000 3495 3007 3496 7
3031 3424 3170 3496 dicat
3197 3439 3211 3476 :
3241 3423 3330 3496 Ut_
3354 3435 3458 3496 nos

1890 3493 2254 3550 custodiamus
2294 3497 2575 3565 judicium,
2614 3505 2670 3550 et
2696 3494 2950 3550 faciamus
2992 3495 3274 3562 justitiam,
3317 3493 3461 3565 ideo,

1891 3567 2131 3634 Domine,
2169 3563 2414 3621 memento
2439 3569 2620 3630 nostri,
2654 3567 2742 3634 qui
2788 3567 2981 3621 fuimus
3023 3565 3364 3620 immemores
3391 3563 3466 3634 tui
3552 3586 3554 3589 ·

1888 3639 1942 3691 in
1973 3633 2294 3710 berteplacito
2318 3638 2494 3708 populi
2533 3641 2628 3700 tui,
2659 3633 2721 3710 id
2742 3636 3201 3710 est,7associando
3231 3649 3328 3710 nos
3359 3633 3465 3710 illis

1891 3709 2082 3778 quibus
2100 3706 2504 3779 'beneplacitum
2555 3717 2639 3763 est
2670 3709 2785 3764 tibi.
2838 3709 2904 3764 Et
2930 3709 3078 3761 visita
3121 3724 3212 3760 nos
3241 3708 3292 3760 in
3319 3706 3466 3779 salu-

1890 3776 1989 3833 tari
2020 3794 2126 3845 tuo,
2163 3782 2213 3834 id
2253 3776 2365 3848 est,
2409 3779 2622 3834 notilica
2656 3780 2809 3834 nobis
2839 3778 3173 3848 Salvatorem
3204 3786 3373 3848 tuum.
3408 3776 3464 3829 In

1888 3867 1994 3921 quo
2022 3843 2126 3907 non
2151 3853 2320 3907 solum
2352 3843 2563 3920 peccata
2587 3843 2943 3911 dimittuntitr,
2971 3851 3066 3906 sed
3094 3851 3254 3921 etiam
3286 3847 3464 3902 anima

1889 3919 2125 3990 sanatur,
2159 3934 2217 3976 ut
2251 3919 2508 3993 judicium
2540 3923 2822 3993 custodiat,
2853 3931 2908 3977 et
2921 3921 3184 3991 justitiam
3215 3919 3392 3974 faciat.

1960 3997 2042 4049 Ad
2065 3990 2335 4050 videndum
2366 4000 2417 4048 in
2448 3995 2685 4047 bonitate.
2717 3990 2995 4055 Memento,
3021 3995 3251 4059 inquam,
3283 3990 3464 4048 nostri,

1887 4077 1941 4121 et
1967 4069 2122 4122 visita
2149 4082 2246 4120 nos
2275 4066 2343 4118 ad
2381 4067 2671 4126 videndum,
2702 4063 2756 4116 id
2784 4072 2885 4123 est.
2918 4071 2977 4114 ιιι
2997 4062 3124 4116 caeci
3156 4074 3260 4113 non
3289 4075 3464 4112 rema-

1890 4153 2132 4205 neamus,
2178 4139 2270 4191 sed
2315 4137 2592 4189 videamus
2622 4135 2761 4202 quod
2815 4131 3097 4205 videndum
3127 4140 3209 4184 est
3235 4147 3250 4194 ;
3280 4139 3336 4184 et
3368 4129 3467 4181 hoc

1893 4224 1998 4264 no"
2026 4215 2078 4264 in
2109 4203 2303 4263 merito
2335 4215 2541 4270 nostro,
2585 4206 2677 4258 sed
2706 4205 2758 4257 in
2804 4204 3024 4257 bonitate
3049 4203 3328 4255 electorum
3358 4207 3468 4252 tuo-

1889 4296 2022 4345 rum,
2051 4281 2098 4335 id
2132 4289 2234 4343 est,
2267 4280 2434 4346 gratia
2473 4277 2560 4329 illa
2587 4290 2745 4344 quam
2778 4284 2832 4329 tu
2872 4284 3092 4342 praestas
3119 4275 3308 4328 electis
3334 4272 3463 4346 tuis.

1895 4342 2182 4406 Vel-aliter
2206 4342 2226 4404 :7
2252 4342 2508 4402 Memento
2556 4342 2714 4399 nostri
2737 4347 2792 4400 in
2834 4345 3146 4414 beneplacito
3185 4342 3360 4414 populi
3391 4342 3464 4414 tui

1889 4421 1957 4474 ad
1979 4421 2247 4476 videndum
2286 4424 2337 4472 in
2378 4420 2597 4472 bonitate
2625 4419 2896 4470 electorum
2921 4411 3144 4479 tuorum,
3174 4411 3222 4469 id
3254 4411 3368 4480 est,
3401 4411 3468 4467 ad

1831 4506 1856 4558 ζ
1892 4493 2010 4558 hoc,
2048 4504 2104 4548 ut
2145 4493 2355 4546 tandem
2388 4500 2438 4544 te
2469 4489 2744 4543 videamus
2771 4491 2822 4543 in
2854 4505 2915 4544 ea
2964 4487 3248 4552 suavitate,
3282 4485 3335 4558 in
3359 4497 3464 4558 qua

1888 4555 2054 4619 visuri
2102 4575 2225 4619 sunt
2269 4573 2320 4617 te
2358 4562 2511 4615 electi
2545 4560 2638 4614 tui.
2676 4561 2738 4613 Et
2783 4559 2850 4612 ad
2879 4558 3156 4614 uelandum
3203 4559 3258 4609 in
3287 4555 3467 4608 lietttia

1883 4637 2048 4706 gentis
2072 4645 2192 4697 tute.
2243 4636 2310 4688 ad
2357 4633 2477 4698 hoc,
2529 4643 2587 4685 ut
2625 4646 2722 4706 nos
2753 4631 2995 4706 laetemur
3022 4629 3074 4682 in
3105 4643 3169 4683 ea
3192 4626 3377 4706 laetitia
3411 4627 3462 4706 in

1885 4697 1988 4775 dua
2025 4707 2292 4760 laetabitur
2319 4697 2675 4777 genstua.’id
2705 4713 2810 4764 est,
2842 4702 2893 4777 in
2923 4711 2996 4767 te,
3028 4699 3327 4777 quando-tu
3354 4697 3464 4777 eris

1885 4768 2086 4831 omnia.
2125 4779 2192 4830 Et
2222 4768 2347 4830 non'
2367 4775 2486 4829 dico
2524 4776 2821 4838 videamus,
2854 4768 3117 4836 laetemur,
3159 4778 3214 4823 ut
3243 4768 3469 4838 lauderis

1885 4864 2000 4901 cum
2022 4849 2318 4901 Itazreditate
2358 4857 2464 4911 tua,
2509 4846 2558 4898 id
2590 4852 2693 4908 est,
2725 4852 2780 4896 ut
2823 4841 3105 4898 hereditas
3135 4851 3224 4896 tua
3253 4841 3324 4894 sit
3353 4837 3465 4891 lau-

1887 4918 2105 4984 dabilis,
2133 4930 2188 4973 et
2219 4929 2272 4971 tu
2299 4921 2351 4973 in
2379 4932 2439 4971 ea
2471 4918 2547 4970 sis
2571 4914 2876 4969 laudabilis.

1957 4979 2286 5044 Peccavimus
2318 5005 2434 5042 cum
2467 4986 2694 5055 patribus
2733 4984 2938 5040 nostris.
2972 4985 3134 5050 Quasi
3160 4982 3303 5038 dicat
3329 4979 3468 5055 :_Ne-

1887 5077 2038 5116 cesse
2083 5071 2187 5124 est,
2225 5053 2473 5126 Domine,
2526 5067 2584 5111 ut
2633 5057 2942 5113 memineris
2988 5057 3109 5123 quia
3152 5053 3465 5126 peccavimus

1887 5149 2004 5185 cum
2030 5123 2258 5202 patribus
2289 5123 2494 5196 nostris,
2543 5128 2594 5182 id
2637 5136 2739 5193 est,
2770 5142 2890 5181 cum
2939 5128 3380 5202 adhucessemus
3411 5123 3464 5202 in

1889 5193 2084 5257 lumbis
2118 5216 2324 5272 patrum
2371 5193 2698 5272 nostrorum,
2742 5201 2881 5253 sicut
2923 5200 3049 5272 alibi
3077 5199 3294 5272 dicitur,
3321 5193 3461 5272 quod

1891 5274 2008 5326 Levi
2054 5266 2334 5328 decimatas
2373 5284 2469 5336 cst,
2504 5271 2554 5322 id
2599 5280 2701 5334 est,
2747 5272 2981 5323 decimas
3010 5269 3152 5322 dedit
3197 5269 3250 5319 in
3277 5266 3460 5318 lumbis

1887 5347 2165 5400 Abraham.
2196 5347 2284 5400 Vel
2309 5343 2624 5414 peccavimus
2649 5357 2762 5394 cum
2784 5342 3007 5411 patribus
3037 5337 3259 5414 nostris_,_
3277 5337 3326 5390 id
3358 5346 3460 5414 est,

1889 5421 1961 5471 ita
1995 5433 2090 5470 nos
2119 5408 2476 5486 peccavimus,
2523 5414 2661 5466 sicut
2707 5421 2761 5466 et
2784 5408 2968 5486 patres
2997 5413 3190 5486 nostri:
3217 5408 3461 5486 Nomin-

1878 5492 2021 5560 justc
2043 5479 2236 5556 egimus
2261 5489 2311 5560 in
2346 5487 2668 5554 proximum,
2695 5494 2744 5560 et
2771 5479 3111 5552 iniquitatem,
3144 5479 3195 5535 id
3217 5487 3318 5560 est,
3357 5479 3458 5532 itii-

1891 5549 2144 5628 pietatem
2162 5562 2224 5612 -in
2259 5549 2446 5620 Deum,
2489 5559 2831 5628 prosequitur
2853 5549 3030 5628 autem
3061 5549 3457 5628 qttomodo_pa-

1888 5621 1998 5685 ires
2030 5630 2364 5700 peccaverint
2393 5621 2600 5700 dicens,
2649 5621 2826 5700 Patres
2867 5621 3159 5700 nostrinon
3201 5621 3464 5700 inteller

1887 5714 2005 5757 runt
2031 5691 2281 5754 ittit'ttbilttt
2308 5710 2415 5764 tua,
2450 5699 2693 5761 Domine,
2728 5697 2862 5751 facta
2894 5697 2948 5748 in
2971 5693 3225 5765 Egypto,
3256 5691 3462 5765 scilicet

1891 5792 1995 5829 non
2027 5771 2367 5826 attenderuut
2402 5761 2528 5838 quid
2559 5771 2793 5822 volueris
2835 5772 2912 5822 eis
2953 5761 3207 5836 prais'taae
3247 5777 3344 5838 per
3369 5761 3457 5814 illa

1893 5844 2151 5904 mirabilia
2180 5861 2191 5895 :
2223 5846 2323 5897 hoc
2348 5832 2435 5898 est
2456 5844 2613 5895 vitam
2651 5843 2912 5904 aeternam
2943 5832 3049 5895 non
3089 5832 3462 5912 temporalem,

1874 5984 1899 6000 4
