4006 6364
138 348 289 407 192!

868 348 933 406 IN
974 346 1387 409 rsstuoscu
1427 344 1682 408 LIBRUM
1727 345 2082 408 EXEGESIS.
2123 379 2194 395 -
2234 318 2477 410 rSALu.
2518 349 2650 410 CVI.

3269 352 3410 411 1022

137 474 461 527 commotus
482 473 566 523 est
588 462 791 537 Moyses
813 443 1017 536 prapter
1056 486 1139 527 eos
1168 469 1364 522 idcirco
1385 467 1505 534 quia
1532 480 1739 521 exacer-
1765 462 1817 524 Α
1846 462 1896 517 id
1929 473 2028 530 est,
2065 464 2366 520 videntibus
2400 464 2501 521 illis
2526 475 2580 521 et
2609 465 3032 535 attendentibus,
3061 465 3150 537 qui
3174 468 3418 537 captivos

140 541 422 607 baveruut,
448 539 498 593 id
520 548 621 600 est,
646 538 711 591 ad
740 536 874 593 iram
904 548 1322 607 provoc:tverunt
1344 541 1575 608 spiritum
1596 540 1732 608 ejus.

140 610 218 666 Et
251 612 374 665 ideo
396 610 650 673 distinxit,
686 610 735 662 id
767 619 868 673 est,
902 610 1295 665 diSIittctiuncm
1330 608 1451 664 fecit
1480 610 1531 661 in
1565 610 1732 676 labiis,

140 685 275 752 quia
322 697 444 736 cum
479 683 528 735 in
572 680 693 734 aliis
738 681 995 752 omnibus
1034 682 1303 752 miraculis
1332 691 1511 736 certus
1548 681 1734 752 fuerit,

142 750 199 808 et
235 769 429 808 set-ure
469 754 675 805 locutus
720 752 788 804 sit
812 770 824 780 ·
855 750 940 804 bic
969 751 1126 805 dubie
1168 751 1376 806 locutus
1421 758 1503 805 est
1530 750 1734 813 dicens,

148 822 412 887 Nunquid
436 824 713 894 poterimus
759 822 823 875 de
860 830 1003 892 petra
1024 822 1117 878 hac
1145 840 1327 894 aquam
1366 822 1503 894 uobis
1533 819 1740 875 elicere?

152 897 218 950 Et
274 897 396 949 ideo
438 893 696 960 populum
742 896 795 947 in
822 902 1017 947 terram
1040 893 1434 962 ‘promissiouis
1483 907 1589 946 non
1615 907 1739 961 per-

149 967 331 1019 ducit.
366 965 474 1019 Nec
502 963 765 1018 solum-ad
786 979 973 1031 aquam
1005 964 1424 1018 contradictionis
1457 964 1738 1017 Dominum

149 1038 506 1101 irritaverant,
540 1035 632 1088 sed
661 1034 820 1088 etiam
873 1036 925 1088 in
960 1035 1079 1095 boc,
1115 1034 1233 1104 quia
1262 1043 1539 1104 postquam
1572 1035 1742 1087 intro-

150 1108 301 1162 ducti
354 1106 561 1161 suntin
612 1114 806 1159 terram
857 1106 1245 1175 promissionis,
1279 1122 1380 1159 non
1424 1104 1742 1175 disperdide-

148 1187 275 1233 τινα
308 1193 495 1231 omnes
541 1177 660 1231 illas
698 1186 871 1246 gentes
899 1193 1023 1243 quas
1069 1174 1318 1246 Dominus
1366 1176 1518 1238 dixit,
1567 1174 1616 1229 id
1660 1182 1744 1228 est

153 1250 417 1318 praecepit
447 1248 550 1301 illis
580 1245 907 1315 disperdere.
944 1245 1207 1313 Quasdam
1234 1248 1375 1318 enim
1402 1254 1614 1318 gentes_
1633 1259 1740 1318 non

153 1314 613 1387 disperdiderunt.
644 1318 737 1372 sed
787 1318 884 1370 sibi
928 1319 1230 1373 tributarias
1278 1314 1541 1372 fecerunt.
1569 1314 1635 1369 Et
1669 1315 1740 1370 ita

153 1392 414 1445 commisti
444 1400 560 1443 sunt
594 1389 725 1443 inter
747 1399 939 1458 gentes.
970 1399 1014 1441 et
1039 1389 1331 1460 didicerunt
1355 1405 1510 1460 opera
1538 1402 1735 1460 eorum.

159 1463 221 1516 Et
255 1480 313 1511 ex
328 1463 475 1530 ponit
497 1476 613 1527 tunc
664 1475 848 1527 opera,
874 1459 1057 1513 dicens
1087 1477 1098 1512 :
1134 1458 1198 1512 Et
1228 1458 1505 1514 servierunt
1527 1458 1743 1530 sculptif

161 1535 295 1586 libus
328 1526 538 1585 corum.
573 1530 637 1584 Et
674 1526 775 1584 ftoc
804 1533 998 1600 factum
1020 1540 1091 1584 est
1122 1530 1225 1583 illis
1254 1532 1305 1584 in
1333 1530 1659 1593 scandalum,
1690 1526 1744 1583 id

158 1613 245 1658 est
274 1604 326 1657 in
359 1603 587 1657 ruinam.
623 1602 686 1656 Et
729 1602 942 1665 merito,
985 1603 1105 1670 quia
1158 1618 1261 1655 non
1311 1601 1486 1656 solum
1519 1614 1648 1655 oves
1691 1607 1747 1652 et

159 1676 348 1737 boves,
397 1673 492 1728 sed
538 1674 701 1728 etiam
735 1673 1122 1725 immolaverunt
1173 1673 1310 1741 ﬁlios
1353 1689 1473 1726 suos
1510 1680 1557 1725 et
1604 1670 1744 1741 ﬁlias

156 1742 282 1798 suas
308 1743 572 1799 datntoniis
601 1746 742 1798 :ltoc
772 1742 987 1813 quidem
1039 1756 1143 1797 non
1180 1743 1337 1797 habet
1366 1742 1610 1808 historia,
1650 1740 1743 1795 sed

1842 536 2013 591 adhuc
2042 552 2133 590 eos
2164 539 2414 593 tenebant
2456 553 2551 606 per
2589 540 2951 605 captivitatem
3000 541 3053 592 in
3086 536 3418 606 praevarica-

1839 606 1983 661 tione
2019 608 2178 679 primi
2201 610 2431 662 hominis
2464 609 2693 674 factam;
2729 611 2869 678 quod
2907 609 3309 679 aequipollenter
3335 608 3418 664 di-

1838 692 1961 750 cere
1985 689 2062 731 est
2088 676 2288 750 :_Ejicit
2312 680 2563 734 daemonia
2591 681 2655 733 ab
2676 676 2769 735 eis.
2797 681 2863 734 Et
2890 676 3015 747 quia
3045 681 3097 735 in
3128 679 3421 750 Evangelia

1838 747 2030 802 dicitur
2054 765 2068 802 :
2094 746 2224 821 Ecce
2250 751 2400 821 ejicio
2431 751 2708 805 dwmonia.
2757 751 2823 805 Et
2866 746 3018 805 hodie
3046 762 3093 805 et
3122 767 3239 805 cras
3282 746 3424 806 Sani.

1840 828 1964 887 tates
2012 819 2347 887 pet'ﬁcio,cl
2399 825 2547 875 tertia
2597 824 2683 876 die
2731 839 3053 876 consummor
3082 839 3098 876 :
3126 823 3248 876 ideo
3300 837 3421 878 eum

1839 884 2061 964 dixis~et
2088 884 2109 941 ί
2130 884 2264 956 Quia
2293 891 2443 957 ejicit
2468 892 2760 959 dtemonia,
2803 894 3079 964 Subjungit
3123 894 3422 947 orationem

1841 970 1898 1014 ut
1922 962 2203 1014 sanitatem
2239 964 2499 1030 perﬁciat,
2531 965 2715 1019 dicens
2745 983 2760 1020 :
2795 962 3023 1018 Domine
3049 964 3187 1017 Deus
3226 974 3422 1028 noster,

1844 1031 1929 1099 fac
1957 1048 2047 1085 nos
2077 1032 2243 1086 salvos
2275 1034 2602 1100 perﬁciendo
2631 1037 2684 1089 in
2730 1036 2887 1090 nobis
2911 1035 3214 1090 sanitatem.
3243 1036 3425 1089 Potest

1842 1110 2017 1156 autem
2065 1118 2156 1169 per
2184 1104 2336 1157 hodie
2356 1107 2544 1177 _accipi
2584 1116 2793 1172 tempus
2839 1107 2940 1160 sub
2985 1106 3125 1177 lege,
3159 1121 3255 1173 per
3305 1120 3421 1159 cras

1842 1187 1972 1226 vero
2001 1183 2210 1239 tempus
2232 1174 2438 1247 gratiae,
2472 1176 2525 1229 in
2567 1192 2674 1247 quo
2712 1186 2939 1246 utroque
2984 1174 3271 1232 Sanitatem
3298 1191 3428 1244 ope-

1842 1252 1991 1317 ratus
2018 1255 2099 1317 est
2133 1260 2148 1301 :
2184 1246 2264 1299 vel
2313 1260 2405 1314 per
2450 1246 2605 1300 hodie
2651 1249 2821 1315 accipi
2868 1259 3081 1317 tempus
3124 1250 3428 1312 prasentia

1844 1315 2084 1388 ejus_in_
2116 1331 2319 1371 carne:
2362 1332 2458 1384 per
2497 1334 2611 1372 cras
2666 1333 2803 1374 vero
2846 1315 3059 1388 tempus
3103 1319 3427 1387 Apostolica

1846 1384 2141 1459 missionis,
2171 1396 2227 1441 et
2255 1402 2421 1457 usque
2448 1389 2517 1443 ad
2564 1390 2724 1443 tinem
2772 1384 2977 1455 saeculi,
3012 1393 3065 1444 in
3112 1384 3219 1459 quo
3265 1390 3427 1443 etiam

1845 1469 1943 1525 per
1972 1456 2351 1524 praedicatores
2376 1474 2504 1514 suos
2527 1460 2784 1514 sanitates
2813 1461 3039 1529 perlicit.
3071 1456 3252 1515 Tertia
3295 1473 3425 1514 vero

1845 1541 1947 1601 qua
1990 1538 2415 1596 consummatur,
2457 1533 2561 1584 erit
2605 1532 2824 1601 quando
2870 1544 3067 1586 omnes
3109 1546 3430 1585 occurremus

1845 1597 1893 1651 ei
1916 1599 1968 1650 in
1996 1615 2152 1652 unum
2181 1600 2347 1653 virum
2378 1597 2682 1669 perfectum,
2706 1603 2759 1657 its
2789 1617 3083 1669 mensuram
3123 1603 3291 1656 celatis
3322 1601 3430 1669 ple;

1846 1669 2100 1723 nitudinis
2132 1669 2344 1725 Christi.
2370 1662 2551 1743 iEt'ut
2597 1662 2776 1727 salvos
2816 1662 3011 1743 facias,
3045 1688 3297 1743 congrege
3323 1662 3431 1725 ’ποι

1848 1752 2036 1811 verum
2084 1755 2271 1795 semen
2317 1742 2548 1796 Abrahae
2576 1757 2672 1811 per
2705 1742 2828 1797 lidei
2867 1745 3130 1799 unitatem
3163 1744 3226 1796 de
3265 1744 3433 1797 natioa

158 1824 373 1890 tamen
395 1830 514 1890 non
552 1814 673 1890 ideo
706 1810 880 1890 minus
928 1812 1257 1890 credendum
1286 1823 1393 1890 _est_
1434 1812 1744 1890 pmphetico
1779 1826 1826 1890 Β
1850 1810 1999 1863 nibus
2029 1812 2302 1890 omnibus,
2336 1812 2401 1890 ad
2432 1814 2535 1890 boc
2561 1824 2631 1890 ιιιΔ
2657 1815 2992 1890 conﬁteantur
3022 1824 3200 1890 sancto
3233 1814 3435 1890 nomini

160 1885 399 1955 spiritui,
430 1886 515 1956 qui
568 1886 669 1940 boc
700 1886 953 1956 dicit,_et
998 1885 1117 1956 alis
1149 1883 1426 1954 prepbetis
1470 1886 1554 1953 qui
1605 1899 1749 1951 saepe

161 1958 309 2012 idem
337 1954 818 2026 improperantt-is.
849 1954 909 2009 Et
929 1955 1156 2023 qualiter
1186 1956 1602 2021 imtnolaverint,
1624 1970 1750 2025 pro-

164 2029 409 2095 sequitur
432 2024 618 2082 dic'ens
641 2044 655 2083 :
680 2024 748 2079 Et
775 2026 1063 2094 effuderunt
1086 2029 1385 2095 sanguinem
1408 2024 1748 2092 innocentem,

161 2100 467 2169 sanguinem
499 2099 724 2167 [illorum
754 2114 983 2169 suorum,
1013 2105 1071 2169 et
1105 2097 1596 2169 [iliat'uttt_sttqrum,
1628 2114 1754 2169 quas

163 2159 590 2235 saciiﬁcaverunt
639 2167 966 2239 sculptilibus
1012 2159 1277 2223 Chanaan.
1325 2166 1393 2223 Et
1448 2159 1548 2223 ltoc
1586 2159 1754 2221 modo

164 2240 565 2308 interfecta'est
611 2250 745 2294 terra
794 2240 845 2293 in
900 2240 1290 2309 sanguinibus,_
1333 2240 1612 2294 continens
1661 2253 1754 2307 pro

167 2306 462 2377 contento;
504 2315 608 2365 boc
655 2319 736 2366 est
785 2311 982 2365 terreni
999 2306 1091 2364 illi
1124 2306 1391 2370 interfecti
1439 2320 1565 2364 sunt
1611 2306 1752 2364 inte-

166 2385 279 2507 Pus
313 2392 530 2452 propter
576 2382 923 2438 innocentum
977 2382 1317 2451 sanguinem,
1348 2379 1631 2437 dmmoniis
1669 2381 1751 2437 el-

191 2469 367 2507 usum.

191 2469 367 2516 usttm.

247 2523 316 2577 Et
362 2524 707 2595 contaminata
756 2532 830 2579 est
878 2523 931 2577 in
979 2521 1213 2595 operibus
1268 2538 1464 2577 eorum.
1496 2521 1758 2595 Exponit

171 2594 466 2663 quomodo,
494 2595 703 2666 scilicet
732 2596 850 2664 quia
896 2594 1142 2666 fornicati
1181 2603 1297 2648 sunt
1341 2596 1393 2649 in
1434 2594 1755 2666 adiacentia-

170 2666 319 2721 nibus
348 2668 476 2734 suis,
520 2665 571 2721 id
615 2667 781 2721 estin
814 2667 1008 2720 studiis
1053 2665 1184 2727 suis,
1229 2665 1350 2735 quia
1399 2665 1615 2734 proprio
1648 2666 1753 2722 Deo

176 2738 365 2793 relicto
393 2738 735 2792 adlttcserunt
761 2736 909 2792 falsis
942 2736 1063 2791 diis.
1097 2736 1166 2790 Et
1196 2736 1316 2791 ideo
1346 2737 1507 2791 iratus
1534 2744 1607 2791 est
1639 2736 1750 2791 Do-

172 2810 343 2879 minus
373 2806 446 2863 illi
478 2809 696 2879 populo,
728 2807 812 2863 vel
858 2809 914 2862 in
954 2807 1104 2862 illum
1146 2808 1397 2878 populum
1437 2808 1491 2861 in
1541 2807 1753 2876 furore,

171 2877 357 2961 idest,
392 2877 553 2961 inira
577 2880 733 2961 gravi
762 2898 773 2933 :
798 2889 851 2961 et.
872 2878 994 2934 ideo
1039 2877 1357 2961 abeuntia-tus
1385 2888 1456 2961 est
1503 2879 1672 2947 illum,
1700 2879 1755 2933 id

172 2959 256 3006 est
284 2953 440 3005 vilem
492 2948 617 3005 fecit
661 2949 1007 3005 Itazreditatem
1055 2964 1221 3005 suam.
1268 2949 1372 3004 Per
1417 2948 1521 3004 hoc
1570 2961 1747 3004 autem

173 3023 316 3088 quod
370 3021 497 3077 dicit
552 3020 947 3088 baereditatem,
1009 3019 1248 3075 ostendit
1303 3020 1751 3076 abominationem

174 3091 319 3147 illam
351 3094 569 3147 omnino
619 3108 724 3148 non
771 3107 891 3148 esse
932 3090 999 3147 ad
1047 3090 1489 3156 destructionem,
1538 3093 1632 3146 sed
1684 3091 1751 3146 ad

173 3161 587 3249 correctionem.
624 3163 688 3217 Et
735 3180 882 3247 vere,
934 3162 1238 3249 quiant'licit
1285 3162 1623 3244 abominatus
1669 3171 1833 3249 θεία

177 3235 545 3292 Ιιωτθιιίιειιθω
572 3249 723 3290 suam
750 3254 762 3288 :
792 3235 911 3304 quia
959 3234 1172 3288 tradidit
1202 3248 1286 3286 eos
1329 3234 1383 3287 in
1427 3251 1607 3288 manus
1632 3250 1755 3303 gen-

178 3306 324 3361 tium.
356 3306 425 3359 Et
458 3306 561 3360 hoc
583 3307 681 3371 ita,
708 3306 849 3375 quod
878 3306 1127 3359 dominati
1155 3314 1275 3359 sunt
1303 3305 1395 3373 eis,
1423 3307 1510 3373 qui
1537 3306 1753 3359 oderunt

175 3394 263 3433 eos
288 3394 306 3432 :
336 3375 476 3446 quod
506 3378 817 3445 gravissima
860 3380 1089 3431 servitus
1128 3384 1257 3446 est,i
1288 3386 1342 3430 ut
1386 3377 1605 3446 patiaris
1651 3376 1752 3430 do-

178 3445 408 3513 minum,
435 3463 595 3517 quem
642 3447 808 3503 babes
864 3448 1159 3502 inimicum.
1213 3445 1279 3499 Et
1327 3449 1449 3515 quia
1495 3447 1752 3501 dominati

178 3529 322 3586 Sunt,
372 3519 491 3573 ideo
540 3518 907 3573 tribulaverunt
938 3535 1025 3573 eos
1072 3517 1289 3577 inimici,
1340 3527 1387 3571 et
1418 3518 1494 3571 sic
1520 3519 1756 3588 graviter

178 3590 431 3644 Itumiliati
457 3600 573 3644 sunt
613 3589 704 3644 sub
734 3591 966 3643 manibus
993 3605 1189 3653 eorum,
1222 3588 1315 3643 sed
1353 3588 1601 3643 Dominus
1631 3589 1758 3642 libe'

179 3662 310 3715 tavit
334 3677 421 3715 eos
449 3677 604 3727 sape.
634 3659 749 3731 Ipsi
776 3671 945 3715 autem
974 3676 1079 3714 non
1112 3660 1245 3731 illud
1268 3659 1631 3731 attenderunt,
1661 3659 1757 3714 sed

178 3733 599 3787 exacerbaverunt
632 3748 747 3786 eum
769 3734 823 3785 in
850 3732 1065 3799 consilio
1094 3747 1207 3795 suo,
1237 3730 1291 3785 id
1319 3741 1402 3785 est
1426 3732 1547 3799 quia
1574 3732 1755 3785 consi-

179 3802 311 3857 liutu
360 3803 477 3870 ejus
525 3818 630 3857 non
679 3796 1055 3868 attenderuut,
1110 3802 1205 3857 sed
1254 3796 1757 3856 suumeonsilium

175 3877 323 3929 enim
374 3875 467 3928 Dei
510 3883 646 3941 erat,
697 3882 758 3929 ut
796 3890 889 3944 per
940 3872 1257 3944 temporalia
1298 3873 1435 3927 bona
1480 3871 1760 3928 induceret

178 3957 279 4000 eos
324 3945 391 3997 ad
437 3951 659 4000 atterna.
694 3943 809 4015 Ipsi
850 3953 1029 4015 autem
1080 3957 1183 3997 non
1208 3943 1336 3998 illud
1389 3943 1757 4015 attenderunt,

178 4017 277 4071 sed
316 4029 472 4069 suum
512 4017 797 4071 consilium
835 4014 990 4085 sequi
1047 4015 1388 4080 maluerunt,
1451 4014 1660 4069 scilicet
1699 4025 1760 4069 ut

179 4095 510 4154 quaererent,
539 4103 658 4156 quat
688 4103 784 4140 sua
832 4096 1007 4151 erant,
1056 4100 1162 4140 non
1204 4101 1324 4155 quae
1371 4085 1463 4140 Dei
1494 4096 1667 4140 erant.
1692 4086 1761 4138 Et

178 4157 307 4211 ideo
352 4159 543 4211 merito
591 4157 847 4211 humiliati
876 4167 994 4212 sunt
1023 4157 1376 4223 iniquitatibus
1422 4158 1551 4221 suis,
1584 4158 1634 4211 id
1679 4165 1765 4212 est
1794 4156 1807 4167 “

178 4226 256 4281 ita
283 4229 423 4295 quod
450 4230 754 4297 iniquitates
780 4244 965 4284 eorum
997 4243 1157 4283 causa
1177 4240 1356 4283 essent
1379 4230 1763 4284 ltutniliationis

179 4298 444 4366 ipsorum.
484 4301 545 4354 Et
576 4316 762 4355 rursus
794 4316 897 4354 non
925 4300 1093 4355 deluit
1138 4300 1217 4354 eis
1253 4300 1428 4353 divina
1460 4301 1767 4355 miscricor-

178 4370 297 4435 dia,
346 4373 465 4438 quia
493 4372 618 4424 vidit
648 4372 907 4426 Dominus
935 4386 1049 4424 cum
1087 4372 1474 4424 tribularentur.
1508 4372 1619 4424 Non
1643 4371 1767 4425 ideo

126 4456 137 4467 ο
181 4441 291 4495 hoc
313 4441 459 4507 dicit,
481 4442 625 4511 quod
651 4443 938 4511 aliquando
961 4457 1065 4495 non
1089 4443 1265 4498 videat
1281 4460 1293 4494 :
1310 4442 1403 4496 sed
1436 4451 1563 4495 tunc
1590 4451 1766 4496 tamen

178 4513 427 4567 maxime
453 4514 631 4567 videre
662 4514 1055 4567 tribulationem
1088 4524 1325 4567 nostram
1356 4513 1573 4574 dicitur,
1599 4528 1767 4580 quan-

178 4584 257 4638 do
284 4585 584 4641 miseretur.
622 4585 687 4638 Et
716 4593 995 4653 prepterea
1042 4584 1242 4648 subdit,
1289 4582 1353 4635 Et
1401 4584 1593 4637 audivit
1641 4599 1759 4637 ora-

180 4657 373 4709 tionem
412 4668 589 4709 eorum
612 4669 633 4710 :
657 4667 710 4710 et
741 4656 842 4709 ltoc
870 4663 1037 4709 totum
1089 4654 1217 4709 fecit
1245 4670 1353 4708 non
1398 4663 1616 4723 promer
1646 4670 1765 4707 um‘

180 4725 365 4791 bram,
398 4729 491 4780 sed
516 4736 732 4795 propter
764 4727 1011 4796 figuram,
1058 4725 1260 4780 scilicet
1291 4725 1414 4793 quia
1448 4741 1640 4779 memor
1668 4728 1768 4793 {ait

166 4798 497 4862 leuamenti,
550 4810 657 4851 non
708 4798 906 4851 veteris
952 4797 1097 4866 quod
1146 4796 1417 4863 aboletur,
1467 4798 1560 4850 sed
1617 4798 1763 4861 novi,

178 4868 326 4935 quod
357 4883 451 4937 per
490 4868 619 4923 illud
652 4868 1074 4939 signiﬁCabatur.
1128 4866 1193 4921 Et
1223 4868 1346 4924 ideo
1393 4868 1625 4937 pomituit
1652 4884 1769 4921 eum

178 4941 466 4993 secundum
495 4940 874 4994 multitudinem
918 4940 1286 4995 misericordia:
1310 4953 1438 5006 sum,
1477 4954 1582 5009 non
1623 4940 1767 5009 quod

178 5011 502 5082 pmnitentia
532 5026 767 5081 iniquam
799 5012 849 5066 in
877 5025 944 5067 eo
974 5013 1094 5078 fuit,
1126 5013 1177 5066 in
1205 5026 1312 5082 quo
1341 5011 1538 5065 malum
1564 5010 1767 5064 factum

177 5094 293 5151 non
343 5083 656 5151 praecessit:
689 5083 783 5137 sed
830 5084 954 5151 quia
1010 5095 1115 5137 tam
1171 5082 1598 5138 misericorditer
1646 5095 1766 5136 cum

178 5150 293 5223 illis
342 5150 473 5222 egit,
509 5153 653 5223 quod
701 5150 873 5223 potuit
902 5152 1065 5208 videri
1093 5154 1374 5222 .pcenitere
1421 5168 1543 5208 eum
1571 5154 1770 5223 prioris

179 5221 539 5279 aldictibnis.‘
568 5227 632 5279 Et
658 5221 785 5280 vere
827 5227 1049 5279 nntltatu
1095 5221 1522 5280 misericordiam
1552 5221 1630 5279 eis
1669 5224 1770 5278 im-

178 5295 392 5364 pendit,
424 5297 545 5365 quia
578 5296 716 5350 dedit
760 5312 845 5351 eos
892 5298 945 5351 in
975 5297 1347 5351 misericordias
1392 5297 1446 5349 in
1492 5304 1769 5366 conspecta

179 5366 437 5432 omnium,
482 5369 570 5435 qui
620 5377 858 5435 ceperant
908 5384 1012 5432 eos,
1059 5368 1109 5421 id
1140 5374 1242 5431 est,
1302 5367 1402 5421 hoc
1449 5367 1576 5421 fecit
1626 5367 1767 5435 quod

179 5436 353 5493 etiam
385 5443 589 5504 hostes,
622 5443 713 5508 qui
760 5442 998 5508 captivos
1040 5456 1131 5491 eos
1164 5437 1436 5505 tenebant,
1465 5439 1771 5492 tttisericor-

181 5508 332 5564 diter
359 5520 592 5577 egerunt
621 5525 742 5565 cum
775 5510 900 5564 illis.
932 5507 1031 5565 Vel
1062 5511 1253 5563 aliter:
1282 5509 1434 5561 Dedit
1466 5524 1550 5562 eos
1574 5510 1625 5561 in
1666 5510 1765 5561 mi-

178 5581 516 5648 sericordias,
571 5583 621 5635 id
669 5591 773 5646 est,
801 5582 873 5635 ita
907 5581 1333 5635 misericorditer
1360 5594 1478 5633 cum
1510 5580 1613 5632 illis
1662 5584 1771 5648 egit

178 5651 455 5707 mittendo
486 5654 653 5707 lilium
681 5668 859 5719 suum,
895 5663 947 5707 et
982 5652 1261 5704 liberanda
1302 5665 1397 5704 eos
1435 5651 1503 5704 ab
1546 5652 1769 5705 interio-

179 5722 339 5779 ribus
368 5724 634 5791 hostibus,
676 5734 734 5777 ut
772 5740 880 5777 non
928 5724 1101 5776 solum
1135 5724 1391 5788 miserati,
1422 5724 1515 5777 sed
1550 5731 1767 5790 prepter

175 5795 567 5866 excellentiam
597 5796 727 5866 ipsa
754 5797 912 5850 etiam
955 5793 1340 5866 misericordiae
1370 5803 1587 5863 pOSseltl
1637 5793 1763 5847 dici.

181 5865 260 5927 Et
282 5864 389 5924 hoc
413 5864 540 5924 fecit
566 5864 930 5939 in‘conspectu
973 5864 1223 5935 omnium,
1267 5866 1355 5937 qui
1395 5872 1630 5937 ceperant
1657 5880 1764 5936 eos,

1798 4548 1848 4610 ι)

1852 1889 1961 1954 tuo,
1990 1892 2039 1934 et
2070 1882 2281 1937 tandem
2309 1884 2586 1954 gloriemur
2614 1886 2666 1938 in
2696 1883 2854 1937 laude
2880 1893 2991 1949 tua,
3022 1886 3071 1938 id
3100 1900 3206 1950 est,
3233 1885 3285 1937 in
3321 1887 3434 1936 latr

1854 1952 1920 2022 de
1971 1955 2206 2018 perfecte
2257 1952 2612 2021 laudantium,
2665 1956 2787 2022 quia
2837 1955 3072 2021 perfecte
3115 1955 3431 2008 amantium.

1856 2020 1919 2076 Et
1965 2024 2087 2077 ideo
2131 2024 2369 2091 perferte
2410 2020 2729 2089 amantium,
2758 2020 2881 2093 quia
2934 2025 3073 2080 faeie
3123 2024 3191 2078 ad
3244 2024 3435 2079 faciem

1854 2095 2355 2163 contemplandum,
2404 2112 2502 2151 nos
2546 2096 2666 2152 dico
2696 2096 2942 2151 dicentes
2990 2096 3059 2149 ita
3090 2113 3102 2149 :
3128 2094 3437 2150 Benedictus

1854 2163 1923 2218 sit
1957 2164 2206 2237 Dominus
2225 2183 2278 2237 Aa
2316 2167 2501 2221 stcculo
2542 2177 2590 2220 et
2634 2184 2796 2237 usque
2845 2170 2899 2220 in
2947 2167 3212 2230 caculam,
3258 2168 3309 2220 id
3354 2172 3440 2220 est

1855 2236 2184 2301 mternaliter
2212 2234 2352 2291 Deus
2396 2238 2585 2302 Israel,
2614 2239 2664 2294 id
2695 2234 2798 2307 est,
2830 2238 2920 2308 qui
2949 2238 3077 2293 facit
3106 2247 3163 2291 ut
3190 2237 3437 2291 videntes

1855 2320 1975 2377 eum
2010 2323 2102 2373 per
2131 2309 2311 2372 tidem,
2344 2310 2454 2363 sint
2478 2309 2724 2365 videntes
2762 2325 2887 2365 eum
2936 2324 3033 2377 per
3077 2308 3316 2377 speciem
3350 2312 3439 2360 :et

1857 2375 1958 2449 ltoc
1988 2379 2117 2432 dicet
2144 2380 2305 2432 omnis
2331 2381 2570 2449 populus.
2616 2381 2686 2436 Ut
2720 2390 2900 2436 autem
2932 2375 3056 2434 tunc
3100 2375 3283 2433 dicere
3311 2390 3439 2449 pos.

1856 2448 1953 2530 sit,
1981 2450 2071 2516 ﬁat
2115 2451 2162 2505 ei
2198 2466 2337 2530 nunc
2368 2447 2674 2508 benedictio
2722 2452 2783 2508 in
2827 2451 3026 2522 populo
3064 2449 3311 2518 Judaico,
3342 2447 3438 2519 ﬁt“

1856 2528 1911 2575 et
1941 2521 1994 2574 itt
2027 2521 2308 2592 praeputio.

2355 2639 2419 2695 IN
2460 2634 2786 2698 PSALMUM
2804 2636 2937 2697 CVI.

2510 2754 2738 2811 Alleluia
2749 2795 2764 2811 .

2452 2884 2835 2925 ARGUMENTUM-

1930 2976 2151 3054 Reditus
2181 2980 2359 3050 populi
2391 2982 2458 3037 de
2486 2981 2776 3054 Babylone
2808 2979 3139 3054 prmdicitur.
3174 2980 3441 3037 Primum-

1858 3058 1963 3121 que
1992 3049 2287 3121 imperatur
2329 3063 2385 3106 ut
2418 3049 2900 3109 collata'benellcia
2942 3049 3153 3108 devotis
3178 3054 3439 3108 extollant

1857 3124 2076 3177 vocibus
2107 3123 2395 3194 gratiarum
2427 3143 2438 3178 :
2473 3139 2535 3179 ac
2563 3126 2758 3179 deinde
2798 3138 2920 3194 quae
2951 3125 3087 3177 mala
3120 3123 3173 3176 in
3208 3122 3437 3194 captivi,-

1862 3202 1968 3248 tate
2000 3193 2355 3262 pertulerunt,
2386 3194 2529 3248 varia
2559 3192 2869 3262 narratione
2896 3194 3295 3249 describuntur.
3332 3192 3445 3248 Ali-

1861 3275 1942 3338 ger
1970 3258 2069 3319 vox
2112 3264 2308 3338 Christi
2342 3258 2426 3319 ide
2470 3262 2692 3333 ludatis,
2731 3258 2990 3338 legendus
3036 3264 3103 3320 ad
3153 3265 3439 3321 lectionem

1857 3334 2072 3391 Numeri
2105 3347 2157 3390 et
2180 3333 2449 3392 .ludicum.

2474 3429 2832 3484 smmum.

1928 3520 1984 3573 in
2009 3522 2182 3590 primo
2197 3521 2405 3576 alleluia
2424 3522 2837 3577 commendatus
2862 3528 2949 3578 est
2975 3522 3201 3592 populus
3224 3520 3442 3576 Judato-

1860 3608 1999 3656 rnm,
2028 3593 2227 3663 dequo
2256 3593 2401 3647 nulla
2433 3596 2653 3662 querela
2675 3602 2791 3660 est;
2819 3594 3058 3647 secundo
3079 3606 3171 3647 eos
3198 3602 3442 3647 conme-

1859 3671 2054 3728 morat,
2082 3665 2172 3733 qui
2204 3665 2256 3718 itt
2284 3665 2469 3719 eadem
2496 3673 2657 3734 gente
2684 3664 3032 3719 creberrimis
3052 3663 3439 3720 offensionibus

1860 3745 2199 3808 erraverunt,
2230 3736 2373 3808 eiad
2405 3736 2617 3790 Domini
2644 3737 2869 3808 gratiam
2906 3736 3069 3805 ipsius
3099 3734 3441 3808 miseratione

1860 3805 2067 3859 reversi
2096 3815 2240 3861 sunt.
2271 3807 2367 3862 Hic
2394 3820 2573 3861 autem
2606 3805 2984 3861 commonetnr
3013 3807 3245 3877 populus
3288 3805 3446 3860 Cltri-

1861 3878 2070 3931 stianus
2100 3886 2158 3930 ut
2191 3894 2286 3945 pro
2320 3879 2532 3933 collatis
2561 3879 2662 3933 sibi
2694 3878 2969 3934 beneﬂciis
3001 3879 3186 3933 laudes
3218 3876 3445 3931 Domino

1862 3947 2072 4022 reddat.
2118 3950 2287 4005 Aliter
2332 3948 2547 4005 alleluia
2594 3950 2967 4022 primumcglt
2999 3956 3058 4001 ut
3109 3950 3446 4022 baptizentur

1861 4013 2177 4085 oiedentes;
2226 4022 2527 4077 secundum
2578 4013 2636 4073 ut
2684 4013 2937 4079 conciliet
2980 4013 3323 4086 paenitenter,
3374 4013 3448 4070 ibi

1863 4093 2102 4160 suscepit
2131 4091 2341 4159 plebem
2394 4106 2543 4143 suam
2598 4091 2651 4143 in
2699 4090 3080 4149 exsultatione,
3138 4096 3195 4143 et
3243 4088 3449 4160 electos

1864 4175 1994 4216 suos
2028 4157 2080 4215 in
2110 4157 2313 4215 laetitia.
2362 4162 2460 4215 Hic
2500 4161 2828 4230 pmuitentes
2874 4160 3121 4221 exaudit,
3159 4168 3212 4214 et
3255 4158 3349 4213 dat
3393 4157 3448 4211 in

1876 4233 2301 4286 mi~.ericordiattt
2335 4233 2386 4285 in
2417 4241 2704 4299 conspectu
2736 4230 2998 4299 omnium,
3028 4230 3118 4301 qui
3144 4243 3239 4285 eos
3268 4238 3450 4298 cmpe-

1867 4313 2012 4358 rnnt.
2063 4304 2119 4357 In
2172 4304 2330 4356 tertio
2370 4314 2499 4357 usus
2547 4312 2733 4356 noster
2770 4302 3115 4371 quotidianus
3163 4301 3442 4368 retexitur,

1870 4383 1924 4428 et
1971 4374 2194 4427 incresis
2232 4375 2525 4427 Novatiana
2566 4374 2869 4427 destinatur.
2903 4373 3031 4427 Post
3073 4372 3319 4428 fiebraici
3348 4383 3450 4442 pec

1871 4444 1982 4513 puli
2015 4445 2438 4509 confessionem,
2472 4445 2539 4499 de
2567 4456 2674 4514 quo
2716 4445 3086 4515 praecedentes
3128 4443 3318 4513 psalmi
3352 4440 3451 4498 ilot-

1874 4515 1980 4568 cuti
2011 4525 2157 4577 sunt,
2189 4517 2454 4585 Propheta
2485 4519 2634 4570 venit
2657 4519 2723 4569 ad
2757 4518 3015 4585 populum
3061 4515 3449 4579 Christianum,

1872 4589 1961 4655 qui
1988 4602 2079 4654 per
2109 4584 2487 4655 spzttia’tmius
2513 4587 2663 4641 orbis
2690 4584 3129 4654 superstitionum
3161 4584 3448 4639 solitudine

1870 4660 2215 4726 vagabundus
2255 4658 2493 4713 errabat.
2526 4658 2582 4712 In
2616 4658 2788 4726 prima
2815 4658 3059 4712 sectione
3101 4666 3452 4711 commonens

1868 4744 1989 4783 eum
2024 4729 2212 4782 laudes
2239 4726 2449 4782 Domini
2471 4730 2739 4794 conﬁteri,
2768 4728 2921 4799 cujus
2952 4730 3211 4797 sanguine
3238 4726 3452 4799 redem-

1870 4809 1986 4869 ptas
2018 4798 2288 4854 Ecclesiae
2333 4803 2563 4872 accepit,
2608 4801 2695 4869 qui
2728 4812 2824 4868 per
2848 4800 3317 4872 arasdaamonum,
3367 4798 3452 4872 ius

1870 4868 2069 4941 eosque
2114 4873 2279 4925 stulto
2335 4868 2646 4939 rapiebatur
2694 4882 2902 4924 errore.
2953 4868 3198 4923 Secunda
3246 4868 3446 4936 gratias

1867 4942 2001 4996 dicit
2026 4942 2253 4995 Domitio
2296 4944 2645 5011 peragendas,
2674 4942 2764 5011 qui
2792 4942 3073 5009 gentilium
3120 4942 3325 4993 animas
3353 4951 3443 5011 vev

1869 5013 2045 5067 ritatis
2075 5013 2269 5082 pabulo
2292 5010 2509 5082 jejunus
2547 5010 2826 5081 reltgionis
2870 5025 2981 5065 sure
3009 5010 3450 5082 ubertatesatia-

1870 5088 1966 5148 vit,
1992 5080 2251 5137 eteorum
2281 5080 2495 5138 vincula
2525 5080 2873 5154 peccatorum
2905 5080 3322 5149 inexsuperabili
3348 5080 3455 5134 vir.

1872 5165 1985 5209 tute
2013 5155 2262 5223 disrupit.
2287 5155 2467 5209 Tertia
2502 5153 2642 5210 Patri
2672 5153 2877 5225 gratias
2911 5154 3156 5221 praecipit
3195 5164 3321 5225 esse
3364 5163 3451 5206 re-

1872 5227 2163 5292 ferendas,
2222 5230 2344 5295 quia
2392 5226 2639 5280 Christus
2682 5223 2977 5295 adveniens
3029 5223 3228 5278 diaboli
3272 5230 3453 5288 portas

1871 5309 2154 5367 vectesque
2205 5294 2491 5364 confregit.
2567 5297 2769 5362 Quarta
2841 5294 3070 5367 Domino
3127 5295 3451 5367 sacrificium

1872 5363 2138 5422 laudis'a
2181 5368 2549 5422 sacerdotibus
2595 5374 2906 5421 commonet
2954 5364 3310 5430 offerendum,
3362 5363 3453 5436 qui

1872 5441 2012 5495 inter
2042 5441 2223 5493 saeculi
2257 5442 2451 5493 ﬂuctus
2485 5439 2846 5492 Ecclesiarum
2888 5436 3271 5505 gubernatione
3319 5450 3456 5506 prius

1872 5512 2072 5575 sident,
2124 5511 2437 5566 describens
2466 5512 2914 5577 quemadmodum
2961 5519 3013 5561 et
3059 5509 3301 5576 ipsorum
3339 5518 3455 5560 ten-

1873 5582 2165 5637 tationibus
2215 5581 2352 5633 Deus
2396 5580 2683 5634 subvenire
2710 5580 2982 5649 dignetur.
3015 5578 3206 5645 Quinta
3253 5578 3453 5632 iterum

1871 5654 2003 5707 dicit
2053 5668 2081 5705 a
2130 5651 2502 5705 sacerdotibus
2552 5661 2609 5703 et
2657 5652 2961 5704 senioribus
3006 5649 3291 5704 [Matinum
3330 5660 3455 5703 esse

1872 5723 2216 5787 laudandum,
2247 5723 2337 5789 qui
2366 5723 2702 5787 squalentem
2746 5725 3002 5775 mundum
3051 5722 3295 5775 ariditate
3327 5733 3453 5786 pec-

1872 5797 1977 5852 cati
2013 5796 2061 5848 itt
2089 5796 2511 5847 atmruissitnam
2564 5794 2953 5863 jucuttdttatent
2982 5794 3188 5848 emicsti
3225 5804 3447 5845 munere

1874 5867 2254 5925 commutavit.
2296 5864 2449 5936 Quod
2476 5866 2717 5923 videntes
2759 5867 2891 5922 recti
2914 5868 3081 5927 corde
3118 5862 3448 5936 gaudebant,
