4006 6364
555 248 692 318 i023

1014 261 1212 320 BEDAS
1257 265 1701 326 VENERABILIS
1739 270 1895 326 OPP.
1939 270 2114 327 PARS
2153 267 2215 326 ΙΙ.
2258 269 2446 329 SECT.
2485 272 2546 329 ΙΙ.
2589 299 2658 312 -·
2700 272 2898 330 ΒυΒΙᾹ
2934 273 3024 328 ET
3065 273 3332 333 SPURIA.

3677 279 3813 334 -ιθει

552 395 672 449 quae
701 387 932 462 partesa
953 381 1212 462 similibus
1237 383 1646 455 versibus,quos
1667 385 2012 443 intercalares
2031 402 2120 443 vo-
2149 389 2197 448 A
2226 388 2398 462 randi,
2433 388 2838 462 difficultatibus
2881 401 3120 445 veterum
3161 392 3613 447 consuetudinum
3648 409 3811 462 supe-

552 462 700 516 cant,
735 452 1011 520 incipittnt.

1129 541 1555 581 COMMENTARIUS.
1827 567 1834 571 ι

623 594 942 666 Con/itemini
989 595 1226 663 Domino,
1254 599 1495 666 quoniam
1542 597 1718 651 bonus.
1751 599 1990 654 Psalmns
2021 600 2120 655 iste

551 664 890 719 commendat
920 664 1289 722 miserationes
1325 670 1413 722 Dei
1463 684 1604 723 smne
1633 671 1880 735 probatas
1927 673 1978 722 iu
2018 686 2118 724 no-

554 735 653 798 bis,
701 735 928 803 ideoque
979 739 1150 792 dul'cis
1197 748 1280 791 est
1332 738 1584 805 expertis.
1635 740 1893 795 Cantatur
1941 752 2116 795 autem

552 805 833 879 manifeste
878 809 947 862 de
989 809 1238 864 universa
1289 810 1547 871 Ecclesia,
1607 813 1800 879 ubique
1858 822 2118 867 terrarum

550 874 738 948 diffusa
766 894 776 929 :
803 878 904 931 hoc
941 889 1022 932 est
1067 879 1134 934 de
1163 881 1371 934 duobus
1425 874 1728 948 parietibus”
1765 883 1814 933 in
1870 898 1976 934 uno
2025 899 2122 935 an-

550 947 720 1022 g_u1ari
768 948 946 1022 lapide
991 947 1454 1022 convenientibus.
1495 958 1550 1022 et
1605 952 1726 1004 alibi
1780 952 1918 1004 Abba
1973 962 2119 1022 pater

550 1017 926 1092 clamantibus,
958 1022 1096 1092 unde
1147 1021 1227 1074 bis
1258 1021 1479 1092 Alleluia
1523 1021 1842 1074 intitttlatur.
1887 1023 1946 1076 Et
1973 1017 2116 1092 'quia

553 1088 924 1163 miserationes
979 1091 1072 1144 Dei
1111 1091 1481 1163 commendat,
1505 1092 1781 1145 videamus
1833 1108 1960 1162 ergo
1989 1088 2115 1163 q'uid

551 1159 940 1231 admoneamur
960 1200 978 1224 ,
1012 1163 1186 1231 Aunde
1249 1162 1642 1228 aggratulemur
1665 1204 1680 1226 ,
1735 1163 1872 1217 unde
1899 1159 2117 1231 'gema-

551 1243 691 1292 mus,
727 1230 864 1284 unde
903 1229 1152 1285 auxilium
1204 1233 1554 1298 postulemus,
1600 1233 1738 1285 unde
1776 1229 2111 1298 deseramur,

552 1299 693 1371 unde
721 1300 874 1371 nobis
911 1301 1272 1365 subveniatur,
1305 1303 1446 1369 quod
1487 1317 1581 1370 per
1613 1318 1708 1356 nos
1735 1303 1920 1356 simus.
1954 1304 2117 1371 Quasi

551 1368 727 1424 dicat:
771 1370 872 1425 Per
910 1372 1023 1439 ejus
1053 1368 1466 1426 misericordiam
1490 1368 1698 1436 'simus,
1731 1368 1998 1441 quomodo
2024 1390 2115 1426 su-

523 1439 528 1443 ’
556 1441 735 1506 perbia
765 1451 944 1496 nostra
974 1451 1297 1507 conteratur,
1326 1444 1550 1511 qualiter
1576 1439 1884 1512 gratia'ejus
1914 1444 2116 1512 gloriﬁ-

547 1518 720 1575 cetur,
750 1523 806 1564 ut
832 1513 1118 1581 unicuique
1163 1523 1406 1569 occurrat
1457 1515 1507 1566 in
1557 1527 1634 1576 se,
1681 1515 1817 1581 quod
1879 1515 2117 1569 Psalmus

548 1583 928 1651 commendat:
962 1594 1014 1637 et
1059 1587 1262 1650 experti
1310 1586 1627 1651 approbent.
1679 1585 1940 1651 inexperti
1989 1601 2116 1638 vero

549 1650 873 1706 desiderent.
899 1654 959 1707 Et
983 1655 1236 1723 incipitita
1258 1650 1387 1717 :Oui
1417 1656 1660 1723 redemriti
1683 1650 1848 1708 sunto
1877 1653 2113 1720 Domino,

551 1735 669 1796 non
688 1724 945 1792 redempti
976 1725 1043 1779 de
1075 1741 1231 1779 manu
1285 1725 1610 1796 Egyptiacm
1661 1725 1953 1786 servitutis,
2009 1742 2114 1780 non

547 1792 615 1863 de
660 1793 936 1850 inutilibus
988 1796 1257 1851 laboribus
1283 1808 1336 1850 et
1365 1792 1520 1850 luteis
1549 1796 1816 1863 operibus,
1874 1811 1978 1852 non
2030 1812 2116 1850 re-

549 1861 748 1936 dempti
783 1865 850 1917 ab
878 1866 964 1919 illa
997 1876 1142 1920 arcta
1173 1867 1430 1936 Egypto,
1477 1861 1598 1932 quia
1625 1882 1813 1920 omnes
1839 1866 1991 1920 simul
2039 1881 2118 1921 re-

552 1931 749 1999 dempti
777 1946 920 1998 sunt,
949 1947 1002 1990 et
1031 1939 1216 1990 horum
1250 1931 1445 1990 "hostes
1472 1931 1629 1990 simul
1677 1939 1947 2001 perierunt
1975 1954 1992 1992 :
2024 1939 2117 1993 sed

550 2003 805 2078 redempti
829 2008 896 2059 de
926 2007 1046 2078 lata
1089 2008 1319 2078 [Egypto
1347 2007 1501 2074 hujus
1532 2008 1737 2076 mundi,
1771 2008 2004 2074 quotidie
2039 2024 2118 2061 rc-

550 2072 820 2147 dimentur
844 2086 895 2129 et
924 2076 973 2130 in
1005 2072 1256 2130 multis'ct
1280 2080 1329 2132 in
1357 2072 1595 2142 singulis,
1619 2086 1672 2131 et
1692 2072 1913 2147 quorum
1941 2079 2118 2132 hostes

548 2145 783 2210 quatidie
813 2148 1223 2216 submerguntur
1253 2150 1303 2202 iu
1329 2149 1479 2211 mari,
1513 2165 1636 2216 quos
1677 2145 1901 2203 sicilicet
1944 2151 2118 2202 Domi-

551 2227 652 2266 nus
679 2231 781 2268 uon
831 2218 1041 2271 redemit
1085 2220 1150 2271 de
1185 2235 1341 2273 manu
1393 2219 1700 2282 Pharaonis,
1734 2219 1824 2272 sed
1867 2220 1929 2272 de
1967 2236 2119 2272 manu

552 2283 720 2356 [tusus
750 2288 985 2354 antiqui;
1019 2299 1073 2343 et
1101 2292 1168 2342 ita
1193 2305 1286 2344 eos
1314 2291 1557 2354 redemit,
1589 2289 1729 2356 quod
1775 2304 1878 2342 non
1913 2299 2116 2345 tantum

549 2353 615 2430 de
644 2369 749 2430 uno
781 2353 916 2420 loco,
948 2360 1040 2413 sed
1069 2360 1132 2415 de
1153 2360 1392 2428 pluribus
1420 2353 1710 2430 regionibus
1736 2376 1818 2413 eos
1841 2377 2118 2430 congrega-

548 2423 639 2501 ρει.
671 2424 735 2480 Ει
767 2443 891 2501 vere
916 2430 982 2483 de
1011 2423 1336 2501 regionibus,
1358 2423 1540 2500 quia'a
1564 2431 1686 2484 solis
1713 2440 1824 2483 ortu
1843 2443 1890 2484 et
1912 2423 2116 2486 occasu.

550 2491 606 2571 in
629 2508 751 2571 ortu
770 2499 907 2571 solis
931 2491 1101 2555 Judaei
1125 2511 1299 2569 erant,
1325 2491 1413 2571 qui
1447 2516 1540 2569 per
1560 2503 1726 2568 legem
1755 2512 1807 2555 et
1833 2503 2118 2570 pr0phetas

554 2565 677 2620 inde
705 2569 831 2623 solis
862 2572 1035 2626 lumen
1064 2565 1403 2640 susceperant
1429 2565 1665 2626 {Gentes
1697 2565 1904 2626 vero‘in
1928 2565 2119 2628 occasu

553 2647 726 2701 erant.
754 2655 870 2705 (illa!
901 2644 1192 2710 p05tposito
1219 2646 1470 2698 tireatore
1485 2652 1781 2697 creaturam
1805 2643 2118 2710 adorabunt,

551 2715 606 2782 et
634 2711 849 2782 esponit
877 2726 1123 2766 occasum
1150 2715 1351 2774 dicens,
1377 2714 1450 2766 Ab
1481 2714 1727 2782 Aquilone
1755 2723 1804 2767 et
1835 2715 1981 2766 mari.
2021 2715 2120 2768 l‘er

554 2777 874 2845 Aquilonem
904 2783 1162 2853 intelligo,
1191 2786 1329 2854 quod
1362 2777 1593 2838 Charitas
1625 2785 1675 2838 in
1710 2785 1786 2837 eis
1816 2785 2117 2852 refrixerat,

556 2861 651 2927 per
673 2865 827 2927 inure
860 2867 1006 2927 ve_ro_,
1043 2857 1182 2927 quod
1217 2856 1375 2910 etiam
1408 2855 1704 2908 amaritudo
1735 2856 2118 2922 persecutionis

555 2921 606 2992 in
637 2921 715 2972 eis
745 2931 876 2975 crat.
904 2921 1083 2988 Tales,
1117 2926 1354 2992 inqttam,
1396 2927 1654 2991 redempti
1687 2921 1861 2979 dicant
1891 2928 2025 2979 alter
2053 2928 2119 2980 ad

552 2989 814 3046 alterum:
854 2993 906 3048 Si
931 2989 1203 3063 gustaStis,
1233 2997 1544 3066 conﬁtemini
1587 2989 1848 3049 Domino:
1895 2999 1935 3050 si
1977 2997 2121 3051 enim

555 3074 658 3136 non
679 3067 948 3128 gustastis,
979 3066 1219 3120 confiteri
1240 3083 1344 3120 non
1367 3068 1608 3136 potestis.
1640 3068 1693 3121 Si
1716 3067 1968 3134 gustastis
1997 3069 2114 3122 avi-

553 3131 738 3192 ditate,
771 3145 1005 3192 cruciate
1031 3131 1390 3192 confessione.
1426 3138 1490 3191 Et
1535 3131 1952 3190 mcrito'dehetis
1983 3151 2115 3191 con-

554 3199 690 3277 fiteri
726 3203 970 3272 Domino,
1008 3207 1256 3276 quoniam
1287 3209 1537 3262 omnibus
1560 3209 1717 3277 digne
1746 3222 1804 3261 se
1848 3210 2117 3275 gustanti-

554 3273 652 3325 bus
681 3284 762 3348 est
813 3277 1000 3344 bonus,
1027 3273 1082 3332 'et
1115 3281 1364 3348 quoniam
1411 3273 1775 3334 misericordia
1806 3273 1920 3344 ejus
1948 3288 2030 3332 est
2062 3282 2116 3334 in

554 3345 827 3419 smcultun,
851 3349 985 3403 sicut
1016 3349 1067 3402 in
1103 3345 1264 3419 priori
1297 3351 1501 3418 psalmo
1541 3351 1792 3403 diximus.
1843 3349 1992 3402 Dixit
2032 3351 2120 3416 qui

553 3413 800 3490 redempti
843 3431 978 3482 sunt,
1011 3413 1130 3490 quia
1171 3413 1350 3475 autem
1384 3423 1495 3475 haec
1524 3421 1817 3489 redemptio
1850 3436 1952 3473 non
1986 3413 2116 3475 sim-

559 3483 679 3548 ples
707 3499 810 3548 est,
841 3496 933 3543 sed
967 3483 1268 3560 multiplex,
1298 3492 1418 3547 ideo
1446 3492 1678 3559 psalmus
1708 3483 1953 3559 proponit
1984 3507 2118 3559 qua-

558 3561 680 3634 tuor
709 3562 1044 3626 teutationes,
1065 3573 1292 3630 quatuor
1303 3562 1672 3634 clamationes,
1691 3572 1918 3634 quatuor
1937 3561 2121 3634 libera-

560 3630 1494 3697 tiones,quatuormisericordiarum
1529 3632 1620 3686 Dei
1649 3633 2030 3686 confessiones.
2058 3630 2122 3687 Et

560 3697 1062 3772 prim‘a_redemptio
1084 3714 1162 3759 est
1193 3705 1526 3772 ignorantiae,
1549 3714 1601 3757 et
1626 3709 1842 3767 erroris,
1861 3715 1913 3756 et
1935 3704 2120 3757 inedia:

558 3765 705 3819 verbi
731 3766 844 3842 Dei.
875 3765 1294 3841 Sicutponanitis
1315 3765 1546 3842 aliquem
1569 3773 1698 3827 nihil
1722 3765 1842 3826 boni
1877 3789 2117 3841 quaeren-

561 3841 798 3900 tem,scd
823 3852 1055 3898 veterem
1089 3846 1250 3898 vitam
1285 3841 1583 3899 seductoria
1619 3845 1904 3897 securitate
1935 3845 2118 3899 viven-

563 3913 689 3987 tem,
719 3909 844 3987 nihil
873 3923 1438 3987 esseputantempost
1461 3918 1595 3968 hanc
1611 3914 2122 3987 vitam,quaudoque

557 3976 870 4054 finiendam,
889 3976 1124 4039 deditum
1147 3976 1407 4040 illecebris
1427 3995 1480 4040 et
1495 3976 1790 4038 mortiferis
1815 3976 2123 4038 delectatio-

558 4047 715 4104 nibus
744 4051 899 4122 hujus
920 4056 1098 4110 saeculi
1126 4075 1138 4110 :
1170 4056 1308 4112 hunc
1333 4059 1492 4109 talem
1516 4055 1683 4123 gratia
1715 4054 1810 4107 Dei
1839 4054 2122 4122 aliquando

558 4123 711 4197 quasi
741 4139 770 4175 a
800 4139 990 4198 somno
1020 4127 1242 4181 interius
1283 4129 1460 4198 erigit,
1490 4138 1542 4180 et
1577 4127 1627 4180 in
1664 4139 1852 4198 errore
1875 4137 1933 4198 se
1974 4126 2122 4178 inve-

558 4192 654 4268 nit,
685 4202 739 4268 et
769 4195 988 4268 multum
1013 4198 1268 4252 sollicitus
1298 4192 1562 4253 de'salute
1588 4211 1680 4250 sua
1706 4200 1782 4246 fit.
1816 4195 1880 4248 Et
1905 4194 2018 4249 haec
2042 4205 2123 4249 est

560 4260 832 4316 tribulatio
873 4267 1062 4334 prima,
1093 4268 1332 4323 tentatio.
1367 4270 1570 4322 Deinde
1605 4276 1781 4320 autem
1821 4281 1980 4333 quam
2025 4280 2120 4332 po-

560 4337 685 4397 test,
721 4335 916 4401 pulsat,
949 4339 1144 4392 clamat
1168 4340 1234 4392 ad
1265 4340 1543 4393 Dominum
1574 4355 1588 4390 :
1617 4346 1672 4391 et
1711 4338 1964 4390 Dominus
1994 4338 2124 4389 libe-

557 4409 787 4477 rateum
816 4405 884 4459 de
915 4408 1149 4462 tenebris
1187 4411 1406 4463 erroris.
1442 4411 1506 4461 Et
1555 4409 1605 4460 in
1653 4407 1739 4460 via
1783 4407 2012 4461 ducente
2057 4408 2123 4461 ad

557 4472 834 4548 civitatem
857 4478 1217 4542 habitationis,
1259 4479 1309 4532 id
1339 4490 1442 4545 est,
1473 4479 1526 4532 in
1565 4477 1690 4541 fide,
1716 4484 1771 4531 et
1797 4479 1876 4530 sui
1921 4480 2120 4546 cogita-

561 4547 727 4618 tione,
759 4547 840 4618 vel
868 4551 1173 4618 cognitione
1217 4565 1337 4603 eum
1386 4552 1552 4618 ponit,
1601 4558 1657 4603 et
1698 4548 1936 4602 doctrina
1969 4549 2117 4602 verbi

557 4609 654 4667 Dei
698 4615 890 4681 reficit,
935 4609 991 4674 Et
1042 4619 1264 4673 Domino
1296 4609 1416 4688 jure
1457 4609 1612 4674 debet
1652 4619 1888 4688 confiteri
1920 4638 1932 4671 :
1968 4631 2118 4686 βοει-

558 4696 716 4750 quam
741 4696 918 4744 autem
933 4691 1042 4758 jam
1060 4691 1262 4759 positus
1280 4687 1332 4743 in
1349 4693 1453 4756 via,
1471 4690 1568 4745 scit
1586 4692 1707 4758 quid
1731 4687 2026 4742 faciendum
2049 4691 2120 4743 sit

556 4765 610 4807 et
646 4759 771 4825 quid
815 4763 1134 4824 cavendum,
1182 4761 1368 4830 incipit
1404 4775 1640 4830 pugnare
1682 4769 1865 4812 contra
1912 4767 2116 4814 veteres

556 4831 984 4886 censuetudines.
1019 4832 1126 4887 Sed
1156 4838 1279 4901 quia
1326 4846 1430 4886 non
1472 4831 1697 4884 attendit
1743 4830 1882 4884 unde
1926 4831 2118 4884 debeat

554 4909 701 4972 arma
746 4915 978 4966 sumere,
1026 4918 1184 4972 quem
1219 4911 1616 4972 cooperatoreui
1659 4901 1852 4972 debeat
1897 4901 2110 4955 habere.

555 4967 610 5021 Si
636 4972 777 5024 enim
821 4967 1093 5040 praesumit
1131 4975 1198 5029 de
1241 4967 1335 5040 se;
1364 4973 1541 5026 divino
1588 4973 1785 5023 auxilio
1812 4971 2114 5036 deserente,

552 5041 776 5096 multum
807 5053 978 5109 potest
1031 5045 1292 5108 laborare,
1336 5045 1426 5099 sed
1476 5042 1606 5096 nihil
1635 5041 1870 5095 efficere.
1908 5042 1973 5094 Et
2004 5047 2116 5096 tunc

553 5119 637 5165 est
681 5115 913 5168 secunda
965 5119 1208 5181 teutatio,
1241 5131 1358 5185 quae
1401 5115 1592 5185 dicitur
1643 5112 1928 5165 difficultas
1977 5114 2113 5166 bene

553 5185 832 5248 operandi.
873 5186 1120 5254 Sequitur
1147 5184 1449 5254 damnatio,
1495 5184 1761 5247 liberatio,
1805 5186 2111 5237 confessio:

553 5256 673 5322 quia
721 5250 1005 5312 attendens
1053 5250 1154 5311 ille'
1192 5258 1539 5311 inefficaciam
1587 5269 1757 5317 suam,
1812 5255 2004 5306 clamat
2048 5256 2113 5307 ad

558 5324 855 5389 Dominum,
887 5339 940 5382 et
972 5329 1228 5382 Dominus
1274 5329 1465 5382 liberat
1488 5340 1610 5380 eum
1639 5341 1655 5378 :
1684 5325 1803 5392 quia
1833 5326 2114 5391 disrumpit

555 5395 765 5468 vincula
786 5399 1115 5453 difficultatis
1141 5410 1193 5453 et
1214 5401 1361 5468 ponit
1388 5413 1510 5452 eum
1543 5399 1595 5449 iu
1620 5399 1931 5468 operatione
1951 5410 2114 5468 mittil!-

555 5466 720 5539 t_atis_:
752 5481 802 5522 et
838 5470 964 5524 fitci
997 5471 1180 5533 facile,
1217 5466 1361 5539 quod
1390 5477 1507 5522 erat
1546 5469 1594 5521 ei
1643 5467 1876 5528 difficile,
1910 5475 1962 5518 et
1994 5467 2114 5539 inde

554 5537 777 5592 Domino
804 5542 1045 5595 confiteri
1072 5537 1254 5595 debet.
1279 5541 1465 5593 Posset
1497 5547 1672 5593 autem
1716 5539 1974 5590 Dominus
1997 5537 2114 5590 sine

554 5607 868 5664 difficultate
900 5613 1001 5665 hoc
1031 5615 1185 5665 nobis
1227 5623 1501 5681 prmstare,
1535 5616 1624 5663 sed
1663 5609 1706 5661 si
1754 5622 1855 5661 non
1887 5606 2113 5660 difficul-

555 5689 716 5732 tatem
738 5683 1075 5746 haberemus,
1095 5691 1362 5736 auctorem
1387 5682 1515 5735 tanti
1534 5681 1652 5734 boni
1671 5693 1772 5732 non
1795 5691 2112 5746 agnoscere-

550 5766 688 5814 mus.
724 5754 852 5809 Item
881 5767 1000 5808 cum
1020 5753 1130 5822 jam
1156 5754 1359 5824 positus
1381 5763 1463 5808 est
1484 5754 1534 5807 in
1553 5751 1800 5807 facilitate
1826 5752 1964 5806 bene
1986 5763 2113 5820 ope-

2143 3107 2193 3173 C

2224 461 2369 523 ratis,
2404 476 2506 533 nou
2537 477 2598 513 ev
2645 461 2753 512 otio
2791 461 2879 533 illo
2919 463 3190 514 reducitur
3218 464 3281 515 ad
3315 463 3549 532 aliquam
3582 461 3807 533 pravam

2219 532 2679 594 consuetudinem,
2713 532 2806 584 sed
2843 533 3063 586 incurrit
3096 534 3248 586 tertia
3294 538 3542 597 tentatio,
3580 532 3806 592 tmdium

2220 603 2421 674 scilicet
2447 601 2606 654 divini
2641 603 2809 674 verbi,
2847 603 2897 656 id
2931 613 3030 664 est,
3059 605 3272 657 taedium
3305 606 3520 667 orandi,
3565 607 3806 674 legendi,

2215 671 2505 738 jejunandi,
2550 672 2821 738 vigilandi,
2876 684 2929 726 et
2967 675 3192 726 aliorum
3246 676 3438 742 quibus
3483 676 3554 728 ad
3609 671 3808 732 melis

2222 744 2388 809 possit
2420 745 2670 810 provehi,
2719 754 2773 796 et
2803 743 2877 796 sic
2910 745 3255 810 periclitatur.
3325 746 3432 800 Nec
3473 746 3640 799 faciat
3685 763 3807 804 eum

2220 813 2287 867 de
2333 813 2492 880 priori
2548 815 2802 866 societate
2849 828 3131 882 securum,
3162 816 3254 870 sed
3290 831 3386 880 pro
3416 818 3581 870 taedio
3614 821 3807 874 timeat

2219 898 2340 936 eum
2372 885 2684 952 moriturum
2714 902 2724 934 :
2753 887 2872 951 quia
2899 886 3036 938 sicut
3062 900 3253 950 corpus
3288 886 3500 940 fastidio
3526 892 3804 952 corporali

2219 953 2340 1006 cibo
2391 944 2700 1021 perimitur,
2754 944 2822 1006 ita
2891 957 3067 1008 anima
3109 944 3319 1010 fastidio
3361 944 3644 1024 corpOrali'
3690 944 3808 1014 cibo

2223 1025 2569 1086 periclitatur.
2601 1025 2709 1080 Sed
2755 1039 2939 1079 rursus
2985 1026 3177 1078 clamat
3205 1027 3269 1079 ad
3303 1026 3612 1093 Dominum,
3649 1038 3708 1082 et
3740 1032 3804 1082 li-

2223 1094 2450 1155 beratur,
2510 1105 2564 1148 ct
2615 1106 2792 1149 tamen
2861 1097 3100 1166 sequitur
3157 1107 3214 1149 ut
3266 1099 3612 1152 confiteatur.
3667 1099 3807 1155 Ecce

2219 1166 2599 1232 splendificatis
2667 1166 2902 1219 tenebris
2973 1175 3028 1219 et
3086 1166 3488 1220 difficultatibus
3555 1179 3804 1224 veterum

2219 1237 2662 1306 consuetudinum
2688 1237 2974 1303 superatis,
2996 1245 3050 1290 et
3071 1240 3284 1304 repulso
3305 1239 3468 1290 tmdio
3498 1242 3650 1290 verbi
3689 1240 3804 1306 Dei,

2221 1304 2353 1358 tales
2378 1305 2486 1370 jam
2531 1307 2640 1373 apti
2690 1317 2834 1371 sunt,
2889 1309 2976 1375 qui
3028 1307 3093 1359 ad
3144 1308 3379 1371 regimen
3433 1304 3802 1363 Ecclesiarum

2219 1377 2600 1443 provehantur,
2657 1386 2709 1430 et
2761 1377 3145 1444 provehuntur.
3198 1379 3299 1431 Sed
3369 1387 3579 1446 quanto
3637 1384 3804 1445 magis

2219 1448 2537 1514 cxaltantttr,
2572 1455 2715 1500 tanto
2743 1448 2912 1515 magis
2954 1447 3364 1510 periclitantur:
3399 1449 3524 1513 quia
3565 1459 3697 1501 tunc
3729 1469 3802 1503 m-

2219 1517 2384 1581 surgit
2416 1525 2702 1586 tempestas
2746 1520 2907 1570 maris
2950 1518 3241 1571 Ecclesium
3271 1518 3596 1584 quatientis,
3627 1531 3682 1572 et
3711 1536 3802 1585 gu-

2219 1587 2556 1642 bernatorem
2609 1587 2868 1641 turbantis
2918 1606 2930 1640 :
2981 1598 3034 1641 et
3090 1589 3166 1640 sic
3211 1588 3597 1655 periclitantur
3642 1592 3803 1646 modo

2221 1659 2561 1725 ascendendo
2591 1672 2761 1725 usque
2787 1658 2852 1710 ad
2875 1659 3041 1712 cmlos
3069 1658 3356 1721 Sperando,
3385 1659 3551 1710 modo
3575 1661 3802 1714 descen-

2149 1724 2409 1810 Bdendog
2453 1743 2620 1810 usque
2782 1727 3578 1810 abyssosudesperando.‘Sed
3629 1741 3801 1786 tamen

2221 1798 2416 1870 clamat
2453 1799 2517 1851 ad
2559 1797 2867 1870 Dominum,
2896 1807 2958 1870 et
2987 1797 3241 1851 liberatur
3270 1817 3281 1851 :
3311 1808 3367 1852 et
3415 1798 3545 1852 ideo
3591 1815 3802 1870 quoque

2223 1869 2412 1920 merito
2441 1868 2746 1923 confitetur.
2783 1869 2847 1922 Et
2896 1868 3010 1922 haec
3039 1876 3122 1922 est
3169 1880 3355 1939 quarta
3401 1873 3663 1930 tentaiio,
3689 1868 3800 1938 qua

2219 1949 2438 1991 vocatur
2471 1940 2760 2005 periculum
2801 1940 2852 1991 in
2893 1939 3154 2006 regimine
3205 1954 3384 1993 rerum
3441 1941 3799 2006 publicarum.

2219 2007 2387 2062 Nemo
2414 2022 2589 2062 autem
2621 2018 2768 2077 putet
2825 2012 2961 2062 hanc
3005 2009 3357 2063 tentationem
3413 2013 3702 2077 pertinere
3738 2014 3800 2067 ad

2219 2081 2362 2132 so'os
2413 2081 2682 2148 praelatos,
2714 2080 2834 2148 quia
2873 2093 3061 2132 omnes
3108 2080 3157 2131 in
3209 2080 3331 2133 navi
3389 2092 3708 2148 portantur,
3753 2093 3803 2137 et

2220 2157 2307 2218 qui
2337 2160 2626 2214 «ipeiantur
2655 2158 2708 2204 et
2731 2151 2816 2219 qui
2857 2151 3256 2218 gubernantur:
3287 2159 3343 2203 et
3368 2153 3540 2204 simul
3576 2155 3632 2205 in
3676 2155 3801 2209 mari

2220 2221 2608 2286 periclitantur,
2655 2232 2710 2274 et
2751 2222 2910 2274 simul
2962 2223 3019 2275 in
3067 2231 3222 2290 portu
3274 2222 3664 2276 salvabuntur.
3702 2223 3801 2280 Has

2218 2301 2444 2358 quatuor
2485 2292 2825 2358 tentationes,
2864 2301 2920 2345 ut
2971 2291 3331 2360 praediximus,
3367 2294 3639 2360 praponit
3671 2298 3801 2362 psal.

2219 2377 2356 2422 mus,
2388 2364 2626 2430 etprima
2651 2373 2734 2417 est
2762 2362 2850 2415 ubi
2878 2361 3004 2417 dicit
3037 2381 3048 2415 :
3080 2363 3390 2416 Erraverunt
3414 2367 3468 2416 in
3496 2361 3796 2429 solitudine,

2219 2434 2360 2503 quod
2413 2434 2490 2486 sic
2528 2434 2866 2487 continuatur
2901 2452 2911 2485 :
2952 2433 3318 2487 Necessarium
3354 2435 3453 2486 fuit
3503 2445 3563 2487 ut
3611 2436 3682 2490 de
3722 2451 3793 2489 re-

2218 2503 2466 2566 gionibus
2494 2513 2962 2572 congregarentur,
2995 2503 3116 2572 quia
3139 2515 3433 2556 erraverunt
3462 2507 3619 2570 prius
3643 2507 3698 2558 in
3720 2523 3800 2558 so-

2219 2573 2434 2645 litudine
2473 2590 2576 2628 non
2608 2577 2660 2627 in
2691 2588 3020 2643 quacunque,
3048 2574 3139 2627 sed
3182 2575 3232 2625 in
3261 2576 3542 2645 inoquoso.
3597 2574 3796 2630 Solitu-

2219 2642 2398 2696 dinem
2449 2653 2605 2698 vocat
2647 2642 2921 2698 deScrtum
2976 2645 3288 2712 ignorantiae
3329 2642 3383 2699 et
3414 2647 3668 2712 erroris;
3716 2662 3802 2713 per

2221 2713 2533 2782 iuaquosum
2580 2730 2708 2769 vero
2740 2725 2885 2767 notat
2931 2715 3209 2785 incultum,
3263 2717 3472 2769 scilicet
3519 2718 3647 2785 quia
3687 2720 3801 2771 sine

2219 2797 2394 2852 aqua,
2444 2787 2492 2837 id
2570 2796 2695 2850 est,
2764 2787 2878 2839 sine
2942 2784 3229 2838 refectione
3289 2784 3557 2838 doctrinae
3624 2798 3794 2841 erant.

2222 2855 2284 2908 Et
2324 2872 2421 2907 non
2460 2856 2751 2910 invenerunt
2792 2870 2887 2924 per
2935 2869 2993 2908 se
3024 2856 3157 2907 viam
3196 2856 3412 2908 civitatis
3441 2857 3795 2920 habitationis,

2221 2924 2274 2977 id
2319 2937 2441 2992 est,
2484 2927 2764 2980 ducentem
2821 2926 2885 2978 ad
2937 2925 3246 2990 civitatem,
3292 2927 3342 2978 in
3399 2941 3508 2993 qua
3557 2943 3686 2981 vere
3723 2939 3796 2980 est

2219 2994 2642 3052 inbahitandum.
2696 2998 2789 3052 Est
2835 2997 2975 3051 enim
3024 2996 3266 3064 quaedam
3316 2997 3514 3051 civitas
3561 2999 3656 3050 ubi
3701 3011 3798 3050 non

2221 3076 2303 3118 est
2356 3068 2716 3132 habitandum,
2766 3068 2858 3121 scd
2909 3082 3025 3136 qua:
3086 3068 3257 3135 potius
3314 3068 3649 3121 destruenda
3697 3080 3793 3127 est,

2220 3137 2418 3190 scilicet
2472 3138 2776 3206 Babylonia.
2825 3139 3148 3192 Erraverunt
3199 3137 3362 3202 dico,
3424 3141 3710 3192 esurientes
3751 3149 3798 3191 et

2219 3207 2438 3260 sitientes
2510 3210 2861 3273 naturaliter,
2920 3210 3045 3276 quia
3113 3212 3285 3269 omnis
3347 3211 3532 3262 anima
3590 3219 3802 3263 natura-

2220 3277 2340 3332 liter
2399 3282 2564 3332 esurit
2616 3282 2835 3334 bomim.
2896 3278 3032 3333 Ecce
3078 3280 3251 3347 gravis
3308 3279 3605 3342 tribulatio,
3657 3280 3801 3346 quod

2219 3362 2336 3401 cum
2388 3359 2567 3403 essent
2616 3353 2666 3403 in
2721 3351 3043 3412 solitudine,
3100 3359 3155 3403 et
3204 3351 3340 3403 viam
3385 3366 3486 3418 qua
3542 3350 3606 3402 ad
3646 3348 3797 3402 babi-

2221 3420 2474 3473 tatiOnem
2525 3422 2784 3489 venirent,
2830 3422 3158 3488 ignorarent,
3219 3421 3441 3486 insuper
3483 3419 3797 3475 esuriebaut

2219 3498 2275 3544 et
2328 3491 2577 3544 sitiebant
2629 3509 2640 3543 :
2690 3501 2744 3546 et
2791 3493 2910 3545 ideo
2965 3492 3135 3543 anima
3197 3507 3372 3543 eorum
3438 3505 3537 3545 ens
3588 3501 3800 3544 tantum

2220 3560 2273 3612 in
2339 3561 2464 3626 ipsis
2519 3563 2729 3630 defecit.
2775 3560 3082 3615 Extendens
3137 3571 3315 3614 autem
3371 3575 3432 3616 se
3496 3560 3567 3613 ad
3615 3561 3798 3614 Domi-

2223 3645 2368 3688 num.
2397 3633 2638 3699 profecit,
2686 3633 2786 3687 hoc
2827 3640 2930 3694 est,
2972 3631 3110 3699 quod
3151 3632 3319 3685 dicit:
3348 3631 3411 3683 Et
3451 3631 3801 3684 διαπιστεῖ-ιιι

2220 3701 2287 3752 ad
2318 3701 2592 3754 Dominum
2621 3717 2732 3756 cum
2766 3703 3147 3765 tribularentur,
3189 3703 3239 3754 id
3270 3711 3372 3765 est,
3413 3716 3537 3755 cum
3566 3702 3682 3768 jam
3723 3711 3805 3754 alw-

2224 3771 2502 3826 tendereut
2533 3774 2876 3827 tribulatione
2929 3771 3388 3841 peregrinationis,
3431 3787 3600 3840 quam
3645 3785 3803 3825 nemo

2222 3844 2446 3895 attendit
2473 3844 2575 3897 nisi
2607 3847 2691 3896 cui
2727 3847 2896 3910 patria
2941 3853 3026 3897 cst
3055 3843 3245 3897 dulcis.
3272 3842 3340 3896 Et
3369 3845 3492 3909 quia
3527 3842 3803 3899 clamave-

2224 3923 2364 3974 runt,
2398 3912 2518 3967 ideo
2550 3914 2807 3968 Dominus
2851 3915 3032 3983 eripuit
3065 3929 3148 3967 eos
3195 3917 3258 3966 de
3289 3914 3680 3983 necessitatibus
3721 3929 3804 3965 eo-

2222 3998 2361 4046 rum,
2397 3983 2447 4035 id
2488 3995 2592 4046 est,
2621 3985 2688 4038 de
2718 3982 2951 4039 tenebris
2977 3985 3203 4047 erroris,
3248 3993 3301 4038 et
3332 3982 3472 4036 fame
3497 3985 3652 4036 verbi
3691 3983 3803 4036 Dei.

2227 4056 2291 4106 lat
2324 4055 2424 4107 hoc
2454 4055 2634 4108 taliter
2666 4054 2808 4118 fecit,
2847 4054 3030 4108 eduxit
3058 4055 3263 4108 scilicet
3290 4069 3382 4108 eos
3407 4054 3477 4108 de
3501 4057 3804 4108 necessita-

2226 4124 2385 4187 tibus,
2415 4127 2708 4191 perducens
2730 4142 2812 4178 eos
2839 4126 2891 4178 in
2913 4128 3042 4177 uiam
3073 4136 3280 4189 rectam,
3314 4125 3492 4189 idest,
3526 4125 3583 4176 in
3614 4127 3798 4192 cogni-

2227 4196 2423 4247 tionem
2455 4211 2630 4257 suatn,
2666 4207 2721 4249 et
2754 4197 2910 4250 fidem
2949 4197 3289 4257 catholicam,
3323 4195 3386 4248 ad
3420 4194 3527 4247 hoc
3573 4205 3630 4247 ut
3674 4198 3803 4245 irent

2224 4267 2277 4317 in
2309 4265 2557 4318 civitatem
2581 4267 2930 4319 habitationis.
2965 4266 3114 4320 Unde
3134 4267 3475 4331 confiteantur
3502 4263 3672 4332 digne
3707 4267 3806 4316 Do-

2227 4337 2363 4386 mino
2402 4338 2762 4390 misericordia:
2801 4339 2949 4401 eius,
3000 4352 3104 4389 non
3154 4337 3478 4389 meudicitati
3529 4339 3675 4404 ejus.
3741 4334 3804 4387 Et

2211 4406 2484 4460 mirabilia
2514 4409 2624 4478 ejus
2671 4405 2902 4462 exhibita
2932 4409 3054 4474 filiis
3079 4406 3381 4478 hominum,
3436 4405 3488 4458 id
3538 4417 3643 4465 est,
3681 4405 3806 4459 ﬁliis

2153 4472 2203 4532 D
2231 4479 2512 4530 vetustatis
2532 4472 2554 4543 ξ
2585 4479 2683 4530 hoc
2704 4487 2786 4532 est
2810 4495 2824 4530 :
2849 4472 2940 4531 llli‘
2957 4477 3294 4546 conﬁteantur
3314 4475 3540 4530 Domino
3562 4478 3652 4545 qui
3682 4492 3803 4529 cum

2229 4557 2409 4612 essent
2440 4548 2633 4601 mortui
2668 4550 2718 4601 in
2754 4557 3042 4612 vetustate,
3076 4549 3324 4602 vivificati
3353 4556 3479 4601 sunt
3506 4548 3578 4599 ab
3605 4562 3672 4600 eo
3707 4561 3800 4612 per

2221 4619 2530 4670 novitatem.
2579 4618 2731 4685 Quod
2789 4633 3037 4687 magnum
3093 4630 3176 4672 est
3223 4618 3493 4672 mirabile.
3548 4618 3622 4671 Et
3679 4619 3804 4683 quia

2221 4689 2367 4756 prius
2402 4704 2505 4742 nou
2539 4699 2811 4757 posuerat,
2854 4696 3075 4743 alteram
3107 4699 3308 4756 partem
3361 4697 3568 4742 tantum
3605 4687 3805 4740 libera-

2224 4760 2384 4811 tiouis
2415 4759 2598 4812 addit:
2633 4761 2754 4813 Ideo
2776 4761 2896 4813 dico
2918 4770 2976 4813 ut
3010 4762 3366 4814 confiteantur
3399 4759 3652 4814 Domino.
3684 4761 3806 4827 φάει

2219 4830 2419 4881 satiavit
2447 4834 2671 4882 animum
2694 4831 2915 4895 inanem,
2950 4841 3204 4898 quantum
3231 4831 3296 4882 ad
3337 4830 3518 4893 sitim;
3551 4839 3600 4880 et
3632 4831 3803 4880 satia-

2217 4901 2283 4950 vit
2313 4901 2536 4952 animant
2589 4902 2887 4953 esurientem
2933 4903 3074 4954 bonis
3128 4903 3365 4964 aeternis,
3399 4901 3500 4952 hoc
3546 4909 3654 4960 est,
3690 4902 3807 4952 inc-

2217 4969 2359 5022 diam
2389 4973 2533 5024 verbi
2571 4973 2659 5025 Dei
2703 4972 2770 5024 ab
2799 4972 2878 5025 eis
2908 4971 3165 5026 exclusit.
3209 4971 3275 5023 Et
3306 4969 3480 5040 (quasi
3503 4968 3677 5037 dicat)
3709 4985 3803 5022 ne-

2217 5054 2367 5092 ccsse
2395 5053 2510 5094 erat
2536 5052 2592 5094 ut
2622 5043 2974 5096 educerentur
3005 5052 3058 5094 et
3103 5042 3448 5106 satiarentur,
3483 5041 3608 5108 quia
3640 5052 3800 5093 erant

2215 5111 2447 5162 sedentes
2473 5115 2524 5163 in
2571 5112 2784 5166 tenebris
2812 5129 2827 5165 :
2852 5123 2906 5166 et
2951 5127 3053 5164 non
3098 5113 3152 5165 in
3182 5113 3665 5180 qualibuscunque,
3705 5112 3802 5164 sed

2215 5181 2268 5232 in
2311 5181 2488 5234 umbra
2531 5187 2725 5248 mortis,
2774 5185 2824 5236 id
2873 5192 2973 5246 est,
3020 5183 3074 5236 in
3122 5184 3317 5236 talibus
3365 5183 3626 5244 tenebris,
3681 5198 3807 5250 quae

2216 5253 2596 5305 obumbrareut
2634 5269 2728 5306 eos
2777 5255 2840 5306 ad
2897 5264 3162 5316 mortem;
3205 5265 3259 5307 et
3312 5263 3469 5307 erant
3524 5252 3694 5304 vincti
3757 5257 3810 5305 in

2214 5324 2534 5376 mendicitate
2554 5335 2599 5376 et
2615 5325 2773 5394 ferro,
2793 5324 2845 5378 id
2862 5335 2961 5387 est,
2983 5326 3180 5378 indura
3206 5324 3572 5378 mendicitate.
3609 5324 3808 5376 Gravis

2214 5407 2353 5446 enim
2394 5396 2702 5449 mendicitas
2741 5405 2822 5449 est
2863 5396 2916 5449 in
2951 5396 3235 5450 solitudine
3282 5395 3489 5450 esurire
3530 5405 3586 5447 et
3628 5395 3808 5450 sitire.

2288 5465 2422 5530 Quia
2477 5469 2917 5520 crucerbavcrunt.
2979 5469 3092 5520 Non
3141 5471 3291 5534 culpa
3346 5465 3583 5519 auctoris
3642 5475 3809 5533 erat,

2213 5539 2352 5602 quod
2381 5537 2430 5588 iu
2466 5540 2697 5591 tenebris
2720 5547 2774 5590 et
2816 5539 3157 5592 mendicitate
3193 5547 3364 5600 erant,
3416 5537 3512 5590 sed
3555 5552 3749 5590 eorum
3782 5552 3798 5590 :

2213 5606 2332 5672 quia
2364 5607 2462 5672 ipsi
2495 5608 2936 5671 exacerbaveritnt,
2969 5610 3018 5662 id
3051 5619 3152 5676 est,
3185 5611 3372 5663 acerba
3401 5617 3454 5661 et
3481 5609 3690 5676 hispida
3715 5607 3807 5662 fe-

2213 5687 2400 5748 cerunt
2441 5681 2538 5731 sibi
2571 5681 2768 5744 eloquia
2800 5680 2912 5742 Dei,
2951 5691 3076 5734 tunc
3118 5681 3322 5734 scilicet
3351 5678 3562 5748 quando
3596 5681 3812 5734 dictum

2211 5756 2293 5803 est
2315 5747 2416 5802 illis
2443 5762 2456 5800 :
2485 5749 2560 5804 De
2585 5752 2721 5804 omni
2756 5751 2895 5821 ligno
2924 5752 3154 5824 paradisi
3181 5747 3406 5823 comede,
3439 5752 3504 5806 de
3531 5750 3680 5820 ligno
3704 5766 3810 5806 au-
