4006 6364
194 293 222 350 1
235 292 340 349 025

903 287 968 345 IN
1008 286 1428 346 PSALMORUM
1467 288 1725 347 LIBRUM
1765 289 2128 350 EXEGESIS.
2166 319 2220 332 -
2276 289 2520 349 PSALM.
2561 287 2694 345 ονε.

3305 292 3444 349 1026

189 429 292 473 tem
323 414 544 469 scientia:
572 411 688 466 boni
722 421 770 465 et
795 410 916 464 ntali
946 427 1007 464 ne
1035 411 1291 464 comedas.
1333 409 1398 463 Et
1430 410 1480 465 itt
1513 410 1613 464 hoc
1654 411 1770 465 irri-
1796 415 1849 474 Α
1947 411 2093 468 Dixit
2117 421 2164 466 et
2187 399 2348 468 stetit.
2383 411 2520 467 Vere
2550 427 2704 479 apem
2729 409 2933 466 Domini
2953 420 3000 466 et
3026 411 3284 465 mirabilia
3307 413 3447 466 vide-

189 494 450 550 taverunt,
486 485 539 537 id
569 493 671 548 est,
705 482 916 536 irritum
938 480 1178 536 fecerunt
1202 482 1469 535 consilium
1499 483 1768 536 Altissimi.

193 561 330 627 Ejus
358 557 498 610 enim
529 553 806 627 consilium
836 561 960 627 erat
979 562 1052 627 ut_
1072 568 1166 618 per
1195 553 1577 627 obedientiam,
1609 564 1768 627 atque

192 621 526 700 praeceptum
554 625 622 700 ad
653 622 870 700 aliquod
903 621 1123 700 dig-nius
1152 637 1246 700 eos
1290 625 1640 700 provehere“
1675 622 1774 700 ίρδί

194 692 328 756 iero
370 692 790 762 praevaricando,
821 703 874 750 et
903 693 1261 748 inobediendo
1290 692 1420 748 illud
1456 695 1664 748 irritum
1696 694 1774 748 fe-

191 778 408 826 certtnt.

270 839 340 892 Et
377 837 704 890 humiliatum
736 843 827 889 est.
870 833 967 888 llic
997 834 1284 889 secundam
1315 835 1660 891 tentationem
1694 838 1771 890 itt-

190 912 348 976 cipit.
382 907 542 974 Quasi
585 908 724 959 dicat
757 905 1062 976 :_Dominus
1091 905 1277 959 eduxit
1322 921 1414 960 eos
1441 907 1506 959 de
1541 907 1774 962 tenebris

190 974 420 1043 erroris,
453 988 508 1032 et
554 976 734 1045 posuit
785 974 838 1030 in
871 977 957 1048 via
989 976 1254 1048 veritatis,
1309 985 1368 1030 ut
1412 979 1614 1048 scirent
1649 976 1775 1048 quid

189 1063 344 1108 esset
373 1049 704 1111 faciendum,
736 1057 790 1101 et
818 1046 945 1114 quid
993 1045 1320 1111 cavendum;
1351 1047 1452 1112 ipsi
1480 1045 1677 1102 autem
1707 1049 1775 1103 de

190 1137 260 1178 se
287 1127 764 1190 przesumpserunt,
789 1127 844 1173 et
880 1115 1000 1172 ideo
1022 1133 1143 1170 cum
1167 1134 1247 1190 ex_
1268 1118 1468 1190 viribus
1490 1119 1601 1172 suis
1625 1128 1773 1173 vete-

193 1187 302 1248 res'
345 1190 764 1246 consuetudines
814 1202 1122 1255 oppugnare
1167 1187 1403 1251 vellent,
1450 1188 1775 1244 humiliatum

192 1272 271 1319 est
311 1279 401 1315 cor
443 1277 618 1314 eorum
666 1260 720 1312 in
751 1258 1028 1322 laboribus,
1079 1259 1199 1326 quia
1231 1258 1452 1311 multum
1498 1259 1773 1314 laborave-

189 1344 357 1398 runt;
381 1341 435 1386 et
462 1332 713 1397 inﬁrmati
751 1339 887 1395 sunt,
919 1329 969 1381 id
993 1337 1074 1382 est
1097 1327 1396 1382 inefficaces
1421 1329 1471 1381 in
1503 1329 1776 1386 laboribus

191 1405 311 1460 suis
360 1402 715 1465 exstiterunt;
747 1401 867 1468 quia
922 1415 1022 1451 non
1074 1400 1168 1466 fuit
1213 1401 1300 1469 qui
1347 1403 1618 1469 adjuvaret
1655 1417 1771 1469 eos,

195 1475 436 1545 quandiu
465 1474 532 1527 de
571 1487 632 1527 se
665 1482 1134 1545 praesumpserant.

271 1543 338 1598 Et
367 1546 710 1598 clamauerunt
733 1541 800 1594 ad
826 1539 1101 1593 Dominum
1131 1556 1244 1594 cum
1285 1540 1675 1596 tribularentur.
1711 1543 1778 1599 Et

206 1617 363 1686 ponit
418 1615 576 1686 simul
626 1609 1352 1686 utrunqueliberationem,
1402 1615 1524 1686 quia
1582 1615 1774 1682 repetit

199 1681 435 1755 priorem
481 1683 665 1738 dicens
710 1701 721 1734 :
760 1682 823 1755 itit
865 1681 1039 1735 eduxit
1091 1697 1173 1755 eos
1203 1682 1268 1755 de
1323 1684 1536 1736 tenebris
1585 1681 1778 1739 umbra:

199 1752 404 1822 inertis,
435 1763 492 1809 ut
523 1769 688 1824 prius.
747 1752 813 1806 Et
865 1755 1022 1824 tnodo
1069 1753 1285 1819 disrupit
1331 1755 1532 1808 vincula
1577 1771 1772 1822 eorum,

199 1827 412 1884 scilicet
441 1823 671 1894 disrupit
698 1823 912 1878 vincula
941 1824 1289 1889 difficultatis,
1321 1834 1375 1878 et
1405 1825 1689 1891 pesuiteos
1721 1827 1774 1881 in

201 1899 518 1964 operatione
540 1895 828 1964 :equitatis,
859 1905 916 1948 ut
937 1909 1095 1962 supra
1119 1894 1320 1949 dictum
1346 1905 1446 1950 est.
1474 1895 1626 1950 Unde
1656 1911 1781 1950 con-

200 1970 447 2038 ﬁteantur
478 1966 695 2020 Domino
737 1965 1098 2038 misericordia:
1123 1965 1255 2038 cjus,
1287 1975 1334 2038 et
1381 1967 1635 2020 mirabilia
1666 1969 1778 2036 ejus

202 2035 327 2107 ﬁliis
357 2040 641 2102 hominum,
669 2048 724 2090 ut
764 2037 931 2106 prius.
965 2037 1030 2090 Et
1051 2035 1250 2090 debent
1283 2037 1331 2090 ei
1364 2038 1629 2100 conﬁteri,
1659 2035 1779 2107 quia

199 2125 326 2164 cum
352 2109 456 2178 ipsi
487 2111 556 2163 ita
589 2108 980 2172 detinerentur,
1015 2122 1094 2178 ne,
1121 2118 1340 2175 possent
1366 2107 1516 2163 exire
1547 2108 1613 2164 ad
1643 2109 1781 2164 bene

199 2176 561 2250 operandam,
590 2178 730 2234 sicut
774 2178 900 2232 alibi
929 2176 1098 2250 clausi
1122 2179 1297 2250 portis
1326 2181 1504 2250 aereis
1528 2190 1580 2233 et
1611 2181 1779 2234 vecti-

197 2247 302 2307 bus
335 2250 545 2315 ferreis,
571 2264 636 2304 ne
658 2259 852 2304 exeant
879 2248 944 2302 ad
970 2247 1170 2317 aliquid
1194 2248 1457 2316 agendum
1478 2249 1780 2305 detineren-

200 2331 307 2376 tur.
353 2322 608 2376 Dominus
636 2321 876 2374 contrivit
904 2329 1078 2387 portas
1116 2333 1298 2384 cereas,
1333 2330 1380 2372 et
1408 2331 1562 2374 vectes
1591 2325 1780 2389 ferreas

197 2391 561 2462 confregit,rid
605 2400 709 2462 est,
747 2391 815 2445 ab
842 2390 986 2462 omni
1033 2390 1344 2462 difficultate
1369 2405 1461 2444 eos
1491 2393 1777 2460 expedivit.

203 2462 276 2517 Et
299 2460 400 2517 hoc
428 2461 605 2517 taliter
631 2460 781 2533 fecit,
813 2461 1020 2533 scilicet
1046 2461 1269 2533 suscepit
1293 2476 1378 2516 eos
1407 2464 1469 2515 de
1493 2463 1575 2515 via
1595 2463 1780 2533 iniqui-

200 2535 324 2586 tatis
351 2549 549 2598 eorum,
596 2532 648 2586 id
683 2542 766 2586 est
808 2530 1199 2602 liberavitqeos
1243 2531 1311 2586 de
1342 2530 1778 2602 praisumptione,

198 2619 322 2672 qua:
356 2605 585 2658 faciebat
631 2617 724 2657 eos
763 2603 994 2672 iniquos,
1036 2600 1089 2657 id
1120 2611 1224 2669 est,
1271 2600 1620 2672 irreligiosos.
1650 2604 1780 2671 Quae

198 2675 455 2744 iniquitas
475 2689 658 2729 eorum
685 2689 790 2727 non
823 2685 941 2727 erat
961 2673 1219 2739 auctoris,
1246 2674 1368 2742 quia
1392 2674 1643 2729 humiliati
1664 2685 1780 2729 sunt

197 2755 408 2816 propter
447 2745 730 2816 iniustitias
768 2760 918 2808 suas;
949 2744 1290 2816 qniainjuste
1317 2755 1541 2816 egerunt
1579 2745 1780 2802 viribus

197 2815 337 2882 suis,
365 2818 505 2886 quod
533 2815 626 2869 Dei
648 2826 784 2881 erat,
811 2815 1150 2870 ascribendo.
1355 2816 1490 2867 δτἮ

275 2887 496 2940 Omnem
539 2901 706 2940 escam
750 2887 1063 2941 abominata.
1130 2886 1269 2941 Ecce
1330 2886 1484 2941 tertia
1532 2887 1774 2944 tentatio.

203 2958 372 3025 Quasi
396 2958 539 3012 dicat
567 2973 578 3008 ε
625 2956 1148 3026 Splenditicatisjam
1175 2957 1437 3021 tenebris,
1470 2969 1523 3012 et
1551 2958 1778 3014 difficul-

203 3029 401 3084 tatibus
447 3037 688 3082 veterum
746 3028 1192 3083 consuetudinum
1245 3028 1549 3098 superatis,
1604 3029 1781 3086 adhuc

201 3109 373 3154 restat
413 3098 556 3154 aliud
580 3099 897 3166 periculum,
932 3099 1033 3152 hoc
1059 3098 1284 3164 scilicet,
1318 3099 1456 3169 quod
1492 3100 1665 3154 anima
1693 3117 1779 3154 eo-

200 3186 318 3224 rum
344 3171 638 3223 abominata
663 3180 736 3223 est
759 3185 957 3223 omnem
984 3186 1150 3222 escam
1172 3185 1278 3223 non
1301 3172 1658 3240 corporalem,
1683 3171 1778 3228 sed

203 3242 563 3312 spiritualem,
620 3241 670 3295 id
703 3251 804 3307 est,
839 3241 1051 3312 taedium
1084 3240 1230 3312 verbi
1265 3241 1496 3307 Domini,
1535 3252 1589 3297 ut
1616 3257 1778 3312 supra

203 3311 409 3366 dictum
439 3321 544 3382 est,
580 3312 904 3366 habuerunt.
929 3309 998 3364 Et
1026 3310 1145 3366 ideo
1171 3328 1326 3380 usque
1345 3313 1413 3365 ad
1434 3324 1612 3381 portas
1637 3309 1776 3368 πίον-

201 3383 289 3447 tis,
321 3382 375 3437 id
406 3393 510 3450 est,
560 3397 729 3453 usque
774 3383 839 3436 ad
880 3383 1156 3438 interitum
1197 3384 1777 3452 appropinquaverunt:

203 3455 330 3522 quia
363 3456 506 3508 sicut
536 3453 893 3523 periculosum
923 3463 1008 3507 est
1050 3455 1262 3520 corpori
1313 3453 1555 3509 fastidire
1583 3469 1777 3522 corpo-

202 3538 356 3578 ream
400 3539 600 3591 escam,
634 3525 706 3579 ita
722 3523 1072 3594 mortiferum
1102 3532 1185 3578 est
1208 3523 1400 3578 anima:
1441 3524 1780 3594 spiritualem

200 3608 386 3650 escam
417 3596 679 3650 faStidite.
711 3592 779 3647 Et
812 3595 1001 3648 iterum
1032 3597 1377 3648 clamauerunt
1406 3592 1780 3651 ad‘Dominum

201 3681 320 3718 cum
348 3667 737 3729 tribularentur,
773 3675 820 3718 et
847 3666 909 3719 de
937 3666 1313 3719 necessitatibus
1341 3682 1514 3719 eorum
1550 3668 1780 3723 liberavit

200 3752 311 3800 eos,
357 3736 410 3790 id
440 3748 543 3805 est,
576 3753 700 3791 nam
755 3737 856 3790 hoc
903 3737 1066 3791 modo
1120 3737 1254 3790 misit
1295 3740 1520 3802 verbum,
1571 3739 1778 3794 scilicet

208 3807 354 3862 idem
384 3810 640 3876 praecepit
667 3816 722 3861 et
753 3805 920 3861 voluit
953 3816 1011 3860 ut
1039 3818 1376 3872 sanarentur,
1405 3809 1552 3862 etsic
1583 3811 1781 3864 sanavit

203 3892 318 3931 eos.
361 3877 494 3932 Tale
520 3889 574 3933 et
627 3878 756 3933 illud
786 3887 868 3932 est
914 3879 1056 3944 quod
1081 3877 1134 3931 in
1183 3879 1473 3946 Evangelio
1514 3879 1777 3935 habetur:

203 3947 424 4002 Domine
455 3949 537 4001 dic
564 3960 762 4002 tantunt
800 3948 970 4012 verbo,
1005 3959 1050 4002 et
1077 3949 1345 4002 sanabitur
1382 3964 1506 4016 puer
1528 3967 1684 4005 metis.
1720 3953 1783 4008 lit

203 4033 332 4072 vere
371 4020 597 4090 salvavit
645 4034 759 4083 eos,
803 4020 933 4090 quia
958 4019 1142 4086 eripuit
1187 4036 1276 4090 eos
1325 4021 1387 4073 de
1409 4022 1781 4076 interitionibus

201 4105 401 4143 eorum.
438 4088 587 4144 Unde
614 4092 772 4144 etiam
802 4089 1143 4157 confiteantur
1171 4089 1394 4144 Dontino
1425 4093 1782 4148 misericordia:

200 4163 336 4231 ejus,
367 4171 415 4213 et
460 4162 716 4215 mirabilia
746 4165 856 4230 ejus
899 4161 1022 4228 [iliis
1063 4160 1340 4215 hominum.
1375 4161 1442 4215 Et
1471 4165 1541 4217 itu
1588 4165 1783 4221 debent

205 4231 476 4302 confiteri,
513 4241 567 4285 ut
595 4232 883 4300 sacriﬁcent
920 4232 1232 4299 sacri/icium
1273 4235 1463 4298 laudis,
1505 4234 1556 4288 id
1596 4249 1694 4302 est,
1728 4248 1778 4290 ut

204 4301 343 4354 nihil
374 4302 497 4367 sibi,
531 4305 624 4356 sed
673 4313 840 4357 totum
877 4303 987 4355 Deo
1031 4305 1345 4357 attribuant.
1379 4303 1446 4357 Et
1478 4301 1784 4361 annuntieut

202 4387 365 4440 Opera
405 4375 538 4444 ejus,
572 4375 620 4426 id
665 4385 768 4438 est,
821 4372 1141 4439 multiplices
1187 4376 1395 4430 labores
1429 4393 1546 4443 c,us
1593 4395 1696 4430 non
1730 4379 1780 4432 itt

203 4447 488 4508 memoria,
518 4448 614 4499 sed
645 4447 696 4499 in
728 4445 1088 4497 exsultatione.

1875 496 2014 538 runt.
2069 485 2202 538 Nam
2253 486 2354 537 hoc
2383 484 2540 537 modo
2572 484 2838 549 viderunt,
2880 484 3000 552 quia
3054 485 3199 544 dixit,
3253 482 3302 534 id
3339 492 3442 548 est,

1878 555 2126 623 pratcepit
2152 554 2407 608 Dominus
2433 554 2744 624 aliquando,
2777 563 2823 606 et
2852 555 3065 620 spiritus
3093 552 3328 621 procella:
3351 564 3451 608 ste-

1882 626 1958 685 tit.
1990 626 2041 680 id
2071 634 2154 681 est
2184 625 2470 691 inhorruit,
2503 623 2554 678 td
2603 635 2723 694 est,
2769 625 3110 694 intempestas
3153 639 3340 688 magna
3369 623 3452 678 fa-

1876 707 1958 750 eta
1984 706 2086 762 est,
2128 706 2174 750 et
2215 697 2403 765 ﬂuctus
2448 698 2559 766 ejus
2602 693 2823 749 nimium
2870 693 3082 749 (παιωιὶ
3121 705 3279 749 sunt:
3306 696 3452 766 prius

1874 774 2053 820 autem
2080 783 2237 834 quam
2271 767 2370 820 hoc
2403 765 2515 832 fiat,
2548 766 2828 820 ascendunt
2857 766 3062 835 praelati
3092 766 3167 819 illi
3201 782 3356 835 usque
3381 765 3449 818 ad

1875 837 2028 891 cwlos
2062 838 2196 891 bene
2222 837 2490 903 Sperando
2518 838 2585 891 de
2614 837 2840 890 subditis
2869 839 2981 891 suis
3011 854 3024 890 :
3049 847 3095 891 et
3119 846 3296 891 stante
3325 851 3451 906 pro-

1875 909 2009 961 cella
2059 910 2370 962 descenduut
2422 925 2575 976 usque
2622 907 2690 960 ad
2730 909 2942 976 abyssos
2988 909 3338 975 desperando.
3388 907 3454 961 Et

1874 979 1995 1034 ideo
2019 977 2372 1045 descendunt,
2405 984 2522 1047 quia
2554 981 2724 1032 anima
2759 993 2956 1040 eorum,
2991 978 3041 1031 id
3070 989 3172 1040 est,
3208 978 3454 1046 pradato—

1874 1064 1992 1103 rum
2023 1049 2320 1114 tabescebat,
2370 1048 2419 1102 id
2463 1057 2566 1113 est,
2600 1049 2882 1104 deficiebat
2931 1050 2984 1101 in
3033 1049 3178 1101 malis
3212 1049 3346 1114 suis,
3401 1049 3449 1101 id

1875 1128 1978 1185 est,
2030 1121 2081 1173 in
2115 1118 2382 1188 pressaris
2413 1119 2775 1181 subditorum,
2809 1119 2890 1172 vel
2939 1120 3130 1174 aliter:
3162 1117 3306 1173 Dixit
3350 1117 3454 1172 Do-

1875 1191 2073 1256 minus,
2104 1191 2159 1244 id
2211 1199 2312 1253 est,
2340 1193 2592 1258 praecepit
2640 1191 2919 1255 Dominus,
2971 1199 3018 1243 et
3065 1194 3221 1255 stetit,
3259 1191 3307 1242 id
3349 1198 3450 1252 est,

1876 1262 2080 1328 quievit
2112 1261 2368 1330 procella,
2412 1272 2457 1314 et
2498 1261 2690 1314 deinde
2730 1261 2923 1314 iterum
2955 1261 3163 1314 exaltati
3203 1270 3323 1314 sunt
3350 1263 3454 1329 [ια-
3487 1299 3494 1301 -

1876 1342 1986 1403 ctus
2031 1334 2162 1403 ejus.
2197 1332 2278 1403 Et
2310 1340 2487 1386 stante
2519 1331 2751 1398 procella
2777 1330 3075 1403 ascendunt
3110 1332 3308 1403 pra:la_tt
3351 1331 3448 1398 ipsi

1876 1401 2016 1457 bene
2054 1401 2322 1469 Sperando
2371 1418 2530 1469 usque
2578 1403 2644 1455 ad
2695 1401 2866 1467 caelos,
2917 1416 3034 1454 cum
3085 1417 3213 1455 vero
3261 1401 3451 1455 ﬂuctus

1878 1473 2200 1538 exaltautur,
2234 1473 2546 1527 descendunt
2579 1490 2736 1541 usque
2768 1473 2836 1526 ad
2863 1471 3072 1541 abyssos
3098 1472 3447 1538 deSperando.

1877 1544 1944 1599 Et
1973 1543 2074 1598 hoc
2125 1544 2266 1611 ideo,
2295 1545 2417 1612 quia
2449 1545 2622 1597 anima
2653 1558 2832 1597 eorunt
2858 1543 2913 1596 in
2955 1542 3106 1612 malis
3147 1542 3448 1609 tabescebat,

1880 1624 1936 1667 ttt
1968 1618 2136 1683 prius.
2170 1615 2235 1668 Et
2261 1611 2497 1669 ostendit
2520 1616 2787 1684 quomodo
2815 1614 2977 1676 dicat,
3010 1611 3224 1666 Turbati
3247 1625 3362 1666 sunt
3396 1613 3447 1666 itt

1880 1699 1942 1740 se
1974 1685 2104 1753 ipsis
2155 1685 2400 1748 interius,
2430 1696 2477 1738 et
2509 1687 2628 1739 moti
2670 1695 2787 1738 sunt
2817 1695 2877 1738 ut
2903 1699 2962 1739 se
2991 1684 3325 1752 expedirent,
3354 1684 3448 1738 sed

1805 1776 1854 1839 Β
1883 1764 2088 1839 tantum
2115 1756 2244 1809 sicut
2267 1755 2453 1822 ebrius,
2481 1756 2665 1839 idest,
2698 1755 2956 1836 inutiliter
2971 1756 3115 1839 _moti
3144 1763 3294 1835 sunt,
3319 1754 3445 1839 dum

1879 1826 1948 1880 de
1993 1843 2052 1880 se
2107 1836 2582 1895 praesumpserant,
2628 1826 2749 1891 quia
2811 1826 3164 1895 movebantur
3212 1827 3450 1894 quidem,

1877 1896 1974 1951 sed
2003 1894 2120 1952 non,
2137 1894 2606 1966 promovebantur.
2634 1897 2699 1951 Et
2732 1899 2834 1950 hoc
2865 1894 3006 1958 ideo,
3035 1897 3155 1964 quia
3184 1898 3349 1948 omnis
3370 1912 3457 1949 sa-

1880 1969 2071 2036 pientia
2109 1983 2302 2030 eorum,
2346 1966 2552 2024 scilicet
2596 1977 2652 2024 et
2681 1966 3018 2034 praeeonandi
3065 1978 3119 2019 et
3166 1967 3352 2020 orandi
3398 1976 3454 2022 et

1879 2037 2090 2106 legendi
2133 2042 2372 2091 devorata
2408 2047 2500 2102 est,
2550 2039 2600 2093 id
2656 2048 2757 2101 est,
2808 2038 2873 2090 ad
2905 2037 3036 2090 nihil
3081 2037 3293 2090 redacta
3327 2046 3448 2089 est:

1881 2107 2034 2165 Unde
2060 2108 2184 2164 dicit
2224 2108 2510 2176 Apostolus
2542 2127 2552 2161 :
2588 2109 2849 2161 Nolumus
2893 2123 2976 2160 vos
3005 2107 3189 2174 fratres
3215 2108 3452 2177 ignorare

1880 2183 1942 2232 de
1969 2196 2226 2250 pressura,
2257 2196 2372 2248 qua:
2401 2179 2537 2248 facta
2582 2190 2653 2234 est
2702 2179 2845 2232 nobis
2885 2179 2936 2232 in
2976 2179 3120 2242 Asia,
3151 2184 3270 2241 quia
3297 2195 3456 2246 supra

1879 2251 2010 2305 vires
2041 2261 2242 2304 nostras
2289 2259 2334 2304 et
2365 2267 2521 2320 supra
2568 2252 2773 2303 modum
2818 2249 3014 2320 gravati
3059 2265 3255 2312 sumus,
3304 2257 3348 2300 et
3377 2265 3456 2302 re-

1877 2336 2118 2389 sponsum
2148 2322 2322 2375 mortis
2347 2322 2399 2374 in
2430 2319 2572 2374 nobis
2605 2319 2916 2374 habuimus:
2941 2330 2996 2372 ut
3025 2335 3127 2372 non
3148 2319 3305 2372 simus
3335 2336 3457 2373 con-

1879 2395 2093 2457 [utentes
2124 2393 2176 2443 in
2208 2392 2368 2458 nobis,
2399 2394 2486 2446 sed
2528 2393 2580 2445 in
2609 2393 2700 2445 illo
2729 2393 2812 2459 qui
2845 2393 3053 2444 suscitat
3081 2400 3324 2443 mortuos.
3359 2389 3455 2445 Ubi

1879 2462 2018 2516 dicit
2047 2481 2059 2516 :
2093 2461 2410 2530 Responsum
2443 2463 2620 2534 mortis
2651 2464 2704 2516 in
2734 2461 2876 2515 nobis
2905 2461 3197 2534 habuimus,
3226 2463 3459 2534 ostendit

1879 2534 2195 2602 sapientiam
2235 2548 2390 2589 suam
2437 2532 2603 2588 fuisse
2657 2534 2990 2588 devoratum.
3041 2530 3107 2584 Et
3167 2546 3349 2585 rursus
3401 2530 3457 2586 lii

1880 2606 2222 2658 clamauerunt
2265 2605 2332 2658 ad
2378 2602 2682 2670 Dominum,
2713 2619 2830 2656 cum
2874 2605 3253 2666 tribularentur,
3303 2611 3350 2654 et
3395 2605 3460 2656 de

1881 2675 2257 2730 necessitatibus
2285 2691 2461 2728 eorum
2489 2675 2662 2728 eduxit
2694 2691 2800 2728 eos.
2843 2675 2908 2728 Et
2938 2688 3063 2729 vere
3091 2673 3290 2728 eduxit.
3322 2672 3454 2727 Nam

1882 2745 1982 2800 hoc
2014 2745 2172 2801 modo
2222 2747 2423 2812 statuit,
2468 2747 2673 2801 scilicet
2703 2746 2984 2815 procellam
3025 2745 3158 2815 ejus,
3195 2745 3279 2796 vel
3325 2759 3459 2811 pro-

1882 2816 2031 2871 fundi
2061 2818 2223 2871 utaris
2251 2817 2303 2870 in
2329 2833 2535 2882 auram,
2564 2817 2617 2871 id
2661 2814 2744 2870 εει
2795 2817 2849 2869 in
2877 2814 3313 2882 tranquillitatem
3345 2815 3456 2882 pla-

1880 2889 2078 2942 cidam.
2113 2889 2178 2941 Et
2209 2890 2310 2942 hoc
2339 2889 2553 2954 iterum,
2601 2887 2745 2955 quod
2773 2888 3026 2941 siluerunt
3053 2899 3240 2938 omnes
3268 2886 3455 2953 [luctus

1879 2959 1992 3029 ejus
2014 2975 2032 3011 :
2067 2970 2190 3014 tunc
2230 2958 2434 3028 prmlati
2464 2967 2582 3011 sunt
2609 2959 2786 3024 lwtati,
2817 2957 2935 3027 quia
2964 2957 3154 3010 ﬂuctus
3189 2955 3460 3029 siluerunt.

1882 3028 1949 3083 Et
1976 3030 2164 3087 merito
2195 3031 2320 3097 quia
2349 3029 2558 3083 deduxit
2595 3045 2680 3082 eos
2728 3030 2781 3080 in
2825 3038 3029 3097 portum
3057 3028 3332 3080 voluntatis
3369 3043 3458 3080 eo-

1884 3116 2021 3170 rum,
2073 3102 2124 3154 id
2153 3096 2254 3166 est,
2288 3101 2340 3154 itt
2387 3114 2603 3154 omnem
2651 3099 2797 3170 illam
2827 3096 3060 3166 quietem
3093 3107 3148 3150 et
3193 3096 3455 3170 securim--

1887 3165 2018 3236 tem,
2047 3186 2204 3240 quam
2244 3171 2344 3239 ipsi
2379 3171 2652 3238 optabant.
2684 3165 3209 3240 Uttde’conﬁteantur
3234 3165 3456 3220 Domino

1881 3238 2242 3296 misericordia’
2269 3238 2401 3311 ejus,
2430 3249 2476 3293 et
2509 3241 2765 3294 mirabilia
2786 3242 2897 3311 ejus
2920 3241 3045 3308 ﬁliis
3073 3238 3377 3311 hominum:
3408 3247 3463 3311 et

1881 3313 1956 3367 ita
2000 3307 2468 3377 confiteantur,ut
2493 3312 2716 3366 exultent
2748 3307 2860 3366 eu'm
2903 3307 3106 3365 tantum
3138 3310 3190 3362 in
3222 3307 3457 3363 Ecclesia

1881 3383 2062 3452 plebis,
2103 3383 2156 3438 id
2207 3394 2309 3448 est,
2345 3386 2395 3438 in
2445 3382 2685 3437 Ecclesia
2733 3383 2869 3437 bene
2914 3383 3355 3450 gubernatorum.
3391 3379 3457 3432 Et

1880 3457 2086 3509 laudent
2129 3470 2243 3507 eum
2281 3455 2335 3507 in
2381 3456 2623 3508 cathedra
2667 3454 2926 3508 seniorum
2973 3455 3107 3507 bene
3138 3452 3459 3519 regentium,

1881 3527 2023 3595 quod
2058 3535 2140 3579 est
2161 3527 2377 3580 dicere:
2410 3526 2476 3579 Et
2505 3525 2704 3580 subditi
2734 3528 2874 3594 quod
2907 3527 3043 3579 bene
3065 3524 3456 3595 gubernantur,

1882 3593 1939 3650 et
1968 3597 2171 3665 praelati
2200 3596 2340 3664 quod
2373 3597 2510 3651 bene
2550 3593 2873 3664 gubernant,
2932 3611 3036 3648 non
3067 3594 3186 3659 sibi,
3217 3593 3315 3649 sed
3357 3593 3462 3650 soli

1883 3666 2114 3722 Domino
2153 3668 2468 3732 attribuant,
2501 3678 2556 3722 et
2582 3668 2631 3722 ei
2659 3667 2762 3722 soli
2785 3666 2972 3722 laudes
2999 3675 3178 3734 agant.

1955 3739 2142 3792 Posuit
2176 3738 2394 3806 ﬂumina
2442 3740 2494 3792 in
2544 3739 2822 3792 desertum.
2855 3738 3017 3805 Quasi
3065 3737 3241 3791 dicat:
3269 3734 3462 3790 Merito

1883 3809 2082 3864 debent
2121 3809 2267 3863 illum
2300 3809 2542 3875 laudare,
2575 3809 2698 3879 quia
2741 3809 2976 3880 superbis
3017 3808 3470 3880 resistit,_humili-

1884 3883 1978 3934 bus
2011 3891 2184 3934 autent
2211 3882 2299 3932 dat
2328 3882 2567 3951 gratiam.
2597 3878 2684 3935 Et
2711 3878 3048 3951 postettditiin
3096 3878 3301 3951 primis,
3333 3892 3468 3951 quc-

1885 3951 2046 4006 modo
2098 3947 2346 4021 superbis
2398 3953 2636 4016 resistat,
2690 3950 2876 4021 dicens
2911 3968 2921 4001 :
2952 3950 3085 4013 Quia
3135 3949 3372 4014 ﬂumina,
3408 3947 3456 4001 id

1886 4033 1987 4086 est,
2023 4024 2143 4077 iltos
2166 4020 2311 4092 apud
2341 4038 2475 4091 quos
2504 4033 2659 4092 erant
2689 4020 2887 4076 fluenta
2927 4021 3188 4092 doctrina:
3217 4033 3313 4092 per
3335 4033 3466 4092 pro-

1888 4093 2099 4162 phetica
2146 4087 2444 4161 scripta-et
2474 4091 2663 4160 legalia
2714 4093 2979 4155 instituta,
3014 4089 3065 4142 id
3115 4098 3219 4149 est.
3247 4087 3461 4162 Judaeos

1887 4161 2056 4245 pasuit
2099 4166 2152 4217 in
2190 4165 2492 4242 desertum:
2523 4165 2645 4233 quia
2675 4171 2728 4217 et
2779 4164 2825 4217 si
2875 4163 3074 4242 scripta
3103 4161 3454 4245 servaverint,

1887 4229 2294 4302 intelligentiam
2327 4244 2503 4288 tamen
2538 4229 2735 4288 'veratn
2781 4229 3100 4297 amiserunt,
3135 4232 3343 4298 probat.
3392 4229 3461 4283 Et

1886 4306 2051 4360 exitus
2092 4321 2362 4374 aquarunt,
2414 4305 2465 4358 id
2507 4315 2607 4368 est,
2639 4305 2759 4359 illos
2789 4306 3007 4359 eosdem
3057 4318 3090 4356 a
3137 4304 3329 4369 quibus
3368 4302 3464 4356 do-

1887 4380 2054 4431 ctrina
2100 4380 2166 4430 ad
2195 4379 2326 4429 alios
2364 4376 2528 4430 exivit
2560 4391 2652 4442 per
2687 4377 3028 4445 propheticus
3058 4376 3370 4441 scripturas,
3406 4383 3458 4426 et

1890 4465 1984 4516 per
2015 4447 2338 4516 primitivum
2371 4447 2668 4502 Ecclesiam
2703 4449 2830 4502 inde
2871 4459 3203 4514 assumptum
3233 4448 3286 4498 in
3315 4445 3457 4498 sitiat

285 4514 387 4589 Qui
405 4517 723 4589 descendunt
757 4529 897 4589 mare
927 4514 980 4566 in
1001 4514 1244 4589 navibus.
1279 4515 1416 4570 Ecce
1445 4528 1633 4589 quarta
1667 4530 1779 4575 ten-
1810 4515 1862 4575 D
1885 4514 2082 4589 posuit,
2115 4519 2219 4573 hoc
2251 4529 2333 4574 est
2364 4518 2418 4572 in
2440 4519 2668 4573 naturali
2696 4518 2786 4575 siti
2816 4518 3121 4586 dereliquit.

204 4588 362 4641 tatio.
393 4587 556 4650 Quasi
581 4587 720 4640 dicat
747 4603 759 4638 :
783 4586 901 4641 Non
931 4585 1106 4639 solum
1131 4586 1207 4638 illi
1236 4601 1460 4654 quorum
1487 4588 1662 4643 anima
1689 4603 1781 4645 ta:-

201 4657 356 4712 diuiu
385 4657 534 4711 verbi
565 4657 776 4724 incidit,
801 4665 855 4712 et
879 4655 971 4710 alii
999 4655 1237 4724 praedicti
1265 4657 1664 4715 misericordias
1685 4663 1779 4718 Dei

202 4727 416 4796 experti
463 4739 610 4794 sunt,
641 4729 736 4783 sed
766 4726 926 4783 etiam
961 4728 1038 4780 illi
1067 4727 1155 4796 qui
1197 4729 1354 4796 positi
1382 4729 1434 4780 in
1465 4731 1696 4798 navibus,
1729 4735 1780 4788 id

204 4809 316 4864 est,
367 4798 456 4866 qui
511 4800 735 4865 perfecti
769 4799 835 4852 ad
883 4800 1120 4867 regimen
1173 4800 1531 4854 Ecclesiarutn
1563 4803 1779 4858 descen-

203 4871 339 4922 dunt
372 4883 460 4932 per
489 4887 646 4936 mare,
693 4871 742 4924 id
771 4879 874 4936 est,
909 4869 1256 4924 humiliantur
1287 4881 1502 4938 pr0pter
1544 4888 1778 4929 amaram

205 4939 612 4996 tribulationem
661 4945 1010 5007 extrinsecus,
1063 4951 1118 4994 et
1161 4942 1642 4997 contradictionem
1697 4946 1779 5001 in-

205 5011 498 5076 trinsecus,
550 5025 604 5066 et
648 5013 881 5067 dolendo
926 5012 1153 5067 subditis
1208 5014 1356 5077 suis;
1390 5015 1781 5072 descendentes

198 5082 330 5136 dico
353 5082 592 5148 facientes
619 5083 987 5153 operationem,
1035 5083 1086 5136 id
1118 5092 1218 5146 est,
1247 5087 1687 5152 gubernationem
1728 5091 1781 5142 in

197 5154 356 5224 aquis
388 5155 583 5225 multis,
612 5153 664 5208 id
712 5165 812 5219 est,
848 5155 900 5206 in
932 5153 1137 5225 populis
1177 5157 1375 5210 muttis.
1410 5155 1523 5225 Ipsi
1549 5159 1782 5213 viderunt

198 5240 366 5295 opera
403 5224 631 5296 Domini,
679 5237 723 5278 et
772 5224 1026 5278 mirabilia
1075 5227 1210 5296 ejus,
1238 5225 1290 5278 id
1339 5224 1451 5294 est,
1470 5230 1782 5286 mirabiliter

197 5295 637 5369 misericordiam
651 5298 774 5369 ejus
798 5313 923 5369 erga
947 5311 1006 5350 se
1029 5295 1393 5369 cogitaverunt
1417 5299 1469 5350 in
1493 5303 1775 5369 profundo,

199 5365 315 5422 hoc
343 5376 427 5420 est
451 5366 504 5420 in
531 5366 693 5422 maris
721 5366 981 5437 periculo,
1015 5368 1100 5420 vel
1133 5372 1184 5420 ιιι
1216 5365 1558 5434 profundum,
1589 5365 1644 5424 id
1672 5365 1776 5436 est,

199 5438 260 5493 in
286 5439 518 5492 occultis
547 5440 791 5494 cordiutn
820 5440 1156 5492 subditorum
1188 5453 1427 5494 suorum.
1463 5441 1613 5495 Alius
1637 5447 1812 5498 enim"

197 5509 262 5581 in
293 5510 509 5581 occulto
538 5523 637 5562 suo
675 5510 837 5563 habet
862 5509 1207 5573 adulterium,
1241 5511 1375 5563 alius
1409 5513 1774 5581 homicidium,

195 5579 348 5652 alius
391 5580 514 5645 hoc,
561 5581 694 5634 alios
738 5582 888 5634 illud.
943 5587 1008 5634 Lt
1046 5581 1163 5634 haec
1192 5583 1368 5634 omnia
1413 5583 1516 5636 iiiis
1547 5579 1778 5652 praelatis

196 5651 521 5725 referuntur
555 5671 565 5703 :
603 5663 656 5705 et
677 5655 728 5725 si
748 5665 871 5706 tunc
903 5655 1448 5725 possintguhernare,
1481 5651 1778 5725 et’singuiis

193 5724 491 5776 consulere
523 5739 589 5776 ne
621 5724 1010 5791 periclitentur,
1039 5725 1092 5778 in
1115 5724 1218 5783 hoc
1250 5728 1539 5786 maximam
1563 5724 1776 5788 tUISeri-

193 5793 445 5852 cordiatn
479 5794 570 5851 Dei
593 5803 1003 5866 recognoscant.

1954 4585 2169 4644 Terram
2201 4589 2542 4661 fructiferam.
2566 4590 2712 4645 idem
2737 4591 2929 4659 repetit
2957 4585 3052 4657 per
3077 4586 3234 4642 aliam
3262 4585 3452 4640 simili-

1885 4662 2144 4723 tudinem,
2195 4659 2249 4716 et
2278 4673 2360 4716 est
2397 4659 2616 4715 dicere:
2648 4661 2771 4716 Illos
2828 4661 2916 4730 qui
2949 4661 3093 4729 prius
3121 4667 3292 4730 erant
3315 4668 3453 4730 terra

1881 4731 2180 4796 fructifera,
2228 4742 2486 4801 quantum
2515 4733 2582 4786 ad
2632 4726 2913 4800 quosdam,
2950 4726 3083 4799 quia
3113 4745 3219 4784 non
3263 4726 3451 4801 defue-

1882 4813 2008 4858 runt
2032 4805 2084 4857 in
2104 4800 2298 4872 populo
2327 4805 2419 4856 illo
2450 4804 2638 4872 priori,
2667 4804 2756 4873 qui
2781 4800 3063 4873 reputandi
3089 4809 3270 4873 essent
3294 4800 3347 4853 itt
3375 4814 3457 4873 sc-

1883 4877 2049 4928 utine.
2085 4870 2209 4927 Illis
2241 4870 2466 4942 inquaut
2489 4870 2700 4943 redegit
2725 4876 2777 4926 in
2807 4872 3141 4942 salsuginem,
3171 4871 3226 4925 id
3263 4870 3454 4943 est,_itt

1882 4945 2292 5000 amaritudinem
2316 4941 2376 4999 et
2402 4941 2764 5012 sterilitatem,
2796 4959 2916 5012 qum
2955 4941 3170 5011 tempus
3201 4941 3461 4995 visitatio-

1882 5021 1966 5070 nis
1996 5033 2101 5070 non
2144 5026 2532 5086 cognoverunt,
2577 5026 2632 5071 et
2663 5017 2920 5084 justitiam
2951 5014 3044 5086 Dei
3078 5028 3184 5068 non
3221 5014 3462 5086 attende-

1883 5099 2027 5151 runt,
2059 5089 2150 5142 sed
2180 5084 2444 5155 justitiam
2469 5103 2620 5140 suain
2651 5098 2888 5141 statuere
2913 5085 3214 5140 voluerunt.
3252 5084 3458 5136 Etcum

1882 5160 2083 5226 aliquid
2126 5159 2191 5212 de
2238 5162 2319 5214 eis
2372 5159 2519 5228 prius
2565 5157 2914 5222 crediderint,
2960 5155 3120 5209 modo
3162 5155 3292 5209 nulli
3337 5155 3462 5210 inde

1883 5234 2131 5285 credunt.
2160 5231 2388 5298 Salsugo
2432 5230 2572 5283 enim
2604 5231 2820 5298 proprie
2865 5228 3063 5280 dicitur
3082 5241 3306 5298 amarus
3342 5240 3467 5298 suc-

1882 5318 1979 5357 cus
2005 5312 2185 5368 terrae,
2228 5296 2386 5367 qutun
2418 5296 2674 5355 sterilitas
2705 5296 3027 5353 ἶξοιιιίιδιυτ.
3074 5297 3140 5351 Et
3190 5296 3292 5350 hoc
3335 5296 3464 5365 qui-

1883 5372 2005 5426 detn
2037 5372 2166 5428 dicit
2199 5388 2306 5426 non
2337 5375 2404 5425 ab
2433 5370 2693 5440 injustitia
2734 5386 2828 5425 sua
2860 5370 3140 5440 processit,
3172 5372 3265 5422 sed
3295 5384 3332 5440 a7
3353 5384 3462 5420 ma-

1884 5444 1997 5497 litia
2034 5443 2378 5498 habitantium
2423 5438 2567 5495 inea
2616 5452 2780 5506 terra,
2817 5438 2916 5496 nec
2951 5449 3037 5494 est
3061 5438 3238 5493 dicere
3267 5454 3281 5491 :
3310 5439 3462 5494 Justo

1877 5515 2087 5584 judicio
2132 5531 2230 5570 suo
2272 5514 2529 5568 Dominus
2580 5523 2774 5568 terram
2833 5514 2975 5566 illam
3026 5511 3076 5564 iit
3135 5511 3459 5580 salsuginem

1886 5590 2061 5650 vertit,
2105 5588 2230 5655 quia
2265 5584 2500 5654 nequitia
2529 5599 2714 5638 eorum
2761 5590 2814 5638 in
2847 5585 3143 5638 terrenitati
3173 5599 3334 5636 muns
3363 5583 3456 5636 ad-

1882 5656 2198 5711 ιιωωιιιίυιιι
2231 5660 2332 5710 hoc
2363 5656 2645 5723 promittit.

1955 5728 2137 5781 Posuit
2166 5730 2423 5782 desertum
2477 5730 2529 5780 in
2557 5737 2761 5798 stagna.
2793 5725 3037 5781 Ostendit
3076 5723 3349 5797 quomodo
3376 5738 3466 5777 su-

1884 5801 2064 5873 perbis
2106 5803 2331 5867 resistit,
2374 5808 2430 5855 et
2478 5799 2709 5870 qualiter
2737 5799 3028 5858 humilibus
3079 5803 3172 5858 dat
3206 5805 3458 5870 gratiam,
