4006 6364
542 291 676 366 Ῑῡδι

1004 307 1209 364 ΒΕΒίΕ
1248 307 1702 366 νΕΝΕιιΑιιιιιε
1737 308 1889 366 ΟΡΡ.
1932 305 2110 365 PARS
2147 305 2214 365 ll.
2253 303 2446 364 SECT.
2495 305 2562 362 ll.
2606 334 2675 347 —-
2713 305 2926 363 DUBIA
2967 306 3058 364 ET
3097 305 3367 364 εΡυιιιΑ.

3640 279 3648 310 ³
3675 313 3813 370 ωδε

539 418 816 494 diripiunt,
847 430 970 486 quia
1014 416 1308 494 inefﬁcacia
1345 427 1406 494 et
1440 419 1650 494 inutilia
1697 420 1943 494 reddunt,
1996 419 2117 488 quia
2143 418 2198 480 Δ
2228 415 2405 494 (quasi
2433 414 2600 485 dicat)
2632 416 2722 485 qui
2758 417 3061 494 so_l_u_s_vere
3088 417 3344 494 Dominus
3365 433 3445 484 es,
3477 420 3562 489 fac
3590 439 3814 494 mecum,

538 492 628 556 qui
678 491 1026 560 hostessunt
1073 490 1264 542 merito
1311 490 1469 544 alieni
1508 491 1774 547 dicuntur.
1826 491 1918 546 Vel
1947 500 2123 560 potest

539 561 642 615 dici
690 570 828 614 totus
875 559 960 614 hic
1005 575 1190 613 versus
1239 560 1303 613 ad
1355 561 1524 616 Solam
1569 559 2014 627 similitudinem;
2045 563 2124 617 sic

539 636 814 700 fenerator,
843 629 893 684 id
920 640 1024 697 εει,
1056 629 1208 684 Titus
1237 633 1320 685 vel
1354 631 1726 700 Vespasianus,
1750 633 2123 701 comparabilis

541 701 850 765 l'eueratori,
883 702 970 769 qui
1022 716 1233 755 omnetn
1280 703 1667 771 supellectilem
1714 703 1974 760 debitoris
2017 717 2122 760 non

544 771 768 826 valentis
808 771 1067 826 creditum
1119 771 1342 827 reddere
1396 783 1758 841 perscrutatur
1809 784 1864 832 et
1910 773 2119 836 aufert,

540 853 795 914 scrutetur
834 858 1033 896 omnem
1078 842 1413 896 substantiam
1458 846 1569 914 ejus
1617 845 1814 914 papuli.
1857 845 2044 909 Alieni,
2070 846 2123 901 id

540 923 645 980 est,
672 913 867 986 milites
895 927 1106 986 eorum,
1134 913 1601 986 diripiant'laltores
1619 913 1758 986 ejus,
1788 925 1846 971 ut
1872 917 2001 972 nihil
2031 916 2124 972 liat

541 986 590 1037 ei
622 983 907 1049 reliquum.
957 983 1024 1037 Et
1065 983 1186 1052 quia
1237 999 1323 1038 me
1367 983 1658 1052 adjutoreni
1707 986 1904 1042 habere
1929 987 2121 1044 nolue-

539 1063 687 1126 runt,
718 1069 821 1107 non
851 1055 926 1126 sit
957 1055 1002 1107 ei
1028 1054 1220 1123 aliquis
1249 1055 1476 1125 adjutor,
1509 1071 1607 1112 nec
1655 1073 1775 1126 rex,
1806 1072 1906 1113 nec
1943 1071 2127 1114 sacer-

542 1125 667 1197 dos,
694 1140 788 1178 nec
817 1124 881 1179 sit
905 1129 993 1192 qui
1021 1124 1323 1180 misereatur
1352 1127 1564 1197 pupillis
1611 1124 1839 1196 ejus,'id
1883 1137 1986 1191 est.
2029 1144 2123 1197 po-

540 1195 701 1272 steris
731 1210 760 1248 a
808 1202 867 1272 ιε
891 1197 1016 1272 _Deo
1048 1210 1178 1272 vero
1205 1198 1428 1272 orbatis.
1476 1196 1582 1252 Sed
1625 1195 1754 1268 ﬁant
1793 1200 1908 1272 nati
1931 1195 2042 1272 ejus
2070 1201 2123 1256 in

542 1265 825 1340 interitum,
853 1265 904 1320 id
937 1273 1038 1332 εει,
1072 1267 1206 1340 tales
1254 1267 1362 1320 sint
1412 1283 1598 1340 omnes
1626 1265 1825 1338 posteri
1862 1265 1999 1338 ejus,
2032 1272 2122 1340 qui

545 1336 824 1391 videantur
855 1351 975 1392 esse
1004 1337 1138 1400 nati,
1172 1351 1277 1391 non
1310 1348 1367 1391 ut
1397 1339 1596 1403 vivant,
1630 1336 1727 1396 Sed
1761 1350 1815 1395 ut
1853 1336 2122 1397 aiternali-

547 1417 627 1461 ter
655 1407 955 1479 intereant;
986 1417 1033 1461 et
1063 1409 1353 1479 nomen,_id
1376 1419 1476 1475 est,
1508 1412 1786 1472 memoria.
1817 1413 1928 1479 ejus
1950 1412 2122 1466 delea-

543 1488 627 1530 tur
647 1477 701 1531 in
731 1480 1054 1549 generatione
1080 1494 1202 1542 una,
1247 1477 1297 1532 id
1338 1489 1440 1544 est,
1474 1481 1524 1535 in
1551 1477 1897 1550 generatione
1919 1484 2121 1538 carnali

543 1556 770 1614 tantum,
803 1556 858 1602 et
896 1563 1166 1618 nunquam
1197 1550 1375 1603 veniat
1423 1551 1489 1605 ad
1535 1553 1884 1618 spiritualetn.
1928 1553 1995 1608 Et
2021 1555 2120 1608 ini-

541 1619 729 1696 quitus,
751 1619 810 1696 _id
840 1629 941 1683 est,
973 1634 1213 1696 murmur
1239 1629 1304 1696 _et
1348 1623 1714 1689 cervicositas,
1757 1635 1958 1696 patrum
2008 1627 2121 1696 ejus

541 1691 714 1764 redeat
744 1690 796 1764 in
843 1693 1177 1764 mentoriam,_
1202 1690 1252 1744 id
1282 1700 1384 1764 est,
1424 1706 1528 1746 non
1583 1690 1819 1749 tradatur
1845 1690 2116 1764 oblivioni,

2224 487 2276 542 id
2307 494 2412 551 est,
2442 501 2734 563 cooperare
2759 488 2891 542 mihi
2924 489 2975 563 in
3004 493 3393 545 resurrccnone
3424 487 3542 561 mea
3569 508 3679 549 non
3697 487 3820 563 pro;

2225 567 2353 631 pter
2369 557 2614 631 meritum
2643 571 2840 623 meum,
2871 560 2963 614 sed
2996 573 3202 629 propter
3221 577 3404 616 nomen
3429 557 3581 616 tuum
3600 557 3812 631 per‘me

2223 628 2657 696 gloriﬁcandum;
2689 638 2748 684 et
2777 631 2888 697 ipse
2913 628 3207 684 setiundum
3240 636 3457 686 verbum
3492 648 3553 688 se
3583 628 3815 690 resusci-

2223 698 2385 764 tavit,
2415 707 2469 752 et
2492 709 2644 766 pater
2669 713 2797 775 eum
2819 702 3194 775 resuscitavit;
3226 711 3281 775 et
3307 702 3817 775 ideo(quasidicat)

2221 783 2356 838 rogo
2407 777 2464 822 ut
2498 783 2722 840 mecum
2747 770 2932 836 facias,
2960 773 3081 838 quia
3112 773 3461 827 misericordia
3491 770 3607 838 tua,
3633 777 3688 830 id
3717 770 3819 840 est,

2223 838 2548 895 resurrectio
2595 837 2741 896 facta
2785 856 2881 906 per
2907 837 3329 898 misericordiam
3364 856 3533 908 tuatu,
3571 837 3660 901 est
3691 837 3818 903 mihi

2224 910 2395 964 suavis
2430 911 2725 966 secundum
2776 911 3087 971 hominem:
3140 914 3224 968 vel
3253 915 3449 970 aliter:
3487 915 3572 969 Tu
3602 917 3822 973 Danaae

2225 981 2309 1054 [ac
2349 996 2562 1054 mecum,
2596 982 2668 1044 {id
2709 991 2812 1047 est,
2862 981 3055 1052 adjuva
3099 999 3186 1040 me
3227 985 3281 1039 in
3319 985 3656 1054 perﬁcienda
3691 989 3824 1045 obe-

2223 1051 2425 1106 dientia
2473 1062 2680 1122 propter
2726 1069 2909 1126 nomen
2933 1051 3120 1126 ituum,
3159 1071 3275 1126 Anon
3309 1051 3535 1126 propter
3566 1062 3820 1114 meritum

2224 1136 2440 1197 meum;
2488 1133 2542 1178 et
2583 1128 2684 1178 hoc
2731 1123 2868 1189 ideo,
2902 1125 3047 1197 quia
3096 1123 3448 1181 misericordia
3474 1137 3592 1196 tua,
3633 1130 3689 1183 id
3719 1143 3820 1197 est,

2223 1193 2478 1264 auxilium
2529 1203 2676 1248 tuum
2715 1204 2800 1250 est
2842 1195 2972 1248 mihi
3019 1210 3202 1250 suave.
3251 1198 3519 1264 Quocirca
3557 1193 3824 1256 liberisue

2225 1262 2615 1339 resu_scitando,
2649 1264 2732 1320 vel
2758 1267 3111 1339 constantiam
3141 1262 3334 1333 dando,
3358 1271 3482 1337 quia
3503 1285 3602 1339 ego
3625 1288 3746 1326 um
3772 1274 3821 1326 in

2221 1347 2314 1390 me
2343 1335 2459 1403 ipso
2480 1351 2665 1404 egenus
2693 1343 2739 1388 et
2768 1353 2985 1460 pauper,
3037 1338 3088 1392 id
3109 1349 3212 1404 εει,
3248 1335 3439 1406 reputo
3467 1335 3562 1395 ιιιέ
3587 1356 3817 1410 egents

2224 1413 2280 1458 et
2299 1419 2604 1460 pauperem.
2648 1405 2716 1459 Et
2744 1421 2847 1460 auo
2913 1423 3000 1460 cor
3027 1424 3194 1460 meum
3231 1411 3598 1460 conturbatum
3633 1423 3711 1460 ιςι
3739 1430 3817 1460 ne:

2224 1413 2604 1479 etpauperem.
2648 1405 2716 1479 Et
2744 1405 2884 1479 quod
2913 1423 3000 1461 cor
3027 1424 3194 1461 meum
3231 1405 3598 1463 conturbatum
3623 1405 3711 1466 Est
3739 1430 3823 1479 per

2225 1475 2496 1530 tristitiam
2545 1478 2830 1551 passionis,
2872 1477 3138 1551 hoc__int_ra
3165 1490 3368 1551 incest,
3405 1482 3456 1533 id
3486 1491 3603 1546 est,
3635 1475 3823 1551 Sponte

2223 1557 2366 1611 mea,
2417 1561 2524 1601 non
2569 1563 2635 1602 ex
2665 1547 2929 1603 coatione.
2963 1548 3115 1604 Unde
3141 1550 3288 1612 alibi,
3326 1549 3650 1605 Voluntarie
3668 1547 3821 1606 sacri-

2223 1615 2388 1685 ﬁcabo
2419 1617 2528 1680 tibi,
2550 1628 2605 1673 et
2645 1626 2873 1684 caetera;
2909 1619 2995 1674 vel
3023 1619 3197 1686 aliter,
3226 1619 3328 1674 Cor
3347 1638 3525 1674 meum
3549 1627 3826 1677 conturba-

2227 1697 2336 1760 tum
2384 1697 2456 1742 est
2506 1703 2611 1744 non
2661 1699 2876 1758 propter
2921 1704 3024 1758 me,
3075 1690 3169 1744 sed
3194 1692 3317 1760 quia
3344 1693 3630 1748 transfero
3659 1694 3716 1748 in
3746 1711 3826 1751 me

542 1761 637 1835 sed
664 1762 734 1814 sit
837 1771 1109 1829 conspectu
1138 1759 1368 1835 Domini,
1399 1774 1446 1814 et
1473 1774 1732 1831 peccatum
1769 1767 1945 1820 matris
1988 1757 2118 1835 ejus;
2151 1770 2200 1832 Β
2232 1757 2590 1835 inlirmitatem
2631 1757 2844 1813 illorum
2892 1761 2980 1826 qui
3013 1757 3182 1835 intra
3211 1757 3290 1814 ine
3318 1772 3470 1829 sunt,
3503 1763 3565 1818 id
3595 1770 3705 1831 est,
3736 1769 3824 1834 qui

541 1829 596 1884 id
623 1839 726 1896 est,
761 1833 1077 1900 Synagogte,
1111 1848 1210 1884 non
1241 1829 1481 1885 deleatur
1520 1849 1549 1886 a
1595 1837 1848 1890 memoria
1889 1829 2121 1894 Domini;

542 1901 696 1980 Quod
725 1902 1008 1980 estdicere
1041 1921 1052 1954 :
1084 1901 1197 1956 Non
1222 1902 1394 1956 solum
1424 1912 1644 1971 peccata
1676 1905 1887 1980 protiria
1915 1923 2125 1980 eorum,

541 1971 638 2026 sed
667 1972 828 2047 etiam
875 1973 1068 2047 merita
1112 1971 1866 2047 parentum_suorutn:mala,
1901 1971 2124 2047 quorum

546 2041 841 2118 nequitiam
889 2042 1188 2118 imitantur,
1215 2045 1293 2098 eis
1322 2043 1642 2118 reddantur.
1677 2045 1812 2102 Vere
1854 2041 1996 2103 enim
2034 2066 2128 2118 per

543 2112 860 2186 prophetam
897 2112 1109 2186 dictum
1159 2123 1242 2168 est
1275 2132 1286 2166 :
1322 2112 1555 2169 Visitabo
1599 2128 1806 2186 peccata
1843 2112 2048 2186 patruni
2073 2123 2126 2176 in

585 2183 678 2237 lies
704 2199 862 2256 usque
889 2184 944 2256 in
973 2185 1169 2256 tertiam
1199 2195 1245 2238 et
1285 2195 1518 2252 quartam
1549 2183 1940 2256 generationem.
1975 2190 2041 2244 Et
2072 2203 2129 2248 ut

567 2268 651 2324 ioc
680 2252 768 2318 sit,
803 2254 894 2308 ﬁat
924 2253 1178 2324 iniquitas
1210 2264 1422 2324 patrum
1471 2266 1524 2310 et
1549 2252 1756 2313 'matris
1799 2271 1981 2315 contra
2022 2262 2128 2316 Do-

545 2323 775 2398 minum,
809 2334 867 2379 nt
887 2341 994 2380 non
1018 2323 1277 2398 oblivioni
1312 2327 1572 2394 tradatur,
1601 2329 1695 2384 sed
1727 2345 1941 2398 semper
1969 2333 2036 2388 ab
2062 2349 2127 2390 eo

543 2394 927 2469 conspiciatur,
961 2406 1006 2451 et
1037 2397 1282 2469 memoria
1313 2413 1500 2453 eorum
1532 2399 1786 2469 dispereat
1833 2394 2037 2469 penitus
2065 2406 2128 2460 de

545 2472 686 2543 terra
722 2466 1038 2522 viventium.
1068 2467 1220 2543 Quod
1254 2469 1444 2543 merito
1473 2466 1622 2543 dico,
1657 2466 1882 2542 scilicet,
1929 2491 2021 2543 pro
2067 2493 2128 2530 eo

543 2535 683 2614 quod
712 2553 812 2614 non
844 2548 920 2614 est
958 2539 1256 2614 recordatus
1287 2540 1452 2614 [acere
1477 2541 1828 2614 miricordiam
1869 2535 1968 2599 sibi
1997 2544 2124 2614 ipsi,

540 2607 691 2676 juxta
724 2608 857 2663 illud
889 2609 1194 2665 Salomonis
1227 2628 1238 2661 :
1274 2609 1519 2664 Miserere
1558 2613 1739 2668 animo:
1767 2626 1886 2679 tute,
1918 2625 1966 2670 et
2005 2607 2128 2672 bene

547 2679 757 2755 placens,
784 2680 884 2755 eris
917 2679 1046 2734 Deo.
1073 2680 1128 2755 in
1163 2695 1268 2749 quo
1296 2691 1474 2736 autem
1523 2697 1631 2737 non
1677 2687 1744 2738 sit
1791 2687 2124 2755 recordatus,

545 2749 781 2804 ostendit
808 2750 1036 2827 dicens:
1072 2751 1138 2827 lit
1163 2762 1457 2820 persecutus
1479 2764 1566 2827 est
1590 2770 1676 2809 me
1719 2755 1974 2812 hominem
2003 2749 2125 2827 pro;

546 2827 668 2889 pter
697 2836 819 2893 eum
847 2824 1041 2877 tactum
1085 2823 1288 2893 inopem
1316 2832 1363 2876 et
1395 2825 1703 2891 mendicum,
1731 2837 1786 2882 et
1816 2843 1921 2882 non
1949 2823 2126 2886 solum

545 2904 656 2955 me,
691 2892 786 2946 sed
813 2895 973 2947 etiam
1005 2892 1182 2959 meos,
1205 2897 1292 2960 qui
1324 2905 1637 2961 persecutus
1666 2909 1748 2953 est
1776 2899 1960 2954 volens
1988 2916 2128 2956 mor-

547 2961 747 3029 tificare
775 2977 1042 3039 quemque
1088 2964 1357 3039 hominem
1389 2977 1747 3034 compunctum
1785 2970 1958 3039 corde,
1989 2973 2129 3028 sicut

545 3042 763 3110 sanctos
794 3035 1094 3110 apostolos,
1117 3045 1172 3090 et
1197 3036 1357 3090 etiam
1391 3051 1587 3110 omnes
1624 3039 1744 3093 illos
1774 3041 1863 3110 qui
1903 3035 2128 3098 venien-

546 3111 629 3156 tes
656 3103 723 3158 ad
747 3103 1302 3182 apostolosdiserunt
1335 3124 1345 3158 :
1376 3106 1516 3182 Quid
1553 3103 1817 3176 faciemus,
1869 3113 1966 3166 viri
2009 3111 2130 3182 fra-

545 3184 668 3241 tres,
693 3184 747 3230 ει
776 3187 986 3231 caetera.
1022 3176 1088 3231 Et
1117 3179 1168 3231 in
1218 3177 1316 3232 hoc
1347 3179 1506 3233 etiam
1555 3196 1672 3233 none
1703 3176 2018 3238 recordatus
2054 3195 2130 3240 est

545 3245 716 3327 [acere
746 3247 848 3327 sibi
886 3248 1306 3327 misericordiam,
1337 3250 1427 3316 qui
1475 3249 1656 3305 dilexit
1699 3254 2127 3327 maledictionem,

546 3316 732 3373 dicens
750 3335 787 3390 _:_
811 3316 1037 3390 Sanguis
1080 3321 1188 3389 ejus
1234 3336 1386 3390 super
1436 3337 1552 3387 nos,
1591 3333 1639 3375 et
1680 3339 1834 3390 super
1871 3326 2007 3390 ﬁlios
2033 3316 2130 3381 no;

544 3397 696 3442 atros.
745 3387 808 3442 Et
839 3387 960 3457 quia
992 3387 1112 3445 eam
1155 3387 1363 3453 dilexit,
1412 3390 1530 3445 ideo
1578 3387 1834 3457 veniet'ei,
1871 3387 1921 3450 et
1967 3399 2132 3453 noluit

548 3460 968 3535 benedictionem,
1014 3462 1134 3529 quia
1186 3461 1508 3530 contempsit
1560 3463 1614 3535 in
1663 3464 1754 3535 illo
1785 3466 2048 3535 benedici,
2073 3467 2128 3524 in

549 3543 658 3608 quo
688 3530 1074 3608 benedicentur
1103 3542 1530 3608 omnes_gentes._
1563 3533 1631 3608 Et
1660 3533 1780 3608 ideo
1809 3530 2133 3608 elongabitur

550 3600 613 3652 ab
639 3617 697 3654 eo
729 3601 1048 3668 benedictio,
1081 3613 1135 3656 et
1182 3603 1400 3668 merito,
1443 3603 1566 3672 quia
1614 3606 1781 3660 induit
1812 3600 2132 3664 maledictio-

553 3686 667 3747 nem
693 3674 818 3747 sicut
848 3673 1197 3726 vestimentum
1219 3674 1554 3729 extrinsecus
1580 3691 1702 3730 cum
1732 3678 1955 3747 diceret,
1991 3681 2128 3737 San-

553 3741 665 3820 guis
691 3743 803 3820 ejus
833 3758 987 3820 super
1017 3758 1128 3820 nos,
1156 3755 1215 3820 _et
1241 3754 1466 3820 castora;
1491 3755 1554 3820 et
1581 3749 1743 3802 etiam
1787 3741 2131 3820 intrinsecus,

551 3811 674 3886 quia
703 3813 910 3886 intravit
931 3813 995 3886 in
1016 3813 1259 3886 interiora
1288 3818 1423 3885 ejus,
1459 3816 1586 3870 sicut
1611 3834 1763 3886 aqua,
1797 3832 1842 3873 et
1875 3823 1970 3876 luit
2005 3811 2134 3878 sicui

548 3884 718 3959 etcum
755 3883 808 3936 in
834 3883 1034 3959 ossibus
1063 3885 1193 3959 ejus.
1225 3883 1376 3959 Aqua
1416 3890 1556 3959 enim
1594 3883 1713 3956 quae
1749 3883 2046 3959 perfundit,
2081 3904 2136 3948 et

552 3951 732 4008 oleum
761 3951 1114 4010 exhilaratam
1145 3951 1333 4011 laciein
1381 3957 1576 4011 reddit.
1609 3951 1709 4015 'Sic
1737 3951 1789 4013 et
1828 3951 2134 4019 maledictio

552 4023 642 4080 illa
673 4026 1067 4102 quodaminodo
1090 4041 1183 4080 eos
1220 4028 1468 4091 mollivit,
1501 4029 1625 4096 quia
1670 4030 1750 4084 eis
1780 4033 2130 4102 coriiplacnit,

549 4105 607 4177 et
631 4099 779 4177 quasi
830 4097 1182 4177 exlt‘ilaratutn
1231 4113 1326 4177 cor
1373 4113 1557 4177 eorum
1607 4100 1855 4170 reddidit,
1907 4097 1961 4177 ει
1998 4097 2136 4177 bene

553 4167 705 4243 dicit,
732 4169 858 4222 sicut
889 4167 1058 4243 oleum
1097 4169 1149 4222 in
1195 4169 1389 4224 ossibus
1424 4170 1588 4243 :quia
1627 4167 1852 4241 quanto
1878 4175 1996 4243 plus
2037 4175 2133 4230 ali-

557 4238 928 4311 quis‘peccuto
959 4239 1280 4306 delectatur,
1301 4249 1447 4296 tanto
1469 4238 1662 4296 fortior
1684 4245 1734 4297 in
1759 4238 2027 4311 peccando
2055 4249 2132 4302 tit.

629 4306 750 4381 Eiet
798 4309 845 4362 ei
889 4311 1015 4362 sicut
1046 4312 1418 4365 vestimentum.
1470 4312 1634 4378 Quasi
1667 4306 1806 4368 dicat
1833 4333 1844 4368 :
1875 4316 2127 4381 Quando-

555 4379 768 4457 quidem
805 4389 1080 4457 tantopere
1115 4381 1179 4450 ,in
1236 4381 1607 4457 maledictione
1651 4385 1870 4452 studuit,
1897 4379 2017 4442 ideo
2045 4389 2136 4457 ,‘iat

555 4454 603 4504 ei
651 4449 959 4525 maledictio
1002 4451 1128 4525 sicut
1149 4452 1520 4525 vestimentum,
1549 4470 1656 4522 quo
1688 4466 1827 4510 totus
1857 4449 2134 4525 operiatur

554 4533 609 4575 et
630 4522 963 4576 extrinsecus
1011 4531 1064 4574 et
1091 4522 1424 4577 intrinsecus.
1456 4525 1732 4590 Quoddain
1761 4522 1938 4582 autem
1970 4533 2131 4584 vesti-

556 4603 797 4666 mentum
823 4601 906 4647 est
935 4593 1084 4666 quod
1103 4607 1209 4646 non
1245 4603 1432 4666 totum;
1461 4597 1552 4649 sed
1588 4608 1792 4663 partem
1820 4599 1993 4666 operit
2020 4617 2030 4652 :
2077 4610 2132 4654 et

557 4664 806 4738 ideounon
836 4663 1114 4738 superﬂuit
1144 4663 1284 4730 quod
1314 4665 1490 4732 addit,
1522 4667 1725 4722 scilicet
1751 4663 2126 4738 quo‘operitur.

557 4731 626 4809 Et
671 4735 762 4809 liat
808 4735 856 4788 ci
883 4736 1011 4809 sicut
1040 4751 1190 4809 zona,
1215 4750 1315 4803 qua
1338 4731 1535 4809 semper
1556 4731 1918 4809 praecingitur,"
1939 4740 1987 4794 id
2021 4751 2127 4804 est,

2230 1836 2432 1898 tantum
2483 1831 2537 1884 in
2577 1843 2802 1898 corpore
2826 1844 2948 1883 meo
2978 1841 3120 1885 sunt.
3152 1831 3335 1886 Potest
3361 1835 3538 1888 etiam
3561 1835 3636 1889 ad
3661 1831 3825 1890 mein-

2228 1897 2324 1954 bra
2353 1901 2454 1955 hoc
2481 1897 2781 1955 referri’sic
2813 1917 2826 1953 :
2854 1898 3042 1954 Libera
3069 1915 3169 1966 me,
3200 1902 3251 1955 id
3277 1912 3379 1967 est,
3413 1918 3577 1959 meos
3609 1921 3643 1959 ιι
3669 1907 3826 1962 devo-

2228 1971 2498 2045 cantibus,
2547 1969 2688 2045 quod
2713 1970 2896 2045 debes,
2929 1973 3051 2045 quia
3077 1988 3170 2044 ego
3198 1988 3314 2026 sum
3334 1988 3531 2045 egenus
3564 1986 3618 2030 et
3640 1993 3828 2043 pauper

2227 2039 2282 2112 in
2309 2044 2443 2096 meis
2476 2060 2488 2095 :
2521 2050 2566 2094 et
2588 2040 2711 2110 quia
2740 2041 2787 2096 si
2816 2043 3029 2112 quando
3060 2039 3421 2098 conturbatum
3447 2054 3526 2098 est
3556 2039 3831 2102 mm

2227 2110 2284 2181 in
2311 2113 2448 2166 meis
2472 2153 2488 2179 ,
2516 2113 2602 2167 vel
2633 2110 3063 2180 timore—mortis,
3095 2115 3177 2168 vel
3193 2129 3284 2181 per
3297 2116 3618 2172 naturalem
3635 2130 3828 2173 motum

2228 2180 2356 2255 itan
2397 2183 2494 2238 llla
2539 2182 2989 2255 conturbatioiest
3020 2180 3223 2238 tantum
3254 2185 3389 2239 intra
3423 2202 3530 2252 me,
3569 2188 3628 2242 id
3651 2200 3754 2255 est,
3781 2193 3828 2245 in

2227 2253 2394 2328 corde
2416 2268 2682 2328 meorum,
2701 2268 2808 2328 non
2827 2254 2987 2328 etiam
3005 2255 3256 2328 erumpit,
3274 2255 3326 2310 in
3348 2257 3602 2328 aliquem
3631 2253 3826 2317 actum.

2231 2322 2384 2396 Unde
2412 2324 2539 2380 alibi
2565 2343 2577 2396 ;
2609 2322 2923 2389 Irascimini,
2952 2334 2999 2379 et
3023 2322 3178 2379 nolite
3200 2343 3436 2396 peccare.

2299 2394 2447 2450 Sicut
2474 2395 2652 2449 umbra
2677 2411 2796 2448 cum
2826 2396 3074 2461 declinat,
3103 2394 3305 2451 ablatus
3333 2415 3474 2452 sum.
3506 2399 3652 2456 Dico
3681 2402 3829 2456 libera

2227 2481 2330 2541 me,
2377 2477 2430 2541 et
2449 2481 2586 2536 Opus
2623 2475 2707 2521 est
2753 2475 2808 2521 ut
2856 2465 3071 2541 liberes,
3107 2468 3230 2537 quia
3251 2467 3460 2541 ablatus
3484 2488 3616 2526 sunt
3635 2473 3743 2541 jam
3771 2474 3828 2528 de

2229 2537 2332 2591 hac
2366 2540 2494 2604 vita,
2539 2544 2796 2606 quantum
2837 2538 2906 2592 ad
2933 2537 3266 2593 voluntatem
3290 2537 3684 2608 inimicorum,
3707 2556 3758 2597 et
3783 2548 3826 2598 in

2228 2623 2316 2662 me
2365 2608 2482 2677 ipso
2529 2621 2585 2664 et
2627 2611 2680 2663 in
2706 2608 2843 2663 meis
2862 2608 2955 2672 ita,
2987 2611 3116 2662 sicut
3139 2608 3197 2663 ﬁt
3221 2627 3337 2663 cum
3366 2614 3564 2665 umbra
3595 2615 3826 2668 declinat.

2230 2677 2428 2733 Umbra
2470 2680 2612 2733 enim
2660 2688 2883 2747 propter
2921 2692 3174 2734 occasum
3204 2682 3336 2735 solis
3367 2683 3748 2740 declinantem
3778 2691 3826 2739 fit

2227 2763 2355 2815 nox,
2380 2759 2434 2804 et
2462 2749 2763 2805 declinante
2783 2751 2890 2820 vita
2917 2751 2974 2804 tit
3005 2764 3152 2805 mors
3179 2768 3191 2804 :
3229 2761 3282 2806 et
3312 2752 3438 2806 ideo
3478 2756 3653 2820 dicit,
3682 2757 3830 2809 Abla-

2229 2828 2311 2873 tus
2333 2835 2447 2874 sum
2469 2821 2598 2875 sicut
2619 2821 2732 2876 dies
2751 2819 3010 2886 aufertur,
3038 2836 3154 2874 cum
3179 2821 3357 2876 umbra
3380 2819 3719 2880 declinat.Et
3744 2843 3826 2881 e1:-

2228 2906 2406 2967 cussus
2451 2907 2565 2967 sum
2589 2893 2672 2967 vel
2699 2892 2766 2946 de
2797 2892 2898 2967 hac
2924 2893 3030 2946 vita
3061 2893 3142 2967 vel
3174 2894 3538 2967 decordibus
3566 2913 3825 2967 meorum,

2226 2961 2400 3016 factus
2427 2963 2556 3016 sicut
2592 2962 2808 3029 locusta,
2843 2963 2895 3015 id
2927 2972 3030 3028 εει,
3067 2963 3348 3019 instabilis.

2299 3031 2477 3087 Genua
2503 3040 2615 3088 mea
2643 3034 2901 3100 inﬁrmata
2929 3048 3045 3106 sunt
3076 3035 3344 3106 ajejunia,
3373 3046 3423 3089 et
3455 3052 3588 3092 caro
3613 3055 3726 3094 mea
3745 3041 3828 3091 i-

2235 3113 2432 3176 ntutatu
2452 3115 2527 3158 est
2553 3114 2757 3176 prapter
2781 3105 2966 3158 oleum.
3002 3103 3137 3160 Vere
3159 3103 3420 3161 excussus
3434 3123 3562 3162 sum
3579 3111 3652 3165 de
3668 3111 3830 3165 cordi-

2235 3175 2336 3250 bus
2385 3191 2651 3250 meorum,
2695 3176 2827 3250 quia
2866 3191 3053 3250 genua
3077 3192 3209 3243 mea,
3229 3176 3289 3250 ιιι
3317 3189 3425 3246 εει,
3461 3179 3544 3233 illi
3568 3183 3664 3250 qui
3691 3193 3833 3236 erant

2236 3246 2376 3301 sicut
2397 3246 2566 3301 nodus
2595 3255 2650 3300 et
2687 3246 2960 3315 iunctura,
3001 3245 3056 3300 id
3082 3256 3187 3312 est,
3219 3247 3375 3301 ﬁrma
3407 3245 3746 3306 Sustentstio
3774 3253 3824 3306 in

2239 3332 2465 3392 corpore
2487 3331 2632 3386 meo,
2660 3316 2762 3372 hoc
2788 3326 2872 3372 est
2900 3316 3150 3392 apostoli,
3180 3318 3444 3374 intirmati
3472 3333 3597 3375 sunt
3625 3339 3662 3374 α
3675 3325 3832 3392 jeju-

2235 3391 2342 3452 nio,
2377 3390 2443 3461 id
2492 3398 2594 3453 est,
2638 3397 2857 3461 propter
2903 3388 3203 3443 absentiam
3230 3403 3431 3461 meam,
3464 3392 3514 3445 in
3541 3407 3648 3459 qua
3673 3388 3834 3461 prius

2236 3460 2548 3514 reticiebant
2588 3474 2666 3523 se,
2697 3460 2785 3528 qui
2817 3473 2914 3527 per
2946 3468 3172 3514 mortem
3203 3460 3283 3528 eis
3309 3460 3522 3515 ablatus
3545 3460 3693 3517 sum.
3723 3462 3831 3517 Vel

2237 3529 2584 3606 illiiniirmati
2607 3527 2735 3584 sunt.
2762 3529 2852 3606 qui
2877 3530 3127 3606 dixerunt
3157 3547 3171 3584 :
3205 3527 3319 3584 Nos
3346 3533 3666 3606 putabamus
3691 3536 3832 3606 quod

2236 3601 2588 3674 redempturus
2605 3611 2733 3674 esset
2757 3600 2944 3674 Israel.
2968 3600 3398 3674 sedqutecura?
3427 3603 3628 3659 Genua
3642 3600 3830 3674 quippe

2237 3673 2328 3729 illa
2377 3673 2798 3726 immutabuntur
2834 3671 2902 3725 de
2950 3672 3167 3727 tristitia
3215 3672 3272 3726 in
3313 3674 3570 3740 gaudium
3625 3671 3831 3743 propter

2238 3747 2428 3806 oleant,
2456 3743 2509 3796 id
2535 3753 2639 3807 est,
2668 3752 2888 3811 promer
2913 3743 3826 3802 resurrectionisexhilaratiouem.

2239 3814 2309 3868 Et
2357 3829 2481 3867 vere
2530 3828 2700 3882 genua
2751 3814 3200 3878 immutabuntur,
3242 3815 3367 3883 quia
3397 3818 3565 3870 etiam
3600 3834 3748 3882 caro,
3780 3817 3827 3872 id

2239 3896 2324 3941 est
2353 3885 2674 3939 inlirmiorcs
2721 3885 2774 3938 in
2819 3896 3045 3952 corpore
3084 3899 3225 3951 meo,
3263 3896 3474 3954 propter
3495 3887 3635 3941 illud
3666 3886 3830 3942 οιικα

2239 3956 2683 4027 immutabuntur.
2731 3954 2915 4027 Potest
2939 3958 3099 4009 etiam
3133 3969 3229 4024 per
3255 3958 3433 4012 oleum
3464 3961 3650 4027 accipi
3676 3962 3826 4014 exhi-

2239 4028 2427 4082 larutio
2469 4025 2698 4096 Spiritus
2746 4025 2943 4091 sancti,
2990 4027 3432 4096 quinquagesimo
3464 4030 3560 4084 die
3590 4025 3624 4083 a
3657 4045 3832 4084 resur-

2239 4100 2478 4153 rectione
2522 4112 2684 4166 super
2705 4096 2976 4165 apostolos
3005 4098 3175 4165 missi,
3202 4107 3258 4152 et
3285 4110 3479 4154 cetera
3509 4100 3581 4154 de
3612 4110 3831 4156 senten-

2241 4172 2309 4224 tia
2353 4185 2459 4223 non
2511 4177 2806 4222 niutantur.
2861 4167 2957 4222 Vel
2999 4167 3174 4234 aliter,
3220 4178 3279 4222 ut
3317 4171 3386 4224 ad
3415 4172 3826 4228 similitudinem

2240 4242 2448 4294 dicatur
2495 4236 2617 4292 sic':
2663 4238 2843 4312 Genua
2889 4238 3293 4312 media/innata
3319 4249 3435 4294 sunt
3460 4257 3496 4294 a
3513 4244 3751 4312 jejunio,
3782 4242 3827 4296 id

2239 4322 2342 4375 est,
2365 4325 2469 4383 ego»
2491 4321 2542 4383 et
2569 4310 2674 4365 mei
2697 4309 3084 4383 comparabiles
3113 4310 3236 4383 lacti
3257 4324 3440 4366 sumus
3465 4309 3580 4368 illis
3599 4329 3822 4383 quorum

2240 4378 2419 4452 genua
2443 4381 2695 4452 deﬁciunt
2727 4390 2942 4450 propter
2963 4378 3249 4449 jejunium,
3282 4383 3407 4450 quia
3440 4378 3702 4438 invenire
3724 4400 3821 4438 non

2246 4451 2528 4520 potuimus,
2580 4451 2630 4506 in
2675 4452 2868 4522 quibus
2895 4465 2991 4522 nos
3025 4452 3394 4507 reticeremus.
3423 4454 3523 4508 Vis
3557 4457 3714 4509 enim
3751 4459 3820 4510 ia-

2243 4534 2449 4579 tronem
2498 4522 2648 4590 juxta
2696 4521 2762 4577 'se
2811 4521 3153 4591 pendentem,
3208 4522 3263 4576 in
3305 4539 3414 4592 quo
3459 4540 3526 4579 se
3555 4530 3825 4588 reticeret,

2237 4596 2459 4650 invenit.
2487 4595 2554 4651 Et
2580 4594 2950 4648 centurionem
2983 4595 3149 4657 illum,
3179 4595 3270 4662 qui
3301 4596 3493 4650 videns
3524 4607 3693 4651 terra:
3721 4614 3827 4651 ηιθ-

2238 4676 2350 4736 tum
2384 4679 2436 4720 et
2473 4669 2624 4736 signa
2645 4682 2763 4736 qua:
2789 4664 3043 4736 faciebat,
3073 4665 3394 4721 exclamavit
3425 4683 3442 4719 :
3484 4665 3625 4721 Vere
3659 4667 3824 4721 Filius

2234 4735 2333 4790 Dei
2377 4747 2486 4790 erat
2523 4735 2635 4790 iste.
2675 4735 2877 4803 Genua,
2914 4735 3151 4802 inquam.
3193 4751 3307 4790 mea
3349 4738 3629 4803 inﬁrmata
3659 4754 3778 4793 sunt
3803 4757 3834 4792 ε

557 4805 628 4859 sit
677 4806 725 4859 ei
769 4806 920 4874 quasi
967 4806 1421 4888 expedimentutn“
1447 4805 1549 4862 hoc
1598 4805 1982 4888 peccatum-ad
2028 4812 2132 4865 alia
2227 4809 2452 4880 jejunio,
2497 4819 2557 4888 et_
2583 4822 2707 4888 caro
2744 4822 2859 4861 mea
2885 4807 3156 4888 immutata
3175 4817 3268 4872 est,
3298 4808 3351 4862 id
3376 4819 3483 4888 est,
3520 4823 3691 4864 morti
3717 4814 3834 4888 data

556 4886 773 4950 peccata
825 4877 1276 4950 perpetrandum,
1311 4877 1516 4950 scilicet
1555 4888 1621 4950 ut
1654 4881 1740 4947 qui
1769 4881 2008 4935 sordidus
2035 4893 2129 4950 est,

557 4949 815 5020 sordescat
861 4949 1049 5002 adhuc.
1086 4948 1212 5020 ANec
1265 4947 1367 5002 hoc
1396 4948 1566 5020 (quasi
1594 4948 1757 5020 dicat)
1784 4963 1866 5007 est
1893 4947 2130 5008 mulevoL

561 5017 739 5072 lentiae
772 5028 976 5084 votum,
1007 5017 1101 5091 sed
1126 5018 1271 5088 justa
1300 5019 1581 5074 retributio
1609 5017 1792 5076 eorum
1829 5041 1844 5077 :
1877 5024 2000 5091 quia
2037 5027 2132 5077 hoc

561 5099 634 5169 est
674 5105 802 5157 opus
828 5106 1038 5170 eorum,
1056 5089 1105 5144 id
1135 5098 1217 5170 est
1240 5091 1341 5143 hoc
1368 5101 1708 5170 promeretur
1739 5089 1917 5170 iniqua
1945 5110 2134 5170 opera-

558 5161 634 5214 tio
663 5176 869 5233 eorntn,
899 5162 986 5229 qui
1008 5162 1293 5215 detrahunt
1311 5161 1438 5215 tnihi
1462 5162 1603 5230 apud
1629 5161 1931 5231 Dominum,
1952 5161 2004 5219 id
2029 5176 2132 5233 est,

561 5232 652 5302 qui
692 5231 984 5285 mendaciis
1039 5235 1151 5286 suis
1192 5241 1448 5300 quantum
1496 5235 1548 5285 in
1573 5248 1633 5287 se
1659 5243 1764 5300 est,
1794 5237 2024 5302 spoliant
2047 5231 2136 5292 me

561 5301 860 5367 divinitate,
885 5317 988 5370 qua
1007 5303 1292 5368 coaequans
1303 5319 1418 5357 sum
1433 5302 1658 5358 Domino
1665 5306 1833 5428 patri,
1858 5306 2095 5363 dicentes
2120 5325 2133 5360 :

563 5370 688 5425 Non
729 5383 804 5426 est
849 5375 929 5426 Itic
957 5374 1107 5427 homo
1129 5391 1160 5426 α
1194 5374 1317 5428 Deo.
1342 5386 1394 5428 et
1419 5377 1631 5428 similia.
1697 5374 1730 5428 ἰ
1759 5378 1843 5428 aui
1879 5388 2133 5428 ormterea

563 5370 688 5446 Non
729 5383 804 5446 est
849 5375 929 5426 Itic
957 5374 1107 5427 homo
1129 5391 1160 5426 α
1194 5374 1317 5438 Deo,
1342 5386 1394 5429 et
1419 5377 1631 5429 similia.
1665 5370 1730 5428 Et
1759 5378 1843 5444 qui
1879 5388 2136 5446 praeterea

560 5443 723 5497 multa
754 5445 1029 5515 loquuntur
1053 5446 1189 5498 mala
1218 5450 1458 5500 adversus
1485 5449 1706 5500 animum
1734 5443 1920 5515 meum,
1954 5450 2139 5504 dicen-

561 5523 687 5589 tes:
741 5513 842 5589 llic
886 5518 1035 5581 dixit,
1065 5533 1273 5589 possunt
1301 5520 1556 5573 destruere
1577 5520 1824 5589 templum
1847 5513 1963 5586 θέε,
2017 5523 2139 5574 etin

560 5586 730 5640 triduo
759 5585 851 5638 ltoc
877 5588 1220 5657 reurdiﬁcare;
1247 5600 1301 5641 et
1327 5605 1339 5642 :
1375 5589 1523 5642 Ilunc
1552 5585 1830 5645 invenimus
1851 5594 2139 5646 subvertere

562 5669 770 5729 gentem»
805 5670 1048 5729 nostram,
1096 5673 1142 5713 et
1182 5659 1521 5729 prohibentem
1551 5663 1742 5715 tributa
1771 5668 1896 5716 dare
1919 5662 2136 5729 Caesari,

563 5741 618 5793 et,
665 5727 832 5782 multa
881 5727 1020 5784 talia.
1056 5731 1121 5785 Et
1155 5727 1274 5798 quia
1307 5733 1405 5800 ipsi
1436 5734 1719 5789 intendunt
1749 5735 1816 5787 ad
1841 5727 2140 5788 damnatio?-

559 5816 682 5858 neut
735 5813 931 5871 ineant,
992 5801 1130 5870 ideo,
1182 5802 1398 5859 Domine
1447 5815 1616 5876 pater,
1669 5816 1722 5860 tu
1770 5806 1888 5864 dico
1919 5806 2141 5862 Domine

2237 4879 2443 4952 propter
2478 4881 2804 4952 subtractum
2847 4881 3037 4944 oleum,
3095 4879 3148 4932 id
3193 4888 3296 4946 est,
3345 4884 3468 4949 quia
3510 4898 3622 4936 non
3658 4884 3836 4952 reperi

2237 4950 2370 5004 alios
2400 4951 2488 5020 qui
2517 4965 2602 5005 me
2631 4949 3009 5004 exhdararent.

2314 5020 2381 5076 Et
2432 5039 2522 5092 ego
2572 5020 2737 5088 factus
2785 5035 2919 5074 sum.
2971 5022 3060 5076 Sic
3108 5020 3160 5074 in
3207 5035 3530 5091 quacunque
3559 5027 3839 5080 sententia

2246 5093 2496 5169 continua
2524 5109 2543 5169 ξ
2575 5093 2639 5144 Et
2665 5092 2787 5159 quia
2810 5107 2974 5169 genua
3001 5107 3125 5169 mea,
3139 5093 3406 5169 inﬁrmata
3425 5106 3571 5169 sunt,
3590 5097 3726 5150 ideo
3749 5114 3840 5169 ego

2239 5179 2352 5217 sunt
2383 5162 2487 5216 illis
2515 5162 2680 5231 factus
2708 5163 3056 5232 approbrium.
3088 5160 3334 5217 Viderunt
3350 5167 3495 5219 enim
3521 5183 3603 5219 me
3627 5160 3838 5222 tantum

2244 5237 2602 5300 extrinsecus,
2636 5234 2688 5288 id
2719 5244 2823 5299 est,
2856 5235 3335 5289 consideraverunt
3360 5238 3412 5289 in
3445 5252 3537 5292 me
3559 5242 3745 5293 solam
3767 5241 3839 5293 iu-

2242 5304 2570 5370 iirmitutem,
2619 5320 2725 5358 non
2767 5305 3122 5358 divniitatem.
3171 5307 3236 5359 Et
3283 5307 3405 5361 ideo
3449 5324 3728 5363 moverunt
3771 5313 3840 5364 ad

2240 5384 2603 5445 comemptum
2628 5391 2839 5450 meum
2871 5376 3040 5443 capita
3085 5392 3180 5450 sua
3218 5377 3459 5434 dicentes
3497 5398 3508 5430 :
3573 5379 3732 5433 Vah!
3755 5384 3841 5450 qui

2242 5451 2459 5501 destruis
2483 5447 2721 5515 templum
2747 5445 2864 5512 Dei,
2888 5456 2944 5501 et
2976 5447 3190 5502 similia.
3219 5450 3579 5517 Quapropter,
3612 5445 3842 5506 Donasse

2243 5518 2387 5573 Deus
2428 5521 2608 5584 Pater,
2657 5518 2710 5571 id
2759 5528 2840 5573 est
2888 5532 3046 5585 quem
3077 5519 3216 5573 facio
3241 5521 3373 5574 mihi
3407 5521 3606 5588 Deum,
3637 5534 3701 5577 et
3732 5540 3842 5578 non

2245 5605 2360 5644 sum
2417 5605 2518 5660 ego
2565 5589 2696 5643 mihi
2749 5590 2912 5656 Deus,
2968 5589 3106 5643 sicut
3157 5591 3325 5645 Adam
3377 5593 3548 5648 voluit
3579 5595 3691 5648 sibi
3721 5613 3842 5648 εεεε

2245 5663 2405 5730 Deus,
2439 5663 2624 5731 adjuva
2653 5677 2731 5714 nte
2761 5662 2812 5714 in
2843 5661 3162 5728 perlicienda
3192 5663 3519 5726 obedientia,
3553 5676 3610 5720 et
3636 5669 3848 5720 scisam

2244 5750 2323 5808 me
2353 5735 2435 5804 fac
2457 5732 2824 5808 resuscitando
2842 5747 2960 5808 iion
2993 5744 3209 5808 propter
3229 5735 3502 5803 meritum,
3528 5740 3627 5792 sed
3650 5756 3848 5808 seges-

2247 5805 2364 5859 dctm
2395 5815 2532 5860 tuam
2555 5805 2975 5860 misericordium.
3005 5806 3072 5863 Et
3105 5805 3226 5864 ideo
3255 5809 3377 5865 dico
3403 5812 3612 5864 salvum
3636 5805 3723 5867 me
3739 5814 3846 5884 (ac,
