4006 6364
245 283 388 341 1035

961 289 1031 348 ΙΝ
1067 286 1484 357 PSALMORUM
1522 286 1782 346 LIBRUM
1820 285 2182 347 EXEGESIS.
2220 318 2292 334 —
2329 289 2575 348 PSALM.
2618 287 2756 347 CIX.

3368 288 3393 342 1
3404 288 3508 345 054

237 408 297 454 ut
344 397 513 453 sciant
554 398 779 467 inimici,
807 402 927 477 quia
956 403 1064 459 lucc
1091 420 1199 472 res,
1230 405 1437 477 scilicet
1464 404 1641 475 passio
1668 419 1808 469 mea,
1836 404 1895 466 Α
1917 404 2165 473 nitatem;
2211 406 2358 470 huic,
2381 405 2622 477 inquam,
2658 403 2889 461 Domino
2921 401 3001 459 sic
3029 400 3229 476 agenti,
3262 418 3506 475 paratum
3588 390 3597 404 ’

237 478 323 524 εει
368 480 456 523 tua
504 487 707 546 manus,
734 488 838 529 non
861 475 1094 546 ipsorum
1121 492 1331 546 manus,
1362 476 1415 531 id
1439 486 1541 543 est,
1568 477 1814 545 provenit

237 556 309 596 ex
343 550 429 596 tua
458 542 695 616 p_otentia
727 554 781 599 et
807 542 1180 615 dispositione,
1216 542 1326 603 non
1358 565 1424 603 ex
1455 542 1691 616 ipsorum
1725 564 1811 616 po-

238 621 451 690 testate.
476 612 541 667 Et
558 630 684 690 vere
705 612 980 690 estmanus
1007 630 1113 684 tua,
1130 612 1250 690 quia
1275 630 1349 686 tu,
1372 612 1609 686 Doniine,
1627 612 1812 689 fecisti,

234 683 288 758 id
319 693 424 749 est,
456 686 743 755 permisisti
772 705 904 756 eam,
936 683 1469 758 scilicet'passionem
1504 702 1558 747 et
1589 683 1811 745 tribula-l

235 756 436 834 tionem
480 772 673 813 meam.
701 758 872 834 _Unde
911 762 1058 834 alibi
1090 781 1100 815 :
1137 756 1257 817 Non
1282 763 1492 817 haberes
1517 771 1814 834 potestatem

234 827 512 901 adversum
553 845 631 901 me
653 830 837 897 ullam,
869 832 963 885 nisi
988 831 1077 887 tibi
1099 834 1273 887 datum
1302 847 1427 889 esset
1448 827 1683 901 deiuper.
1718 833 1813 889 Vel

232 899 417 980 aliter,
475 898 676 963 Sciant,
724 902 773 956 id
830 912 913 958 est
959 906 1303 980 experiantur
1340 908 1550 961 tandem
1574 898 1811 980 inimici,

230 976 324 1038 qui
358 984 496 1024 nunc
535 985 859 1041 cognoscere
899 976 1107 1044 nolunt,
1138 978 1257 1047 quia
1286 978 1393 1031 hac
1417 994 1621 1044 manus,
1647 976 1698 1031 id
1731 985 1815 1031 est

230 1055 337 1115 ego
358 1054 475 1115 sum
506 1057 693 1098 manus
719 1054 829 1113 tua,
862 1060 957 1114 per
985 1063 1143 1115 quem
1173 1058 1227 1102 tu
1258 1049 1435 1103 omnia
1471 1057 1723 1115 operatus
1753 1061 1812 1102 es

227 1113 299 1166 ab
324 1112 474 1166 initio
495 1122 549 1167 et
568 1125 693 1188 ante
723 1112 938 1172 smcula.
974 1112 1041 1173 Et
1069 1129 1245 1174 tamen
1275 1131 1352 1187 tu,
1382 1112 1615 1185 Dom—ine,
1642 1117 1811 1188 fecisti

226 1198 344 1236 eam
374 1198 614 1250 manum,
643 1184 693 1240 id
724 1198 806 1241 est
837 1204 923 1244 me
948 1191 1241 1246 secundum
1274 1184 1681 1245 humanitatem.
1715 1188 1813 1245 Vel

223 1254 385 1331 aliter
410 1270 445 1331 _:
495 1254 695 1323 Sciant,
725 1258 780 1331 id
820 1270 922 1326 est,
951 1272 1276 1330 cognoscant
1304 1262 1525 1327 inimici,
1552 1262 1673 1331 quia
1704 1260 1813 1315 hac

225 1340 341 1389 res,
373 1325 435 1402 id_
462 1336 563 1391 est,
596 1329 775 1398 passio
800 1325 916 1402 mea
947 1325 1043 1387 est
1061 1350 1241 1387 manus
1277 1344 1385 1400 tua,
1410 1333 1460 1388 id
1492 1325 1596 1399 est,
1620 1346 1810 1402 magna

226 1398 471 1475 potentia
497 1409 605 1466 tua,
630 1402 750 1469 quia
776 1410 848 1465 tu,
876 1401 1114 1469 Domine,
1139 1405 1304 1475 fecisti
1321 1398 1432 1459 eam
1457 1398 1810 1475 permissione

225 1469 415 1541 tuaail
439 1484 610 1541 meam
645 1487 893 1541 magnam
922 1469 1381 1531 clarificationem.

299 1537 765 1619 ﬁlaledicentuilti'}
798 1542 937 1619 vere
968 1557 1034 1619 ιιιΔ
1050 1545 1242 1613 fecisti,
1276 1562 1383 1601 non
1408 1546 1531 1616 ipsi,
1565 1547 1687 1617 quia
1708 1548 1810 1618 ipsi

222 1612 532 1685 maledicent
563 1613 692 1685 mihi
721 1614 1093 1685 deprimendo,
1124 1627 1173 1673 et
1194 1612 1249 1672 tu
1274 1633 1306 1673 e
1326 1612 1523 1673 contra
1546 1612 1810 1673 benedices

220 1682 533 1760 exaltando.
592 1684 657 1760 [fit
711 1682 831 1760 quia
878 1682 1229 1760 maledicent,
1281 1690 1666 1760 confundantur
1690 1692 1809 1745 ideo

219 1750 369 1807 bona
397 1754 482 1807 vel
517 1755 654 1809 mala
684 1750 1022 1832 confusione,
1061 1762 1150 1831 qui
1185 1750 1462 1832 insurgunt
1485 1763 1537 1815 in
1560 1777 1658 1815 me.
1684 1761 1809 1817 Ser-

220 1837 315 1877 vus
370 1834 537 1901 autem
589 1836 727 1901 tuus,
771 1828 828 1901 id
877 1839 959 1901 est
1002 1828 1121 1901 ego,
1156 1847 1262 1887 non
1291 1828 1413 1886 dico
1446 1834 1675 1900 laetetur,
1712 1834 1808 1887 sed

223 1897 529 2019 pgiuimia
554 1898 876 1956 certitudine
905 1897 1175 1973 dico'quia
1218 1903 1475 1957 lwtabitur
1504 1918 1598 1973 per
1631 1897 1821 1959 resur-

342 1981 537 2019 Ionem.

219 1980 537 2022 τεειιοιιεω.

295 2036 616 2094 Induantur.
656 2040 818 2107 Quasi
861 2041 1005 2097 dicat
1038 2061 1050 2096 :
1093 2043 1617 2110 Itaconfundantur,
1649 2055 1707 2101 ut
1737 2049 1820 2101 in-

221 2108 457 2186 duuntur
489 2110 821 2186 confusione,
863 2114 1045 2186 idest,
1076 2119 1367 2172 maximum
1399 2108 1658 2186 pudorem
1692 2118 1819 2174 inde

221 2178 459 2258 habeant
510 2182 562 2237 in
604 2178 812 2238 bonum
846 2184 932 2239 vel
971 2178 1294 2255 inﬁmalum;
1330 2178 1514 2258 illiqui
1545 2189 1819 2243 detrahunt

222 2251 376 2317 mihi,
405 2260 460 2306 et
483 2268 589 2308 non
623 2265 801 2309 tamen
828 2258 1087 2325 exterius,
1113 2261 1208 2314 sed
1247 2251 1407 2314 etiam
1440 2251 1686 2315 interius.
1719 2260 1816 2316 Vel

220 2336 331 2376 non
354 2333 586 2400 _tautum
616 2327 767 2400 _apud
800 2326 1069 2395 homines,
1095 2332 1190 2385 sed
1220 2334 1359 2400 apud
1394 2331 1588 2394 Deum;
1612 2330 1714 2384 hoc
1734 2340 1817 2385 est

218 2393 368 2518 guod
398 2395 527 2450 dicit
560 2415 571 2450 :
604 2393 920 2467 Operiantur
946 2393 1375 2470 confusione-sua
1407 2402 1537 2456 sicut
1563 2393 1811 2473 diplaide.

275 2464 432 2518 inlois
484 2477 566 2518 est
605 2469 804 2518 duplex
835 2471 1232 2518 vestimentum-
1262 2482 1315 2518 et
1345 2473 1465 2518 iden
1497 2489 1589 2518 nar
1620 2473 1811 2518 diulni-

275 2464 432 2531 iplois
484 2477 566 2522 est
605 2464 806 2542 duplex
835 2464 1234 2539 vestimentum,
1262 2482 1315 2528 et
1344 2473 1465 2528 ideo
1497 2489 1589 2542 per
1619 2464 1814 2541 diploi-

220 2535 348 2615 dem
383 2547 606 2615 uterque
628 2540 800 2615 pudor
831 2550 978 2596 recte
999 2535 1330 2613 designatur.
1363 2544 1473 2611 Ego
1497 2535 1813 2615 autemnon

222 2605 349 2684 dico
377 2605 661 2684 conﬁteor,
691 2613 785 2666 sed
808 2623 1016 2667 certum
1045 2605 1143 2669 est“
1156 2615 1274 2684 quia
1290 2605 1568 2683 confitebor
1587 2613 1814 2668 Domino

220 2677 277 2731 in
299 2694 388 2751 ore
414 2696 546 2750 meo,
572 2683 788 2749 vitulos,
810 2684 1018 2738 scilicet
1043 2677 1325 2751 labioruin,
1351 2677 1399 2740 ei
1429 2686 1725 2742 offerendo.
1751 2688 1815 2742 Et
1856 2718 1858 2720 τ

222 2750 397 2816 nimis,
440 2752 493 2805 id
547 2760 648 2818 est,
704 2754 859 2809 valde
885 2755 1183 2810 conﬁtebor
1213 2757 1284 2821 ei,
1314 2750 1526 2813 scilicet
1552 2772 1656 2812 non
1691 2766 1810 2811 lan-

225 2828 337 2895 tum
365 2836 520 2888 voce,
554 2825 652 2879 sed
674 2828 835 2880 etiam
865 2840 1049 2895 Opere.
1076 2827 1144 2880 Et
1172 2828 1398 2882 laudabo
1427 2845 1538 2882 eum
1566 2830 1619 2881 in
1643 2830 1813 2882 medio

222 2893 526 2965 multorum,
573 2895 623 2949 id
664 2906 767 2962 est,
817 2893 955 2952 inter
981 2900 1201 2965 multos,
1245 2900 1297 2953 in
1330 2898 1572 2955 Ecclesia
1604 2900 1814 2955 scilicet

220 2964 519 3036 catholica;
553 2968 638 3021 vel
678 2968 729 3020 in
773 2969 969 3032 medio,
1004 2968 1056 3023 id
1084 2964 1193 3036 est,
1216 2972 1268 3024 in
1299 2971 1462 3026 corde
1487 2970 1808 3025 multorum.

221 3034 287 3111 Ιᾷι
316 3035 509 3111 merito
535 3036 710 3111 (quasi
739 3039 968 3111 diceret)
995 3034 1297 3096 confitebor
1327 3043 1399 3109 ei,
1443 3042 1566 3111 quia
1591 3042 1758 3095 astitit
1779 3058 1812 3096 a

218 3106 417 3187 dextris
460 3106 724 3187 pauperis,
758 3110 823 3187 _id
848 3106 958 3187 est,
982 3113 1122 3187 mei;
1157 3112 1260 3167 hoc
1286 3106 1402 3187 est,
1421 3106 1544 3183 quia
1574 3112 1701 3187 fecit
1723 3127 1810 3168 me

217 3176 420 3246 eligere
453 3169 677 3247 potiora,
712 3169 976 3238 'videlicet
1002 3169 1259 3251 seipsum,
1295 3186 1359 3238 ad
1377 3169 1492 3239 hoc
1521 3196 1577 3238 ut
1613 3186 1811 3239 salvam
1837 3169 1885 3235 C

218 3250 445 3326 animam
474 3266 638 3326 meam
668 3260 722 3307 et
752 3268 995 3326 meorum
1021 3272 1052 3308 a
1063 3250 1482 3326 persequentibus
1505 3255 1806 3325 liberando,

219 3334 289 3376 ne
311 3320 396 3375 vel
425 3336 524 3393 ego
551 3323 638 3379 vel
661 3325 769 3380 mei
797 3326 865 3380 ab
892 3325 1022 3395 ipsis
1052 3320 1414 3383 vinceremur.

720 3439 788 3496 ΙΝ
814 3440 1144 3498 PSALMUM
1170 3442 1306 3498 CIX.

774 3556 1020 3613 Psalmus
1060 3557 1252 3615 David.

814 3664 1201 3705 ARGUHENTUH.

297 3741 373 3797 De
393 3740 620 3797 Domino
640 3740 854 3799 Christo
874 3745 1105 3810 canitur,
1130 3745 1269 3799 sicut
1289 3751 1347 3800 et
1372 3744 1487 3812 ipse
1527 3743 1814 3803 Pbarisais

219 3812 466 3883 exponit.
499 3813 631 3871 ltem
665 3828 769 3870 vox
789 3814 1047 3872 Ecclesiae
1076 3816 1144 3871 de
1170 3816 1328 3871 Patre
1350 3827 1402 3872 et
1432 3814 1593 3872 Filio.

844 3922 1199 3963 EXPLANA‘I'IO.

296 3994 535 4073 Psalmus
578 3998 666 4073 _hic
698 3998 1131 4073 deinearnatione
1155 3999 1401 4073 Domini,_
1418 4008 1467 4055 et
1487 4001 1551 4055 de
1581 4004 1694 4073 ejus
1722 4001 1814 4054 di-

214 4068 430 4144 vinitate
452 4069 739 4144 plenissime
756 4070 1347 4144 brevigerquedecantat.
1370 4071 1437 4126 In
1468 4068 1635 4144 primo
1666 4088 1815 4127 versu

216 4140 469 4209 propheta
515 4140 690 4210 refert,
738 4158 851 4208 quae
879 4140 1035 4196 Pater
1064 4140 1206 4196 Filio
1234 4144 1443 4211 dixerit,
1469 4140 1712 4198 naturam
1738 4146 1813 4199 si-

220 4213 331 4262 mul
374 4212 581 4265 deitatis
624 4223 670 4266 et
695 4212 1031 4267 humanitatis
1060 4216 1347 4269 ostendens.
1380 4214 1445 4268 In
1469 4216 1695 4270 secunda
1725 4216 1810 4268 di-

218 4281 415 4335 visione
461 4281 623 4358 Pater
675 4295 911 4358 naturam
959 4288 1069 4358 ejus
1127 4285 1415 4341 diuinitatis
1463 4305 1556 4355 pro
1602 4286 1813 4341 modulo

216 4363 409 4405 nostra:
450 4356 747 4421 capacitatis
785 4356 1111 4427 aliquatenus
1152 4358 1372 4412 indicat.
1407 4358 1473 4412 In
1506 4360 1657 4413 tertia
1687 4375 1814 4427 pro-

217 4426 377 4499 pheta
414 4426 715 4499 reloquitur,
749 4426 905 4497 usque
942 4428 1008 4481 ad
1043 4428 1217 4496 linem,
1249 4432 1473 4498 formant
1495 4426 1813 4499 iterumejus

218 4496 560 4551 humanitatis
589 4496 880 4553 ostendens.

798 4604 1234 4647 COMIBNTARIUS.

299 4691 443 4746 Dixit
494 4692 750 4747 Dominus
792 4693 1017 4747 Domino
1066 4710 1198 4760 meo,
1229 4702 1349 4748 sede
1377 4711 1409 4748 a
1438 4695 1634 4749 dextris
1657 4696 1804 4750 meis.

218 4763 468 4819 Psalmus
507 4766 607 4835 ipsi
656 4763 845 4829 David,
900 4765 950 4819 id
987 4775 1070 4819 est
1099 4766 1375 4834 propheta:
1405 4767 1804 4822 attribuendus.

217 4836 491 4904 Propheta
533 4838 724 4905 plenus
756 4837 953 4903 Spiritu
978 4846 1185 4901 sancto,
1218 4837 1270 4890 in
1302 4838 1536 4907 qundam
1567 4851 1807 4892 secreta-

215 4909 308 4961 rio
338 4917 721 4978 mysteriorum
754 4907 848 4961 Dei
882 4908 1140 4977 praevidet
1166 4923 1195 4961 a
1239 4914 1426 4976 spiritu
1450 4910 1593 4963 intus
1621 4910 1808 4978 praesi-

216 4978 403 5042 dente,
452 4988 503 5033 et
558 4979 783 5032 interius
813 4994 933 5032 cuin
967 4978 1305 5033 illuininante
1334 4980 1598 5033 occultam
1627 4982 1805 5046 dispo-

217 5049 477 5103 sitionem
511 5050 604 5104 Dei
634 5051 797 5118 patris
838 5050 906 5103 de
933 5050 1301 5105 incarnatione
1333 5051 1490 5105 Verbi
1521 5053 1627 5115 sui,
1662 5061 1715 5105 et
1740 5052 1809 5105 de

216 5134 392 5189 regno
418 5119 555 5188 ejus,
580 5129 635 5175 et
659 5123 726 5175 de
755 5120 1057 5191 sacerdotio
1082 5120 1219 5190 ejus.
1252 5122 1318 5175 Et
1346 5123 1488 5191 quod
1522 5122 1573 5175 in
1599 5123 1809 5177 occulto

220 5191 507 5261 praevidet,
535 5193 633 5245 hoc
665 5190 947 5245 manifeste
972 5196 1214 5259 praedixit
1246 5210 1258 5243 :
1294 5190 1511 5261 etquod
1537 5202 1808 5247 secretum

215 5272 364 5328 erat,
414 5277 533 5316 cuin
584 5276 775 5331 magna
825 5262 1018 5316 ﬁdUCla
1073 5262 1427 5329 prOphetavit.
1480 5263 1591 5317 Iloc
1630 5276 1807 5319 autem

217 5332 354 5387 fecit
400 5334 466 5386 ad
500 5334 885 5405 correctionem
916 5341 972 5387 et
1000 5332 1405 5387 instructionem
1440 5334 1581 5386 illius
1606 5336 1809 5405 pupilli,

218 5418 382 5473 quem
418 5413 522 5458 tam
570 5406 688 5459 duri
723 5404 903 5458 cordis
932 5412 987 5458 et
1016 5414 1176 5458 tanta:
1203 5405 1591 5459 cervicositatis
1618 5404 1809 5473 primi-

216 5476 305 5529 dit
335 5476 588 5541 futurum,
624 5487 679 5529 ut
706 5487 757 5528 et
789 5489 953 5543 regno
982 5476 1098 5543 ejus
1129 5476 1392 5541 obviaret,
1424 5487 1477 5529 et
1505 5479 1809 5531 sacerdotio

218 5547 635 5601 contradiceret.
683 5544 751 5599 Et
794 5546 982 5613 ineipit
1023 5556 1135 5600 ita:
1182 5546 1438 5601 Dominus
1491 5546 1648 5600 Pater
1676 5550 1810 5601 dixit

220 5617 455 5672 Domino
496 5618 633 5672 Filio
678 5632 775 5671 suo
823 5617 1117 5671 secundum
1161 5619 1516 5679 divinitatem,
1553 5617 1688 5671 Filio
1717 5635 1811 5671 au-

222 5696 337 5743 tem
367 5699 421 5743 et
447 5688 671 5743 Domino
692 5704 805 5742 meo
826 5689 1120 5743 secundum
1144 5689 1565 5754 humanitatem;
1592 5704 1639 5743 ei
1668 5706 1812 5743 nam-

218 5775 331 5830 que
355 5762 531 5815 datum
573 5774 645 5815 est
667 5776 871 5827 nomen,
899 5761 1036 5829 quod
1061 5767 1134 5814 est
1163 5777 1316 5828 super
1338 5776 1483 5815 omne
1508 5777 1709 5815 nomen.
1748 5763 1812 5817 Et

220 5833 349 5889 ideo
390 5848 515 5889 vere
554 5832 812 5887 Dominus
840 5833 1083 5887 omnium
1104 5832 1403 5889 secundum
1432 5831 1592 5889 etiam
1623 5834 1811 5889 liiimac

514 5926 782 5988 PATBOL.
812 5925 1036 5988 XCIII.

1916 484 1999 532 est
2040 495 2130 533 cor
2175 495 2359 546 meum,
2406 489 2454 533 et
2504 478 2709 531 laudem
2757 493 2925 531 meam
2973 492 3036 530 ne
3073 478 3311 530 tacueris.
3366 480 3507 536 Dixit

1918 547 2174 621 Dominus
2221 550 2379 606 Pater
2430 551 2531 605 hoc
2572 568 2585 603 :
2623 548 2735 617 Ego
2786 565 2907 605 sum
2938 548 3275 621 principium,
3311 556 3506 618 totum,

1914 617 1967 673 id
1988 629 2090 689 est,
2114 636 2212 692 ego
2234 632 2286 677 et
2310 633 2365 678 tu
2389 636 2575 677 sumus
2621 617 2962 689 principium,
3007 617 3124 675 non'
3160 632 3339 676 tamen
3383 623 3509 679 inde

1915 692 2058 761 quod
2113 695 2220 749 duo
2261 695 2369 749 sint
2426 694 2698 763 principia,
2760 694 2897 748 sicut
2950 706 3049 747 nec
3104 692 3211 746 duo
3240 693 3505 763 dii;quia

1917 777 2145 831 quorum
2193 766 2378 821 eadem
2434 776 2517 820 est
2567 764 2826 834 potentia,
2862 778 3049 819 eorum
3082 764 3271 818 eadem
3304 777 3386 819 εει
3416 781 3506 820 εε-

1915 835 2107 889 sentia.
2163 835 2322 902 Quasi
2373 835 2517 891 dicat
2549 854 2562 889 :
2598 835 2919 905 Principium
2948 848 3064 889 sum
3093 843 3278 900 tecum,
3316 851 3421 889 non
3450 838 3509 893 in

1916 904 2241 963 obscuritate
2292 918 2395 963 tua:
2444 909 2797 974 inﬁrmitatis,
2849 907 2943 959 sed
2984 908 3038 960 in
3086 908 3187 974 die,
3236 906 3288 960 id
3339 914 3505 964 estin

1917 977 2159 1032 claritate
2206 990 2305 1035 tute
2351 979 2572 1047 virtutis,
2615 979 2663 1031 id
2696 986 2795 1043 est,
2829 977 3162 1045 divinitatis;
3205 979 3502 1035 secundum

1917 1048 2058 1103 enim
2104 1049 2438 1106 divinitatem
2493 1050 2633 1104 idem
2684 1058 2765 1103 est
2794 1064 2915 1103 cuni
2951 1050 3127 1104 Patre.
3160 1050 3321 1115 Quasi
3357 1051 3505 1106 dicat

1918 1119 2035 1187 ipse
2072 1129 2355 1177 attestatus
2402 1122 2585 1176 dicens
2629 1138 2641 1173 z
2678 1119 2779 1185 Qui
2809 1136 2887 1173 me
2924 1120 3077 1182 misit,
3110 1136 3306 1174 mecum
3335 1131 3428 1184 est,
3454 1129 3505 1177 et

1916 1206 2018 1244 non
2067 1193 2268 1263 reliquit
2322 1209 2399 1246 me
2448 1193 2635 1257 solum,
2684 1192 2823 1263 quia_
2858 1207 2952 1261 ego
3005 1207 3120 1263 qua:
3165 1194 3503 1263 placita_sunt
3560 1262 3563 1263 ν

1912 1263 1981 1334 ei,
2030 1260 2183 1332 facio'
2209 1280 2424 1334 semper.
2468 1266 2533 1317 Et
2574 1266 2698 1318 item
2734 1281 2746 1314 ε
2776 1260 2903 1330 Ego
2940 1263 2993 1315 in
3017 1260 3216 1327 ’Patre,
3266 1270 3311 1316 et
3342 1260 3502 1317 Pater

1915 1333 1969 1386 in
2016 1351 2116 1397 me,
2162 1344 2219 1390 et
2255 1333 2421 1390 multa
2462 1334 2616 1399 talia;
2664 1342 2717 1388 et
2762 1335 2921 1387 etiam
2955 1348 3071 1387 sum
3099 1334 3417 1403 principium
3449 1336 3505 1391 in
3572 1393 3575 1397 ,

1913 1404 2275 1476 splendoribus
2315 1416 2630 1473 sanctorum,
2658 1404 2709 1458 id
2736 1413 2840 1469 est,
2869 1405 2919 1457 in
2949 1407 3147 1473 Spiritu
3178 1416 3388 1473 sancto,
3411 1406 3503 1476 qui

1915 1473 2038 1532 ideo
2088 1476 2283 1532 dicitur
2342 1478 2600 1547 splendor
2656 1484 3002 1540 sanctorum,
3085 1475 3207 1544 quia
3286 1473 3503 1534 sanctos

1914 1548 2224 1616 splendidos
2254 1548 2404 1603 facit.
2436 1548 2859 1603 Debcrctautein
2889 1547 3071 1601 dicere
3096 1564 3108 1600 :
3137 1547 3191 1601 In
3210 1547 3499 1615 splendore

1916 1630 2255 1686 sanctorum;
2307 1620 2401 1675 sed
2452 1630 2672 1688 propter
2695 1618 2865 1672 divisa
2898 1619 3036 1672 dona
3068 1618 3300 1683 Spiritus
3328 1621 3502 1676 sancti

1914 1689 2193 1760 pluraliter
2224 1691 2375 1760 ponit
2412 1690 2811 1759 splendoribus.
2846 1689 2995 1744 Unde
3032 1698 3086 1742 et
3116 1690 3242 1744 alibi
3270 1690 3499 1745 dicitur:

1838 1789 1888 1851 Β
1919 1759 2049 1851 licet:
2077 1759 2246 1851 autem
2275 1763 2447 1851 omnia
2468 1768 2712 1831 operatur
2740 1777 2873 1851 anuis
2901 1772 3049 1851 utque
3080 1760 3216 1851 idecin
3236 1762 3500 1843 Spiritus.

1928 1831 1995 1886 Et
2020 1835 2140 1903 quia
2169 1835 2236 1888 de
2264 1833 2522 1903 qualitate
2546 1847 2650 1886 non
2683 1841 2800 1903 erat
2825 1831 3045 1885 dubium
3080 1834 3130 1884 in
3155 1832 3354 1899 Spiritu
3382 1850 3503 1889 san-

1930 1902 2051 1970 cto,
2092 1903 2185 1958 sed
2227 1902 2445 1974 propter
2484 1902 2867 1974 humanitatem
2896 1911 3245 1967 assumptum,
3278 1903 3502 1959 dubium

1924 1985 2107 2043 posset
2134 1990 2255 2030 esse
2280 1976 2336 2029 in
2363 1974 2519 2039 Filio,
2543 1973 2665 2028 ideo
2682 1973 2749 2027 de
2768 1973 2859 2025 illo
2891 1975 3314 2040 lantumprobat.
3335 1976 3505 2041 Quasi

1922 2046 2064 2101 dicat
2095 2065 2107 2099 :
2141 2046 2278 2102 Vere
2310 2046 2626 2116 principium
2652 2060 2769 2098 sum
2805 2056 2977 2116 tecum
3006 2062 3017 2095 :
3049 2044 3177 2097 Nam
3199 2046 3352 2113 genui
3375 2057 3421 2099 te
3440 2062 3505 2101 ea:

1921 2128 2086 2185 utero,
2138 2117 2192 2172 id
2224 2113 2330 2182 est,
2374 2132 2436 2171 ex
2470 2113 2651 2171 intima
2684 2113 2985 2169 substantia
3014 2131 3153 2181 mea,
3186 2131 3287 2182 qua
3316 2119 3501 2171 occul-

1924 2197 2008 2243 tus
2055 2204 2174 2244 sum
2239 2187 2494 2258 quidquid
2544 2202 2694 2251 sum;
2735 2186 3087 2258 gnonﬂquodr
3116 2185 3256 2241 Deus
3309 2186 3504 2243 habeat

1923 2270 2157 2329 uterum,
2208 2256 2303 2315 sed
2332 2260 2396 2313 ad
2428 2258 2597 2313 solam
2625 2256 3031 2329 similitudinem
3059 2257 3257 2329 dictum
3289 2267 3391 2312 est.
3428 2259 3496 2313 Et

1919 2333 2076 2401 genui
2128 2327 2179 2385 te
2223 2340 2341 2385 ante
2387 2330 2679 2401 luciferum,
2706 2328 2759 2381 id
2790 2336 2892 2401 est,
2915 2330 2997 2401 _Eta
3032 2336 3086 2401 ut
3116 2327 3326 2401 dignior
3347 2344 3496 2385 esses

1921 2398 2069 2457 omni
2120 2412 2393 2469 creatura,
2439 2398 2559 2470 quia
2591 2399 2752 2454 etiam
2784 2398 2992 2467 dignior
3021 2399 3109 2453 illo
3137 2400 3329 2467 angelo
3355 2404 3502 2468 prin-

1920 2474 2076 2541 cipe:
2108 2489 2267 2542 quem
2298 2489 2417 2528 cum
2450 2488 2547 2541 ego
2571 2470 2812 2525 fecissem
2845 2471 3145 2533 luciferum,
3171 2472 3285 2539 ipse
3314 2485 3500 2539 super-

1917 2543 2115 2601 biendo
2148 2546 2274 2599 fecit
2300 2560 2358 2600 se
2382 2542 2749 2607 mortiferum;
2783 2543 2868 2595 vel
2900 2543 3053 2611 genui
3085 2551 3133 2595 te
3161 2552 3278 2595 ante
3309 2544 3495 2613 lucife-

1917 2630 2056 2681 rum,
2109 2616 2159 2670 id
2205 2624 2290 2670 est
2331 2625 2457 2669 ante
2506 2629 2666 2668 omne
2713 2622 2943 2681 tempus,
2988 2622 3045 2665 ut
3078 2628 3171 2681 per
3199 2613 3495 2681 digniorem

1918 2697 2149 2756 partem,
2179 2687 2231 2741 id
2261 2698 2343 2743 est
2365 2685 2670 2749 luciierum,
2700 2698 2888 2738 omnes
2911 2684 3093 2737 stellas
3132 2685 3493 2751 accipiamus:

1917 2769 1970 2812 et
2002 2773 2097 2826 per
2126 2759 2309 2813 stellas
2336 2767 2563 2825 tempus,
2599 2770 2717 2825 quin
2740 2764 2797 2809 ut
2824 2765 3069 2808 auctores
3100 2756 3296 2808 ethnici
3326 2764 3380 2808 et
3409 2770 3500 2809 ca-

1916 2829 2099 2885 tliolici
2147 2830 2370 2895 dicunt,
2418 2837 2613 2884 creatae
2654 2834 2778 2880 sunt
2826 2836 3083 2880 utessent
3128 2826 3181 2877 iu
3231 2826 3379 2893 signa
3437 2835 3497 2881 et

1919 2909 2183 2971 tempora,
2235 2909 2291 2955 et
2334 2901 2450 2955 dies
2497 2907 2552 2953 et
2580 2911 2769 2951 annos.
2807 2897 2870 2949 Et
2902 2897 2946 2950 si
2978 2907 3101 2971 ante
3132 2906 3496 2971 tempuseum

1917 2966 2127 3040 genuit,
2156 2966 2520 3027 necessarium
2554 2978 2636 3024 est
2665 2982 2794 3039 ergo
2819 2968 3146 3040 aeternaliter
3172 2982 3292 3040 eum
3322 2966 3491 3040 gigni.

1992 3038 2145 3097 Unde
2194 3043 2386 3097 merito
2430 3041 2675 3111 genitura
2716 3041 2803 3091 illa
2847 3047 2932 3093 est
2976 3038 3278 3111 iueﬁ‘abilis.
3334 3039 3493 3111 Juxta

1916 3115 2057 3181 quod
2088 3114 2163 3168 ait
2186 3109 2473 3183 Apostolus
2502 3131 2512 3164 :
2543 3109 2930 3183 Generationem
2952 3111 3060 3172 eius
3075 3109 3186 3177 quis
3202 3110 3497 3164 enarrabit?

1916 3184 2081 3251 Quasi
2124 3181 2264 3239 dicat
2306 3204 2317 3236 :
2366 3183 2435 3237 Et
2473 3182 2615 3251 quia
2645 3181 2804 3250 genui
2852 3191 2904 3235 te
2932 3194 2998 3233 ex
3031 3189 3199 3251 utero,
3232 3195 3359 3248 ergo
3392 3196 3489 3249 pro

1918 3249 2143 3321 e'xperta
2193 3254 2415 3318 militia,
2468 3249 2564 3321 pro
2607 3249 2882 3306 humiliter
2923 3249 3136 3319 expleta
3184 3251 3489 3305 obedientia

1915 3327 2045 3381 sede
2088 3342 2117 3380 a
2147 3326 2350 3380 dextris
2392 3325 2550 3388 meis,
2578 3323 2631 3376 id
2661 3330 2765 3386 est,
2796 3322 2977 3391 recipe
3007 3336 3093 3376 me
3121 3322 3188 3376 de
3217 3323 3397 3377 labore
3424 3322 3491 3377 ad

1917 3398 2274 3466 aequalitatem
2321 3410 2516 3452 meam.
2547 3393 2682 3466 Nota
2708 3402 2888 3448 autem
2916 3393 3057 3463 quod
3087 3393 3490 3466 etgsederegim-

1916 3464 2155 3536 perando
2196 3467 2351 3522 dicit.
2393 3466 2509 3522 Non
2541 3465 2682 3519 enim
2710 3466 3037 3536 imperamus
3060 3464 3160 3518 nisi
3187 3464 3399 3529 minori,
3434 3475 3490 3520 et

1915 3534 2127 3607 sedere,
2150 3550 2204 3595 et
2233 3551 2397 3604 stare,
2429 3548 2484 3594 et
2509 3536 2812 3606 liujusmodi
2842 3534 3133 3603 positiones
3165 3543 3366 3607 tantum
3400 3550 3487 3591 re-

1916 3625 2037 3664 rum
2066 3610 2441 3681 corporalium,
2473 3618 2798 3681 quaprOpter
2827 3606 3272 3681 respectusolius
3299 3607 3491 3681 huma-

1916 3681 2100 3736 nitatis
2149 3677 2277 3736 dicit
2307 3700 2320 3734 :
2367 3677 2503 3735 Sede
2539 3696 2572 3732 a
2600 3678 2967 3751 dextrismeis.
2995 3677 3158 3751 Sedet
3188 3677 3334 3732 enim
3364 3678 3495 3751 etin

1915 3754 2138 3807 excelso
2179 3763 2234 3809 et
2282 3752 2336 3806 in
2368 3749 2917 3807 occulto.’Excellens
2938 3750 3151 3816 quidem
3182 3757 3285 3813 est,
3314 3760 3371 3802 ut
3400 3749 3496 3803 do-

1915 3824 2151 3880 minetur
2182 3842 2195 3879 :
2224 3824 2465 3879 occultus
2495 3836 2623 3877 vero
2646 3831 2746 3883 est,
2774 3829 2829 3874 ut
2855 3819 2906 3874 ei
2927 3821 3194 3887 credatur,
3216 3819 3491 3888 etjustitia

1916 3894 2003 3950 illa
2058 3894 2384 3965 perﬁciatur,
2436 3895 2503 3949 de
2544 3908 2649 3962 qua
2694 3892 3057 3965 dictumuest:
3089 3890 3365 3965 Just-usue;
3394 3890 3497 3957 ﬁde

1916 3960 2075 4019 vivit:
2113 3968 2177 4021 Et
2220 3967 2287 4022 de
2330 3960 2432 4037 qua
2472 3960 2595 4019 alibi
2627 3962 2819 4037 dicitur
2848 3979 2859 4012 :
2894 3960 3019 4014 Cum
3050 3962 3237 4037 venerit
3263 3962 3490 4037 Spiritus

1914 4040 2157 4100 veritatis,
2182 4038 2270 4091 ille
2293 4032 2472 4109 anguet
2498 4035 2741 4087 mundum
2777 4033 3086 4109 depeccata
3105 4040 3153 4083 et
3179 4032 3241 4084 de
3264 4033 3487 4109 justitia,

1915 4118 1961 4181 et
2004 4109 2067 4163 de
2108 4102 2458 4181 judicio.'_l)_e
2498 4116 2701 4174 peccato
2739 4103 2963 4181 quidem,
2997 4102 3121 4171 quia
3151 4118 3249 4181 nou
3272 4103 3488 4181 credunt

1916 4180 1969 4233 in
1999 4197 2078 4233 me
2108 4171 2126 4233 Ξ
2166 4181 2228 4232 de
2264 4179 2470 4249 justitia
2498 4171 2786 4249 ὑετοηςιιὶα
2809 4172 2876 4225 ad
2899 4171 3114 4249 Pat‘rem‘
3134 4174 3285 4249 uado.
3315 4183 3360 4225 et
3379 4176 3497 4249 jam

1916 4267 2019 4305 non
2046 4243 2280 4304 videbitis
2305 4264 2404 4302 me.
2430 4247 2553 4301 llaec
2578 4245 2718 4300 enim
2745 4254 2827 4299 est
2850 4259 2969 4298 vera
2989 4243 3214 4313 justitia,
3250 4254 3305 4298 ut
3328 4243 3488 4297 modo

1915 4323 1967 4376 in
1998 4324 2149 4376 illum
2196 4336 2351 4389 quem
2395 4335 2498 4373 non
2526 4319 2787 4380 videmus,
2820 4316 3137 4389 credanius._
3158 4315 3364 4389 Merces
3393 4331 3492 4369 au-

1916 4404 2021 4447 tem
2066 4387 2224 4461 hujus
2265 4391 2481 4460 justitiae
2529 4400 2633 4453 est,
2663 4397 2719 4442 ut
2747 4388 2987 4441 mundati
3012 4387 3176 4461 corda
3210 4387 3487 4461 ﬁde,_tan-

1913 4464 2035 4518 dem
2082 4459 2229 4517 illum
2268 4459 2576 4528 videamus,
2630 4461 2682 4514 in
2730 4474 2889 4529 quem
2946 4459 3106 4513 modo
3155 4473 3260 4513 non
3309 4459 3485 4512 visum

1834 4544 1889 4604 ι)
1913 4535 2200 4590 credimus.

1982 4616 2157 4672 Donec
2169 4631 2375 4685 ponam.
2396 4614 2551 4678 Sede,
2576 4614 2813 4685 inquam,
2827 4627 2857 4663 a
2871 4611 3063 4685 dextris
3078 4609 3221 4677 meis,
3246 4610 3488 4685 occultus

1912 4698 1963 4743 et
1985 4682 2417 4751 indimovendus,
2452 4686 2623 4739 donec
2657 4683 2839 4737 venias
2870 4682 3168 4744 manifeste,
3215 4696 3320 4733 non
3347 4682 3487 4746 judi-

1910 4760 2134 4821 caiidus,
2186 4759 2279 4813 sed
2326 4758 2661 4827 judicaturus
2710 4772 2722 4807 :
2772 4755 3221 4827 etdonecpouam
3251 4753 3484 4827 inimicos

1913 4843 2023 4885 tuos
2051 4824 2341 4885 scabellum'
2356 4830 2539 4897 pedum
2570 4840 2792 4890 tuorum,
2827 4826 2877 4877 id
2901 4834 2984 4878 est
3009 4825 3179 4877 donec
3201 4824 3482 4892 subjiciam

1915 4904 2007 4956 tibi
2063 4903 2310 4956 iniuiiCos
2343 4911 2481 4953 tuos.
2527 4898 2773 4951 inimicos
2804 4906 2957 4947 vocat
2980 4910 3326 4964 quoscunque
3360 4909 3483 4961 pec-

1911 4984 2122 5029 catores
2180 4970 2396 5030 invenit.
2462 4973 2577 5023 sive
2627 4979 2806 5035 postea
2858 4970 2977 5019 facti
3004 4978 3124 5019 sunt
3156 4982 3219 5020 ex
3253 4967 3484 5018 inimicis

1912 5047 2090 5112 amici,
2122 5046 2237 5098 sive
2279 5043 2333 5098 in
2364 5042 2638 5095 inimicitia
2675 5038 3065 5116 permanserint
3098 5056 3109 5090 :
3142 5039 3264 5116 quia
3295 5052 3484 5116 omnes

1912 5118 2013 5171 etsi
2062 5110 2291 5181 Occulte,
2343 5128 2556 5180 semper
2607 5120 2782 5163 tamen
2838 5111 2886 5162 ei
2937 5110 3485 5181 suntsulijeti,’cuiu

1914 5198 2089 5242 autem
2143 5178 2318 5241 veniet
2364 5178 2713 5252 juilicatiirus,
2778 5178 3223 5252 tuiicrniauifeste
3264 5178 3485 5245 pedibus

1915 5262 2032 5327 ejus
2060 5248 2427 5325 subjiciuntur.
2464 5256 2633 5307 Etalii
2668 5253 2879 5327 quidem
2914 5251 3182 5327 habebunt.
3212 5248 3283 5327 itii
3313 5258 3486 5327 locum

1917 5320 2108 5397 plenae,
2155 5320 2244 5383 alii
2299 5343 2426 5381 vero
2459 5328 2631 5379 locum
2650 5322 3060 5397 misericordiic,
3082 5320 3183 5397 _qui
3212 5322 3487 5397 liuaiiiiitcr

1913 5392 1977 5455 ad
2023 5392 2141 5470 ejus
2193 5399 2543 5453 iiiiitaiioneiii
2610 5396 2915 5470 obeilicntia
2963 5392 3260 5460 implebunt
3312 5394 3485 5470 locum

1914 5464 2107 5543 paena),
2159 5474 2243 5540 qui
2296 5469 2585 5543 obviabiiiit
2641 5468 2755 5533 ejus
2804 5480 2989 5534 regno,
3034 5464 3487 5517 etcoutradiccnt

1913 5540 2028 5613 ejus
2054 5540 2373 5597 sacerdotio.
2612 5609 2640 5615 η
2841 5608 2851 5615 ,
3042 5606 3054 5615 ,
3085 5604 3096 5615 ,
3300 5606 3319 5615 ,.
3338 5605 3365 5615 ,.

1999 5615 2201 5677 I'irgiam
2230 5614 2422 5664 virtutis
2455 5621 2574 5663 tute.
2603 5608 2878 5663 Convertit
2905 5622 2963 5659 se
2992 5606 3055 5658 ad
3085 5606 3258 5671 ipsum
3296 5606 3487 5677 lilium,

1913 5703 1978 5741 ac
2002 5689 2045 5740 si
2085 5674 2263 5738 dicat:
2304 5682 2432 5747 lloc,
2469 5683 2704 5750 inquam,
2737 5680 2987 5747 promisit
3025 5680 3114 5731 tibi
3144 5680 3282 5731 Deus
3308 5676 3486 5739 l’ater,

1914 5771 1968 5815 ει
1991 5773 2172 5812 revera
2215 5754 2486 5821 implebit;
2546 5754 2667 5820 quia
2712 5750 2961 5826 Dominus
3004 5752 3194 5826 emittet
3229 5751 3492 5826 inmunes

1914 5840 2099 5902 gentes
2148 5820 2343 5899 virgam
2386 5826 2583 5879 virtutis
2610 5837 2727 5889 tute,
2756 5822 2932 5890 idest,
2967 5820 3203 5891 regimen
3251 5820 3499 5888 potentias

2990 5916 3066 5974 33
