4006 6364
246 308 375 368 test

974 308 1037 364 ΙΝ
1080 310 1499 368 ΡΞΑΗΙΟΙΠῚΜ
1540 308 1795 379 LIBRUM
1838 306 2189 366 EXECESIS.
2234 338 2303 351 -
2340 307 2586 367 PSALM.
2628 306 2760 367 CXI.

3364 314 3501 373 1038

232 433 358 487 dum
410 444 506 498 re,
551 443 645 496 per
688 441 837 502 spem
886 430 1295 484 resurrectionis
1344 430 1651 485 Dominicae.
1706 430 1813 502 Spe
1846 406 1903 493 Α
1985 426 2298 502 Memoriam
2338 428 2474 497 fecit.
2526 428 2830 502 secundum
2867 428 3037 502 hanc
3066 430 3389 502 sententiam
3436 437 3500 491 ad

228 504 369 557 enim
412 502 541 555 salui
588 501 713 569 {acri
754 516 931 554 sumus
954 543 969 567 ,
1016 511 1360 569 exspectantes
1412 501 1811 570 redemptionem

230 575 464 645 corporis
515 572 692 645 nostri.
722 571 802 645 rln
834 572 993 641 hujus
1042 574 1297 641 temporis
1326 573 1809 631 considerationem

230 643 384 715 mebs
409 643 606 699 Christi
650 644 852 698 habens
880 651 1061 711 pectus
1090 645 1302 713 plenum
1337 645 1558 713 laetitiae,
1608 653 1814 701 eructat

228 718 289 771 in
325 714 532 771 Iaudem
568 715 683 780 Dei,
715 716 838 783 quia
871 717 1104 784 loquitur
1135 718 1222 771 hic
1250 731 1448 785 corpus
1474 716 1676 771 Christi
1703 717 1811 783 jam

232 804 335 857 per
364 802 511 854 spem
542 786 952 841 resurrectionis
980 787 1097 856 ejus
1129 787 1195 842 ab
1225 790 1471 845 omnibus
1499 789 1652 842 malis
1683 788 1813 842 libe-

226 869 436 924 ratum,
478 868 538 914 et
563 858 811 927 malignis
841 858 1145 913 hominibus
1175 869 1229 915 et
1254 861 1300 913 si
1345 862 1580 914 nondum
1620 858 1816 913 locali-

235 942 345 999 ter,
389 940 565 984 tamen
596 930 866 984 moraliter
894 940 1218 997 separatum,
1266 930 1452 987 dicens
1483 932 1587 985 ita:
1640 944 1673 983 ο
1707 929 1814 983 Do-

232 1006 395 1063 mhie,
423 1002 701 1069 conﬁtebor
730 1002 817 1054 tibi
838 1002 898 1054 in
921 1012 1023 1055 toto
1047 1003 1197 1055 corde
1226 1018 1356 1066 meo,
1390 1001 1441 1056 id
1462 1014 1561 1063 est,
1591 999 1816 1055 laudabo

228 1083 291 1129 te
322 1085 372 1127 et
402 1074 486 1127 hic
517 1087 613 1142 per
638 1086 785 1143 spem
805 1115 820 1139 ,
862 1073 1165 1129 ettandem
1195 1073 1246 1127 in
1280 1088 1337 1128 re
1368 1074 1418 1127 in
1451 1072 1594 1127 omni
1620 1072 1817 1143 angulo

226 1145 413 1199 eor-dis
444 1147 571 1199 mei.
616 1144 824 1199 Positus
854 1156 972 1198 sum
1001 1146 1052 1197 in
1080 1145 1291 1199 consilio
1309 1145 1604 1215 justorum',
1638 1142 1685 1197 id
1711 1154 1818 1209 est,

232 1218 603 1283 apostolorum
631 1228 686 1269 et
714 1216 939 1269 aliorum
990 1225 1314 1281 sanctorum,
1340 1217 1571 1279 scilicet,
1622 1223 1679 1268 ut
1707 1230 1815 1269 non

230 1302 473 1353 quaeram
498 1300 617 1357 qua:
647 1300 763 1340 mea
796 1298 940 1352 sunt,
990 1287 1083 1342 sed
1114 1303 1231 1357 qum
1264 1288 1391 1342 Jesu
1437 1286 1657 1341 Christi.
1708 1285 1819 1340 Hoc

232 1360 387 1413 enim
416 1370 503 1413 est
530 1358 814 1412 consilium
865 1358 1152 1427 justorum.
1210 1358 1276 1413 Et
1325 1358 1449 1428 quia
1480 1358 1566 1413 hic
1614 1372 1729 1428 sum
1764 1358 1816 1412 itt

229 1430 487 1491 consilio,
541 1429 661 1483 ideo
688 1444 779 1483 ero
811 1426 875 1482 in
910 1431 1315 1499 congregatione,
1342 1426 1417 1483 id
1445 1437 1546 1495 est,
1596 1426 1817 1483 tandem

218 1502 320 1555 teis
344 1501 695 1570 aggregabor.
716 1500 979 1569 ‘Quisquis
1022 1504 1164 1555 enim
1196 1502 1280 1555 hic
1310 1514 1413 1555 non
1445 1510 1527 1556 est
1554 1501 1607 1556 in
1634 1515 1817 1555 eorum

216 1574 489 1630 consilio.
518 1580 630 1625 'non
664 1570 874 1642 tandem
903 1573 1006 1626 erit
1035 1574 1085 1625 in
1111 1574 1351 1642 collegio.

316 1642 507 1713 Magna
536 1657 689 1713 opera
723 1640 948 1696 Domini.
996 1643 1152 1711 Quasi
1184 1640 1361 1697 dicat:
1408 1642 1562 1713 Quod
1589 1644 1818 1700 conﬁte-

231 1714 343 1769 bor
380 1714 625 1775 Domino,
668 1714 777 1767 hoc
815 1728 920 1768 non
951 1730 1015 1768 ex
1068 1730 1150 1769 me
1182 1714 1371 1782 habeo,
1427 1714 1521 1771 sed
1567 1716 1633 1769 ab
1678 1716 1817 1784 ipso,

229 1788 373 1869 quia.
396 1801 553 1877 κονίῃ-ξι
576 1785 791 1838 ςυοπιίηἱ
810 1800 814 1807 ·
827 1787 889 1877 in
919 1801 1003 1841 me
1033 1795 1157 1877 S'ilnl.
1196 1802 1405 1870 magna.
1455 1786 1548 1868 Ilia
1577 1786 1696 1841 dico
1725 1803 1818 1841 ex~
1854 1815 1901 1877 Β

222 1859 456 1923 ιᾳκὶεὶια,
486 1858 535 1911 id
577 1865 680 1919 est,
728 1856 983 1924 perleCta.
1041 1857 1371 1924 Exquisitum
1421 1858 1562 1912 enim
1607 1873 1815 1923 aurum,

234 1931 437 1983 dicitur
465 1930 755 1993 perfectura
784 1943 993 1981 aurum.
1030 1927 1097 1981 Et
1124 1928 1242 1982 ideo
1268 1929 1520 1997 perlecta,
1555 1929 1675 1997 quia
1699 1938 1824 1983 sunt

239 2003 421 2054 cuutia
452 2000 505 2053 in
533 2013 704 2053 omnes
734 2001 1015 2052 voluntates
1043 2003 1174 2068 eius,
1224 1998 1276 2053 id
1309 2009 1407 2065 est,
1442 2002 1561 2069 quia
1592 2001 1643 2054 iu
1677 2001 1824 2055 nullo

240 2070 291 2141 ei
326 2080 641 2141 repugnant.
696 2070 829 2141 Etsi
860 2071 1047 2141 aliquis
1095 2080 1361 2139 quaereret
1388 2087 1506 2141 quae
1545 2072 1629 2125 illa
1661 2085 1824 2138 opera

226 2139 395 2210 *dicit,
424 2139 489 2196 ne
521 2142 709 2208 aliquis
739 2140 808 2195 de
838 2139 962 2195 suis'
979 2144 1231 2208 operibus
1265 2139 1570 2207 prtesumat,
1625 2145 1826 2212 confes-

240 2214 323 2266 sio
356 2224 688 2281 peccatorum
714 2220 796 2267 est
824 2226 959 2280 opus
986 2213 1101 2283 ejtts
1133 2212 1183 2267 in
1217 2228 1322 2279 me,
1352 2214 1402 2267 id
1431 2225 1534 2279 est,
1565 2213 1665 2268 hoc
1686 2212 1825 2283 quod

226 2294 348 2354 ego
378 2282 671 2339 conﬁtebor
703 2296 949 2351 peccata,
992 2282 1103 2338 rion
1134 2286 1307 2353 aliqua
1339 2299 1453 2340 mea
1486 2282 1823 2350 merita,’sed

220 2353 361 2424 ipse
390 2366 647 2427 operatur
672 2354 861 2427 inme,
914 2368 961 2410 et
989 2356 1365 2426 magniﬁcentia
1409 2367 1491 2410 est
1522 2359 1681 2412 etiam
1713 2358 1823 2427 ejus

241 2441 373 2494 apus
398 2430 449 2481 in
479 2440 583 2480 me.
612 2426 890 2481 Confessio
912 2436 993 2482 est
1026 2428 1224 2496 peccati
1252 2427 1589 2495 improbatio,
1620 2426 1823 2497 magni-

244 2499 455 2553 licentia
489 2511 615 2551 vero
657 2506 737 2552 est
786 2502 1078 2566 peccatoris
1108 2498 1451 2568 ‘juslilicatio.
1498 2499 1633 2565 Quid
1680 2498 1821 2555 enim

245 2570 669 2641 ntagnilicentius
699 2584 855 2638 quam
878 2570 944 2623 de
980 2582 1257 2636 peccatore
1288 2567 1463 2625 facere
1489 2572 1711 2641 justum,
1753 2571 1821 2625 de

243 2639 501 2712 damnato
540 2640 770 2712 electum
795 2641 820 2691 ‘i
848 2641 935 2696 .Et
968 2642 1051 2695 hic
1086 2642 1255 2710 (quasi
1288 2641 1449 2712 dicat)
1474 2639 1823 2711 magniﬁcen-

246 2711 320 2765 tia
349 2726 453 2767 non
483 2721 566 2766 est
598 2711 829 2776 horaria,
872 2712 965 2766 sed
997 2715 1342 2781 sempiterna,
1371 2711 1734 2783 quiajustitia,
1771 2713 1822 2768 id

228 2792 350 2845 est,
378 2783 687 2851 jttstillcalio
715 2784 824 2853 ejus
852 2794 1020 2838 manet
1048 2789 1099 2837 in
1140 2786 1385 2836 stcculunt
1426 2786 1618 2838 saeculi.
1670 2784 1822 2849 Quod

245 2853 362 2923 ipsa
392 2854 595 2923 justitia
647 2854 717 2906 sit
746 2862 966 2920 :eterna,
1018 2858 1138 2923 quia
1176 2854 1355 2908 linitur
1408 2871 1529 2910 cum
1585 2857 1821 2920 homine,

244 2926 343 2978 sed
375 2925 737 2999 remuneratio
759 2926 999 2999 jttstitizc,
1026 2929 1145 2995 quia
1170 2925 1434 2995 justitiam
1470 2930 1553 2999 (ac
1583 2927 1626 2979 si
1656 2926 1821 2999 dicat)

236 2995 475 3069 per‘hoc
508 2998 856 3069 operatucin
894 3012 999 3069 me,
1041 2998 1303 3067 quia'ipse
1351 3009 1431 3051 est
1475 2995 1567 3069 qui
1600 3009 1681 3053 est
1714 2995 1822 3051 Do-

220 3068 415 3121 ‘minus
450 3068 737 3120 misericors
774 3066 825 3121 in
858 3066 1159 3135 effectione,
1213 3066 1568 3123 miserator'ln
1612 3069 1821 3123 exhibi-

240 3138 417 3203 tiOue,
468 3138 585 3208 fecit
632 3139 926 3191 memoriam
964 3139 1274 3193 ntirabiliunt
1322 3156 1567 3205 suorum,
1617 3141 1669 3195 id
1717 3151 1818 3207 est,

246 3212 524 3278 signorum
591 3211 641 3262 in
697 3208 910 3263 deserto
960 3210 1237 3265 factorum.
1304 3211 1358 3265 in
1410 3212 1625 3267 deserto
1674 3211 1817 3268 enim

247 3294 445 3334 manna
488 3280 622 3349 pluit
650 3280 717 3334 de
745 3282 905 3347 etnlo,
955 3293 1007 3337 et
1038 3280 1235 3350 aquam
1268 3281 1336 3337 de
1369 3294 1515 3351 petra
1550 3283 1817 3350 produxit,

247 3353 508 3421 pluraque
540 3351 663 3404 talia
697 3351 841 3405 fecit.
880 3354 946 3406 Et
986 3354 1174 3407 horum
1205 3354 1473 3419 signorum
1509 3356 1817 3409 memoriam

220 3430 346 3492 'per
376 3423 666 3492 signilicata
695 3422 842 3485 fecit,
890 3425 1015 3493 quia
1043 3439 1203 3479 omne
1229 3426 1580 3493 signilicatutu
1615 3442 1819 3478 inemo-

248 3494 328 3547 ria
355 3504 437 3547 est
465 3495 545 3547 sui
580 3493 737 3560 signi.
796 3496 858 3547 Et
894 3496 1125 3549 ostendit
1168 3497 1434 3563 quomodo
1460 3497 1585 3549 dicit
1614 3514 1624 3548 :
1672 3497 1819 3550 Dedit

245 3580 417 3618 escam
448 3564 751 3618 timentibus
803 3581 873 3619 se.
926 3566 1065 3619 Misit
1105 3570 1244 3619 enim
1292 3580 1481 3635 partem
1526 3568 1705 3619 vitum
1752 3568 1819 3622 de

248 3636 413 3703 caelo,
464 3636 552 3704 qui
594 3646 673 3689 est
700 3650 822 3690 vera
850 3637 1066 3691 reiectio
1094 3639 1333 3693 omnium
1364 3640 1659 3692 timentium
1693 3654 1817 3692 eum

251 3718 401 3760 casto
433 3706 644 3771 timore,
691 3722 847 3776 quem
880 3721 1069 3777 panem
1112 3723 1305 3765 manna
1358 3708 1602 3777 signavit.
1656 3709 1820 3763 Aliter

291 3790 464 3851 noque
491 3780 799 3851 versttsille
832 3780 1114 3846 prmdictus
1147 3781 1373 3851 legitur;
1418 3778 1620 3851 ,llagna
1665 3797 1821 3849 opera

291 3792 464 3845 noque
491 3792 679 3832 versus
712 3792 799 3832 tue
832 3792 1114 3846 prasmctus
1148 3792 1373 3849 legitur:
1424 3792 1620 3851 Magna
1665 3797 1818 3849 opera

251 3792 484 3902 Domini.
541 3849 703 3913 Quasi
751 3850 931 3904 dicat:
985 3852 1172 3906 Merito
1226 3841 1521 3907 confitebor
1575 3852 1818 3917 Domino,

252 3921 376 3993 quia
408 3926 568 3989 opera
602 3918 809 3973 Domini
846 3930 982 3993 sunt
1012 3938 1223 3992 magna,
1270 3922 1503 3986 scilicet,
1553 3924 1673 3993 quia
1705 3924 1823 3977 nul-

255 3990 365 4044 lum
397 3993 739 4045 cuntitentem
786 3990 1151 4048 miseriCordia
1196 3994 1417 4057 deserit,
1466 3990 1588 4062 quia
1626 3994 1823 4049 nullius

254 4062 792 4131 iciqttitas‘impunita
814 4065 1141 4134 remanebit,
1176 4079 1295 4118 eum
1333 4079 1435 4118 non
1468 4064 1821 4134 parcitetiatn

256 4134 378 4186 liliis
410 4148 543 4201 quos
572 4135 778 4202 recipit.
813 4132 982 4203 Eligat
1010 4136 1314 4205 ergoimmo
1341 4132 1484 4203 quod
1507 4136 1653 4191 velit.
1686 4137 1826 4205 Quia

252 4218 362 4259 non
386 4217 470 4257 ‘sic
501 4213 625 4257 sunt
653 4207 938 4259 constituta
971 4220 1131 4273 Opera
1157 4207 1385 4271 Domini,
1415 4217 1471 4260 ut
1499 4218 1739 4262 creatura
1770 4210 1821 4263 in

259 4276 427 4329 libero
457 4275 677 4328 arbitrio
706 4277 973 4331 Creatoris
1013 4280 1297 4332 constituta
1341 4291 1555 4346 superet
1585 4281 1824 4334 volunta-

256 4355 386 4409 tem,
417 4347 461 4399 si
490 4356 672 4399 contra
705 4348 819 4415 ejus
848 4348 1007 4402 iaciat
1030 4352 1373 4404 voluntatem.
1407 4350 1518 4404 Non
1549 4352 1691 4405 enim
1716 4350 1825 4407 vult

254 4418 398 4470 licus
428 4427 482 4470 ut
514 4431 719 4485 pecces,
754 4434 874 4471 nam
903 4420 1165 4487 prohibet.
1211 4422 1267 4475 Si
1294 4430 1469 4475 autem
1505 4422 1663 4473 homo
1699 4437 1823 4488 pec-

257 4490 480 4561 caverit,
530 4503 641 4561 non
675 4500 825 4557 putes
856 4490 1121 4544 hominem
1169 4491 1358 4546 iecisse
1387 4492 1528 4561 quod
1560 4492 1742 4557 voluit,
1774 4503 1827 4547 et

1914 499 2146 569 primum
2180 514 2393 554 versum
2421 500 2820 555 continuabitur
2865 500 2965 556 hoc
2996 500 3072 555 sic
3104 517 3114 551 :
3152 498 3275 555 ideo
3309 507 3501 563 merito

1913 570 2211 626 confitebor
2246 570 2492 636 Domino,
2522 572 2647 640 quia
2678 570 2928 626 Dominus
2951 572 3237 627 misericors
3272 582 3319 629 et
3342 576 3505 631 mise-

1910 652 2057 767 rit-ator
2109 643 2408 699 memmium
2460 642 2582 721 fecit
2620 642 2933 697 mirabiliuns
2974 658 3201 708 suorum,
3248 652 3307 699 ut
3340 660 3501 717 supra

1955 723 2247 767 tctumiest.
3170 746 3171 749 π

1955 713 2247 769 ictumest.
2470 720 2473 721 ⁷
3170 746 3171 749 η

1985 783 2185 839 Memor
2224 786 2335 842 erit.
2377 784 2554 854 Dedit,
2605 786 2840 856 inquam,
2883 804 3049 842 escam
3097 789 3393 845 timentibus
3425 806 3502 856 se,

1910 864 1974 911 et
2005 870 2102 925 per
2143 856 2624 913 ltaucrmemociam
2651 875 2841 913 memor
2869 860 3272 915 eritsestamenti
3311 864 3414 926 sui,
3449 862 3502 915 id

1913 936 2019 993 est,
2051 928 2799 1001 coulirtnavitpcomissioues
2824 945 2970 998 suas,
3002 945 3254 1001 nonaque
3279 932 3345 987 ad
3370 945 3505 988 tem-

1918 1012 2016 1067 pus
2050 1000 2419 1072 luerunt,_sed
2445 1017 2565 1067 qua:
2590 1002 2799 1056 suntin
2836 1003 3103 1067 siccatum,
3139 1000 3191 1057 id
3244 1014 3345 1072 est,
3390 1020 3498 1059 non

1917 1070 2185 1135 carnales,
2219 1070 2310 1125 sed
2340 1071 2664 1144 spirituales.
2696 1074 2966 1128 Saculum
2998 1088 3097 1143 pro
3122 1070 3507 1144 aeterno'ponit

1920 1149 2141 1209 propter
2166 1144 2291 1197 αἰὼν
2329 1140 2599 1209 Graecum,
2631 1152 2691 1199 ut
2718 1158 2875 1214 supra
2904 1140 3102 1199 dictum
3146 1156 3249 1200 est.
3284 1140 3507 1200 Et'vere

1918 1227 2112 1265 memor
2138 1213 2252 1278 erit,
2289 1214 2339 1283 id
2370 1223 2475 1279 est,
2505 1219 2628 1283 quia
2659 1213 3019 1280 anmtntiabit,
3053 1216 3103 1271 id
3131 1228 3239 1283 est,
3282 1217 3506 1272 ntattil'e-

1914 1283 2087 1337 stahit
2131 1282 2471 1357 populosam,
2522 1282 2572 1339 id
2612 1297 2715 1353 est,
2760 1286 3015 1357 populum
3064 1282 3246 1357 gratim
3276 1289 3507 1356 primiti-

1920 1367 2069 1417 vum,
2099 1355 2236 1409 sicut
2266 1363 2482 1410 sanctos
2510 1355 2791 1426 apostolos
2835 1355 3139 1425 intelligere
3187 1355 3313 1414 fecit
3341 1362 3509 1414 uirtu-

1919 1433 2019 1479 tem
2050 1441 2259 1493 aperum
2287 1443 2525 1495 suorum,
2580 1429 2630 1482 id
2661 1439 2763 1494 est,
2814 1429 2921 1483 vim
2946 1438 3008 1484 vel.
3035 1429 3391 1498 signiﬁcatum
3421 1445 3511 1485 sa-

1914 1506 2319 1552 cramentorum
2349 1513 2591 1553 suorum.
2619 1500 3031 1555 Sacramentum
3060 1502 3203 1555 enim
3234 1511 3316 1556 est
3340 1517 3509 1557 sacrae

1918 1569 2000 1642 rei
2035 1569 2276 1642 signum.
2314 1569 2381 1623 Et
2424 1585 2619 1625 manna
2662 1571 2761 1625 luit
2803 1580 3225 1638 sacramentum,
3256 1575 3379 1642 quia
3412 1573 3511 1627 fuit

1922 1640 2136 1709 signum
2167 1641 2279 1694 veri
2330 1642 2485 1709 panis
2512 1642 2605 1711 qui
2638 1642 2706 1695 de
2752 1643 2896 1697 coelo
2946 1642 3248 1699 descendit.
3274 1640 3513 1699 'Talium

1912 1720 2381 1765 sacramentorum
2411 1715 2519 1765 vim
2554 1713 2813 1767 Dominus
2843 1715 3144 1771 notiﬁcabit
3174 1717 3429 1777 apostolis
3457 1726 3515 1773 et

1914 1780 2046 1834 taliis
2075 1782 2415 1836 consortibus
2440 1798 2652 1851 eorum,
2693 1785 2758 1838 ad
2792 1785 2913 1848 hoc,
2947 1795 3001 1839 ut
3045 1788 3127 1839 det
3154 1786 3261 1840 illis
3293 1788 3513 1841 harndi-

1925 1860 2078 1904 tatem
2105 1855 2361 1920 gents'um,
2413 1852 2465 1906 id
2497 1864 2577 1908 est
2598 1896 2612 1919 ,
2656 1854 2744 1908 det
2774 1856 2878 1909 illis
2909 1866 3093 1924 gentes
3141 1857 3191 1909 in
3218 1858 3507 1913 haeredita-

1930 1925 2260 2002 tem.“Sicut
2291 1925 2380 2002 ille
2423 1925 2511 1992 qui
2553 1924 2727 1979 dixit:
2782 1924 3019 2002 Prgcipe
3062 1927 3299 2002 diuitibus
3353 1928 3510 2002 hujus

1922 1994 2102 2046 manli
2122 1995 2458 2068 nonsublime
2478 2010 2677 2064 sapere,
2705 2004 2812 2051 etc.
2863 1994 2989 2051 Haec
3018 2006 3070 2051 et
3100 1999 3295 2053 similia
3320 1994 3506 2068 genies

1920 2071 2185 2137 tanquam
2227 2066 2593 2120 hereditatem
2626 2069 2898 2122 excolunt.
2934 2068 3187 2137 Sequitur
3222 2087 3233 2121 :

2003 2135 2172 2203 Opera
2201 2152 2448 2190 manuum
2490 2138 2624 2207 ejus.
2672 2140 2832 2205 Quasi
2862 2135 3043 2194 dicati
3097 2140 3351 2205 Quamvis
3392 2142 3514 2196 dico

1929 2207 2070 2275 quod
2094 2208 2193 2282 illa
2214 2207 2466 2282 excolam
2487 2218 2675 2282 gentes
2701 2221 2947 2282 tanquam
2974 2211 3363 2277 haereditatem,
3386 2213 3510 2282 ipse

1918 2286 2109 2331 stamen
2158 2277 2994 2355 Dominusprincipaliterghoc
3044 2290 3336 2351 operatur,
3384 2277 3512 2355 quia

1922 2364 2093 2423 opera
2124 2365 2391 2423 manuum,
2426 2350 2476 2403 id
2504 2359 2607 2415 est,
2665 2353 2915 2419 potentiae
2945 2354 3058 2423 ejus
3084 2350 3210 2408 sunt
3252 2350 3434 2408 veritos
3464 2364 3515 2410 et

1920 2420 2202 2485 judicium.
2237 2421 2362 2475 Haec
2391 2425 2745 2489 est-potentia
2777 2424 2915 2490 ejus,
2955 2420 3213 2492 operatur
3242 2426 3293 2478 itt
3319 2428 3402 2480 eis
3430 2441 3517 2483 ve-

1928 2493 2161 2565 ritatem,
2206 2492 2255 2565 id
2276 2502 2391 2565 est,
2438 2492 2517 2565 tiu?
2556 2504 2941 2562 praeceptorum
2991 2496 3405 2565 completionem
3461 2509 3517 2552 et

1923 2562 2205 2628 judicium,
2238 2562 2292 2615 id
2320 2564 2843 2627 est,.discretiouem
2897 2562 3261 2621 itiler'btittllm
3306 2579 3358 2622 et
3403 2584 3517 2622 ma-

1916 2633 2063 2698 lum,
2111 2643 2163 2687 et
2191 2633 2270 2687 sic
2296 2648 2389 2689 eas
2421 2635 2635 2689 excolit.
2678 2636 2809 2703 Qua:
2842 2636 2969 2699 duo,
3001 2638 3225 2704 scilicet,
3263 2640 3443 2693 veritas
3467 2648 3517 2694 et

1919 2704 2182 2779 judicium
2203 2706 2375 2779 (quasi
2403 2704 2567 2776 dicat)
2590 2719 2713 2760 sunt
2744 2709 2952 2760 madata
2975 2712 3107 2777 ejus.
3146 2711 3209 2763 Et
3242 2711 3362 2765 ideo
3393 2711 3517 2779 ﬁde.

1916 2775 2025 2848 alia,
2060 2777 2187 2843 quia
2232 2778 2411 2848 omnia
2426 2775 2678 2829 mandata
2707 2775 3035 2848 ejusoﬁdelia,
3071 2781 3121 2833 id
3153 2789 3259 2845 est,
3288 2775 3401 2834 non
3425 2782 3520 2835 l'al-

1932 2844 2119 2917 lentia,
2151 2847 2245 2901 sed
2275 2859 2443 2912 certa,
2480 2844 2808 2917 quapropter
2840 2844 3125 2905 servanda.
3163 2854 3226 2903 lz‘t
3248 2844 3362 2905 non
3395 2863 3521 2907 sunt

1914 2916 2162 2980 .horaria,
2213 2920 2311 2972 sed
2342 2919 2659 2985 conﬁrmata
2694 2916 2757 2971 Tin
2784 2922 3030 2974 siccatum
3061 2923 3274 2987 saculi;
3324 2932 3378 2977 et
3418 2925 3521 2978 hoc

1912 2987 2071 3050 ideo,
2098 2988 2223 3056 quia
2270 3000 2392 3042 sunt
2422 2990 2578 3057 facta,
2615 3006 2717 3043 non
2749 2992 2801 3044 in
2837 2994 3045 3056 umbra,
3078 2998 3172 3047 sed
3202 2996 3446 3057 veritate;
3475 3004 3524 3048 et

1925 3067 2053 3112 sunt
2084 3060 2219 3113 facta
2246 3060 2305 3112 iui
2324 3062 2583 3131 (equitate,
2619 3077 2723 3115 non
2752 3064 2802 3116 in
2830 3063 3126 3131 iniquitate,
3158 3066 3293 3119 sicut
3316 3066 3522 3119 oculum

1926 3144 2021 3199 pro
2043 3131 2423 3206 oculo,dentent
2452 3148 2547 3198 pro
2567 3134 2734 3198 dente,
2754 3141 2819 3187 et
2842 3134 3055 3199 similia,
3085 3144 3259 3204 erant,
3279 3136 3520 3206 inquam,

1912 3216 2038 3254 .non
2074 3212 2216 3255 recte
2248 3202 2539 3256 intellecta.
2574 3218 2575 3223 ‘

2004 3272 2419 3346 ltedemptionem
2446 3275 2582 3346 misit
2604 3274 2792 3346 populo
2819 3291 2935 3329 suo.
2965 3276 3128 3343 Quasi
3169 3278 3316 3332 dicat
3342 3294 3355 3331 :
3387 3278 3514 3334 ideo

1928 3342 2047 3395 haec
2095 3343 2343 3419 mandata
2382 3342 2696 3419 conlimtata
2727 3354 2853 3400 sunt
2897 3349 2948 3401 in
2994 3342 3282 3417 aeternum,
3326 3350 3519 3419 conﬁr-

1912 3423 2087 3478 mata,
2143 3418 2270 3487 quia
2324 3429 2429 3469 non
2472 3425 2607 3470 sunt
2652 3417 2793 3472 laeta
2847 3434 2940 3487 per
2989 3435 3206 3474 Servum
3248 3422 3389 3475 sicut
3424 3417 3521 3475 illa

1928 3488 2129 3562 priora,
2178 3485 2274 3539 sed
2311 3502 2415 3562 per
2450 3487 2757 3542 Dominum.
2801 3485 3044 3562 Namque
3077 3490 3330 3546 Dominus
3362 3492 3522 3546 Pater

1927 3558 2117 3629 populo
2141 3572 2235 3610 suo
2300 3558 2505 3625 idest,
2553 3561 2748 3629 pepulo
2779 3576 2917 3616 novo
2962 3558 3344 3619 constituendo
3375 3562 3519 3617 misit

1908 3627 3525 3693 :s'llum......_..........

2422 3739 2489 3797 IN
2520 3740 2849 3800 PSALMUM
2880 3744 3017 3802 CXI.

2134 3851 2357 3908 Alleluia
2392 3853 2717 3910 reversionis
2747 3855 2925 3927 Αεςωί
2954 3868 3005 3913 et
3028 3858 3321 3916 Zachariae.

2533 3964 2913 4005 ARGUHENTUM.

2004 4062 2207 4134 Omnes
2236 4060 2299 4134 in,
2317 4076 2603 4117 commune
2633 4064 2697 4117 ad
2746 4062 2995 4118 studium
3028 4064 3237 4121 virtutis
3271 4068 3523 4134 instituit,

1932 4133 2023 4205 qui
2070 4134 2233 4189 etiam
2281 4133 2486 4189 fructus
2521 4134 2659 4205 bona
2703 4149 2869 4205 opera
2909 4145 3314 4205 consequatur,
3362 4133 3528 4196 adne-

1932 4203 2084 4261 ciens
2116 4204 2337 4257 divitias
2363 4205 2504 4277 inter
2535 4203 3349 4277 :tlia,_despectusquehostium
3380 4226 3529 4266 com-

1934 4288 2264 4349 memorans,
2288 4274 2446 4349 _qttod
2483 4275 2727 4349 reversis
2769 4274 3097 4349 aBabylonc
3118 4274 3378 4337 collatum
3420 4294 3521 4339 est.

1936 4346 2126 4413 Aliter,
2157 4361 2259 4400 vox
2287 4345 2909 4403 EcclesitevdeCltristo.

2553 4475 2911 4520 EXPLANATIO.

259 4557 369 4612 Dco
396 4542 1425 4653 accidisseﬁttodhnoluitiﬂsicntenim
1461 4542 1571 4653 vult
1854 4542 1908 4605 Ῑ)
2004 4576 2223 4653 Αρθωιρ
2245 4585 2290 4629 et
2321 4574 2599 4653 Zacharias
2629 4579 2907 4653 praphette,
2940 4580 3027 4648 qui
3048 4590 3159 4649 post
3192 4585 3529 4653 transmigra-

262 4644 367 4683 non
402 4643 609 4698 pecces,
638 4631 707 4684 ita
746 4632 859 4685 vult
887 4634 1159 4687 conlitenti
1195 4648 1435 4701 parcere,
1464 4644 1521 4687 ut
1547 4644 1827 4688 converta-

263 4711 347 4755 tur
393 4711 447 4755 et
474 4704 633 4755 vivat.
692 4704 764 4756 Ita
812 4713 1086 4771 postremo
1132 4706 1245 4758 vult
1289 4714 1719 4773 perseverantem
1775 4707 1827 4760 in

264 4776 497 4839 peccatis
550 4773 757 4841 punire,
811 4790 876 4827 tte
924 4775 1144 4844 justitia:
1197 4777 1484 4843 pmcnliam
1541 4788 1828 4832 contumax

262 4844 473 4897 evadat.
520 4844 785 4911 Quidquid
837 4860 965 4913 ergo
1014 4847 1262 4916 elegeris,
1317 4848 1671 4915 omnipotenti
1722 4864 1827 4903 non

263 4916 435 4969 deerit
466 4918 603 4968 unde
651 4932 799 4971 suam
850 4917 918 4970 de
970 4927 1021 4970 te
1063 4922 1330 4986 compleat
1371 4921 1714 4973 voluntatem.
1768 4922 1833 4974 Et

262 4986 562 5061 ideo‘dicitg:
599 4985 768 5061 Opera
792 4987 997 5041 Domini
1020 4985 1353 5061 suntntagna.
1384 4992 1511 5054 Quae
1530 4992 1572 5044 si
1603 4992 1709 5045 sint
1734 5007 1828 5045 ea:-

262 5057 471 5125 quisita,
498 5058 546 5110 id
571 5058 963 5128 est,diltgeuter
989 5057 1341 5121 coasrderhta.
1364 5064 1683 5115 videbuntur
1716 5074 1832 5117 ten-

263 5129 470 5204 detein
496 5146 666 5182 omnes
697 5134 1117 5204 uoluntates=ejus
1155 5133 1519 5202 complendas,
1572 5136 1685 5189 sive
1713 5150 1835 5204 par-

260 5199 417 5254 cendi
445 5203 853 5268 sivepuuieudi.

338 5270 613 5339 Confissio-
630 5281 674 5325 et
702 5274 1097 5343 magniﬁcentia.
1143 5275 1302 5339 Quasi
1328 5276 1505 5329 dicat:
1558 5277 1679 5331 ideo
1711 5292 1833 5332 vere

263 5358 452 5418 magna
474 5353 605 5418 sunt
627 5360 781 5414 Opera
818 5346 1054 5410 Domini,
1100 5362 1224 5416 quia
1254 5349 1501 5416 confessio
1528 5360 1573 5400 et
1597 5351 1835 5418 magniﬁ—

265 5416 450 5489 tgentia,
487 5416 665 5479 idest,
694 5421 894 5483 chcali
925 5418 1263 5486 iutprobatio,
1296 5429 1347 5470 et
1370 5426 1662 5486 peccatoris
1686 5416 1835 5489 justi-

240 5487 465 5549 .licatio,
513 5496 599 5541 Bal,
624 5503 752 5561 opus
794 5491 905 5557 ejus
932 5489 1001 5561 in
1050 5492 1472 5543 retuunerattdis.
1531 5490 1595 5543 Et
1631 5487 1836 5561 justitia

267 5560 402 5629 ejus,
433 5574 610 5627 quant,
642 5560 867 5625 scilicet,
902 5559 1181 5626 sitjustus,
1214 5570 1297 5614 est
1327 5562 1379 5614 in
1412 5559 1748 5628 damnandis,
1780 5573 1837 5615 ut

265 5632 468 5684 nullum
500 5644 638 5683 nunc
687 5630 1030 5686 Cutililcttlem
1078 5631 1290 5683 deserat
1342 5649 1517 5698 pinna.
1574 5634 1715 5700 Haec,
1758 5636 1836 5688 in-

265 5717 447 5769 quani,
498 5700 891 5775 jUstitiagmanet
924 5704 974 5754 in
1016 5703 1257 5775 sicculum
1302 5706 1494 5768 stcculi,
1549 5708 1666 5775 quia
1702 5723 1835 5775 ltuu-_

265 5790 426 5841 quam
451 5772 618 5840 parcit
651 5771 933 5842 iniquitati,
985 5774 1084 5827 nisi
1120 5784 1171 5826 ιιι
1203 5791 1306 5828 nou
1349 5792 1538 5845 parcas
1566 5771 1638 5832 ci.
1684 5773 1840 5846 Quod

265 5848 407 5901 enim
440 5854 492 5898 tu
523 5858 700 5913 putus,
733 5845 831 5899 hoc
860 5848 1033 5901 solum
1064 5846 1176 5917 ipse
1208 5863 1309 5901 non
1345 5849 1509 5917 punit.

1940 4645 2127 4702 tionem
2171 4645 2454 4721 Babylonis
2495 4650 2585 4701 sub
2626 4648 2790 4701 Dario
2820 4645 3124 4721 rege'nmlto
3156 4662 3266 4719 post
3310 4645 3532 4721 tempore

1934 4724 2075 4789 fuere
2102 4734 2255 4787 quam
2279 4720 2376 4771 ista
2408 4729 2615 4775 cantata
2636 4730 2772 4784 sunt,
2798 4723 2981 4775 reversi
3004 4723 3055 4774 in
3078 4720 3387 4789 Jerusalem,
3412 4720 3532 4779 cum

1934 4791 2168 4866 reparari
2200 4790 2444 4866 templum
2476 4791 2720 4866 viderent,
2743 4793 2933 4866 laudes
2969 4792 3187 4866 Domino
3220 4812 3403 4866 magna
3433 4813 3531 4849 ex-
3566 4805 3581 4863 ε

1934 4860 2211 4914 sullatione
2252 4863 2621 4930 profuderunt.
2670 4864 2929 4926 Adrquam
2960 4860 3341 4918 similitudinem
3374 4878 3418 4921 et
3449 4869 3530 4921 hic
3565 4860 3571 4903 "-

1934 4933 2162 5006 psalmus
2183 4933 2496 5006 integerrimi
2509 4934 2767 5001 alphabeti
2786 4935 2969 4988 litteris
2987 4944 3058 4989 est
3079 4945 3359 4999 contextus,
3386 4955 3530 5006 quem

1934 5013 2048 5074 post
2078 5003 2448 5057 absolutionem
2480 5014 2799 5071 peccatorum
2824 5007 3191 5073 perfectissima
3214 5009 3356 5061 debet
3382 5003 3528 5063 Chri-

1933 5078 2137 5149 stianus
2178 5077 2451 5149 alacritate
2493 5087 2719 5129 cantare.
2777 5076 2877 5129 Per
2907 5087 3065 5131 totum
3117 5080 3315 5145 psalntu
3340 5100 3363 5129 ιλ
3403 5097 3527 5149 pro-

1935 5149 2087 5216 pheta
2120 5147 2367 5219 loquitur.
2416 5148 2591 5199 l’rima
2636 5148 2989 5201 admonitione
3017 5150 3137 5217 quid
3168 5152 3325 5219 faciat
3352 5147 3529 5206 beatus

1934 5219 2030 5279 vir,
2062 5228 2107 5271 et
2129 5234 2243 5287 quia
2271 5218 2403 5273 bona
2444 5233 2718 5285 mereatur,
2756 5222 2999 5274 ostendit.
3059 5218 3303 5275 Secunda
3334 5223 3527 5279 adven-

1936 5297 2042 5362 tum
2067 5288 2272 5342 Domini
2296 5290 2572 5361 signiﬁcat,
2603 5305 2693 5359 per
2721 5307 2868 5357 quem
2899 5292 3126 5345 homines
3156 5309 3218 5347 ea:
3247 5297 3532 5362 peccatori-

1937 5361 2026 5413 bus
2060 5371 2102 5412 et
2128 5362 2296 5427 imgiis
2324 5363 2374 5413 in
2402 5372 2645 5413 a'ternum
2680 5364 2808 5416 beati
2838 5379 2941 5416 esse
2971 5361 3341 5430 promerentur.
3399 5366 3527 5419 Ter-

1938 5433 2008 5485 tia
2042 5432 2207 5505 impiis
2237 5434 2492 5484 contraria
2534 5436 2796 5503 provenire
2828 5444 3064 5489 testatur.
3117 5434 3299 5489 Prima
3344 5437 3527 5492 divisio

1936 5508 2157 5556 continet
2183 5505 2373 5555 litteras
2392 5519 2502 5566 scas,
2527 5506 2751 5558 secunda
2775 5506 3035 5571 tredecim,
3065 5508 3215 5560 tertia
3240 5519 3358 5563 tres.
3391 5510 3529 5563 Lon-

1937 5575 2218 5643 gitttdinem
2243 5585 2416 5626 autem
2447 5592 2612 5627 versus
2643 5577 2727 5643 qui
2752 5577 2800 5629 in
2831 5580 3102 5631 centesimo
3132 5580 3329 5634 decimo
3351 5592 3526 5634 octavo

1940 5646 2379 5722 psaltrtagtexitur,
2417 5647 2467 5698 in
2513 5647 2592 5722 his
2617 5652 2721 5722 duo
2770 5650 2969 5719 explent
3021 5652 3274 5716 versiculi,
3310 5652 3530 5722 utquod

1940 5716 2006 5793 ibi
2036 5718 2310 5793 elﬁcitgttna
2344 5718 2530 5781 littera,
2575 5719 2654 5771 hic
2695 5721 2810 5775 dure
2834 5716 3047 5777 diversa'
3076 5726 3292 5793 efficiant
3338 5716 3523 5780 secun~

1941 5789 2059 5842 dum
2090 5788 2318 5843 ordinem
2344 5806 2395 5843 se
2418 5800 2696 5861 sequentes.
