4006 6364
1139 486 1567 528 COIIENTARIUS.

558 641 663 698 sibi
700 638 819 707 ipsi.
852 635 1006 691 Juxta
1033 634 1175 705 quod
1208 636 1458 707 Salomon
1476 634 1621 707 _dieit
1646 652 1657 687 :
1685 633 1926 707 Miserere
1947 635 2132 688 animle

558 722 677 779 tua,
709 703 890 785 cteris
920 703 1063 761 bene
1080 707 1283 785 placens
1318 705 1439 758 Deo.
1472 703 1539 785 iit
1571 704 1747 785 hocin
1777 720 2130 785 se‘eowmen-

558 776 674 847 dat,
704 779 755 833 id
779 787 882 843 est,
932 776 1176 845 propOnit
1201 791 1260 831 se
1297 776 1599 847 exemplum
1630 776 1769 847 aliis.
1823 778 1887 831 Et
1915 776 2124 841 merito,

556 866 707 922 quaSI
733 849 912 904 dicat:
958 848 1050 902 llic
1085 848 1205 901 talis
1247 856 1347 922 est__
1369 846 1650 922 jucundus
1669 846 1848 922 justo,
1870 848 2003 922 quia
2016 848 2130 922 dis-

556 916 705 990 ponet
751 933 1007 974 sermones
1054 929 1192 985 tuos,
1242 919 1433 985 quibus
1463 916 1777 971 defendatur
1831 918 1886 990 in
1902 919 2126 989 judicio.

560 988 850 1050 Sermones
881 998 1005 1044 sunt
1034 989 1170 1043 bona
1197 1003 1379 1055 opera,
1422 998 1474 1041 et
1505 998 1588 1041 est
1621 998 1844 1042 tractum
1879 988 1978 1042 lioc
2008 1004 2035 1041 a
2065 991 2131 1043 si-

556 1063 856 1119 militudine
907 1058 1314 1122 causidicorum,
1369 1061 1489 1127 quia
1543 1059 1681 1113 sicut
1721 1060 1797 1112 illi
1840 1069 2125 1128 antequam

556 1134 770 1189 veniant
806 1131 857 1185 in
895 1128 1153 1199 judicium
1197 1128 1336 1197 apud
1383 1144 1441 1183 se
1471 1128 1761 1197 disponunt
1791 1129 2015 1198 qualiter
2076 1133 2127 1184 in

559 1206 636 1259 rei
670 1201 982 1257 defensione
1004 1200 1194 1270 cuique
1227 1214 1468 1268 personae
1491 1199 1559 1252 sit
1584 1200 1933 1270 loquendum,
1964 1211 2015 1254 et
2038 1215 2131 1269 per

556 1276 658 1329 hoc.
686 1274 784 1327 tuti
814 1282 999 1326 contra
1030 1269 1363 1324 adversarios
1394 1278 1537 1335 sunt,
1591 1269 1667 1325 sic
1700 1271 1832 1324 bona
1864 1286 2024 1336 opera
2076 1272 2128 1326 in

558 1342 955 1412 l‘uturojudicio
980 1344 1170 1409 cuique
1194 1342 1339 1409 justo
1369 1348 1528 1394 erunt
1559 1349 1725 1396 tutum
1751 1340 2031 1411 refugium.
2067 1344 2132 1397 Et

556 1431 682 1471 vere
709 1414 961 1482 disponet
985 1425 1281 1482 sermones,
1312 1412 1433 1481 quia
1467 1426 1569 1465 non
1598 1414 2021 1466 commovebitur
2063 1413 2130 1468 ab

555 1488 681 1549 illis,
713 1481 885 1538 donec
917 1481 1233 1549 perduceret
1261 1497 1382 1535 eum
1417 1482 1468 1535 in
1492 1490 1771 1537 aeternum.
1829 1483 1919 1538 Vel
1943 1485 2126 1539 aliter:

559 1557 746 1614 Merito
776 1556 1037 1619 disponet,
1087 1554 1208 1622 quia
1242 1567 1334 1620 per
1376 1553 1520 1605 illam
1569 1551 1971 1621 dispositionem
2030 1554 2131 1610 lioc

560 1626 793 1688 habebit,
824 1624 966 1693 quod
998 1625 1051 1676 in
1075 1634 1361 1693 (sternunt,
1395 1622 1447 1677 id
1476 1632 1578 1689 est,
1622 1625 1671 1676 in
1702 1626 1998 1679 aeternitate
2027 1641 2131 1678 non

557 1692 949 1751 commovebitur
978 1694 1046 1749 de
1071 1694 1259 1748 dextra
1306 1692 1369 1747 ad
1402 1694 1692 1747 sinistram.
1742 1695 1805 1747 Et
1836 1696 1914 1751 sic
1955 1698 2047 1749 erit
2076 1698 2129 1749 in

557 1777 746 1823 (eterna
790 1765 1034 1819 memoria
1081 1764 1220 1829 ideo,
1271 1766 1393 1832 quia
1416 1766 1610 1832 justus.
1654 1762 1719 1817 Et
1763 1780 1889 1821 vere
1928 1766 2125 1834 justus,

559 1838 680 1908 quia
709 1854 809 1890 non
834 1836 1020 1889 timebit
1052 1837 1102 1888 in
1135 1836 1233 1889 hac
1253 1840 1362 1889 vita
1390 1835 1451 1887 ab
1474 1836 1731 1908 auditione
1752 1838 1908 1904 mala,
1945 1838 1993 1891 id
2026 1847 2129 1906 est,
2167 1845 2212 1905 Β

563 1906 593 1961 s
642 1908 973 1963 detractione
1014 1908 1094 1958 vel
1136 1920 1163 1957 a
1192 1908 1329 1959 mala
1373 1906 1736 1971 persuasione.
1799 1907 1893 1960 Vel
1934 1909 2129 1964 aliter:

564 1977 663 2034 Per
691 1979 792 2032 lioc
826 1978 1015 2031 merito
1042 1992 1142 2028 non
1166 1976 1559 2030 commovebitur
1587 1976 1669 2030 hic
1711 1992 1739 2029 a
1771 1980 2132 2045 sermonibus,

560 2052 684 2119 quia
708 2050 783 2101 sic
812 2048 977 2119 lactus
998 2050 1170 2118 justus
1200 2049 1268 2119 in
1297 2056 1485 2099 a'terna
1511 2047 1605 2100 erit
1627 2050 1893 2101 memoria.
1928 2050 1989 2103 Et
2016 2050 2136 2104 ideo

562 2118 664 2172 non
698 2118 885 2172 timebit
919 2119 1129 2172 tandem
1156 2118 1216 2171 ab
1258 2119 1516 2170 auditione
1554 2122 1711 2183 mala,
1762 2120 1985 2184 scilicet,
2015 2136 2137 2174 eum

563 2190 773 2244 dicetur
801 2188 1082 2257 i‘eprobis:
1123 2185 1226 2253 Ite,
1254 2189 1531 2253 maledicti,
1576 2200 1679 2243 etc.
1705 2190 1770 2242 Et
1799 2192 1987 2244 merito
2030 2206 2136 2245 non

566 2259 793 2324 timebit,
824 2262 945 2327 quia
980 2274 1067 2312 cor
1106 2260 1215 2328 ejus
1244 2271 1487 2329 paratum
1527 2269 1628 2324 est,
1664 2270 1765 2313 etc.
1819 2261 1910 2314 Vel
1946 2260 2134 2315 aliter:

564 2329 686 2384 Non
715 2332 925 2394 timebit,
960 2332 1194 2397 inquam,
1226 2330 1277 2383 iii
1313 2331 1560 2398 priesenti
1604 2330 1666 2381 ab
1690 2331 1947 2386 auditione
1975 2333 2135 2399 mula,

562 2404 654 2457 sed
680 2402 854 2469 potius
868 2416 953 2453 cor
976 2402 1088 2471 ejus
1108 2410 1345 2470 paratum
1363 2410 1446 2454 est
1470 2417 1693 2470 sperare,
1711 2416 1815 2455 non
1836 2404 1888 2456 in
1915 2406 2134 2469 mundo,

563 2473 655 2543 sed
687 2474 740 2525 in
765 2471 1002 2536 Domino,
1036 2482 1087 2525 et
1107 2487 1191 2525 cor
1218 2474 1327 2539 ejus
1351 2473 1711 2538 conﬁrmatum
1733 2483 1802 2526 est
1832 2474 1880 2527 iu
1905 2488 1997 2543 spe
2024 2474 2135 2529 illa.

560 2542 670 2598 Nec
717 2544 1105 2596 commovebitur
1134 2557 1367 2611 unquam
1409 2543 1553 2609 inde,
1602 2544 1759 2596 donec
1785 2542 2052 2612 despiciat,
2086 2546 2139 2600 id

563 2623 668 2678 est,
696 2614 868 2668 dooec
906 2613 1298 2682 despectabiles
1345 2628 1463 2668 esse
1494 2626 1859 2683 recognoscat,
1907 2616 2138 2669 inimicos

564 2699 702 2737 suos.
758 2683 857 2749 Qui
908 2683 1049 2739 enim
1100 2693 1282 2738 ainant
1334 2699 1395 2737 ea
1440 2698 1557 2751 qua:
1609 2688 1891 2751 Videntur,
1940 2686 2140 2741 inimici

560 2767 744 2809 eorum
767 2764 890 2809 sunt
931 2756 1021 2823 qui
1050 2770 1112 2809 ea
1141 2769 1259 2824 quae
1290 2769 1396 2809 non
1427 2756 1673 2809 videntur
1723 2758 2011 2825 prmlerunt
2056 2757 2139 2813 liis

558 2839 676 2892 quae
706 2826 967 2878 videntur.

629 2892 903 2968 Dispertit,
925 2896 1061 2949 dedit
1083 2895 1409 2965 pauperibus.
1448 2897 1593 2968 Quia
1623 2914 1709 2951 cor
1736 2899 1846 2968 ejus
1868 2900 2139 2968 conﬁrma-

557 2974 667 3050 tum
696 2975 773 3019 est
814 2966 865 3047 in
917 2980 1012 3050 spe
1060 2977 1407 3050 aeternorum,
1446 2966 1567 3021 ideo
1605 2966 1844 3050 dispersit
1875 2966 2138 3050 quidquid

560 3036 631 3090 de
661 3038 887 3091 terrenis
917 3036 1123 3104 habuit,
1154 3053 1259 3091 non
1289 3046 1464 3092 autem
1487 3036 2008 3104 meretricibusfsed
2030 3036 2139 3093 'de-

554 3107 629 3179 dit
667 3121 727 3179 ea
758 3108 1083 3178 pauperibus.
1139 3108 1208 3162 Et
1238 3109 1358 3162 ideo
1399 3109 1626 3179 justitia,
1673 3112 1724 3164 id
1769 3122 1882 3176 est,
1932 3126 2137 3166 merces

557 3176 793 3249 iustitiae,
830 3176 937 3249 ejus
960 3188 1129 3231 manet
1159 3179 1211 3233 id
1250 3190 1350 3245 est,
1399 3176 1653 3244 manebit,
1688 3183 1742 3233 in
1770 3183 2012 3235 swculum
2040 3198 2134 3235 sa:-

558 3248 679 3321 culi.
710 3247 776 3301 Et
810 3247 934 3304 vere
954 3250 1211 3321 manebit,
1255 3254 1376 3319 quia
1408 3250 1559 3320 cujus
1592 3253 1859 3306 humilitas
1884 3269 1913 3306 a
1944 3268 2137 3321 super-

558 3318 643 3373 bis
666 3320 1105 3391 conteinnebatiir
1128 3321 1181 3373 iii
1219 3318 1382 3387 terra,
1414 3318 1593 3389 cornu,
1626 3322 1677 3376 id
1709 3334 1810 3384 est,
1843 3318 2133 3391 humilitas,

558 3390 688 3462 ejus,
706 3390 893 3456 virtus,
918 3392 1141 3453 scilicet,
1167 3392 1479 3445 excitabitur
1502 3393 1555 3445 in
1578 3394 1765 3462 gloria.
1786 3394 1932 3449 Hanc
1954 3390 2133 3450 autem

558 3461 939 3535 exaltationeni
974 3462 1158 3535 videbit
1194 3473 1448 3532 peccator,
1492 3461 1723 3529 scilicet,
1770 3466 1862 3534 qui
1917 3480 2135 3535 przepo-

560 3534 669 3584 suit
698 3532 1207 3605 eaquairv‘identur,
1257 3545 1309 3587 et
1357 3544 1480 3588 tunc
1528 3532 2133 3605 irascetur—cui'jusiius

554 3601 867 3677 quamsibi,
905 3602 1088 3677 dicens
1114 3621 1124 3654 :
1172 3605 1306 3667 Quid
1335 3620 1463 3677 ergo
1490 3606 1684 3675 profuit
1707 3606 1845 3659 nobis
1868 3601 2127 3677 superbia,

592 3671 678 3743 uid
707 3672 1000 3726 divitiarum
1021 3676 1314 3743 jactantia?
1353 3671 1637 3730 umerum
1665 3679 1835 3730 omnia
1874 3671 2128 3731 abierunt;

582 3742 626 3817 it
654 3742 1087 3817 [remetctentibus
1124 3746 1248 3809 suis,
1287 3748 1409 3815 quia
1450 3746 1519 3799 ibi
1547 3748 1640 3799 erit
1669 3750 1819 3817 ﬂetus
1862 3758 1907 3801 et
1944 3749 2133 3802 stridor

560 3812 809 3887 dentium.
861 3812 928 3887 Et
948 3814 1189 3887 tabescet,
1215 3817 1265 3869 id
1297 3812 1400 3881 est,
1427 3831 1491 3870 ex
1525 3812 1768 3887 toto
1812 3820 1997 3874 dolore
2038 3823 2133 3874 de-

564 3882 729 3956 ficiet,
762 3887 854 3939 sed
880 3884 1229 3956 infructuose,
1270 3890 1392 3954 quia
1425 3897 1549 3941 tunc
1579 3882 1891 3956 preiiitentia
1921 3890 2021 3943 erit
2052 3893 2132 3943 in-

556 3951 853 4029 fructuosa.
906 3955 974 4009 Et
998 3956 1118 4010 ideo
1147 3951 1388 4024 tabescit,
1419 3957 1543 4026 quia
1579 3951 1707 4014 tunc
1732 3961 1911 4029 peribit
1932 3961 2132 4014 deside-

545 4024 682 4078 rium
709 4035 1051 4095 peccatorum.

1034 4141 1100 4197 IN
1131 4141 1457 4200 PSALMUM
1486 4141 1642 4200 CXII.

1214 4236 1464 4292 Alleluia.

1152 4340 1532 4384 ARGUIENTUI.

632 4413 711 4469 Ad
740 4414 999 4484 psallendi
1020 4416 1197 4471 officia
1228 4406 1455 4472 instituii
1482 4416 1776 4483 auditores,
1808 4418 2008 4475 docens
2034 4432 2127 4475 eos

558 4486 751 4553 majori
774 4501 898 4543 cura
938 4487 1158 4543 laudare
1186 4499 1434 4557 oportere
1456 4489 1647 4555 Deum,
1690 4491 1816 4558 quia
1846 4492 1915 4544 sit
1939 4501 2125 4545 natura

556 4572 802 4630 magnus,
830 4568 903 4630 et
941 4559 1213 4630 voluntate
1238 4562 1529 4617 benelicus.
1578 4561 1768 4630 Aliter,

552 4629 650 4684 site
678 4630 747 4684 de
768 4629 1013 4685 ﬁdelibus
1033 4629 1161 4687 suis.

1164 4740 1513 4781 EXPLANATIO.

633 4834 799 4889 Verba
820 4837 950 4889 tituli
977 4838 1276 4907 subsequens
1318 4839 1543 4907 psalmus
1571 4838 1793 4907 exponit.
1842 4837 1983 4891 Nam
2006 4853 2123 4891 cum

551 4908 617 4979 sit
638 4906 852 4960 alleluia
880 4909 1091 4963 laudate
1117 4906 1415 4972 Dominum,
1455 4910 1526 4963 ita
1550 4920 1594 4962 et
1618 4906 1723 4978 ipse
1746 4912 1864 4979 fecit
1895 4910 2117 4962 initium.

549 4977 817 5050 Propheta
845 4978 1009 5032 David
1041 4982 1092 5032 in
1118 4980 1282 5049 prima
1312 4990 1457 5050 parte
1484 4977 1763 5033 commonet
1809 4984 2034 5043 devotos,
2065 4990 2121 5033 ut

548 5048 728 5103 laudes
752 5048 968 5122 Domino
986 5048 1179 5122 jugiter
1215 5048 1493 5115 exsolvant,
1541 5060 1585 5103 et
1614 5054 1665 5103 in
1711 5060 1814 5103 toto
1845 5052 1961 5104 orbe
1986 5066 2118 5121 pra:-

550 5128 739 5175 dtcenl.
772 5120 1008 5176 Secunda
1028 5120 1136 5190 ipse
1159 5123 1301 5189 facit,
1327 5122 1464 5190 quod
1492 5122 1620 5174 alios
1650 5131 1838 5175 monet.

1126 5228 1553 5269 COMMENTARIUS.

534 5312 541 5325 '
631 5304 878 5375 Laudate,
897 5307 1060 5376 pueri,
1087 5305 1383 5359 Dominum.
1403 5307 1645 5360 Alleluia.
1664 5306 1928 5361 Psalmuni
1954 5308 2111 5361 istum

563 5377 826 5449 superiori
873 5378 1084 5446 quidam
1134 5378 1203 5430 ita
1254 5378 1569 5432 continuant
1610 5396 1620 5429 :
1678 5379 2112 5449 Quandoquidem

563 5446 712 5513 Cujus
739 5464 829 5500 cur
875 5458 1101 5514 paratum
1128 5458 1174 5501 et
1203 5449 1553 5516 conﬁrmatum
1597 5459 1668 5503 est
1696 5464 1895 5516 sperare
1918 5446 1975 5501 in
2004 5450 2111 5503 Do-

557 5517 739 5589 mino:
768 5518 906 5571 illius
930 5535 1090 5571 cornu
1120 5519 1429 5571 exaltabitur
1457 5522 1508 5571 in
1536 5522 1717 5589 gloria.
1749 5518 1886 5585 Ergo
1912 5520 2112 5573 malitia

559 5587 711 5653 pueri
736 5598 926 5654 estote,
952 5600 1007 5641 iii
1037 5590 1281 5643 sensibus
1312 5587 1694 5655 perfecti'sitis,
1718 5598 1771 5645 et
1798 5604 1875 5643 Sic
1902 5590 2111 5643 laudate

556 5656 859 5711 Dominum.
917 5661 1151 5724 Qualiter
1206 5668 1380 5713 autem
1447 5662 1754 5714 laudaturus
1806 5662 1881 5712 sic
1934 5661 2104 5713 dicit:

552 5726 785 5799 Laudate
804 5743 985 5781 nomen
1010 5730 1231 5782 Domini.
1260 5732 1508 5799 Quisquis
1538 5733 1782 5786 idoneum
1810 5747 2017 5784 servum
2050 5746 2108 5787 se

522 5804 525 5807 ’
551 5798 698 5871 facit,
731 5800 817 5871 ille
836 5798 1019 5871 laudat
1062 5816 1249 5855 nomen
1280 5798 1510 5871 Doiii’ini,
1539 5811 1589 5854 et
1622 5805 1683 5853 sit
1718 5818 1928 5871 semper
1958 5804 2103 5855 bene-

548 5870 770 5939 dictum,
799 5868 851 5925 id
879 5879 992 5937 θδῑ,
1026 5873 1299 5925 adauctum
1350 5870 1403 5925 in
1455 5874 1602 5927 vobis
1649 5868 1851 5927 nomeif
1873 5874 2097 5929 Domini.

1057 346 1257 412 BENE
1300 350 1749 411 VENICRABILIS
1785 352 1934 409 OPP.
1976 350 2150 410 PARS
2188 352 2250 407 II.
2293 351 2489 407 SECT.
2534 343 2595 406 ll.
2627 380 2695 392 —
2736 351 2939 408 DUBIA
2984 350 3072 408 ET
3111 351 3379 411 SPURIA.

2162 478 2214 535 Α
2239 470 2446 535 Quanto
2471 469 2612 523 enim
2642 472 2871 526 servitus
2901 473 2952 527 in
2984 473 3137 527 nobis
3163 472 3633 541 multiplicabitur,
3672 482 3833 529 tanto

3683 352 3832 411 1040

2240 556 2431 613 nomen
2461 541 2577 613 ejus
2598 541 2649 594 in
2682 542 2836 596 nobis
2866 554 3107 613 augetur.
3141 543 3207 598 Et
3238 545 3351 598 haec
3380 544 3697 599 benedictio
3726 560 3829 599 no-

2237 612 2395 665 minis
2421 615 2536 679 ejus
2557 612 2775 681 incipiat
2796 630 2857 667 ex
2878 612 2971 668 hoc
2994 623 3255 683 tempore,
3282 616 3356 670 ita
3376 624 3432 669 ut
3451 633 3610 681 nunc,
3631 616 3690 669 id
3723 626 3833 681 at,

2238 682 2475 747 indilate,
2508 683 2629 752 quia
2681 683 2772 754 qui
2818 687 3061 753 promisit
3104 682 3312 741 veniam
3365 690 3671 754 paenitenti,
3718 702 3835 742 non

2238 754 2481 822 promisit
2527 754 2673 828 diem
2713 756 3008 828 crastinum
3054 757 3425 812 dissimulanti.
3464 757 3528 810 Et
3563 774 3837 828 persevc-

2238 835 2321 878 ret
2352 840 2505 893 usque
2534 825 2587 877 in
2614 826 2878 890 sarculum,
2910 828 2958 880 id
2991 839 3072 881 est
3100 831 3151 880 in
3181 838 3460 883 aeternum.
3495 825 3692 883 Et'liat
3724 845 3835 884 non

2239 894 2291 948 in
2342 896 2507 948 altero
2557 897 2751 964 populo
2802 906 3026 959 tantum.
3060 899 3152 953 sed
3200 899 3251 951 iii
3300 910 3554 965 utroque;
3592 902 3704 954 lioc
3753 910 3840 954 est

2235 966 2375 1033 quod
2404 966 2532 1021 dicit
2557 985 2567 1018 :
2604 966 2807 1021 Nomen
2837 969 2953 1036 ejus
2987 970 3056 1023 sit
3084 970 3341 1023 laudabile
3368 987 3400 1023 α
3427 972 3554 1024 solis
3587 980 3713 1024 ortu
3746 989 3837 1023 us-

2273 1053 2332 1089 ue
2358 1037 2425 1088 ad
2462 1052 2717 1104 occasum,
2750 1039 2800 1092 id
2830 1050 2932 1103 est,
2965 1040 3014 1091 iii
3044 1038 3267 1094 Iudaico
3296 1051 3348 1095 et
3382 1042 3568 1109 gentili
3601 1042 3835 1110 populo.

2273 1053 2332 1089 ue
2358 1052 2424 1088 aa
2462 1052 2717 1104 occasum,
2750 1052 2800 1092 iu
2830 1052 2932 1103 est,
2965 1056 3014 1091 iii
3044 1052 3267 1094 Iudaico
3296 1052 3348 1095 et
3382 1052 3568 1109 gentili
3601 1052 3835 1110 populo.

2233 1052 2337 1181 ἕως
2364 1116 2538 1161 ortum
2566 1110 2707 1163 enim
2738 1110 2865 1163 solis
2893 1110 3064 1164 iudici
3097 1110 3463 1179 designantur,
3496 1114 3707 1179 quibus
3741 1128 3839 1181 per

2237 1177 2367 1252 legis
2416 1189 2679 1248 praecepta
2711 1182 2947 1250 cognitio
2979 1177 3240 1249 veritatis,
3272 1190 3327 1236 et
3357 1185 3435 1235 sol
3483 1177 3721 1252 justitite
3742 1177 3754 1181 ’
3776 1186 3837 1236 il-

2238 1248 2485 1324 luxerat:
2517 1266 2608 1316 per
2638 1248 2886 1324 occasum
2913 1266 3038 1306 vero
3059 1254 3281 1321 gentiles
3306 1248 3712 1324 intelliguntur,
3742 1257 3836 1322 qui

2238 1318 2290 1371 in
2324 1333 2517 1393 occasu
2548 1323 2659 1375 veri
2704 1322 2830 1376 solis
2872 1318 3197 1393 erantfquia
3228 1318 3836 1380 creaturze'creatorein

2238 1392 2650 1457 postponebant.

2311 1459 2557 1536 Excelsus
2588 1479 2741 1536 super
2772 1480 2944 1536 omnes
2974 1464 3443 1536 gentesgDominus.
3473 1466 3606 1521 Ideo
3636 1466 3836 1522 merito

2238 1546 2430 1606 nomen
2467 1533 2674 1606 Domini
2708 1535 2947 1589 laudatur
2975 1533 3031 1590 et
3062 1538 3114 1589 in
3144 1535 3341 1590 Judzeis
3370 1547 3425 1593 et
3453 1540 3505 1591 in
3550 1539 3833 1606 gentibus,

2236 1603 2359 1674 quia
2389 1601 2640 1657 Dominus
2663 1615 2744 1657 est
2772 1606 2997 1659 excelsus
3030 1622 3133 1661 non
3168 1617 3367 1662 tantum
3391 1601 3832 1674 super'Judxos,

2236 1673 2331 1726 sed
2362 1689 2512 1744 super
2542 1690 2713 1728 omnes
2743 1687 2933 1745 gentes.
2970 1678 3037 1731 Et
3070 1680 3189 1743 quia
3225 1693 3408 1745 parum
3441 1673 3593 1733 esset
3625 1689 3835 1733 tantum

2241 1757 2400 1821 super
2446 1753 2659 1821 gentes,
2693 1748 2809 1821 ideo
2851 1748 3039 1821 addit;
3071 1747 3139 1821 Et
3181 1750 3345 1819 gloria
3385 1754 3499 1821 ejus
3544 1760 3635 1805 est
3681 1769 3837 1819 super

2241 1814 2410 1881 cazlos,
2445 1815 2496 1869 id
2547 1818 2804 1889 est,jipse
2845 1814 2925 1871 est
2974 1814 3233 1888 gloriosiis
3264 1836 3368 1875 non
3403 1814 3625 1876 iautum
3674 1814 3840 1889 super

2241 1895 2445 1952 gentes,
2481 1887 2581 1959 sed
2607 1886 2768 1940 etiam
2797 1903 2958 1955 super
2979 1886 3253 1945 caelestem
3284 1902 3621 1957 creaturam,
3651 1894 3701 1946 id
3733 1886 3834 1959 est,

2243 1970 2404 2023 super
2433 1958 2707 2025 angelicos
2738 1960 2980 2027 spiritus.
3024 1962 3087 2014 Et
3137 1964 3330 2016 merito
3376 1964 3554 2033 (quasi
3589 1964 3758 2033 dicat)
3786 1958 3837 2017 et

2244 2041 2403 2102 super
2446 2036 2652 2096 gentes,
2685 2038 2739 2083 et
2781 2045 2941 2102 super
2982 2034 3147 2085 ctelos
3193 2042 3275 2086 est
3321 2034 3496 2101 gloria
3537 2034 3688 2102 ejus,
3716 2037 3834 2102 quia

2245 2100 2359 2164 ipse
2388 2103 2533 2151 soliis
2562 2114 2690 2154 vere
2738 2110 2818 2153 est
2860 2100 3133 2156 Dominus.
3171 2104 3296 2167 Quis
3330 2100 3484 2158 enim
3526 2100 3694 2159 aliter
3728 2100 3834 2158 Do-

2244 2168 2411 2221 minus
2442 2170 2519 2222 sic
2564 2170 2866 2224 dominatur
2906 2173 3033 2225 sicut
3062 2172 3202 2227 Deus
3243 2177 3451 2229 noster?
3483 2176 3554 2229 Et
3603 2179 3834 2231 ostendit

2243 2240 2509 2311 quomodo
2544 2240 2680 2311 Deus
2711 2252 2891 2297 noster
2912 2243 3212 2299 dominetur
3239 2245 3425 2300 dicens
3457 2264 3472 2299 :
3504 2247 3619 2311 Qui
3648 2249 3833 2301 habitat

2243 2310 2482 2385 in_altis,
2516 2310 2567 2385 id
2620 2322 2730 2379 est,
2760 2315 2847 2379 qui
2896 2313 3237 2369 iuliabitaiido
3286 2316 3410 2371 facit
3461 2321 3637 2373 altos.
3687 2318 3831 2385 Quod

2242 2379 2392 2454 enim
2428 2383 2672 2435 caelestes
2711 2384 2927 2451 spiritus
2976 2390 3319 2453 perstiterunt
3354 2390 3405 2441 in
3438 2379 3832 2454 v°eritate:boc

2243 2466 2347 2503 non
2382 2451 2692 2526 habuerunt
2720 2470 2783 2507 ex
2815 2470 2897 2521 se,
2927 2451 3019 2509 sed
3050 2472 3114 2512 ex
3148 2457 3264 2526 ejus
3296 2451 3725 2514 iiihabiiatione.
3772 2462 3832 2514 Et

2244 2536 2348 2597 non
2373 2526 2543 2576 solum
2577 2524 2767 2577 habitat
2796 2527 2848 2597 in
2877 2528 3015 2597 altis,
3041 2529 3134 2582 scil
3162 2524 3318 2583 etiam
3344 2531 3560 2595 respicit
3592 2532 3825 2597 humilia,

2244 2592 2293 2669 id
2326 2602 2430 2659 est,
2461 2606 2737 2669 respectus
2781 2596 2898 2665 ejus
2928 2596 3056 2650 facit
3101 2600 3349 2654 humiles.
3377 2592 3519 2663 Quia
3553 2592 3827 2669 respectus

2243 2662 2358 2735 ejus
2384 2675 2464 2716 est
2493 2662 2696 2719 incocto
2733 2677 2779 2720 et
2811 2662 2871 2720 in
2919 2678 3070 2733 terra,
3105 2670 3153 2723 id
3185 2678 3286 2735 est,
3320 2662 3573 2726 interiori
3604 2662 3827 2727 rationa-

2243 2733 2332 2787 bili
2364 2744 2629 2810 creatura,
2656 2740 2793 2810 etin
2824 2739 3055 2806 praelatis
3096 2742 3231 2794 alios
3270 2733 3738 2810 eompluentibus,
3776 2745 3826 2798 id

2242 2813 2344 2868 est,
2375 2807 2425 2858 in
2452 2806 2588 2883 coelo
2619 2816 2672 2861 et
2714 2809 3045 2883 in_su_bditis,
3066 2810 3171 2883 qui
3202 2806 3561 2880 designantur
3592 2830 3689 2883 per
3718 2806 3822 2869 ies-

2242 2890 2353 2956 i‘aiii
2386 2879 2730 2956 complutaiit.
2756 2879 2827 2956 Et
2856 2881 2957 2956 h_oc
2982 2892 3035 2935 et
3061 2882 3114 2947 in
3144 2879 3345 2956 Iudaeis
3368 2886 3513 2956 etin
3545 2879 3821 2956 gentibus;

2244 2950 2345 3000 hoc
2370 2956 2454 3001 est
2485 2948 2625 3021 quod
2665 2950 2833 3005 dicit:
2862 2950 3127 3006 Suscitans
3166 2954 3391 3019 inopem,
3421 2954 3480 3009 id
3510 2948 3621 3021 est,
3650 2948 3824 3011 Judaié

2240 3031 2361 3070 cum
2406 3019 2677 3087 populum,
2704 3024 2792 3090 qui
2836 3036 2935 3077 nec
2980 3038 3072 3091 per
3103 3022 3324 3079 liberum
3377 3019 3700 3091 arbitrium,
3729 3043 3823 3084 nec

2244 3103 2335 3154 per
2377 3090 2609 3168 carnalia
2652 3092 2893 3148 instituta
2932 3090 3131 3168 salvari
3164 3104 3392 3163 poterat,
3421 3107 3483 3151 et
3514 3099 3643 3154 ideo
3675 3090 3822 3168 inops

2242 3168 2373 3211 erat.
2399 3159 2550 3235 Illum
2576 3162 2789 3235 inopem
2812 3165 3031 3219 suscitat
3060 3159 3313 3221 Dominus
3337 3184 3371 3221 a
3401 3178 3561 3232 terra,
3598 3170 3655 3223 id
3681 3159 3822 3235 est,a

2244 3230 2472 3304 terrenis
2501 3232 2802 3301 desideriis,
2849 3236 3040 3304 quibus
3066 3240 3385 3302 inhaerebat,
3417 3230 3673 3295 faciendo
3704 3230 3821 3295 eum

2240 3300 2441 3373 bonum
2483 3303 2715 3371 inopem,
2748 3300 2799 3359 id
2828 3300 2927 3373 est,
2963 3308 3237 3373 humilem,
3267 3300 3403 3364 nihil
3433 3314 3504 3366 de
3532 3314 3703 3366 libero
3741 3327 3825 3366 ar-

2241 3371 2399 3426 bitrio
2425 3382 2479 3449 et
2504 3373 2572 3449 de
2604 3374 2815 3449 legibus
2841 3371 3095 3432 institutis
3126 3371 3557 3447 praesumentem.
3585 3381 3660 3433 Et
3688 3400 3824 3449 pmi-

2242 3459 2432 3511 perem,
2466 3444 2517 3497 id
2546 3448 2925 3521 es_t,_gentilem
2975 3444 3222 3519 populum
3264 3451 3318 3506 in
3350 3454 3629 3507 virtutibus
3679 3444 3818 3521 pau-

2240 3526 2503 3589 peraium,
2536 3516 2693 3584 erigit
2722 3534 2816 3587 per
2845 3516 3003 3573 [idem
3044 3516 3111 3574 de
3138 3531 3376 3589 stercore,
3411 3525 3459 3577 id
3490 3534 3590 3587 est,
3619 3516 3698 3578 de
3732 3526 3819 3579 in-

2243 3585 2503 3665 lidelitate
2548 3585 2883 3665 idololatriae,
2919 3593 2969 3644 in
3001 3606 3104 3661 qua
3145 3585 3372 3648 fmtidus
3388 3585 3627 3664 jacebat.
3656 3596 3819 3665 Erigit

2241 3658 2364 3738 (lico
2386 3657 2452 3709 ad
2484 3664 2681 3738 tantam
2709 3657 3041 3729 dignitatem,
3067 3672 3122 3715 ut
3146 3665 3355 3720 collocat
3384 3657 3502 3719 cum
3535 3683 3654 3719 cum
3682 3657 3819 3738 prii!-

2238 3728 2539 3808 cipibus,_id
2570 3738 2682 3795 est,
2723 3728 2787 3784 ut
2824 3745 3236 3808 coiicorporaret
3284 3752 3409 3791 eum
3460 3728 3812 3808 principibus,

2240 3812 2343 3877 non
2369 3800 2792 3877 quibuscunque,
2814 3804 2908 3877 sed
2931 3800 3244 3874 principibus
3267 3800 3475 3877 populi,
3500 3807 3558 3862 id
3583 3800 3692 3876 esi,
3720 3800 3816 3862 illis

2239 3870 2397 3947 etiam
2431 3874 2778 3948 principibus,
2812 3875 2901 3941 qui
2931 3870 3140 3948 summi
3179 3870 3305 3931 sunt
3334 3870 3404 3931 "in
3450 3870 3817 3948 populo-gra-

2239 3946 2343 4018 tiae,
2373 3942 2462 4018 qui
2487 3943 2787 4018 Specialiter
2808 3954 3065 4018 suusest,
3094 3946 3146 4001 id
3174 3956 3277 4014 est,
3300 3942 3507 4003 sanctis
3526 3942 3813 4018 apostolis.

2237 4012 2765 4087 Augustinumeniiii
2810 4024 2865 4070 et
2909 4012 3289 4087 Hieronymum
3335 4019 3497 4074 Petro
3551 4012 3608 4075 et
3656 4022 3816 4075 Paulo

2236 4083 2664 4162 cpiicorporavit.
2697 4086 2985 4162 lpsedico,
3013 4083 3227 4162 qui'per
3269 4090 3408 4145 bane
3449 4105 3814 4162 concorpora-

2237 4152 2465 4231 tionem.
2488 4152 2748 4231 sterileiu',
2777 4158 2828 4211 id
2870 4168 2979 4223 est,
3009 4152 3297 4231 Ecclesiam
3326 4162 3393 4216 de
3435 4152 3715 4231 gentibus,
3754 4164 3815 4217 de

2234 4237 2334 4302 qua
2387 4224 2535 4291 prius
2584 4226 2784 4281 dictum
2825 4237 2907 4302 est
2940 4246 2951 4280 :
2994 4229 3218 4302 Lwtare,
3248 4224 3461 4286 sterilis:
3496 4224 3731 4302 Erumpe
3769 4247 3812 4287 et

2233 4293 2421 4375 clama,
2441 4311 2552 4375 qua:
2582 4311 2682 4375 non
2710 4300 2965 4375 parturis;
2996 4301 3151 4375 hane,
3164 4293 3408 4375 inquam,
3429 4293 3679 4357 sterilem'
3697 4307 3811 4375 facit

2233 4364 2488 4418 (celantem
2518 4364 2747 4424 habitare
2792 4372 2848 4423 in
2896 4372 3075 4437 domo,
3124 4364 3175 4427 id
3203 4364 3305 4438 est,
3359 4364 3413 4427 in
3456 4364 3709 4430 Ecclesia
3744 4382 3809 4430 la-

2232 4445 2373 4515 ctam
2389 4448 2620 4515 _i_na_trein
2653 4442 2947 4515 multorum
2997 4444 3239 4511 ﬁliorum.
3268 4445 3403 4511 Quia
3434 4456 3493 4499 ut
3522 4449 3809 4515 Apostolus

2233 4508 2306 4586 ait
2333 4525 2343 4559 :
2378 4507 2533 4586 Multi
2564 4511 2661 4578 ﬁlii
2693 4512 2903 4568 deserta:
2931 4507 3113 4584 magis,
3148 4507 3313 4583 quam'
3342 4519 3455 4586 ejus
3495 4507 3619 4585 quia
3669 4520 3810 4572 habet

1819 4576 1921 4615 VOX
1945 4562 2124 4616 Εεοίθ·
2150 4594 2203 4654 D
2231 4582 2412 4654 virum.
2447 4562 2656 4637 Dictiiiii
2679 4562 2990 4639 adiéiﬂiic
3130 4562 3194 4640 ajd
3225 4602 3340 4641 eain
3361 4562 3801 4653 similitudinem,

2229 4652 2352 4725 quia
2390 4666 2583 4725 uxores
2629 4654 2730 4707 illa:
2761 4672 2879 4724 qua:
2916 4672 3022 4709 non
3048 4659 3255 4725 pariunt
3303 4658 3465 4725 filios,
3499 4675 3610 4715 non
3646 4652 3805 4715 totam

2228 4724 2406 4799 dotem
2439 4723 2714 4799 obtinent;
2745 4723 2849 4799 illae
2892 4723 3068 4781 autem
3112 4744 3230 4797 qua:
3272 4723 3513 4799 pariunt,
3555 4742 3609 4787 et
3640 4740 3804 4789 totam

2225 4792 2403 4847 dotem
2435 4796 2729 4864 possident,
2757 4808 2808 4851 et
2840 4798 2891 4851 in
2921 4798 3081 4853 domo
3110 4792 3341 4855 manent.

2687 4910 2752 4964 IN
2792 4910 3113 4969 PSALMUM
3151 4914 3331 4970 CXIII.

2889 5006 3131 5063 Alleluia.

2826 5112 3198 5156 ARGUMENTUI.

2294 5188 2684 5244 Recordatiuiie
2742 5191 3035 5260 priscorum
3087 5203 3357 5262 gestorum
3414 5195 3481 5249 ad
3558 5199 3803 5253 notitiam

2220 5261 2437 5335 deitatis
2479 5264 2747 5317 auditores
2797 5264 3053 5335 instituit,
3090 5261 3143 5318 et
3186 5265 3440 5335 suﬂragio
3488 5266 3799 5324 divinorum

2221 5332 2595 5387 beiielicioriiiii
2629 5334 3046 5389 exsecrationem
3090 5332 3666 5394 eoneiliatidolorum.
3706 5342 3802 5395 Lo-

2216 5404 2394 5472 quitur
2443 5414 2619 5477 auteiii
2664 5421 2726 5457 ex
2778 5420 3004 5474 persona
3050 5408 3260 5475 pepuli,
3292 5408 3547 5477 ipsosque
3597 5413 3803 5466 inducit

2214 5485 2399 5552 mutuo
2439 5476 2539 5552 sibi
2583 5479 2946 5552 conferentes,
2968 5480 3161 5545 quibus
3191 5482 3337 5552 quasi
3385 5476 3676 5552 principiis
3716 5485 3799 5538 di-

2216 5546 2335 5600 vina
2362 5549 2499 5616 apud
2528 5560 2621 5601 eos
2648 5550 2845 5617 agnitio
2866 5549 3175 5619 culturaque
3197 5546 3507 5606 adoleverit.

2827 5656 3181 5696 EXPLANATIO.

2285 5735 2427 5808 Sicut
2455 5752 2516 5788 ex
2556 5736 2763 5789 (lircrsis
2796 5737 2988 5788 actibus
3035 5736 3146 5789 laus
3190 5738 3362 5790 divina
3401 5739 3690 5808 colligitur,
3731 5742 3801 5791 ita

2211 5817 2254 5879 et
2285 5806 2492 5879 alleluia
2525 5808 3087 5879 rariisAmirrationibus
3126 5820 3174 5861 et
3205 5810 3416 5879 negotiis
3460 5806 3800 5877 competenti-

2209 5876 2299 5929 bus
2328 5877 2633 5944 applicatur.
2667 5876 2757 5931 Est
2789 5881 2920 5933 cnim
2950 5880 3158 5933 intentio
3188 5876 3373 5949 psalmi
3400 5876 3583 5949 istius,
3606 5888 3665 5933 tit
3698 5883 3800 5937 ini-
