4006 6364
238 322 370 378 1041

973 314 1036 369 IN
1080 312 1499 371 I’SALMORUM
1538 310 1793 369 LIBRUM
1834 309 2199 370 EXEGESIS.
2235 340 2303 353 —-
2340 310 2584 368 PSALM.
2625 308 2807 367 CXIII.

3350 308 3493 367 1οη

237 438 307 488 tio
350 434 591 490 llebrairi
620 434 795 498 papuli
827 448 1127 505 pt’t‘Atttttqtta
1158 431 1406 505 miracu'a
1450 430 1815 505 plenitudinem
1843 431 1894 490 Δ
1921 440 2039 497 est,
2080 435 2336 489 mundum
2378 436 2466 505 qui
2497 449 2621 490 vere
2652 435 3119 505 praecipitabantur
3147 434 3341 491 habent
3368 443 3495 493 ante

234 508 384 577 legis,
409 508 497 577 qui
519 516 589 560 est
626 505 878 577 Dominus
892 502 1128 577 Christus
1155 504 1344 555 mundo
1375 502 1656 577 priestilunt
1688 518 1818 554 nun-

234 573 527 645 tiaret,’per
571 592 699 645 quas
744 574 1312 645 similitudinesrerum
1350 583 1399 625 et
1442 573 1589 645 hodie
1633 589 1823 626 unum-

232 641 485 718 quemque
532 641 734 702 liberari
782 646 1030 713 approbat
1069 641 1453 718 _Cltristianum.
1506 643 1607 697 Per
1660 653 1823 697 totum

236 714 490 790 psalmum
514 720 757 790 propheta
789 718 1029 790 loquitur:
1057 714 1233 790 Primo
1254 718 1404 790 modo
1430 727 1820 790 commemorat,

235 787 359 855 quia
398 787 649 845 miracula
692 788 939 842 Dominus
976 787 1203 841 Hebrwis
1234 789 1519 857 priestiterit
1553 795 1600 841 et
1631 788 1824 854 populo

236 862 551 917 Christiano.
591 861 829 918 Secundo
860 861 950 912 sub
995 859 1390 927 interrogatione
1422 859 1577 922 dicit,
1610 873 1701 910 cur
1739 860 1825 925 fu-

271 939 369 987 erit
400 950 554 997 mare,
585 948 739 1001 quare
779 947 983 984 cursum
1012 947 1161 984 suum
1190 928 1437 984 Jordanis
1482 930 1826 1001 abstinuerit?

271 952 369 987 er“
400 952 554 997 mare,
585 952 739 1001 quare
779 952 983 984 cursum
1012 952 1161 984 suum
1190 952 1437 984 Jaraams
1482 952 1824 983 aasunueru.’

234 952 638 1075 glesponsionem
686 1003 1023 1073 gratissimam
1060 1004 1319 1075 iungens,
1356 1018 1388 1053 a
1420 1002 1563 1075 facie
1612 999 1824 1075 Domini

234 1072 427 1129 terram
466 1077 620 1143 fuisse
677 1072 999 1126 commotam.
1050 1072 1226 1127 Tertio
1275 1074 1553 1126 simulacra
1597 1072 1825 1143 gentium

232 1149 440 1201 inutilia
466 1139 783 1199 demonstrat
810 1144 1165 1198 adoratoribus
1185 1146 1311 1206 suis,
1338 1155 1381 1196 et
1411 1139 1824 1211 religio'Domini

232 1235 394 1286 quam
414 1219 476 1270 sit
502 1219 666 1271 vitalis
690 1228 737 1270 et
778 1216 1111 1271 saluberrima
1140 1217 1361 1286 propriis
1391 1213 1673 1268 cultoribus
1703 1228 1825 1267 con-

230 1298 499 1361 sequenter
518 1290 746 1360 exponit.

818 1394 1248 1437 COMIENTARIUS.

307 1494 379 1549 In
421 1495 560 1549 exitu
601 1494 770 1549 Israel
798 1494 860 1548 de
889 1492 1145 1566 zEgypto.
1170 1494 1413 1551 Alleluia.
1447 1494 1701 1565 Legimus
1743 1495 1824 1551 Is-

229 1566 533 1621 raeliticum
582 1566 834 1635 populum
864 1566 930 1620 de
960 1566 1275 1635 Aigyptiaca
1318 1566 1577 1621 servitute
1624 1566 1824 1622 libera-

233 1649 373 1703 tum,
404 1652 498 1705 per
526 1654 672 1691 mare
698 1635 933 1691 Rubrum
964 1646 1018 1692 et
1048 1654 1144 1706 per
1166 1638 1452 1692 Jordanem
1486 1638 1823 1693 exsiccatum

235 1710 563 1764 traductum.
596 1708 747 1776 Quod
782 1708 1042 1779 propheta
1072 1709 1279 1763 videtur
1307 1710 1392 1763 hic
1421 1720 1688 1777 repetere,
1718 1724 1824 1764 non

1927 506 2144 559 vultum.
2173 506 2330 561 Tales
2351 520 2561 573 quoque
2584 508 2825 562 videntes
2856 509 3001 563 illum
3026 516 3132 562 tam
3156 516 3487 561 constantem

1926 578 2126 631 exitum
2163 578 2557 643 concutiuntur,
2590 588 2643 634 et
2686 579 2855 634 linunt
2882 590 3199 642 retrorsum,
3231 578 3299 632 ita
3332 576 3498 633 Crea-

1926 656 2097 701 torem
2139 649 2367 703 habeant
2414 659 2539 703 ante
2569 650 2790 705 vultum.
2826 651 2967 706 Mare
3019 666 3144 705 vero
3174 658 3494 717 retrorsum,

1926 718 1979 788 id
2010 727 2111 781 est,
2145 721 2397 775 mundum
2432 730 2551 788 post
2581 723 2796 775 dorsum
2829 721 3150 786 habuerunt,
3182 736 3367 776 eorum
3397 719 3500 775 sci-

1928 787 2055 843 licet
2078 805 2201 863 qure
2225 802 2371 863 retro
2397 787 2521 845 sunt
2551 792 2720 856 obliti,
2754 794 2805 847 in
2834 808 2895 847 ea
2927 809 3053 848 vero
3076 808 3194 863 qua:
3223 802 3347 846 ante
3376 800 3505 847 sunt

1928 864 2159 932 extensi.
2194 862 2423 917 Intendit
2465 874 2665 929 autem,
2710 874 2769 918 ut
2815 865 3047 921 breviter
3096 862 3328 926 dicatur,
3371 877 3504 932 pro-

1928 929 2087 1004 pheta
2119 933 2312 987 docere
2356 942 2409 987 et
2459 935 2733 989 exhortari
2781 950 2876 991 nos
2925 936 2975 989 iii
3029 937 3127 989 hoc
3173 929 3397 1004 psalmo,
3439 939 3507 1004 ut

1931 1002 2250 1070 posthabitis
2282 1004 2682 1069 impedimentis
2726 1007 2975 1061 omnibus
3001 1009 3153 1062 exire
3177 1002 3250 1060 de
3280 1005 3379 1059 hac
3410 1002 3507 1059 tE-

1931 1082 2093 1143 gypto
2125 1076 2466 1141 festinemus;
2500 1092 2587 1139 ne,
2620 1087 2675 1131 ut
2706 1078 3017 1143 praedictum
3064 1088 3167 1139 est,
3195 1080 3362 1130 simus
3402 1076 3506 1131 du-

1930 1155 2113 1214 centes
2139 1148 2321 1214 jugnm
2364 1162 2482 1201 cum
2517 1148 2839 1214 inlidelibus,
2866 1158 2920 1204 et
2950 1150 3077 1202 dicit
3124 1150 3192 1203 ita
3222 1168 3232 1201 :
3267 1148 3334 1200 In
3365 1149 3505 1200 exitu

1930 1212 2099 1288 Israel
2128 1212 2474 1287 dc'zEgypto,
2510 1220 2607 1273 hoc
2654 1230 2735 1272 est
2774 1212 2893 1275 cum
2926 1220 3116 1288 aliquis
3163 1222 3346 1273 volens
3390 1217 3507 1273 fieri

1931 1284 2097 1341 Israel
2120 1330 2137 1361 ._
2176 1284 2379 1361 id_est,
2408 1291 2589 1361 volens
2635 1290 2817 1345 venire
2859 1292 2925 1345 ad
2975 1284 3067 1345 Dei
3118 1291 3503 1361 cognitionem,

1862 1354 1871 1417 Ϊ
1930 1369 2085 1431 exeat
2112 1359 2177 1413 tle
2204 1358 2459 1431 Egypto.
2495 1360 2557 1415 Et
2585 1362 2633 1414 in
2666 1361 2809 1415 exitu
2834 1363 3011 1416 domus
3036 1354 3286 1415 Jacobvde
3314 1354 3506 1429 populo

1932 1427 2168 1502 barbaro,
2199 1430 2249 1484 id
2282 1427 2387 1497 est,
2418 1447 2536 1484 cum
2573 1432 2662 1485 ille
2692 1433 2828 1486 idem
2858 1432 2967 1502 jam
3012 1427 3358 1499 spiritualiter
3384 1445 3507 1496 per-

1932 1500 2114 1571 tinens
2142 1502 2207 1555 ad
2240 1502 2426 1567 Jacub,
2455 1505 2623 1557 exiret
2650 1503 2716 1557 de
2744 1500 2939 1571 populo
2968 1504 3215 1565 barbaro,
3247 1512 3302 1555 nt
3344 1515 3509 1571 supra

1930 1568 2133 1644 dictum
2172 1583 2272 1628 est.
2308 1574 2444 1627 Ecce
2476 1574 2609 1640 facta
2652 1584 2725 1628 est
2746 1568 2941 1629 'Ju'dtea
2982 1575 3316 1642 sanctiﬁcatio
3360 1568 3499 1644 ejus.

1931 1642 2061 1706 Quia
2111 1642 2239 1697 ﬁdes
2272 1660 2363 1699 cor
2390 1644 2505 1712 ejus
2535 1646 2889 1708 circumcidit,
2920 1656 2974 1700 et
3002 1644 3269 1701 confessio
3310 1642 3505 1715 purga-

1932 1715 2027 1766 vit.
2064 1715 2122 1766 lit
2155 1715 2342 1779 Israel,
2374 1716 2424 1768 id
2470 1726 2569 1779 ειμι,
2604 1715 2893 1771 Israelitica
2940 1726 3077 1771 terra
3127 1716 3260 1769 facta
3290 1726 3372 1770 est
3415 1731 3508 1781 po-

233 1790 296 1858 tit
332 1780 621 1858 historiam
673 1780 1153 1858 na_rrai_is,_sed_ad
1179 1779 1549 1858 _allegoricum
1597 1795 1815 1858 sensum
1848 1798 1896 1857 Β
1932 1792 2085 1839 testas
2114 1789 2243 1855 ejus,
2274 1787 2393 1854 quia
2439 1803 2559 1840 cum
2604 1788 2748 1858 prius
2793 1789 2843 1841 in
2876 1787 3107 1858 Algypto
3144 1796 3288 1843 esset
3334 1779 3508 1854 impo-

228 1850 488 1905 invitans.
523 1850 638 1905 Non
664 1852 807 1906 enim
839 1851 1028 1919 legitur
1058 1851 1112 1905 in
1140 1851 1358 1905 historia
1388 1852 1476 1905 illa
1524 1851 1810 1906 Jordanem

229 1930 383 1978 retro
412 1920 651 1986 ﬂuxisse,
676 1922 769 1976 sed
801 1924 1044 1986 stetisse;
1079 1937 1250 1989 neque
1280 1921 1474 1989 legitur
1496 1922 1568 1976 ibi
1603 1935 1811 1977 montes

230 2003 295 2049 ut
334 1994 548 2060 arietes,
576 1992 663 2048 vel
700 1993 867 2048 colles
904 1994 1039 2047 sicut
1080 2007 1247 2064 agnos
1275 1994 1453 2047 ovium
1492 1994 1809 2049 exsultasse.

227 2064 587 2120 Attendamus
628 2080 753 2134 ergo
781 2064 905 2134 quid
953 2065 1360 2127 admoneamur,
1395 2064 1515 2132 quia
1564 2075 1618 2119 et
1665 2065 1803 2119 facta

228 2135 328 2191 illa
370 2144 567 2190 nostrae
604 2136 784 2205 ﬁgura:
829 2144 973 2198 sunt,
998 2143 1053 2189 et
1099 2136 1213 2189 haec
1241 2136 1402 2199 dicta,
1431 2144 1489 2189 ut
1538 2150 1635 2189 nos
1666 2137 1811 2205 ipsas

227 2221 704 2276 recognoscamus,
748 2206 1122 2262 exhortantur.
1169 2206 1301 2273 Quia
1349 2208 1396 2261 si
1448 2206 1601 2261 ﬁrmo
1651 2208 1812 2264 corde

229 2278 588 2334 retinebimus
612 2277 835 2348 gratiam
880 2277 996 2341 Dei,
1023 2292 1143 2345 quae
1172 2291 1299 2346 erga
1328 2293 1426 2332 nos
1457 2277 1594 2331 iacta
1624 2288 1725 2343 est,
1759 2288 1813 2332 et

231 2349 659 2404 misericordiam
684 2365 802 2417 quas
828 2348 983 2403 nobis
1010 2348 1243 2402 exhibita
1276 2357 1378 2413 est,
1409 2349 1573 2403 Israel
1602 2364 1809 2417 sumus,

234 2420 361 2491 quia
392 2420 613 2491 vestigia
658 2421 780 2475 ﬁdei
810 2420 976 2490 patris
1003 2420 1171 2474 nostri
1204 2419 1477 2491 Abraham
1515 2421 1809 2490 imitamur,

230 2490 289 2547 et
318 2506 502 2547 sumus
530 2490 713 2547 Jacob.
749 2493 841 2547 llle
870 2499 1047 2547 autem
1097 2492 1317 2560 populus
1351 2490 1541 2546 merito
1573 2491 1814 2557 perfidiae

235 2566 555 2632 reprobatus
600 2563 829 2634 pertinet
874 2563 940 2616 ad
991 2562 1151 2617 Esau.
1186 2561 1460 2634 sEgyptus
1498 2576 1665 2634 vero,
1691 2577 1811 2630 qua:

237 2636 454 2689 tenebrat
501 2634 585 2689 vel
632 2636 834 2706 afﬂictio
882 2636 1281 2706 interpretatur,
1328 2634 1381 2688 in
1439 2633 1606 2706 ﬁgura
1656 2633 1812 2702 hujus

237 2706 423 2760 mundi
457 2704 707 2773 ponitur":
743 2706 810 2761 de
838 2721 945 2776 quo
971 2705 1277 2776 specialiter
1308 2704 1665 2759 recedendum
1698 2716 1809 2771 est,

235 2792 307 2831 ne
335 2778 502 2833 simus
531 2779 714 2849 iugum
741 2775 1145 2849 ducentescum
1169 2775 1493 2849 infidelibus.
1522 2776 1611 2830 Sic
1632 2786 1812 2849 autem

236 2849 467 2918 quisque
494 2846 717 2906 idoneus
745 2850 877 2904 civis
908 2849 961 2903 in
991 2846 1287 2904 Jerusalem
1315 2847 1568 2911 efﬁcitur,
1596 2848 1640 2901 si
1683 2846 1808 2904 huic

237 2923 436 2974 saeculo
474 2921 948 2975 abrenuntiaverit.
979 2919 1127 2976 Sicut
1160 2920 1384 2987 populus
1414 2918 1505 2973 ille
1533 2920 1584 2972 in
1616 2926 1813 2973 terram

242 2992 620 3059 promissionis
664 3007 770 3048 non
803 2994 973 3062 potuit
1000 2992 1281 3054 introduci,
1310 2994 1588 3062 quousque
1606 2990 1683 3062 de
1716 2988 1815 3045 £-

236 3070 405 3132 gypto
445 3060 877 3130 educeretur;'et
924 3063 1061 3117 sicut
1105 3063 1326 3131 populus
1357 3062 1445 3116 ille
1482 3060 1549 3115 de
1580 3060 1813 3131 Egypto

240 3136 399 3188 exire
428 3149 534 3189 non
585 3136 777 3204 p0tuit,
808 3132 908 3189 nisi
955 3133 1136 3188 divino
1182 3133 1377 3187 auxilio
1411 3132 1706 3187 liberatus:
1743 3133 1814 3187 ita

240 3218 402 3259 nemo
448 3206 572 3261 huic
601 3207 799 3261 mundo
828 3205 1206 3261 abrenuntiare
1237 3205 1454 3275 poterit,
1488 3204 1592 3259 nisi
1632 3204 1815 3260 divina

241 3276 605 3348 misericordia
635 3279 869 3348 adjutus.
902 3277 967 3332 Et
992 3276 1131 3347 quod
1164 3276 1236 3331 ibi
1278 3276 1445 3348 semel
1472 3275 1818 3348 ﬁgurabatur,

241 3346 343 3402 hoc
390 3346 714 3418 quotidianis
745 3346 1245 3405 Ecclesire’fmtibus
1284 3346 1337 3402 in
1388 3346 1487 3401 bac
1530 3346 1823 3401 novissima

243 3414 428 3473 mundi
462 3421 591 3475 hora
624 3422 943 3491 completur,
974 3420 1100 3491 quia
1146 3418 1325 3475 omnia
1377 3418 1574 3472 ﬁebant
1618 3417 1723 3471 illis
1768 3414 1858 3472 in'

246 3491 491 3561 ﬁguram.
528 3493 594 3547 Et
623 3508 742 3563 quae
773 3502 898 3547 tunc
928 3496 1104 3547 futura
1150 3492 1650 3561 praeﬁgurabantur,
1681 3502 1823 3563 nunc

247 3564 520 3631 praeterita
568 3562 832 3633 leguntur,
868 3576 922 3619 et
966 3564 1249 3632 prtesentia
1289 3569 1706 3630 cognoscuntur.
1741 3562 1823 3615 ln-

246 3635 376 3703 cipit
407 3644 582 3706 autem
626 3632 747 3706 quis
775 3636 843 3691 de
887 3633 1122 3705 {Egypto
1150 3634 1472 3706 exire,cum
1505 3632 1691 3699 incipit
1728 3646 1823 3706 cor

246 3720 404 3760 suum
432 3705 542 3761 Deo
566 3702 855 3776 applicare,
886 3716 940 3761 et
964 3702 1112 3760 suavi
1140 3705 1408 3776 jugoejus
1433 3704 1685 3757 devotum
1707 3702 1823 3756 ani-

250 3792 396 3830 mum
441 3774 696 3844 subdere,
728 3779 986 3833 recedens
1015 3792 1045 3829 a
1078 3774 1313 3846 pristinis
1357 3775 1673 3844 ignorantia:
1712 3789 1823 3846 sua:

249 3848 556 3916 desideriis,
585 3849 737 3919 quasi
780 3850 846 3905 ab
888 3844 1137 3919 operibus
1169 3847 1346 3911 luteis,
1378 3846 1685 3919 in_quibus
1712 3844 1824 3919 fru-

248 3931 367 3992 stra
384 3916 689 3992 laborabat;
716 3922 838 3992 quia
866 3916 1065 3992 utalibi
1088 3920 1289 3992 dictum
1310 3927 1412 3992 est,
1435 3916 1622 3970 Manus
1638 3917 1749 3986 ejus
1769 3917 1823 3992 in
1854 3922 1855 3925 “

250 3991 469 4061 cophino
495 3989 796 4046 servierunt.
823 3992 999 4047 Exivit
1020 3991 1088 4046 de
1120 3990 1315 4060 populo
1339 3990 1584 4052 barbaro,
1608 3989 1823 4061 quando

251 4059 467 4129 separat
511 4078 569 4119 se
598 4080 629 4118 a
671 4064 927 4119 societate
966 4059 1397 4131 blaspheinorum
1438 4070 1492 4114 et
1529 4075 1558 4113 a
1605 4059 1820 4114 confor-

257 4134 491 4206 matione
540 4137 912 4206 malignorum,
940 4144 995 4190 et
1022 4135 1099 4187 sic
1142 4131 1323 4186 Judaea
1347 4132 1434 4206 _ﬁt_
1466 4131 1823 4206 sanctiﬁcatio

256 4205 394 4273 ejus.
445 4204 740 4277 Interroget
769 4206 911 4263 enim
941 4222 1000 4261 se
1037 4206 1286 4274 quisque,
1316 4204 1360 4259 si
1409 4204 1541 4257 ﬁdes
1582 4218 1677 4277 cor
1708 4204 1823 4271 ejus

257 4277 622 4344 circumcidat,
657 4275 700 4333 si
746 4279 1009 4345 confessio
1036 4290 1129 4331 cor
1158 4276 1275 4345 ejus
1315 4284 1529 4345 purget;
1562 4275 1685 4345 quia
1716 4289 1821 4328 non

259 4349 398 4414 quod
432 4349 485 4402 in
518 4349 825 4417 manifesto,
854 4349 1070 4403 .ludzeus
1099 4359 1199 4412 est,
1233 4346 1328 4402 sed
1359 4348 1447 4416 qui
1489 4349 1540 4399 in
1592 4346 1820 4400 occulto.

258 4420 437 4488 Neque
469 4420 524 4473 in
553 4435 714 4475 carne
750 4421 1082 4475 circumcisio
1110 4430 1207 4483 est,
1242 4419 1334 4472 sed
1369 4434 1485 4487 quae
1519 4418 1571 4470 in
1607 4416 1819 4483 spiritu.

258 4488 327 4543 Et
354 4492 401 4544 si
447 4494 549 4547 hoc
580 4494 632 4547 in
661 4508 721 4547 se
767 4495 1048 4558 invenerit,
1075 4490 1433 4543 sanctificatus
1475 4498 1579 4554 est,
1607 4496 1653 4540 et
1684 4488 1823 4556 facta

1924 1863 2064 1927 tens,
2096 1872 2188 1924 per
2211 1858 2567 1923 cognitionem
2592 1858 2685 1911 Dei
2715 1856 2886 1913 factus
2909 1856 2996 1913 est
3022 1868 3231 1927 potens,
3253 1864 3313 1913 ut
3340 1870 3505 1927 supra

1918 1926 2124 1982 dictum
2156 1937 2255 1982 est.
2294 1928 2444 1983 Hunc
2487 1929 2688 1981 exitum
2720 1930 2843 1981 vidit
2884 1925 3041 1992 mare,
3089 1929 3141 1981 id
3172 1939 3272 1991 est,
3314 1926 3403 1981 alii
3448 1925 3506 1983 in

1919 2001 2159 2066 peccatis
2192 2000 2549 2053 amaricantes
2579 2011 2945 2069 cognoverunt
2973 2009 3256 2055 exeuntem
3302 1997 3503 2053 habere

1918 2083 2012 2122 cor
2039 2084 2261 2137 sperare
2306 2070 2359 2124 in
2402 2069 2626 2124 Domino
2670 2081 2910 2136 paratum
2939 2081 2993 2125 et
3021 2070 3418 2135 conﬁrmatum,
3448 2075 3507 2125 et

1918 2140 2039 2194 ideo
2069 2143 2318 2207 fugerunt
2344 2140 2552 2195 duobus
2584 2141 2687 2195 illis
2730 2143 2921 2205 modis,
2952 2156 3089 2211 quos
3117 2140 3498 2211 prtediximus;

1917 2220 1973 2265 et
1997 2212 2155 2265 etiam
2186 2211 2436 2265 Iordanis
2476 2212 2661 2267 videns
2691 2214 2893 2268 exitum
2923 2215 3091 2275 illum,
3126 2227 3396 2266 conuersus
3422 2220 3500 2265 est

1917 2292 2213 2351 retrorsum,
2244 2294 2302 2338 ut
2328 2298 2486 2351 supra
2518 2283 2771 2337 diximus.
2805 2285 2868 2338 Et
2909 2300 3003 2351 pro
3047 2285 3145 2338 hac
3189 2283 3308 2353 fuga
3339 2282 3503 2337 maris

1918 2353 1973 2407 in
2017 2353 2240 2415 bonum,
2268 2362 2323 2408 et
2371 2369 2437 2409 ex
2490 2356 2841 2409 conversione
2896 2355 3144 2410 Jordanis
3194 2363 3412 2417 montes,
3444 2353 3499 2407 id

1918 2434 2021 2488 est,
2058 2426 2260 2493 praelati
2295 2428 2346 2479 in
2375 2426 2615 2481 Ecclesia
2643 2426 2694 2479 in
2722 2426 3003 2481 virtutibus
3033 2428 3153 2481 aliis
3172 2426 3498 2493 eminentes,

1918 2504 1973 2550 et
2004 2498 2055 2549 in
2088 2497 2191 2551 fide
2222 2505 2531 2551 constantes
2560 2499 2967 2559 exsultaverunt,
2999 2508 3053 2552 ut
3081 2496 3271 2553 merito
3303 2496 3379 2550 illi
3411 2510 3505 2551 ex-

1919 2565 2122 2621 sultare
2166 2568 2484 2631 debuerunt,
2516 2570 2604 2637 qui
2650 2579 2804 2623 erant
2850 2569 3053 2635 arietes,
3087 2570 3270 2631 id‘est,
3315 2568 3499 2621 ovium

1920 2637 2111 2703 duces,
2138 2654 2363 2708 quorum
2414 2639 2621 2694 scilicet
2662 2639 2963 2695 imitatione
3008 2651 3062 2695 et
3108 2639 3355 2694 doctrina
3402 2638 3508 2692 hoc

1920 2709 2117 2763 factum
2156 2722 2257 2765 est.
2289 2710 2358 2763 Et
2396 2712 2552 2765 colles
2578 2712 2758 2775 etiam,
2792 2711 2840 2765 id
2872 2722 2971 2775 est,
3002 2713 3239 2766 minores
3266 2709 3507 2764 exsulta-

1919 2791 2112 2851 verunt
2156 2782 2223 2837 de
2271 2783 2386 2851 fuga
2418 2791 2471 2835 et
2500 2782 2564 2835 de
2593 2783 2945 2837 conversione
2991 2783 3100 2850 illa,
3136 2784 3267 2836 sicut
3312 2780 3510 2835 merito

1921 2850 1997 2974 illi
2025 2850 2111 2919 qui
2137 2862 2290 2907 erant
2313 2850 2431 2923 agni
2457 2855 2645 2917 ovium,
2676 2853 2725 2907 id
2753 2864 2855 2916 est,
2892 2853 3089 2908 subditi
3116 2854 3332 2908 illorum
3364 2865 3503 2910 orae-

1942 2932 2173 2974 atorum.

1942 2932 2173 2977 διοτυιῐι.

1994 2994 2132 3060 Quid
2178 3005 2249 3049 est
2291 2996 2381 3049 tibi
2431 3012 2592 3050 mare.
2637 2995 2783 3051 Hanc
2829 2996 3303 3066 interrogationem
3357 2994 3483 3048 facit

1920 3080 2026 3119 non
2062 3066 2281 3136 utquod
2311 3069 2526 3135 quierit,
2559 3069 2767 3122 nesciat
2792 3077 2880 3121 aut
2923 3068 3142 3121 dubium
3188 3066 3384 3131 faciat;
3413 3080 3472 3120 se

1924 3144 1981 3189 ut
2021 3136 2075 3190 in
2119 3138 2313 3207 majori
2343 3139 2663 3194 certitudiue
2692 3152 2788 3191 nos
2838 3148 3017 3206 ponat.
3050 3139 3211 3204 Quasi
3243 3137 3429 3190 dicat:
3461 3135 3509 3191 0

1927 3224 2093 3271 mare,
2123 3210 2263 3277 quod
2313 3210 2567 3264 hactenus
2607 3209 2930 3272 ohlatrabas,
2966 3210 3087 3275 quid
3119 3218 3193 3263 est
3244 3207 3331 3261 tibi
3360 3207 3512 3277 quod

1927 3280 2087 3351 modo
2128 3282 2194 3333 ab
2221 3282 2577 3335 amaritudine
2608 3280 2673 3334 ad
2706 3280 3042 3335 dulcedinem
3093 3279 3319 3351 fugisti?
3348 3276 3411 3330 Et
3452 3287 3510 3333 tit

1924 3348 2193 3421 Iordanis,
2228 3352 2320 3417 qui
2368 3354 2513 3421 prius
2560 3351 2764 3405 fontem
2808 3351 2873 3404 ad
2922 3348 3137 3405 dorsum
3156 3348 3425 3414 habebas,
3454 3357 3511 3403 et

1925 3420 1978 3474 in
2013 3436 2156 3475 mare
2185 3420 2467 3489 inlluebas,
2499 3422 2624 3492 quid
2655 3432 2738 3477 est
2768 3421 2864 3476 tibi
2894 3438 3035 3475 nunc
3062 3423 3201 3490 quod
3234 3435 3505 3492 conversus

1926 3509 1981 3546 es
2008 3494 2326 3547 retrorsum!
2357 3494 2423 3548 Et
2452 3510 2485 3547 ο
2514 3490 2724 3548 montes
2753 3503 2807 3547 et
2850 3494 3034 3557 colles,
3068 3494 3195 3562 quid
3238 3502 3319 3546 est
3356 3490 3510 3562 vobis

1926 3564 2067 3633 quod
2097 3580 2191 3619 vos
2212 3574 2405 3619 montes
2432 3566 2726 3619 exsultastis
2755 3566 2888 3618 sicut
2918 3560 3117 3629 arietes,
3148 3573 3195 3618 et
3228 3578 3323 3616 vos
3350 3560 3505 3615 colles

1928 3636 2058 3687 sicut
2086 3636 2208 3706 agni
2236 3637 2441 3689 ovium?
2466 3636 2558 3691 llle
2590 3637 2773 3706 utique
2818 3636 2919 3690 hoc
2944 3635 3091 3699 fecit,
3123 3635 3217 3703 qui
3256 3647 3384 3688 vere
3414 3638 3513 3706 est

1927 3703 2198 3774 potens'et
2231 3707 2507 3762 Dominus.
2540 3703 2780 3776 Namque
2808 3716 2969 3767 terra,
3002 3708 3052 3760 id
3091 3716 3194 3773 est,
3230 3703 3516 3776 terrenitas

1928 3773 2178 3831 commota
2206 3788 2275 3831 est
2310 3796 2341 3831 a
2372 3780 2501 3847 facie
2544 3773 2773 3844 Domini,
2806 3778 2857 3832 id
2886 3788 2990 3843 est,
3022 3777 3141 3848 quia
3171 3776 3387 3844 quidam
3422 3773 3512 3841 qui

1930 3849 2077 3915 prius
2121 3860 2274 3905 erant
2303 3850 2357 3904 in
2392 3850 2623 3922 {Egypto
2658 3862 2715 3905 et
2746 3852 2797 3903 in
2832 3851 3029 3919 pupulo
3077 3848 3327 3913 barbaro,
3357 3859 3514 3922 rece-

1928 3929 2123 3991 perunt
2177 3919 2534 3991 cognitionem
2590 3922 2836 3985 Domini,
2886 3935 3125 3991 quorum
3162 3919 3406 3991 exemplo
3455 3924 3517 3970 tu

1930 4006 2077 4045 mare
2104 3988 2311 4063 fugisti,
2337 4003 2391 4048 et
2413 4003 2467 4047 tu
2488 3993 2737 4047 Iordanis
2764 3988 3374 4063 retro'flnxisti,_et_ideo
3394 3998 3515 4063 vos,

1927 4072 2123 4117 montes
2146 4057 2195 4117 et
2226 4066 2400 4131 colles,
2432 4065 2739 4118 exsultastis.
2770 4063 2811 4115 Α
2843 4061 2973 4131 facie
3000 4061 3128 4131 dico,
3154 4057 3247 4111 Dei
3277 4066 3412 4131 mota
3438 4062 3518 4131 est

1930 4143 2065 4187 terra
2110 4150 2211 4189 non
2246 4126 2555 4204 cujuslibet,
2586 4134 2681 4188 sed
2715 4132 2811 4186 Dei
2844 4126 3045 4195 'Jacob,
3082 4128 3279 4204 id_est,
3314 4129 3395 4181 vir
3432 4126 3518 4181 tui

1931 4206 2130 4273 pepuli.
2164 4200 2416 4272 Quamvis
2458 4200 2599 4257 enim
2652 4205 2793 4259 Deus
2842 4205 3075 4257 omnium
3122 4200 3193 4253 sit
3243 4215 3342 4273 per
3365 4207 3518 4273 natis-

1930 4269 2063 4341 ram,
2091 4269 2246 4345 hujus
2280 4288 2455 4330 tamen
2485 4287 2565 4330 est
2595 4290 2690 4344 per
2717 4274 2961 4343 gratiam.
3001 4273 3065 4326 Et
3096 4273 3216 4326 ideo
3242 4271 3371 4326 dicit
3402 4269 3513 4323 Deo

1929 4346 2114 4412 Jacob,
2156 4348 2247 4401 Dei
2279 4349 2421 4411 dico,
2450 4348 2537 4415 qui
2566 4356 2758 4415 petram
2789 4345 3027 4399 convertit
3059 4345 3111 4397 in
3141 4352 3324 4414 stagna
3354 4355 3519 4415 aqua-

1929 4432 2076 4480 rum;
2106 4422 2206 4473 hoc
2237 4422 2432 4485 estqui
2462 4414 2694 4486 seipsnm
2723 4418 2811 4486 qui
2853 4416 3085 4486 quandiu
3113 4414 3516 4486 cognitus_fne-

1938 4497 2041 4555 rat,
2070 4491 2221 4557 quasi
2253 4482 2398 4556 petra
2428 4489 2525 4543 fuit
2544 4482 2956 4555 'impor'tabil'is;
2991 4487 3067 4541 sic
3098 4482 3426 4557 notiﬁcando
3453 4496 3519 4537 se

256 4538 329 4617 ῖεξ
354 4538 548 4617 suae;
576 4538 1586 4633 .2.’.1.-,i.2.‘.§t".‘,-‘.;;,'2."names:
1612 4538 1831 4633 alios.
1858 4538 1909 4599 ι)
1936 4538 2315 4627 salares-si
2325 4538 2398 4615 11;
2428 4538 2972 4616 egeria's'ia'ai'rs
2992 4538 3350 4633 ζίρέεαέηιεωη
3398 4551 3522 4633 fons

260 4637 493 4703 cognitio
522 4634 638 4703 Dei,
674 4628 980 4704 ﬁt'poteslai
1009 4637 1141 4703 ejus.
1169 4633 1301 4698 Quia
1332 4632 1419 4699 qui
1462 4630 1606 4704 prius
1648 4630 1701 4684 in
1733 4628 1829 4684 E-

256 4702 419 4776 gypto
444 4718 595 4761 erant
640 4702 979 4777 impetentes,
1020 4702 1150 4777 fiunt
1185 4712 1451 4771 potentes,
1491 4702 1647 4777 datur
1682 4704 1829 4777 enim

256 4775 338 4833 eis
374 4787 603 4845 potestas
636 4775 773 4833 ﬁlios
821 4777 915 4832 Dei
948 4776 1082 4832 fieri.
1132 4776 1263 4828 Dum
1307 4784 1484 4829 autem
1518 4775 1631 4828 haec
1673 4776 1826 4845 ﬁunt,

256 4844 423 4904 multa
470 4851 848 4919 impedimenta
895 4849 1171 4903 saacularia
1216 4844 1832 4915 occurruntzobstrepit

258 4936 429 4986 mare,
472 4918 683 4991 idest,
726 4924 907 4977 multis
952 4921 1145 4990 linguae
1194 4918 1485 4972 amicorum
1530 4919 1831 4991 carnalium

261 4989 685 5049 dissuadentium
738 5005 792 5049 et
846 4989 1069 5049 aliorum
1122 5000 1478 5047 terrenorum.
1524 4989 1630 5044 Sed
1680 4998 1829 5058 post-

260 5080 421 5137 quam
452 5067 791 5137 cognoscitur
818 5064 1063 5121 exeuntis
1091 5064 1160 5120 de
1200 5063 1556 5137 Aﬁgypto__cor
1599 5071 1835 5137 paratum

261 5134 383 5194 esse
426 5134 629 5209 sperare
658 5142 712 5196 in
758 5136 1003 5202 Domino,
1032 5146 1087 5190 et
1118 5138 1169 5189 in
1210 5138 1385 5209 specie
1415 5134 1503 5209 illa
1550 5135 1834 5209 conﬁrma-

264 5220 376 5266 tutn
406 5205 538 5281 fiigit
568 5226 735 5276 mare,
763 5212 885 5280 quia
932 5208 1198 5281 subtrahit
1226 5206 1386 5281 sedab
1414 5205 1832 5281 impedimentis,

264 5290 321 5339 et
342 5283 419 5336 sic
445 5275 692 5351 panditur
713 5275 797 5337 via
822 5280 886 5334 ad
910 5278 1240 5351 spiritualem
1266 5275 1569 5351 libertatem
1592 5275 1831 5345 exeunti,

264 5354 347 5409 vel
375 5346 508 5423 fugit
539 5370 686 5409 mare
722 5346 1025 5417 salubriter,
1057 5349 1177 5418 quia
1208 5362 1350 5423 saepe
1388 5346 1539 5423 multi
1586 5362 1651 5423 ett
1691 5362 1840 5423 aina-

264 5419 558 5482 ricantibus
602 5426 846 5493 exemplo
889 5423 1029 5477 illius
1074 5419 1343 5493 exeuntis,
1375 5422 1442 5493 ab
1482 5419 1836 5493 amaritudine

267 5500 322 5553 in
370 5497 707 5552 dulcedinem
750 5489 1154 5553 convertuntur.
1198 5490 1451 5543 Jordanis
1492 5489 1655 5543 etiam
1704 5503 1836 5544 con-

268 5571 495 5625 vertitur
522 5579 838 5625 retrorsum.
870 5567 970 5621 Per
994 5564 1283 5642 dot-dianam
1311 5562 1401 5630 qui
1432 5559 1724 5642 descensus
1754 5561 1839 5616 vel

268 5642 551 5699 descensio
576 5642 976 5711 interpretatur,
1000 5637 1420 5714 illi_ﬁgurantur,
1449 5637 1539 5701 qui
1577 5637 1686 5714 jam
1717 5645 1839 5701 gra-

272 5717 397 5770 tiam
443 5716 564 5769 lidei
607 5704 974 5785 susceperunt,
1010 5709 1101 5763 sed
1148 5709 1206 5785 in
1249 5704 1605 5785 amaricantes
1635 5704 1842 5785 .tluctus

274 5786 431 5857 hujus
478 5785 665 5841 sazculi
713 5775 907 5858 relapsi
958 5789 1099 5845 sunt,
1146 5780 1214 5832 ita
1267 5786 1323 5831 ut
1374 5778 1601 5841 fontem,
1634 5775 1687 5828 id
1736 5784 1835 5858 est,

275 5848 569 5917 creatorem
599 5872 755 5916 suum
786 5848 1037 5911 haberent
1066 5863 1360 5906 reti-orsum
1388 5866 1399 5900 :
1434 5862 1578 5903 mare
1608 5863 1755 5914 vero,
1788 5848 1841 5902 id

1932 4647 2083 4701 aqua:
2127 4623 2367 4686 salientis
2413 4634 2463 4687 in
2494 4634 2653 4685 vitam
2685 4640 2959 4703 aeternam.
2997 4627 3062 4680 Et
3092 4627 3181 4697 qui
3230 4623 3520 4703 rupemnid

1934 4713 2038 4769 est,
2070 4703 2313 4773 Paulum,
2347 4704 2438 4773 qui
2469 4719 2599 4759 vere
2631 4703 2775 4772 prius
2810 4702 2907 4755 fuit
2938 4713 3127 4775 aspera
3169 4711 3327 4765 rupes
3354 4704 3408 4749 et
3438 4702 3521 4775 in:

1938 4775 2249 4844 tractabilis,
2295 4770 2527 4830 et'alios
2575 4770 2789 4829 sanctos
2836 4770 3211 4845 praedicatores
3256 4770 3523 4845 convertit

1937 4860 2032 4914 per
2060 4836 2300 4900 notitiam
2330 4862 2481 4901 suam
2507 4848 2560 4900 in
2589 4847 2751 4919 fontes
2795 4836 3064 4919 aquarum.
3097 4840 3299 4919 scilicet
3332 4847 3389 4889 ut
3422 4836 3524 4903 ipsi

1937 4910 2297 4972 monstrarent
2326 4920 2444 4973 aliis
2473 4910 2639 4986 aquas
2664 4910 2915 4979 vivas,“
2944 4920 3057 4976 est,
3087 4910 3383 4963 doctrinam
3409 4920 3522 4961 cos-

1937 4988 2124 5043 lestem
2154 4998 2205 5041 et
2235 4990 2523 5056 spiritualia
2553 4990 2713 5042 dona.

2012 5058 2134 5112 Non
2158 5047 2321 5125 nobis,
2355 5060 2589 5115 Domine.
2622 5058 2780 5124 Quasi
2805 5057 2950 5110 dicat
2975 5074 2985 5107 :
3012 5054 3108 5119 Ita,
3137 5052 3382 5130 Domine,
3417 5047 3520 5130 fac,
3570 5055 3576 5062 ‘

1937 5132 2005 5187 da
2039 5132 2172 5184 hanc
2199 5130 2447 5200 gloriam,
2477 5131 2680 5185 scilicet
2709 5138 2765 5182 ut
2795 5136 3078 5181 convertas
3119 5132 3313 5192 petram
3336 5127 3386 5172 in
3416 5127 3523 5201 stu-

1940 5220 2043 5275 gna
2068 5192 2341 5270 aquaium,
2372 5192 2632 5270 et'rupem
2663 5202 2713 5275 in
2747 5201 2907 5275 fontes
2933 5211 3199 5275 aquarum,
3229 5207 3335 5245 non
3369 5192 3524 5275 nobis

1943 5268 2253 5344 majoribus,
2288 5268 2394 5328 non
2423 5268 2575 5327 nobis
2607 5268 2925 5344 mineribus,
2960 5268 3010 5322 id
3042 5277 3145 5344 est,
3178 5278 3280 5319 n0n
3301 5268 3523 5344 meritis

1942 5334 2160 5414 nostris,
2186 5334 2277 5399 sed
2301 5347 2398 5399 soli
2423 5344 2621 5398 nomini
2649 5352 2737 5397 tuo
2759 5334 3139 5414 glorilicagndo;
3164 5335 3314 5414 quasi
3340 5334 3518 5413 dicat:

1942 5416 2111 5472 Nemo
2148 5404 2303 5487 putet
2348 5418 2534 5487 merita
2567 5404 2891 5487 nostra‘lioc
2915 5404 3195 5487 effecisse.
3225 5404 3343 5487 gon
3375 5405 3523 5487 enim

1946 5504 2042 5544 nos
2080 5474 2183 5543 huc
2231 5485 2662 5560 commeruimus,
2701 5486 2797 5560 _sed
2850 5483 2962 5560 sola
3012 5480 3178 5550 gratia
3229 5476 3373 5560 illius
3422 5474 3526 5560 hoc

1950 5561 2213 5629 praestitit,
2236 5558 2330 5628 qui
2363 5548 2671 5627 peccatores
2696 5556 2821 5611 facit
2847 5548 3043 5624 justus,
3074 5563 3257 5607 servos
3286 5548 3422 5601 filios
3466 5551 3524 5599 et

1946 5633 2228 5686 damnatos
2258 5631 2477 5683 electos.

2023 5702 2190 5768 Super
2220 5700 2571 5753 misericordia
2610 5708 2717 5753 tua.
2765 5698 3134 5773 _Da,_inquam,
3169 5692 3387 5773 gloriam
3430 5700 3530 5773 tto:-

1948 5774 2070 5826 mini
2106 5763 2216 5837 tuo,
2249 5783 2303 5826 et
2344 5774 2444 5847 hoc
2493 5773 2685 5836 taliter,
2717 5763 3078 5847 misericordia
3111 5763 3521 5847 scilicettuagt

1949 5847 2188 5913 veritate,
2206 5832 2335 5914 qua:
2374 5843 2606 5914 desuper
2632 5832 2713 5897 est
2744 5851 2976 5897 ostensa.
3007 5832 3363 5895 Misericordia
3402 5832 3523 5896 qui-
