  <div class='ocr_page' id='page_1' title='image "/cluster/home/n/w/nwhite01/storage/ocr_20150623/93/hvd.32044015471196/530.png"; bbox 0 0 4006 6364; ppageno 0'>
   <div class='ocr_carea' id='block_1_1' title="bbox 213 356 362 416">
    <p class='ocr_par' dir='ltr' id='par_1_1' title="bbox 213 356 362 416">
     <span class='ocr_line' id='line_1_1' title="bbox 213 356 362 416; baseline 0 -2"><span class='ocrx_word' id='word_1_1' title='bbox 213 356 362 416; x_wconf 73' lang='grc'><strong>1049</strong></span> 
     </span>
    </p>
   </div>
   <div class='ocr_carea' id='block_1_2' title="bbox 897 333 2774 410">
    <p class='ocr_par' dir='ltr' id='par_1_2' title="bbox 897 333 2774 410">
     <span class='ocr_line' id='line_1_2' title="bbox 897 333 2774 410; baseline -0.011 0"><span class='ocrx_word' id='word_1_2' title='bbox 897 352 962 410; x_wconf 80' lang='grc' dir='ltr'><strong>ΙΝ</strong></span> <span class='ocrx_word' id='word_1_3' title='bbox 1001 345 1423 409; x_wconf 77' lang='lat' dir='ltr'><strong>PSALMORUM</strong></span> <span class='ocrx_word' id='word_1_4' title='bbox 1460 341 1718 403; x_wconf 78' lang='lat' dir='ltr'><strong>LIBRUM</strong></span> <span class='ocrx_word' id='word_1_5' title='bbox 1760 336 2123 394; x_wconf 76' lang='lat' dir='ltr'><strong>EXEGESIS.</strong></span> <span class='ocrx_word' id='word_1_6' title='bbox 2165 365 2234 378; x_wconf 88' lang='lat'><strong>-—</strong></span> <span class='ocrx_word' id='word_1_7' title='bbox 2275 334 2522 393; x_wconf 79' lang='lat' dir='ltr'><strong>PSALM.</strong></span> <span class='ocrx_word' id='word_1_8' title='bbox 2562 333 2774 392; x_wconf 78' lang='lat' dir='ltr'><strong>CXVII.</strong></span> 
     </span>
    </p>
   </div>
   <div class='ocr_carea' id='block_1_3' title="bbox 3353 330 3492 389">
    <p class='ocr_par' dir='ltr' id='par_1_3' title="bbox 3353 330 3492 389">
     <span class='ocr_line' id='line_1_3' title="bbox 3353 330 3492 389; baseline 0.014 -2"><span class='ocrx_word' id='word_1_9' title='bbox 3353 330 3492 389; x_wconf 77' lang='lat'><strong>1050</strong></span> 
     </span>
    </p>
   </div>
   <div class='ocr_carea' id='block_1_4' title="bbox 207 448 3494 534">
    <p class='ocr_par' dir='ltr' id='par_1_4' title="bbox 207 448 3494 534">
     <span class='ocr_line' id='line_1_4' title="bbox 207 448 3494 534; baseline -0.011 0"><span class='ocrx_word' id='word_1_10' title='bbox 207 476 474 534; x_wconf 84' lang='lat' dir='ltr'><strong>duratura</strong></span> <span class='ocrx_word' id='word_1_11' title='bbox 503 478 586 528; x_wconf 86' lang='lat' dir='ltr'><strong>est</strong></span> <span class='ocrx_word' id='word_1_12' title='bbox 612 470 666 524; x_wconf 86' lang='lat' dir='ltr'><strong>in</strong></span> <span class='ocrx_word' id='word_1_13' title='bbox 694 468 960 532; x_wconf 69' lang='lat' dir='ltr'><strong>siccatum,</strong></span> <span class='ocrx_word' id='word_1_14' title='bbox 1004 465 1054 520; x_wconf 99' lang='lat' dir='ltr'><strong>id</strong></span> <span class='ocrx_word' id='word_1_15' title='bbox 1105 473 1210 528; x_wconf 88' lang='lat' dir='ltr'><strong>est,</strong></span> <span class='ocrx_word' id='word_1_16' title='bbox 1242 464 1294 518; x_wconf 93' lang='lat' dir='ltr'><strong>in</strong></span> <span class='ocrx_word' id='word_1_17' title='bbox 1325 459 1703 534; x_wconf 70' lang='lat' dir='ltr'><strong>aeternitatem.</strong></span> <span class='ocrx_word' id='word_1_18' title='bbox 1737 456 1803 534; x_wconf 65' lang='lat' dir='ltr'><strong>Et</strong></span> <span class='ocrx_word' id='word_1_19' title='bbox 1831 453 1889 514; x_wconf 75' lang='grc' dir='ltr'><strong>Δ</strong></span> <span class='ocrx_word' id='word_1_20' title='bbox 1909 450 2226 534; x_wconf 52' lang='lat' dir='ltr'><strong>rentiusest</strong></span> <span class='ocrx_word' id='word_1_21' title='bbox 2266 451 2620 534; x_wconf 58' lang='lat' dir='ltr'><strong>excruciaius,</strong></span> <span class='ocrx_word' id='word_1_22' title='bbox 2665 457 2812 534; x_wconf 50' lang='lat' dir='ltr'><strong>tango</strong></span> <span class='ocrx_word' id='word_1_23' title='bbox 2838 451 3006 519; x_wconf 82' lang='lat' dir='ltr'><strong>magis</strong></span> <span class='ocrx_word' id='word_1_24' title='bbox 3050 448 3209 534; x_wconf 73' lang='lat' dir='ltr'><strong>bonis</strong></span> <span class='ocrx_word' id='word_1_25' title='bbox 3239 461 3494 530; x_wconf 69' lang='lat' dir='ltr'><strong>veneran-</strong></span> 
     </span>
    </p>
   </div>
   <div class='ocr_carea' id='block_1_5' title="bbox 213 528 1803 617">
    <p class='ocr_par' dir='ltr' id='par_1_5' title="bbox 213 528 1803 617">
     <span class='ocr_line' id='line_1_5' title="bbox 213 528 1803 617; baseline -0.013 -15"><span class='ocrx_word' id='word_1_26' title='bbox 213 528 349 617; x_wconf 62' lang='lat' dir='ltr'><strong>quia</strong></span> <span class='ocrx_word' id='word_1_27' title='bbox 403 543 526 617; x_wconf 79' lang='lat' dir='ltr'><strong>talis</strong></span> <span class='ocrx_word' id='word_1_28' title='bbox 555 553 673 617; x_wconf 86' lang='lat' dir='ltr'><strong>est,_</strong></span> <span class='ocrx_word' id='word_1_29' title='bbox 689 541 823 593; x_wconf 86' lang='lat' dir='ltr'><strong>dicat</strong></span> <span class='ocrx_word' id='word_1_30' title='bbox 843 528 1011 617; x_wconf 68' lang='lat' dir='ltr'><strong>nunc,</strong></span> <span class='ocrx_word' id='word_1_31' title='bbox 1061 537 1112 592; x_wconf 97' lang='lat' dir='ltr'><strong>id</strong></span> <span class='ocrx_word' id='word_1_32' title='bbox 1153 533 1506 617; x_wconf 31' lang='lat' dir='ltr'><strong>esteindilate</strong></span> <span class='ocrx_word' id='word_1_33' title='bbox 1537 529 1723 617; x_wconf 73' lang='lat' dir='ltr'><strong>Israel,</strong></span> <span class='ocrx_word' id='word_1_34' title='bbox 1753 528 1803 582; x_wconf 92' lang='lat' dir='ltr'><strong>id</strong></span> 
     </span>
    </p>
   </div>
   <div class='ocr_carea' id='block_1_6' title="bbox 210 602 1805 683">
    <p class='ocr_par' dir='ltr' id='par_1_6' title="bbox 210 602 1805 683">
     <span class='ocr_line' id='line_1_6' title="bbox 210 602 1805 683; baseline -0.014 -7"><span class='ocrx_word' id='word_1_35' title='bbox 210 602 327 683; x_wconf 62' lang='grc' dir='ltr'>εει,</span> <span class='ocrx_word' id='word_1_36' title='bbox 359 614 591 671; x_wconf 81' lang='lat' dir='ltr'><strong>minores</strong></span> <span class='ocrx_word' id='word_1_37' title='bbox 629 602 764 667; x_wconf 86' lang='lat' dir='ltr'><strong>alter</strong></span> <span class='ocrx_word' id='word_1_38' title='bbox 791 611 857 665; x_wconf 89' lang='lat' dir='ltr'><strong>ad</strong></span> <span class='ocrx_word' id='word_1_39' title='bbox 887 602 1136 683; x_wconf 86' lang='lat' dir='ltr'><strong>alterum,</strong></span> <span class='ocrx_word' id='word_1_40' title='bbox 1171 607 1397 683; x_wconf 84' lang='lat' dir='ltr'><strong>invicem</strong></span> <span class='ocrx_word' id='word_1_41' title='bbox 1426 619 1490 683; x_wconf 78' lang='lat' dir='ltr'><strong>se</strong></span> <span class='ocrx_word' id='word_1_42' title='bbox 1510 602 1805 657; x_wconf 84' lang='lat' dir='ltr'><strong>exhortan-</strong></span> 
     </span>
    </p>
   </div>
   <div class='ocr_carea' id='block_1_7' title="bbox 213 676 1805 755">
    <p class='ocr_par' dir='ltr' id='par_1_7' title="bbox 213 676 1805 755">
     <span class='ocr_line' id='line_1_7' title="bbox 213 676 1805 755; baseline -0.013 -9"><span class='ocrx_word' id='word_1_43' title='bbox 213 676 334 755; x_wconf 70' lang='lat' dir='ltr'><strong>do,</strong></span> <span class='ocrx_word' id='word_1_44' title='bbox 380 683 720 742; x_wconf 87' lang='lat' dir='ltr'><strong>Confitemini</strong></span> <span class='ocrx_word' id='word_1_45' title='bbox 790 682 1051 755; x_wconf 88' lang='lat' dir='ltr'><strong>Domino,</strong></span> <span class='ocrx_word' id='word_1_46' title='bbox 1119 676 1579 755; x_wconf 83' lang='lat' dir='ltr'><strong>quoniam__bonus</strong></span> <span class='ocrx_word' id='word_1_47' title='bbox 1607 714 1620 737; x_wconf 98' lang='lat'><strong>,</strong></span> <span class='ocrx_word' id='word_1_48' title='bbox 1663 688 1805 755; x_wconf 42' lang='grc' dir='ltr'>,φισ-</span> 
     </span>
    </p>
   </div>
   <div class='ocr_carea' id='block_1_8' title="bbox 214 743 1806 824">
    <p class='ocr_par' dir='ltr' id='par_1_8' title="bbox 214 743 1806 824">
     <span class='ocr_line' id='line_1_8' title="bbox 214 743 1806 824; baseline -0.012 -8"><span class='ocrx_word' id='word_1_49' title='bbox 214 743 399 824; x_wconf 57' lang='lat' dir='ltr'><strong>Qui...</strong></span> <span class='ocrx_word' id='word_1_50' title='bbox 437 768 539 813; x_wconf 92' lang='lat' dir='ltr'><strong>etc.</strong></span> <span class='ocrx_word' id='word_1_51' title='bbox 574 757 726 810; x_wconf 91' lang='lat' dir='ltr'><strong>Dicat</strong></span> <span class='ocrx_word' id='word_1_52' title='bbox 745 753 904 809; x_wconf 91' lang='lat' dir='ltr'><strong>etiam</strong></span> <span class='ocrx_word' id='word_1_53' title='bbox 934 743 1414 824; x_wconf 51' lang='lat' dir='ltr'><strong>domus:Aaron,_id</strong></span> <span class='ocrx_word' id='word_1_54' title='bbox 1445 756 1546 808; x_wconf 92' lang='lat' dir='ltr'><strong>est,</strong></span> <span class='ocrx_word' id='word_1_55' title='bbox 1574 743 1806 824; x_wconf 73' lang='lat' dir='ltr'><strong>majores</strong></span> 
     </span>
    </p>
   </div>
   <div class='ocr_carea' id='block_1_9' title="bbox 215 816 1807 887">
    <p class='ocr_par' dir='ltr' id='par_1_9' title="bbox 215 816 1807 887">
     <span class='ocr_line' id='line_1_9' title="bbox 215 816 1807 887; baseline -0.012 1"><span class='ocrx_word' id='word_1_56' title='bbox 215 833 365 887; x_wconf 82' lang='lat' dir='ltr'><strong>alter</strong></span> <span class='ocrx_word' id='word_1_57' title='bbox 384 816 457 884; x_wconf 48' lang='lat' dir='ltr'><strong>&#39;ad</strong></span> <span class='ocrx_word' id='word_1_58' title='bbox 485 830 712 883; x_wconf 89' lang='lat' dir='ltr'><strong>alterum</strong></span> <span class='ocrx_word' id='word_1_59' title='bbox 750 843 764 880; x_wconf 91' lang='lat'><strong>:</strong></span> <span class='ocrx_word' id='word_1_60' title='bbox 804 821 1144 881; x_wconf 86' lang='lat' dir='ltr'><strong>Confitemini</strong></span> <span class='ocrx_word' id='word_1_61' title='bbox 1201 820 1446 882; x_wconf 89' lang='lat' dir='ltr'><strong>Domino,</strong></span> <span class='ocrx_word' id='word_1_62' title='bbox 1482 826 1584 871; x_wconf 94' lang='lat' dir='ltr'><strong>etc.</strong></span> <span class='ocrx_word' id='word_1_63' title='bbox 1633 817 1699 870; x_wconf 86' lang='lat' dir='ltr'><strong>Et</strong></span> <span class='ocrx_word' id='word_1_64' title='bbox 1728 816 1807 869; x_wconf 90' lang='lat' dir='ltr'><strong>sic</strong></span> 
     </span>
    </p>
   </div>
   <div class='ocr_carea' id='block_1_10' title="bbox 217 887 1803 970">
    <p class='ocr_par' dir='ltr' id='par_1_10' title="bbox 217 887 1803 970">
     <span class='ocr_line' id='line_1_10' title="bbox 217 887 1803 970; baseline -0.013 -10"><span class='ocrx_word' id='word_1_65' title='bbox 217 903 432 960; x_wconf 74' lang='lat' dir='ltr'><strong>scilicet</strong></span> <span class='ocrx_word' id='word_1_66' title='bbox 470 916 562 970; x_wconf 87' lang='lat' dir='ltr'><strong>per</strong></span> <span class='ocrx_word' id='word_1_67' title='bbox 593 897 821 966; x_wconf 85' lang='lat' dir='ltr'><strong>majores</strong></span> <span class='ocrx_word' id='word_1_68' title='bbox 842 905 931 970; x_wconf 89' lang='lat' dir='ltr'><strong>_et</strong></span> <span class='ocrx_word' id='word_1_69' title='bbox 974 894 1212 970; x_wconf 82' lang='lat' dir='ltr'><strong>minores</strong></span> <span class='ocrx_word' id='word_1_70' title='bbox 1253 891 1428 970; x_wconf 74' lang='lat' dir='ltr'><strong>dicant</strong></span> <span class='ocrx_word' id='word_1_71' title='bbox 1477 888 1608 943; x_wconf 89' lang='lat' dir='ltr'><strong>illud</strong></span> <span class='ocrx_word' id='word_1_72' title='bbox 1662 887 1803 942; x_wconf 86' lang='lat' dir='ltr'><strong>idem</strong></span> 
     </span>
    </p>
   </div>
   <div class='ocr_carea' id='block_1_11' title="bbox 217 961 1476 1039">
    <p class='ocr_par' dir='ltr' id='par_1_11' title="bbox 217 961 1476 1039">
     <span class='ocr_line' id='line_1_11' title="bbox 217 961 1476 1039; baseline -0.014 -8"><span class='ocrx_word' id='word_1_73' title='bbox 217 990 414 1031; x_wconf 88' lang='lat' dir='ltr'><strong>omnes</strong></span> <span class='ocrx_word' id='word_1_74' title='bbox 439 961 484 1037; x_wconf 79' lang='grc'>,’</span> <span class='ocrx_word' id='word_1_75' title='bbox 507 971 594 1039; x_wconf 98' lang='lat' dir='ltr'><strong>qui</strong></span> <span class='ocrx_word' id='word_1_76' title='bbox 627 961 815 1024; x_wconf 79' lang='lat' dir='ltr'><strong>timent</strong></span> <span class='ocrx_word' id='word_1_77' title='bbox 842 965 1137 1039; x_wconf 70' lang='lat' dir='ltr'><strong>Dominum</strong></span> <span class='ocrx_word' id='word_1_78' title='bbox 1168 965 1233 1018; x_wconf 92' lang='lat' dir='ltr'><strong>de</strong></span> <span class='ocrx_word' id='word_1_79' title='bbox 1263 961 1476 1039; x_wconf 52' lang='lat' dir='ltr'><strong>populo:</strong></span> 
     </span>
    </p>
   </div>
   <div class='ocr_carea' id='block_1_12' title="bbox 300 1031 1806 1103">
    <p class='ocr_par' dir='ltr' id='par_1_12' title="bbox 300 1031 1806 1103">
     <span class='ocr_line' id='line_1_12' title="bbox 300 1031 1806 1103; baseline -0.01 -5"><span class='ocrx_word' id='word_1_80' title='bbox 300 1045 378 1098; x_wconf 86' lang='lat' dir='ltr'><strong>De</strong></span> <span class='ocrx_word' id='word_1_81' title='bbox 404 1031 728 1096; x_wconf 73' lang='lat' dir='ltr'><strong>tribulatione</strong></span> <span class='ocrx_word' id='word_1_82' title='bbox 754 1037 1001 1092; x_wconf 77' lang='lat' dir='ltr'><strong>invocavi.</strong></span> <span class='ocrx_word' id='word_1_83' title='bbox 1027 1036 1139 1090; x_wconf 91' lang='lat' dir='ltr'><strong>Dixi</strong></span> <span class='ocrx_word' id='word_1_84' title='bbox 1169 1036 1418 1103; x_wconf 90' lang='lat' dir='ltr'><strong>quoniam</strong></span> <span class='ocrx_word' id='word_1_85' title='bbox 1448 1031 1702 1103; x_wconf 79' lang='lat' dir='ltr'><strong>Dominus</strong></span> <span class='ocrx_word' id='word_1_86' title='bbox 1722 1037 1806 1103; x_wconf 86' lang='lat' dir='ltr'><strong>est</strong></span> 
     </span>
    </p>
   </div>
   <div class='ocr_carea' id='block_1_13' title="bbox 218 1102 1806 1180">
    <p class='ocr_par' dir='ltr' id='par_1_13' title="bbox 218 1102 1806 1180">
     <span class='ocr_line' id='line_1_13' title="bbox 218 1102 1806 1180; baseline -0.012 -8"><span class='ocrx_word' id='word_1_87' title='bbox 218 1117 422 1180; x_wconf 80' lang='lat' dir='ltr'><strong>bonus,</strong></span> <span class='ocrx_word' id='word_1_88' title='bbox 461 1124 516 1168; x_wconf 91' lang='lat' dir='ltr'><strong>et</strong></span> <span class='ocrx_word' id='word_1_89' title='bbox 546 1114 646 1168; x_wconf 88' lang='lat' dir='ltr'><strong>hoc</strong></span> <span class='ocrx_word' id='word_1_90' title='bbox 681 1111 810 1165; x_wconf 90' lang='lat' dir='ltr'><strong>mihi</strong></span> <span class='ocrx_word' id='word_1_91' title='bbox 857 1119 1076 1178; x_wconf 86' lang='lat' dir='ltr'><strong>experto</strong></span> <span class='ocrx_word' id='word_1_92' title='bbox 1128 1107 1350 1180; x_wconf 72' lang='lat' dir='ltr'><strong>credite,</strong></span> <span class='ocrx_word' id='word_1_93' title='bbox 1385 1103 1584 1180; x_wconf 78' lang='lat' dir='ltr'><strong>diceret</strong></span> <span class='ocrx_word' id='word_1_94' title='bbox 1600 1102 1806 1180; x_wconf 65' lang='lat' dir='ltr'><strong>aliquis</strong></span> 
     </span>
    </p>
   </div>
   <div class='ocr_carea' id='block_1_14' title="bbox 218 1174 1807 1252">
    <p class='ocr_par' dir='ltr' id='par_1_14' title="bbox 218 1174 1807 1252">
     <span class='ocr_line' id='line_1_14' title="bbox 218 1174 1807 1252; baseline -0.011 -8"><span class='ocrx_word' id='word_1_95' title='bbox 218 1189 293 1244; x_wconf 88' lang='lat' dir='ltr'><strong>de</strong></span> <span class='ocrx_word' id='word_1_96' title='bbox 339 1174 535 1242; x_wconf 76' lang='lat' dir='ltr'><strong>sanctis</strong></span> <span class='ocrx_word' id='word_1_97' title='bbox 565 1183 844 1252; x_wconf 82' lang='lat' dir='ltr'><strong>apostolis,</strong></span> <span class='ocrx_word' id='word_1_98' title='bbox 893 1174 985 1250; x_wconf 82' lang='lat' dir='ltr'><strong>qui</strong></span> <span class='ocrx_word' id='word_1_99' title='bbox 1029 1179 1300 1252; x_wconf 67' lang='lat' dir='ltr'><strong>praecipue</strong></span> <span class='ocrx_word' id='word_1_100' title='bbox 1331 1177 1380 1230; x_wconf 93' lang='lat' dir='ltr'><strong>in</strong></span> <span class='ocrx_word' id='word_1_101' title='bbox 1416 1174 1807 1252; x_wconf 51' lang='lat' dir='ltr'><strong>primitivach-</strong></span> 
     </span>
    </p>
   </div>
   <div class='ocr_carea' id='block_1_15' title="bbox 222 1243 1803 1320">
    <p class='ocr_par' dir='ltr' id='par_1_15' title="bbox 222 1243 1803 1320">
     <span class='ocr_line' id='line_1_15' title="bbox 222 1243 1803 1320; baseline -0.011 -6"><span class='ocrx_word' id='word_1_102' title='bbox 222 1243 395 1315; x_wconf 82' lang='lat' dir='ltr'><strong>clesia</strong></span> <span class='ocrx_word' id='word_1_103' title='bbox 418 1243 786 1312; x_wconf 78' lang='lat' dir='ltr'><strong>tribulationes</strong></span> <span class='ocrx_word' id='word_1_104' title='bbox 816 1243 868 1308; x_wconf 80' lang='lat' dir='ltr'><strong>et</strong></span> <span class='ocrx_word' id='word_1_105' title='bbox 899 1243 1464 1320; x_wconf 68' lang='lat' dir='ltr'><strong>persecutionespassi</strong></span> <span class='ocrx_word' id='word_1_106' title='bbox 1494 1255 1640 1300; x_wconf 86' lang='lat' dir='ltr'><strong>sunt.</strong></span> <span class='ocrx_word' id='word_1_107' title='bbox 1671 1243 1803 1320; x_wconf 74' lang='lat' dir='ltr'><strong>Nam</strong></span> 
     </span>
    </p>
   </div>
   <div class='ocr_carea' id='block_1_16' title="bbox 218 1317 1804 1399">
    <p class='ocr_par' dir='ltr' id='par_1_16' title="bbox 218 1317 1804 1399">
     <span class='ocr_line' id='line_1_16' title="bbox 218 1317 1804 1399; baseline -0.01 -14"><span class='ocrx_word' id='word_1_108' title='bbox 218 1345 327 1399; x_wconf 90' lang='lat' dir='ltr'><strong>ego</strong></span> <span class='ocrx_word' id='word_1_109' title='bbox 356 1331 407 1384; x_wconf 91' lang='lat' dir='ltr'><strong>in</strong></span> <span class='ocrx_word' id='word_1_110' title='bbox 441 1328 781 1399; x_wconf 86' lang='lat' dir='ltr'><strong>tribulatione</strong></span> <span class='ocrx_word' id='word_1_111' title='bbox 811 1317 1014 1392; x_wconf 78' lang='lat' dir='ltr'><strong>positus</strong></span> <span class='ocrx_word' id='word_1_112' title='bbox 1039 1321 1266 1375; x_wconf 78' lang='lat' dir='ltr'><strong>invocavi</strong></span> <span class='ocrx_word' id='word_1_113' title='bbox 1295 1317 1593 1399; x_wconf 71' lang='lat' dir='ltr'><strong>Dominum,</strong></span> <span class='ocrx_word' id='word_1_114' title='bbox 1626 1318 1804 1370; x_wconf 84' lang='lat' dir='ltr'><strong>ethoc</strong></span> 
     </span>
    </p>
   </div>
   <div class='ocr_carea' id='block_1_17' title="bbox 223 1388 1804 1460">
    <p class='ocr_par' dir='ltr' id='par_1_17' title="bbox 223 1388 1804 1460">
     <span class='ocr_line' id='line_1_17' title="bbox 223 1388 1804 1460; baseline -0.009 -5"><span class='ocrx_word' id='word_1_115' title='bbox 223 1388 294 1455; x_wconf 58' lang='lat' dir='ltr'><strong>de</strong></span> <span class='ocrx_word' id='word_1_116' title='bbox 327 1400 672 1460; x_wconf 81' lang='lat' dir='ltr'><strong>tribulatione,</strong></span> <span class='ocrx_word' id='word_1_117' title='bbox 700 1396 752 1450; x_wconf 91' lang='lat' dir='ltr'><strong>id</strong></span> <span class='ocrx_word' id='word_1_118' title='bbox 781 1388 882 1460; x_wconf 81' lang='lat' dir='ltr'><strong>est,</strong></span> <span class='ocrx_word' id='word_1_119' title='bbox 924 1404 984 1448; x_wconf 92' lang='lat' dir='ltr'><strong>ut</strong></span> <span class='ocrx_word' id='word_1_120' title='bbox 1010 1407 1114 1447; x_wconf 92' lang='lat' dir='ltr'><strong>non</strong></span> <span class='ocrx_word' id='word_1_121' title='bbox 1145 1401 1287 1447; x_wconf 85' lang='lat' dir='ltr'><strong>esset</strong></span> <span class='ocrx_word' id='word_1_122' title='bbox 1319 1390 1447 1445; x_wconf 91' lang='lat' dir='ltr'><strong>mihi</strong></span> <span class='ocrx_word' id='word_1_123' title='bbox 1476 1388 1804 1460; x_wconf 65' lang='lat' dir='ltr'><strong>infructuosa</strong></span> 
     </span>
    </p>
   </div>
   <div class='ocr_carea' id='block_1_18' title="bbox 224 1459 1804 1532">
    <p class='ocr_par' dir='ltr' id='par_1_18' title="bbox 224 1459 1804 1532">
     <span class='ocr_line' id='line_1_18' title="bbox 224 1459 1804 1532; baseline -0.009 -7"><span class='ocrx_word' id='word_1_124' title='bbox 224 1472 520 1532; x_wconf 83' lang='lat' dir='ltr'><strong>tribulatio,</strong></span> <span class='ocrx_word' id='word_1_125' title='bbox 548 1479 595 1524; x_wconf 90' lang='lat' dir='ltr'><strong>et</strong></span> <span class='ocrx_word' id='word_1_126' title='bbox 627 1459 876 1522; x_wconf 84' lang='lat' dir='ltr'><strong>Dominus</strong></span> <span class='ocrx_word' id='word_1_127' title='bbox 918 1463 1174 1520; x_wconf 74' lang='lat' dir='ltr'><strong>exaudivit</strong></span> <span class='ocrx_word' id='word_1_128' title='bbox 1221 1479 1298 1516; x_wconf 87' lang='lat' dir='ltr'><strong>me</strong></span> <span class='ocrx_word' id='word_1_129' title='bbox 1345 1459 1590 1532; x_wconf 82' lang='lat' dir='ltr'><strong>ponendo</strong></span> <span class='ocrx_word' id='word_1_130' title='bbox 1631 1472 1716 1532; x_wconf 86' lang='lat' dir='ltr'><strong>me</strong></span> <span class='ocrx_word' id='word_1_131' title='bbox 1749 1459 1804 1511; x_wconf 86' lang='lat' dir='ltr'><strong>in</strong></span> 
     </span>
    </p>
   </div>
   <div class='ocr_carea' id='block_1_19' title="bbox 221 1529 1801 1607">
    <p class='ocr_par' dir='ltr' id='par_1_19' title="bbox 221 1529 1801 1607">
     <span class='ocr_line' id='line_1_19' title="bbox 221 1529 1801 1607; baseline -0.011 -10"><span class='ocrx_word' id='word_1_132' title='bbox 221 1529 537 1607; x_wconf 73' lang='lat' dir='ltr'><strong>latitudine,-</strong></span> <span class='ocrx_word' id='word_1_133' title='bbox 566 1542 646 1596; x_wconf 89' lang='lat' dir='ltr'><strong>vel</strong></span> <span class='ocrx_word' id='word_1_134' title='bbox 679 1540 748 1593; x_wconf 88' lang='lat' dir='ltr'><strong>ita</strong></span> <span class='ocrx_word' id='word_1_135' title='bbox 788 1537 1019 1601; x_wconf 73' lang='lat' dir='ltr'><strong>scilicet,</strong></span> <span class='ocrx_word' id='word_1_136' title='bbox 1051 1546 1108 1590; x_wconf 94' lang='lat' dir='ltr'><strong>ut</strong></span> <span class='ocrx_word' id='word_1_137' title='bbox 1137 1550 1240 1588; x_wconf 93' lang='lat' dir='ltr'><strong>non</strong></span> <span class='ocrx_word' id='word_1_138' title='bbox 1280 1533 1450 1607; x_wconf 81' lang='lat' dir='ltr'><strong>solum</strong></span> <span class='ocrx_word' id='word_1_139' title='bbox 1494 1529 1801 1607; x_wconf 74' lang='lat' dir='ltr'><strong>tribularer,</strong></span> 
     </span>
    </p>
   </div>
   <div class='ocr_carea' id='block_1_20' title="bbox 222 1599 1805 1682">
    <p class='ocr_par' dir='ltr' id='par_1_20' title="bbox 222 1599 1805 1682">
     <span class='ocr_line' id='line_1_20' title="bbox 222 1599 1805 1682; baseline -0.009 -13"><span class='ocrx_word' id='word_1_140' title='bbox 222 1616 323 1668; x_wconf 88' lang='lat' dir='ltr'><strong>sed</strong></span> <span class='ocrx_word' id='word_1_141' title='bbox 352 1623 406 1669; x_wconf 93' lang='lat' dir='ltr'><strong>et</strong></span> <span class='ocrx_word' id='word_1_142' title='bbox 432 1599 688 1682; x_wconf 72' lang='lat' dir='ltr'><strong>gloriarer</strong></span> <span class='ocrx_word' id='word_1_143' title='bbox 709 1610 762 1663; x_wconf 93' lang='lat' dir='ltr'><strong>in</strong></span> <span class='ocrx_word' id='word_1_144' title='bbox 794 1599 1244 1682; x_wconf 76' lang='lat' dir='ltr'><strong>tribulationibus,</strong></span> <span class='ocrx_word' id='word_1_145' title='bbox 1287 1605 1370 1660; x_wconf 87' lang='lat' dir='ltr'><strong>vel</strong></span> <span class='ocrx_word' id='word_1_146' title='bbox 1399 1605 1470 1657; x_wconf 90' lang='lat' dir='ltr'><strong>ita</strong></span> <span class='ocrx_word' id='word_1_147' title='bbox 1511 1609 1570 1656; x_wconf 91' lang='lat' dir='ltr'><strong>ut</strong></span> <span class='ocrx_word' id='word_1_148' title='bbox 1609 1608 1665 1656; x_wconf 92' lang='lat' dir='ltr'><strong>et</strong></span> <span class='ocrx_word' id='word_1_149' title='bbox 1685 1599 1805 1655; x_wconf 88' lang='lat' dir='ltr'><strong>dili-</strong></span> 
     </span>
    </p>
   </div>
   <div class='ocr_carea' id='block_1_21' title="bbox 227 1680 1130 1756">
    <p class='ocr_par' dir='ltr' id='par_1_21' title="bbox 227 1680 1130 1756">
     <span class='ocr_line' id='line_1_21' title="bbox 227 1680 1130 1756; baseline -0.008 -16"><span class='ocrx_word' id='word_1_150' title='bbox 227 1699 415 1756; x_wconf 76' lang='lat' dir='ltr'><strong>gerem</strong></span> <span class='ocrx_word' id='word_1_151' title='bbox 438 1680 824 1756; x_wconf 77' lang='lat' dir='ltr'><strong>persequentes</strong></span> <span class='ocrx_word' id='word_1_152' title='bbox 867 1680 1130 1756; x_wconf 79' lang='lat' dir='ltr'><strong>inimicos.</strong></span> 
     </span>
    </p>
   </div>
   <div class='ocr_carea' id='block_1_22' title="bbox 305 1744 1800 1824">
    <p class='ocr_par' dir='ltr' id='par_1_22' title="bbox 305 1744 1800 1824">
     <span class='ocr_line' id='line_1_22' title="bbox 305 1744 1800 1824; baseline -0.008 -14"><span class='ocrx_word' id='word_1_153' title='bbox 305 1744 552 1810; x_wconf 78' lang='lat' dir='ltr'><strong>Dominus</strong></span> <span class='ocrx_word' id='word_1_154' title='bbox 578 1744 702 1807; x_wconf 78' lang='lat' dir='ltr'><strong>mihi</strong></span> <span class='ocrx_word' id='word_1_155' title='bbox 723 1752 950 1824; x_wconf 86' lang='lat' dir='ltr'><strong>adjutor.</strong></span> <span class='ocrx_word' id='word_1_156' title='bbox 967 1749 1103 1805; x_wconf 83' lang='lat' dir='ltr'><strong>Vere</strong></span> <span class='ocrx_word' id='word_1_157' title='bbox 1131 1748 1384 1804; x_wconf 89' lang='lat' dir='ltr'><strong>Dominus</strong></span> <span class='ocrx_word' id='word_1_158' title='bbox 1405 1744 1672 1824; x_wconf 79' lang='lat' dir='ltr'><strong>exaudivit</strong></span> <span class='ocrx_word' id='word_1_159' title='bbox 1696 1758 1800 1799; x_wconf 90' lang='lat' dir='ltr'><strong>me.</strong></span> 
     </span>
    </p>
   </div>
   <div class='ocr_carea' id='block_1_23' title="bbox 225 1816 1800 1893">
    <p class='ocr_par' dir='ltr' id='par_1_23' title="bbox 225 1816 1800 1893">
     <span class='ocr_line' id='line_1_23' title="bbox 225 1816 1800 1893; baseline -0.01 -10"><span class='ocrx_word' id='word_1_160' title='bbox 225 1828 363 1884; x_wconf 85' lang='lat' dir='ltr'><strong>Nam</strong></span> <span class='ocrx_word' id='word_1_161' title='bbox 412 1827 665 1881; x_wconf 85' lang='lat' dir='ltr'><strong>Dominus</strong></span> <span class='ocrx_word' id='word_1_162' title='bbox 697 1816 802 1878; x_wconf 65' lang='lat' dir='ltr'><strong>fuif</strong></span> <span class='ocrx_word' id='word_1_163' title='bbox 824 1823 950 1876; x_wconf 86' lang='lat' dir='ltr'><strong>mihi</strong></span> <span class='ocrx_word' id='word_1_164' title='bbox 995 1825 1470 1893; x_wconf 40' lang='lat' dir='ltr'><strong>adjutortutpon</strong></span> <span class='ocrx_word' id='word_1_165' title='bbox 1497 1816 1800 1893; x_wconf 83' lang='lat' dir='ltr'><strong>deficerem,</strong></span> 
     </span>
    </p>
   </div>
   <div class='ocr_carea' id='block_1_24' title="bbox 227 1887 1803 1967">
    <p class='ocr_par' dir='ltr' id='par_1_24' title="bbox 227 1887 1803 1967">
     <span class='ocr_line' id='line_1_24' title="bbox 227 1887 1803 1967; baseline -0.01 -13"><span class='ocrx_word' id='word_1_166' title='bbox 227 1900 344 1954; x_wconf 91' lang='lat' dir='ltr'><strong>imo</strong></span> <span class='ocrx_word' id='word_1_167' title='bbox 375 1899 686 1967; x_wconf 85' lang='lat' dir='ltr'><strong>proficerem</strong></span> <span class='ocrx_word' id='word_1_168' title='bbox 721 1895 772 1949; x_wconf 92' lang='lat' dir='ltr'><strong>in</strong></span> <span class='ocrx_word' id='word_1_169' title='bbox 821 1887 1177 1967; x_wconf 69' lang='lat' dir='ltr'><strong>tribulatione.</strong></span> <span class='ocrx_word' id='word_1_170' title='bbox 1219 1891 1290 1967; x_wconf 90' lang='lat' dir='ltr'><strong>_Et_.</strong></span> <span class='ocrx_word' id='word_1_171' title='bbox 1337 1890 1458 1967; x_wconf 80' lang='lat' dir='ltr'><strong>ideo</strong></span> <span class='ocrx_word' id='word_1_172' title='bbox 1487 1904 1589 1942; x_wconf 88' lang='lat' dir='ltr'><strong>non</strong></span> <span class='ocrx_word' id='word_1_173' title='bbox 1622 1887 1803 1967; x_wconf 70' lang='lat' dir='ltr'><strong>timebo</strong></span> 
     </span>
    </p>
   </div>
   <div class='ocr_carea' id='block_1_25' title="bbox 226 1959 1804 2042">
    <p class='ocr_par' dir='ltr' id='par_1_25' title="bbox 226 1959 1804 2042">
     <span class='ocr_line' id='line_1_25' title="bbox 226 1959 1804 2042; baseline -0.01 -17"><span class='ocrx_word' id='word_1_174' title='bbox 226 1972 356 2042; x_wconf 86' lang='lat' dir='ltr'><strong>quid</strong></span> <span class='ocrx_word' id='word_1_175' title='bbox 377 1959 550 2034; x_wconf 64' lang='lat' dir='ltr'><strong>&#39;liomo,</strong></span> <span class='ocrx_word' id='word_1_176' title='bbox 585 1969 637 2042; x_wconf 85' lang='lat' dir='ltr'><strong>id</strong></span> <span class='ocrx_word' id='word_1_177' title='bbox 660 1976 759 2029; x_wconf 86' lang='grc' dir='ltr'>εει,</span> <span class='ocrx_word' id='word_1_178' title='bbox 791 1963 937 2042; x_wconf 83' lang='lat' dir='ltr'><strong>carni</strong></span> <span class='ocrx_word' id='word_1_179' title='bbox 966 1975 1017 2020; x_wconf 90' lang='lat' dir='ltr'><strong>et</strong></span> <span class='ocrx_word' id='word_1_180' title='bbox 1045 1961 1621 2042; x_wconf 61' lang='lat' dir='ltr'><strong>sanguiniadhmrens,</strong></span> <span class='ocrx_word' id='word_1_181' title='bbox 1650 1959 1804 2027; x_wconf 81' lang='lat' dir='ltr'><strong>facint</strong></span> 
     </span>
    </p>
   </div>
   <div class='ocr_carea' id='block_1_26' title="bbox 231 2031 1803 2109">
    <p class='ocr_par' dir='ltr' id='par_1_26' title="bbox 231 2031 1803 2109">
     <span class='ocr_line' id='line_1_26' title="bbox 231 2031 1803 2109; baseline -0.008 -15"><span class='ocrx_word' id='word_1_182' title='bbox 231 2031 381 2096; x_wconf 68' lang='lat' dir='ltr'><strong>inihi.</strong></span> <span class='ocrx_word' id='word_1_183' title='bbox 419 2042 485 2095; x_wconf 86' lang='lat' dir='ltr'><strong>Et</strong></span> <span class='ocrx_word' id='word_1_184' title='bbox 513 2031 633 2109; x_wconf 87' lang='lat' dir='ltr'><strong>quia</strong></span> <span class='ocrx_word' id='word_1_185' title='bbox 665 2054 770 2092; x_wconf 90' lang='lat' dir='ltr'><strong>non</strong></span> <span class='ocrx_word' id='word_1_186' title='bbox 822 2037 995 2109; x_wconf 86' lang='lat' dir='ltr'><strong>solum</strong></span> <span class='ocrx_word' id='word_1_187' title='bbox 1050 2031 1202 2109; x_wconf 63' lang='lat' dir='ltr'><strong>tales</strong></span> <span class='ocrx_word' id='word_1_188' title='bbox 1228 2033 1379 2109; x_wconf 82' lang='lat' dir='ltr'><strong>nobis</strong></span> <span class='ocrx_word' id='word_1_189' title='bbox 1404 2031 1803 2109; x_wconf 65' lang='lat' dir='ltr'><strong>adversantur,</strong></span> 
     </span>
    </p>
   </div>
   <div class='ocr_carea' id='block_1_27' title="bbox 227 2100 1803 2182">
    <p class='ocr_par' dir='ltr' id='par_1_27' title="bbox 227 2100 1803 2182">
     <span class='ocr_line' id='line_1_27' title="bbox 227 2100 1803 2182; baseline -0.008 -16"><span class='ocrx_word' id='word_1_190' title='bbox 227 2115 329 2168; x_wconf 85' lang='lat' dir='ltr'><strong>sed</strong></span> <span class='ocrx_word' id='word_1_191' title='bbox 359 2123 410 2168; x_wconf 88' lang='lat' dir='ltr'><strong>et</strong></span> <span class='ocrx_word' id='word_1_192' title='bbox 432 2100 698 2182; x_wconf 79' lang='lat' dir='ltr'><strong>principes</strong></span> <span class='ocrx_word' id='word_1_193' title='bbox 738 2109 819 2182; x_wconf 83' lang='lat' dir='ltr'><strong>illi</strong></span> <span class='ocrx_word' id='word_1_194' title='bbox 853 2107 1065 2182; x_wconf 81' lang='lat' dir='ltr'><strong>quidem</strong></span> <span class='ocrx_word' id='word_1_195' title='bbox 1096 2106 1286 2175; x_wconf 86' lang='lat' dir='ltr'><strong>quibus</strong></span> <span class='ocrx_word' id='word_1_196' title='bbox 1316 2103 1444 2157; x_wconf 91' lang='lat' dir='ltr'><strong>dicit</strong></span> <span class='ocrx_word' id='word_1_197' title='bbox 1473 2100 1803 2182; x_wconf 68' lang='lat' dir='ltr'><strong>Apostolus:</strong></span> 
     </span>
    </p>
   </div>
   <div class='ocr_carea' id='block_1_28' title="bbox 228 2173 1810 2242">
    <p class='ocr_par' dir='ltr' id='par_1_28' title="bbox 228 2173 1810 2242">
     <span class='ocr_line' id='line_1_28' title="bbox 228 2173 1810 2242; baseline -0.008 -6"><span class='ocrx_word' id='word_1_198' title='bbox 228 2184 357 2238; x_wconf 78' lang='lat' dir='ltr'><strong>Non</strong></span> <span class='ocrx_word' id='word_1_199' title='bbox 385 2173 457 2238; x_wconf 59' lang='lat' dir='ltr'><strong>es&#39;t</strong></span> <span class='ocrx_word' id='word_1_200' title='bbox 496 2173 638 2236; x_wconf 81' lang='lat' dir='ltr'><strong>nobis</strong></span> <span class='ocrx_word' id='word_1_201' title='bbox 667 2173 954 2234; x_wconf 81' lang='lat' dir='ltr'><strong>colluctatio</strong></span> <span class='ocrx_word' id='word_1_202' title='bbox 997 2173 1239 2231; x_wconf 76' lang='lat' dir='ltr'><strong>adversus</strong></span> <span class='ocrx_word' id='word_1_203' title='bbox 1267 2191 1470 2229; x_wconf 84' lang='lat' dir='ltr'><strong>carnem</strong></span> <span class='ocrx_word' id='word_1_204' title='bbox 1515 2186 1561 2227; x_wconf 83' lang='lat' dir='ltr'><strong>et</strong></span> <span class='ocrx_word' id='word_1_205' title='bbox 1598 2173 1810 2242; x_wconf 85' lang='lat' dir='ltr'><strong>sangui-</strong></span> 
     </span>
    </p>
   </div>
   <div class='ocr_carea' id='block_1_29' title="bbox 227 2244 1809 2320">
    <p class='ocr_par' dir='ltr' id='par_1_29' title="bbox 227 2244 1809 2320">
     <span class='ocr_line' id='line_1_29' title="bbox 227 2244 1809 2320; baseline -0.008 -11"><span class='ocrx_word' id='word_1_206' title='bbox 227 2273 368 2320; x_wconf 87' lang='lat' dir='ltr'><strong>nem,</strong></span> <span class='ocrx_word' id='word_1_207' title='bbox 399 2255 488 2309; x_wconf 82' lang='lat' dir='ltr'><strong>sed</strong></span> <span class='ocrx_word' id='word_1_208' title='bbox 536 2255 772 2306; x_wconf 85' lang='lat' dir='ltr'><strong>adversus</strong></span> <span class='ocrx_word' id='word_1_209' title='bbox 819 2250 1071 2320; x_wconf 83' lang='lat' dir='ltr'><strong>principes</strong></span> <span class='ocrx_word' id='word_1_210' title='bbox 1118 2259 1165 2302; x_wconf 87' lang='lat' dir='ltr'><strong>et</strong></span> <span class='ocrx_word' id='word_1_211' title='bbox 1216 2257 1482 2315; x_wconf 73' lang='lat' dir='ltr'><strong>potestates</strong></span> <span class='ocrx_word' id='word_1_212' title='bbox 1511 2291 1525 2313; x_wconf 81' lang='lat'><strong>,</strong></span> <span class='ocrx_word' id='word_1_213' title='bbox 1567 2244 1809 2320; x_wconf 70' lang='lat' dir='ltr'><strong>adversus</strong></span> 
     </span>
    </p>
   </div>
   <div class='ocr_carea' id='block_1_30' title="bbox 229 2314 1810 2386">
    <p class='ocr_par' dir='ltr' id='par_1_30' title="bbox 229 2314 1810 2386">
     <span class='ocr_line' id='line_1_30' title="bbox 229 2314 1810 2386; baseline -0.009 -5"><span class='ocrx_word' id='word_1_214' title='bbox 229 2314 411 2381; x_wconf 81' lang='lat' dir='ltr'><strong>mundi</strong></span> <span class='ocrx_word' id='word_1_215' title='bbox 439 2335 657 2380; x_wconf 84' lang='lat' dir='ltr'><strong>rectores</strong></span> <span class='ocrx_word' id='word_1_216' title='bbox 703 2314 1022 2376; x_wconf 77' lang='lat' dir='ltr'><strong>tenebrarum</strong></span> <span class='ocrx_word' id='word_1_217' title='bbox 1061 2314 1266 2383; x_wconf 82' lang='lat' dir='ltr'><strong>harum,</strong></span> <span class='ocrx_word' id='word_1_218' title='bbox 1295 2329 1474 2372; x_wconf 90' lang='lat' dir='ltr'><strong>contra</strong></span> <span class='ocrx_word' id='word_1_219' title='bbox 1516 2314 1810 2386; x_wconf 86' lang='lat' dir='ltr'><strong>spiritualia</strong></span> 
     </span>
    </p>
   </div>
   <div class='ocr_carea' id='block_1_31' title="bbox 230 2387 1809 2470">
    <p class='ocr_par' dir='ltr' id='par_1_31' title="bbox 230 2387 1809 2470">
     <span class='ocr_line' id='line_1_31' title="bbox 230 2387 1809 2470; baseline -0.008 -19"><span class='ocrx_word' id='word_1_220' title='bbox 230 2399 473 2470; x_wconf 73' lang='lat' dir='ltr'><strong>nequitia:</strong></span> <span class='ocrx_word' id='word_1_221' title='bbox 500 2399 551 2449; x_wconf 84' lang='lat' dir='ltr'><strong>in</strong></span> <span class='ocrx_word' id='word_1_222' title='bbox 599 2394 899 2470; x_wconf 64' lang='lat' dir='ltr'><strong>caelestibus.</strong></span> <span class='ocrx_word' id='word_1_223' title='bbox 933 2391 1057 2470; x_wconf 78' lang='lat' dir='ltr'><strong>Ideo</strong></span> <span class='ocrx_word' id='word_1_224' title='bbox 1090 2392 1324 2470; x_wconf 73' lang='lat' dir='ltr'><strong>secunth</strong></span> <span class='ocrx_word' id='word_1_225' title='bbox 1374 2389 1522 2454; x_wconf 85' lang='lat' dir='ltr'><strong>dicit,</strong></span> <span class='ocrx_word' id='word_1_226' title='bbox 1558 2387 1809 2470; x_wconf 65' lang='lat' dir='ltr'><strong>Dominus</strong></span> 
     </span>
    </p>
   </div>
   <div class='ocr_carea' id='block_1_32' title="bbox 231 2459 1808 2541">
    <p class='ocr_par' dir='ltr' id='par_1_32' title="bbox 231 2459 1808 2541">
     <span class='ocr_line' id='line_1_32' title="bbox 231 2459 1808 2541; baseline -0.007 -19"><span class='ocrx_word' id='word_1_227' title='bbox 231 2459 358 2522; x_wconf 77' lang='lat' dir='ltr'><strong>milii</strong></span> <span class='ocrx_word' id='word_1_228' title='bbox 383 2473 610 2541; x_wconf 86' lang='lat' dir='ltr'><strong>adjutor,</strong></span> <span class='ocrx_word' id='word_1_229' title='bbox 636 2481 680 2521; x_wconf 88' lang='lat' dir='ltr'><strong>et</strong></span> <span class='ocrx_word' id='word_1_230' title='bbox 702 2466 819 2522; x_wconf 88' lang='lat' dir='ltr'><strong>ideo</strong></span> <span class='ocrx_word' id='word_1_231' title='bbox 844 2463 1119 2541; x_wconf 73' lang='lat' dir='ltr'><strong>despiciam</strong></span> <span class='ocrx_word' id='word_1_232' title='bbox 1149 2463 1384 2541; x_wconf 80' lang='lat' dir='ltr'><strong>inimicos</strong></span> <span class='ocrx_word' id='word_1_233' title='bbox 1402 2476 1554 2541; x_wconf 82' lang='lat' dir='ltr'><strong>_meos</strong></span> <span class='ocrx_word' id='word_1_234' title='bbox 1579 2459 1647 2513; x_wconf 90' lang='lat' dir='ltr'><strong>de</strong></span> <span class='ocrx_word' id='word_1_235' title='bbox 1673 2472 1808 2538; x_wconf 76' lang='lat' dir='ltr'><strong>quo-</strong></span> 
     </span>
    </p>
   </div>
   <div class='ocr_carea' id='block_1_33' title="bbox 230 2528 1810 2610">
    <p class='ocr_par' dir='ltr' id='par_1_33' title="bbox 230 2528 1810 2610">
     <span class='ocr_line' id='line_1_33' title="bbox 230 2528 1810 2610; baseline -0.013 -12"><span class='ocrx_word' id='word_1_236' title='bbox 230 2528 670 2610; x_wconf 51' lang='lat' dir='ltr'><strong>cunque&#39;gene&#39;re</strong></span> <span class='ocrx_word' id='word_1_237' title='bbox 699 2528 944 2610; x_wconf 64' lang='lat' dir='ltr'><strong>surgant,</strong></span> <span class='ocrx_word' id='word_1_238' title='bbox 961 2534 1190 2610; x_wconf 85' lang='lat' dir='ltr'><strong>scilicet,</strong></span> <span class='ocrx_word' id='word_1_239' title='bbox 1223 2534 1338 2610; x_wconf 75' lang='lat' dir='ltr'><strong>sive</strong></span> <span class='ocrx_word' id='word_1_240' title='bbox 1384 2532 1451 2588; x_wconf 90' lang='lat' dir='ltr'><strong>de</strong></span> <span class='ocrx_word' id='word_1_241' title='bbox 1482 2543 1678 2599; x_wconf 85' lang='lat' dir='ltr'><strong>genere</strong></span> <span class='ocrx_word' id='word_1_242' title='bbox 1711 2528 1810 2610; x_wconf 79' lang='lat' dir='ltr'><strong>ini-</strong></span> 
     </span>
    </p>
   </div>
   <div class='ocr_carea' id='block_1_34' title="bbox 231 2599 1810 2684">
    <p class='ocr_par' dir='ltr' id='par_1_34' title="bbox 231 2599 1810 2684">
     <span class='ocr_line' id='line_1_34' title="bbox 231 2599 1810 2684; baseline -0.008 -17"><span class='ocrx_word' id='word_1_243' title='bbox 231 2599 817 2684; x_wconf 46' lang='lat' dir='ltr'><strong>quorum&#39;iiominum:</strong></span> <span class='ocrx_word' id='word_1_244' title='bbox 833 2599 946 2662; x_wconf 81' lang='lat' dir='ltr'><strong>sive</strong></span> <span class='ocrx_word' id='word_1_245' title='bbox 975 2607 1042 2661; x_wconf 90' lang='lat' dir='ltr'><strong>de</strong></span> <span class='ocrx_word' id='word_1_246' title='bbox 1084 2606 1408 2677; x_wconf 86' lang='lat' dir='ltr'><strong>nequissimo</strong></span> <span class='ocrx_word' id='word_1_247' title='bbox 1435 2615 1628 2675; x_wconf 81' lang='lat' dir='ltr'><strong>genere</strong></span> <span class='ocrx_word' id='word_1_248' title='bbox 1659 2599 1810 2654; x_wconf 87' lang='lat' dir='ltr'><strong>mali-</strong></span> 
     </span>
    </p>
   </div>
   <div class='ocr_carea' id='block_1_35' title="bbox 229 2692 789 2754">
    <p class='ocr_par' dir='ltr' id='par_1_35' title="bbox 229 2692 789 2754">
     <span class='ocr_line' id='line_1_35' title="bbox 229 2692 789 2754; baseline -0.011 -15"><span class='ocrx_word' id='word_1_249' title='bbox 229 2700 461 2754; x_wconf 89' lang='lat' dir='ltr'><strong>gnorum</strong></span> <span class='ocrx_word' id='word_1_250' title='bbox 491 2692 789 2754; x_wconf 76' lang='lat' dir='ltr'><strong>spirituum.</strong></span> 
     </span>
    </p>
   </div>
   <div class='ocr_carea' id='block_1_36' title="bbox 310 2743 1811 2819">
    <p class='ocr_par' dir='ltr' id='par_1_36' title="bbox 310 2743 1811 2819">
     <span class='ocr_line' id='line_1_36' title="bbox 310 2743 1811 2819; baseline -0.007 -11"><span class='ocrx_word' id='word_1_251' title='bbox 310 2743 609 2808; x_wconf 59' lang='lat' dir='ltr'><strong>Bonum&#39;est</strong></span> <span class='ocrx_word' id='word_1_252' title='bbox 635 2751 911 2819; x_wconf 82' lang='lat' dir='ltr'><strong>conﬁdere.</strong></span> <span class='ocrx_word' id='word_1_253' title='bbox 939 2749 1099 2818; x_wconf 85' lang='lat' dir='ltr'><strong>Quasi</strong></span> <span class='ocrx_word' id='word_1_254' title='bbox 1129 2749 1270 2804; x_wconf 85' lang='lat' dir='ltr'><strong>dicat</strong></span> <span class='ocrx_word' id='word_1_255' title='bbox 1304 2767 1318 2803; x_wconf 92' lang='lat'><strong>:</strong></span> <span class='ocrx_word' id='word_1_256' title='bbox 1358 2747 1608 2805; x_wconf 88' lang='lat' dir='ltr'><strong>Inimicos</strong></span> <span class='ocrx_word' id='word_1_257' title='bbox 1628 2743 1811 2819; x_wconf 81' lang='lat' dir='ltr'><strong>despi-</strong></span> 
     </span>
    </p>
   </div>
   <div class='ocr_carea' id='block_1_37' title="bbox 233 2816 1813 2892">
    <p class='ocr_par' dir='ltr' id='par_1_37' title="bbox 233 2816 1813 2892">
     <span class='ocr_line' id='line_1_37' title="bbox 233 2816 1813 2892; baseline -0.009 -10"><span class='ocrx_word' id='word_1_258' title='bbox 233 2827 400 2892; x_wconf 88' lang='lat' dir='ltr'><strong>ciam,</strong></span> <span class='ocrx_word' id='word_1_259' title='bbox 435 2827 489 2880; x_wconf 90' lang='lat' dir='ltr'><strong>in</strong></span> <span class='ocrx_word' id='word_1_260' title='bbox 517 2816 742 2879; x_wconf 85' lang='lat' dir='ltr'><strong>Domino</strong></span> <span class='ocrx_word' id='word_1_261' title='bbox 770 2832 945 2876; x_wconf 88' lang='lat' dir='ltr'><strong>autem</strong></span> <span class='ocrx_word' id='word_1_262' title='bbox 969 2816 1331 2890; x_wconf 76' lang='lat' dir='ltr'><strong>prospiciam,</strong></span> <span class='ocrx_word' id='word_1_263' title='bbox 1353 2831 1406 2875; x_wconf 91' lang='lat' dir='ltr'><strong>et</strong></span> <span class='ocrx_word' id='word_1_264' title='bbox 1424 2821 1622 2892; x_wconf 85' lang='lat' dir='ltr'><strong>merito</strong></span> <span class='ocrx_word' id='word_1_265' title='bbox 1649 2837 1660 2872; x_wconf 90' lang='lat'>:</span> <span class='ocrx_word' id='word_1_266' title='bbox 1688 2816 1813 2892; x_wconf 78' lang='lat' dir='ltr'><strong>quia</strong></span> 
     </span>
    </p>
   </div>
   <div class='ocr_carea' id='block_1_38' title="bbox 233 2886 1812 2963">
    <p class='ocr_par' dir='ltr' id='par_1_38' title="bbox 233 2886 1812 2963">
     <span class='ocr_line' id='line_1_38' title="bbox 233 2886 1812 2963; baseline -0.008 -9"><span class='ocrx_word' id='word_1_267' title='bbox 233 2886 424 2954; x_wconf 83' lang='lat' dir='ltr'><strong>bonum</strong></span> <span class='ocrx_word' id='word_1_268' title='bbox 450 2907 522 2950; x_wconf 83' lang='lat' dir='ltr'><strong>est</strong></span> <span class='ocrx_word' id='word_1_269' title='bbox 561 2895 811 2963; x_wconf 73' lang='lat' dir='ltr'><strong>confidere</strong></span> <span class='ocrx_word' id='word_1_270' title='bbox 841 2894 891 2946; x_wconf 87' lang='lat' dir='ltr'><strong>in</strong></span> <span class='ocrx_word' id='word_1_271' title='bbox 920 2886 1169 2960; x_wconf 79' lang='lat' dir='ltr'><strong>Domina,</strong></span> <span class='ocrx_word' id='word_1_272' title='bbox 1213 2901 1268 2946; x_wconf 91' lang='lat' dir='ltr'><strong>et</strong></span> <span class='ocrx_word' id='word_1_273' title='bbox 1313 2893 1382 2946; x_wconf 86' lang='lat' dir='ltr'><strong>ita</strong></span> <span class='ocrx_word' id='word_1_274' title='bbox 1421 2891 1641 2963; x_wconf 66' lang='lat' dir='ltr'><strong>bonum,</strong></span> <span class='ocrx_word' id='word_1_275' title='bbox 1671 2886 1812 2963; x_wconf 78' lang='lat' dir='ltr'><strong>quod</strong></span> 
     </span>
    </p>
   </div>
   <div class='ocr_carea' id='block_1_39' title="bbox 235 2958 1811 3036">
    <p class='ocr_par' dir='ltr' id='par_1_39' title="bbox 235 2958 1811 3036">
     <span class='ocr_line' id='line_1_39' title="bbox 235 2958 1811 3036; baseline -0.008 -12"><span class='ocrx_word' id='word_1_276' title='bbox 235 2971 432 3024; x_wconf 88' lang='lat' dir='ltr'><strong>melius</strong></span> <span class='ocrx_word' id='word_1_277' title='bbox 451 2958 699 3036; x_wconf 82' lang='lat' dir='ltr'><strong>estquam</strong></span> <span class='ocrx_word' id='word_1_278' title='bbox 729 2965 983 3032; x_wconf 86' lang='lat' dir='ltr'><strong>conﬁdere</strong></span> <span class='ocrx_word' id='word_1_279' title='bbox 1011 2966 1064 3018; x_wconf 89' lang='lat' dir='ltr'><strong>in</strong></span> <span class='ocrx_word' id='word_1_280' title='bbox 1085 2958 1287 3036; x_wconf 82' lang='lat' dir='ltr'><strong>homine</strong></span> <span class='ocrx_word' id='word_1_281' title='bbox 1311 2964 1505 3036; x_wconf 90' lang='lat' dir='ltr'><strong>aliquo.</strong></span> <span class='ocrx_word' id='word_1_282' title='bbox 1533 2960 1644 3036; x_wconf 68' lang='lat' dir='ltr'><strong>i-loc</strong></span> <span class='ocrx_word' id='word_1_283' title='bbox 1669 2958 1811 3036; x_wconf 80' lang='lat' dir='ltr'><strong>ideo,</strong></span> 
     </span>
    </p>
   </div>
   <div class='ocr_carea' id='block_1_40' title="bbox 235 3030 1813 3110">
    <p class='ocr_par' dir='ltr' id='par_1_40' title="bbox 235 3030 1813 3110">
     <span class='ocr_line' id='line_1_40' title="bbox 235 3030 1813 3110; baseline -0.009 -15"><span class='ocrx_word' id='word_1_284' title='bbox 235 3040 364 3110; x_wconf 89' lang='lat' dir='ltr'><strong>quia</strong></span> <span class='ocrx_word' id='word_1_285' title='bbox 396 3040 446 3094; x_wconf 91' lang='lat' dir='ltr'><strong>in</strong></span> <span class='ocrx_word' id='word_1_286' title='bbox 476 3030 791 3110; x_wconf 84' lang='lat' dir='ltr'><strong>quibusdam</strong></span> <span class='ocrx_word' id='word_1_287' title='bbox 821 3030 980 3090; x_wconf 83' lang='lat' dir='ltr'><strong>etiam</strong></span> <span class='ocrx_word' id='word_1_288' title='bbox 1016 3035 1339 3110; x_wconf 84' lang='lat' dir='ltr'><strong>hominibus,</strong></span> <span class='ocrx_word' id='word_1_289' title='bbox 1370 3033 1510 3110; x_wconf 71' lang='lat' dir='ltr'><strong>sicut</strong></span> <span class='ocrx_word' id='word_1_290' title='bbox 1532 3030 1584 3083; x_wconf 90' lang='lat' dir='ltr'><strong>in</strong></span> <span class='ocrx_word' id='word_1_291' title='bbox 1616 3030 1813 3084; x_wconf 80' lang='lat' dir='ltr'><strong>sanctis</strong></span> 
     </span>
    </p>
   </div>
   <div class='ocr_carea' id='block_1_41' title="bbox 233 3104 1816 3180">
    <p class='ocr_par' dir='ltr' id='par_1_41' title="bbox 233 3104 1816 3180">
     <span class='ocr_line' id='line_1_41' title="bbox 233 3104 1816 3180; baseline -0.009 -14"><span class='ocrx_word' id='word_1_292' title='bbox 233 3104 370 3166; x_wconf 73' lang='lat' dir='ltr'><strong>viris</strong></span> <span class='ocrx_word' id='word_1_293' title='bbox 402 3104 504 3180; x_wconf 85' lang='lat' dir='ltr'><strong>pro</strong></span> <span class='ocrx_word' id='word_1_294' title='bbox 532 3109 745 3164; x_wconf 88' lang='lat' dir='ltr'><strong>modulo</strong></span> <span class='ocrx_word' id='word_1_295' title='bbox 774 3121 871 3160; x_wconf 90' lang='lat' dir='ltr'><strong>suo</strong></span> <span class='ocrx_word' id='word_1_296' title='bbox 901 3107 1272 3180; x_wconf 82' lang='lat' dir='ltr'><strong>confidendum</strong></span> <span class='ocrx_word' id='word_1_297' title='bbox 1301 3114 1401 3180; x_wconf 81' lang='lat' dir='ltr'><strong>est.</strong></span> <span class='ocrx_word' id='word_1_298' title='bbox 1441 3104 1505 3157; x_wconf 84' lang='lat' dir='ltr'><strong>Et</strong></span> <span class='ocrx_word' id='word_1_299' title='bbox 1549 3117 1667 3180; x_wconf 37' lang='lat' dir='ltr'><strong>non.</strong></span> <span class='ocrx_word' id='word_1_300' title='bbox 1698 3110 1816 3154; x_wconf 83' lang='lat' dir='ltr'><strong>tan-</strong></span> 
     </span>
    </p>
   </div>
   <div class='ocr_carea' id='block_1_42' title="bbox 235 3173 1813 3246">
    <p class='ocr_par' dir='ltr' id='par_1_42' title="bbox 235 3173 1813 3246">
     <span class='ocr_line' id='line_1_42' title="bbox 235 3173 1813 3246; baseline -0.008 -8"><span class='ocrx_word' id='word_1_301' title='bbox 235 3195 352 3238; x_wconf 92' lang='lat' dir='ltr'><strong>tum</strong></span> <span class='ocrx_word' id='word_1_302' title='bbox 383 3173 685 3246; x_wconf 77' lang='lat' dir='ltr'><strong>conlidere,</strong></span> <span class='ocrx_word' id='word_1_303' title='bbox 731 3179 821 3233; x_wconf 89' lang='lat' dir='ltr'><strong>sed</strong></span> <span class='ocrx_word' id='word_1_304' title='bbox 854 3176 1014 3233; x_wconf 85' lang='lat' dir='ltr'><strong>etiam</strong></span> <span class='ocrx_word' id='word_1_305' title='bbox 1043 3192 1282 3246; x_wconf 89' lang='lat' dir='ltr'><strong>sperare,</strong></span> <span class='ocrx_word' id='word_1_306' title='bbox 1317 3175 1367 3230; x_wconf 90' lang='lat' dir='ltr'><strong>id</strong></span> <span class='ocrx_word' id='word_1_307' title='bbox 1413 3183 1515 3244; x_wconf 86' lang='lat' dir='ltr'><strong>est,</strong></span> <span class='ocrx_word' id='word_1_308' title='bbox 1558 3175 1610 3226; x_wconf 92' lang='lat' dir='ltr'><strong>in</strong></span> <span class='ocrx_word' id='word_1_309' title='bbox 1655 3173 1813 3246; x_wconf 87' lang='lat' dir='ltr'><strong>longo</strong></span> 
     </span>
    </p>
   </div>
   <div class='ocr_carea' id='block_1_43' title="bbox 235 3244 1814 3322">
    <p class='ocr_par' dir='ltr' id='par_1_43' title="bbox 235 3244 1814 3322">
     <span class='ocr_line' id='line_1_43' title="bbox 235 3244 1814 3322; baseline -0.009 -12"><span class='ocrx_word' id='word_1_310' title='bbox 235 3269 391 3322; x_wconf 89' lang='lat' dir='ltr'><strong>spem</strong></span> <span class='ocrx_word' id='word_1_311' title='bbox 421 3267 572 3308; x_wconf 86' lang='lat' dir='ltr'><strong>suam</strong></span> <span class='ocrx_word' id='word_1_312' title='bbox 595 3252 648 3306; x_wconf 94' lang='lat' dir='ltr'><strong>in</strong></span> <span class='ocrx_word' id='word_1_313' title='bbox 672 3244 904 3305; x_wconf 87' lang='lat' dir='ltr'><strong>Domino</strong></span> <span class='ocrx_word' id='word_1_314' title='bbox 932 3244 1130 3318; x_wconf 83' lang='lat' dir='ltr'><strong>ponere</strong></span> <span class='ocrx_word' id='word_1_315' title='bbox 1155 3249 1350 3303; x_wconf 90' lang='lat' dir='ltr'><strong>bonum</strong></span> <span class='ocrx_word' id='word_1_316' title='bbox 1381 3261 1580 3310; x_wconf 90' lang='lat' dir='ltr'><strong>meum,</strong></span> <span class='ocrx_word' id='word_1_317' title='bbox 1605 3253 1660 3298; x_wconf 89' lang='lat' dir='ltr'><strong>et</strong></span> <span class='ocrx_word' id='word_1_318' title='bbox 1679 3244 1814 3322; x_wconf 72' lang='lat' dir='ltr'><strong>adeo</strong></span> 
     </span>
    </p>
   </div>
   <div class='ocr_carea' id='block_1_44' title="bbox 233 3315 1818 3390">
    <p class='ocr_par' dir='ltr' id='par_1_44' title="bbox 233 3315 1818 3390">
     <span class='ocr_line' id='line_1_44' title="bbox 233 3315 1818 3390; baseline -0.01 -9"><span class='ocrx_word' id='word_1_319' title='bbox 233 3315 437 3382; x_wconf 77' lang='lat' dir='ltr'><strong>bonum</strong></span> <span class='ocrx_word' id='word_1_320' title='bbox 461 3335 562 3388; x_wconf 83' lang='lat' dir='ltr'><strong>est,</strong></span> <span class='ocrx_word' id='word_1_321' title='bbox 592 3324 731 3390; x_wconf 92' lang='lat' dir='ltr'><strong>quod</strong></span> <span class='ocrx_word' id='word_1_322' title='bbox 779 3315 971 3376; x_wconf 83' lang='lat' dir='ltr'><strong>melius</strong></span> <span class='ocrx_word' id='word_1_323' title='bbox 1000 3329 1084 3376; x_wconf 88' lang='lat' dir='ltr'><strong>est</strong></span> <span class='ocrx_word' id='word_1_324' title='bbox 1112 3335 1271 3389; x_wconf 89' lang='lat' dir='ltr'><strong>quam</strong></span> <span class='ocrx_word' id='word_1_325' title='bbox 1302 3332 1520 3390; x_wconf 84' lang='lat' dir='ltr'><strong>sperare</strong></span> <span class='ocrx_word' id='word_1_326' title='bbox 1560 3331 1660 3370; x_wconf 90' lang='lat' dir='ltr'><strong>non</strong></span> <span class='ocrx_word' id='word_1_327' title='bbox 1696 3315 1818 3367; x_wconf 91' lang='lat' dir='ltr'><strong>dico</strong></span> 
     </span>
    </p>
   </div>
   <div class='ocr_carea' id='block_1_45' title="bbox 234 3387 1823 3459">
    <p class='ocr_par' dir='ltr' id='par_1_45' title="bbox 234 3387 1823 3459">
     <span class='ocr_line' id='line_1_45' title="bbox 234 3387 1823 3459; baseline -0.008 -9"><span class='ocrx_word' id='word_1_328' title='bbox 234 3398 399 3451; x_wconf 79' lang='lat' dir='ltr'><strong>ctiam</strong></span> <span class='ocrx_word' id='word_1_329' title='bbox 425 3395 474 3448; x_wconf 91' lang='lat' dir='ltr'><strong>in</strong></span> <span class='ocrx_word' id='word_1_330' title='bbox 505 3387 830 3457; x_wconf 84' lang='lat' dir='ltr'><strong>hominibus,</strong></span> <span class='ocrx_word' id='word_1_331' title='bbox 855 3394 948 3447; x_wconf 84' lang='lat' dir='ltr'><strong>sed</strong></span> <span class='ocrx_word' id='word_1_332' title='bbox 979 3387 1141 3447; x_wconf 82' lang='lat' dir='ltr'><strong>etiam</strong></span> <span class='ocrx_word' id='word_1_333' title='bbox 1179 3392 1232 3445; x_wconf 90' lang='lat' dir='ltr'><strong>in</strong></span> <span class='ocrx_word' id='word_1_334' title='bbox 1273 3387 1600 3459; x_wconf 87' lang='lat' dir='ltr'><strong>principibus</strong></span> <span class='ocrx_word' id='word_1_335' title='bbox 1633 3401 1823 3453; x_wconf 84' lang='lat' dir='ltr'><strong>super-</strong></span> 
     </span>
    </p>
   </div>
   <div class='ocr_carea' id='block_1_46' title="bbox 235 3458 1816 3534">
    <p class='ocr_par' dir='ltr' id='par_1_46' title="bbox 235 3458 1816 3534">
     <span class='ocr_line' id='line_1_46' title="bbox 235 3458 1816 3534; baseline -0.01 -10"><span class='ocrx_word' id='word_1_336' title='bbox 235 3467 571 3534; x_wconf 69' lang='lat' dir='ltr'><strong>cmlestihus,</strong></span> <span class='ocrx_word' id='word_1_337' title='bbox 603 3466 654 3520; x_wconf 89' lang='lat' dir='ltr'><strong>id</strong></span> <span class='ocrx_word' id='word_1_338' title='bbox 686 3473 788 3528; x_wconf 88' lang='lat' dir='ltr'><strong>est,</strong></span> <span class='ocrx_word' id='word_1_339' title='bbox 823 3465 872 3516; x_wconf 91' lang='lat' dir='ltr'><strong>in</strong></span> <span class='ocrx_word' id='word_1_340' title='bbox 904 3464 1124 3532; x_wconf 83' lang='lat' dir='ltr'><strong>angelis.</strong></span> <span class='ocrx_word' id='word_1_341' title='bbox 1159 3458 1580 3534; x_wconf 79' lang='lat' dir='ltr'><strong>Principesideo</strong></span> <span class='ocrx_word' id='word_1_342' title='bbox 1618 3472 1816 3534; x_wconf 81' lang='lat' dir='ltr'><strong>vocan-</strong></span> 
     </span>
    </p>
   </div>
   <div class='ocr_carea' id='block_1_47' title="bbox 239 3529 1817 3609">
    <p class='ocr_par' dir='ltr' id='par_1_47' title="bbox 239 3529 1817 3609">
     <span class='ocr_line' id='line_1_47' title="bbox 239 3529 1817 3609; baseline -0.008 -16"><span class='ocrx_word' id='word_1_343' title='bbox 239 3551 329 3593; x_wconf 88' lang='lat' dir='ltr'><strong>tur</strong></span> <span class='ocrx_word' id='word_1_344' title='bbox 361 3529 568 3609; x_wconf 72' lang='lat' dir='ltr'><strong>angeli,</strong></span> <span class='ocrx_word' id='word_1_345' title='bbox 589 3536 710 3606; x_wconf 86' lang='lat' dir='ltr'><strong>quia</strong></span> <span class='ocrx_word' id='word_1_346' title='bbox 743 3535 935 3609; x_wconf 78' lang='lat' dir='ltr'><strong>legitur</strong></span> <span class='ocrx_word' id='word_1_347' title='bbox 959 3529 1011 3609; x_wconf 72' lang='lat' dir='ltr'><strong>in</strong></span> <span class='ocrx_word' id='word_1_348' title='bbox 1041 3534 1280 3609; x_wconf 80' lang='lat' dir='ltr'><strong>Daniele,</strong></span> <span class='ocrx_word' id='word_1_349' title='bbox 1312 3529 1701 3609; x_wconf 69' lang='lat' dir='ltr'><strong>quodsingulae</strong></span> <span class='ocrx_word' id='word_1_350' title='bbox 1731 3544 1817 3582; x_wconf 90' lang='lat' dir='ltr'><strong>re-</strong></span> 
     </span>
    </p>
   </div>
   <div class='ocr_carea' id='block_1_48' title="bbox 242 3602 1820 3680">
    <p class='ocr_par' dir='ltr' id='par_1_48' title="bbox 242 3602 1820 3680">
     <span class='ocr_line' id='line_1_48' title="bbox 242 3602 1820 3680; baseline -0.008 -14"><span class='ocrx_word' id='word_1_351' title='bbox 242 3602 474 3680; x_wconf 70' lang='lat' dir='ltr'><strong>ligiones</strong></span> <span class='ocrx_word' id='word_1_352' title='bbox 506 3602 738 3662; x_wconf 79' lang='lat' dir='ltr'><strong>habeant</strong></span> <span class='ocrx_word' id='word_1_353' title='bbox 765 3602 934 3680; x_wconf 83' lang='lat' dir='ltr'><strong>adsui</strong></span> <span class='ocrx_word' id='word_1_354' title='bbox 977 3606 1349 3680; x_wconf 77' lang='lat' dir='ltr'><strong>defensionem</strong></span> <span class='ocrx_word' id='word_1_355' title='bbox 1360 3602 1472 3680; x_wconf 86' lang='lat' dir='ltr'><strong>_sibi</strong></span> <span class='ocrx_word' id='word_1_356' title='bbox 1504 3615 1820 3680; x_wconf 65' lang='lat' dir='ltr'><strong>concessum</strong></span> 
     </span>
    </p>
   </div>
   <div class='ocr_carea' id='block_1_49' title="bbox 237 3669 1820 3748">
    <p class='ocr_par' dir='ltr' id='par_1_49' title="bbox 237 3669 1820 3748">
     <span class='ocr_line' id='line_1_49' title="bbox 237 3669 1820 3748; baseline -0.009 -11"><span class='ocrx_word' id='word_1_357' title='bbox 237 3669 488 3748; x_wconf 60' lang='lat' dir='ltr'><strong>aligelum</strong></span> <span class='ocrx_word' id='word_1_358' title='bbox 522 3681 756 3748; x_wconf 87' lang='lat' dir='ltr'><strong>aliquem</strong></span> <span class='ocrx_word' id='word_1_359' title='bbox 774 3679 858 3732; x_wconf 96' lang='lat' dir='ltr'><strong>vel</strong></span> <span class='ocrx_word' id='word_1_360' title='bbox 893 3676 1296 3745; x_wconf 74' lang='lat' dir='ltr'><strong>archangelum.</strong></span> <span class='ocrx_word' id='word_1_361' title='bbox 1333 3673 1483 3729; x_wconf 87' lang='lat' dir='ltr'><strong>Unde</strong></span> <span class='ocrx_word' id='word_1_362' title='bbox 1512 3671 1640 3724; x_wconf 89' lang='lat' dir='ltr'><strong>illud</strong></span> <span class='ocrx_word' id='word_1_363' title='bbox 1672 3689 1684 3723; x_wconf 86' lang='lat'>:</span> <span class='ocrx_word' id='word_1_364' title='bbox 1717 3669 1820 3748; x_wconf 75' lang='lat' dir='ltr'><strong>Ve-</strong></span> 
     </span>
    </p>
   </div>
   <div class='ocr_carea' id='block_1_50' title="bbox 238 3742 1823 3819">
    <p class='ocr_par' dir='ltr' id='par_1_50' title="bbox 238 3742 1823 3819">
     <span class='ocr_line' id='line_1_50' title="bbox 238 3742 1823 3819; baseline -0.008 -12"><span class='ocrx_word' id='word_1_365' title='bbox 238 3742 530 3807; x_wconf 74' lang='lat' dir='ltr'><strong>rumtamen</strong></span> <span class='ocrx_word' id='word_1_366' title='bbox 583 3742 807 3805; x_wconf 71' lang='lat' dir='ltr'><strong>Michael</strong></span> <span class='ocrx_word' id='word_1_367' title='bbox 855 3742 1196 3819; x_wconf 69' lang='lat' dir='ltr'><strong>archangélus</strong></span> <span class='ocrx_word' id='word_1_368' title='bbox 1249 3748 1482 3817; x_wconf 79' lang='lat' dir='ltr'><strong>princeps</strong></span> <span class='ocrx_word' id='word_1_369' title='bbox 1521 3753 1680 3796; x_wconf 83' lang='lat' dir='ltr'><strong>vester</strong></span> <span class='ocrx_word' id='word_1_370' title='bbox 1726 3742 1823 3796; x_wconf 85' lang='lat' dir='ltr'><strong>erit</strong></span> 
     </span>
    </p>
   </div>
   <div class='ocr_carea' id='block_1_51' title="bbox 237 3827 636 3896">
    <p class='ocr_par' dir='ltr' id='par_1_51' title="bbox 237 3827 636 3896">
     <span class='ocr_line' id='line_1_51' title="bbox 237 3827 636 3896; baseline -0.01 -16"><span class='ocrx_word' id='word_1_371' title='bbox 237 3827 454 3896; x_wconf 85' lang='lat' dir='ltr'><strong>adjutor</strong></span> <span class='ocrx_word' id='word_1_372' title='bbox 480 3839 636 3877; x_wconf 87' lang='lat' dir='ltr'><strong>meus.</strong></span> 
     </span>
    </p>
   </div>
   <div class='ocr_carea' id='block_1_52' title="bbox 323 3886 1824 3965">
    <p class='ocr_par' dir='ltr' id='par_1_52' title="bbox 323 3886 1824 3965">
     <span class='ocr_line' id='line_1_52' title="bbox 323 3886 1824 3965; baseline -0.005 -16"><span class='ocrx_word' id='word_1_373' title='bbox 323 3895 510 3949; x_wconf 84' lang='lat' dir='ltr'><strong>Omnes</strong></span> <span class='ocrx_word' id='word_1_374' title='bbox 537 3903 728 3965; x_wconf 78' lang='lat' dir='ltr'><strong>gentes.</strong></span> <span class='ocrx_word' id='word_1_375' title='bbox 757 3892 896 3950; x_wconf 80' lang='lat' dir='ltr'><strong>Vere</strong></span> <span class='ocrx_word' id='word_1_376' title='bbox 921 3893 1117 3948; x_wconf 89' lang='lat' dir='ltr'><strong>bonum</strong></span> <span class='ocrx_word' id='word_1_377' title='bbox 1140 3899 1222 3945; x_wconf 90' lang='lat' dir='ltr'><strong>est</strong></span> <span class='ocrx_word' id='word_1_378' title='bbox 1254 3891 1306 3945; x_wconf 93' lang='lat' dir='ltr'><strong>in</strong></span> <span class='ocrx_word' id='word_1_379' title='bbox 1348 3888 1571 3965; x_wconf 86' lang='lat' dir='ltr'><strong>Domino</strong></span> <span class='ocrx_word' id='word_1_380' title='bbox 1591 3886 1824 3965; x_wconf 81' lang='lat' dir='ltr'><strong>conlide-</strong></span> 
     </span>
    </p>
   </div>
   <div class='ocr_carea' id='block_1_53' title="bbox 241 3958 1828 4031">
    <p class='ocr_par' dir='ltr' id='par_1_53' title="bbox 241 3958 1828 4031">
     <span class='ocr_line' id='line_1_53' title="bbox 241 3958 1828 4031; baseline -0.009 -7"><span class='ocrx_word' id='word_1_381' title='bbox 241 3985 328 4024; x_wconf 87' lang='lat' dir='ltr'><strong>re.</strong></span> <span class='ocrx_word' id='word_1_382' title='bbox 374 3967 505 4020; x_wconf 77' lang='lat' dir='ltr'><strong>Nam</strong></span> <span class='ocrx_word' id='word_1_383' title='bbox 537 3958 626 4019; x_wconf 63' lang='lat' dir='ltr'><strong>ine</strong></span> <span class='ocrx_word' id='word_1_384' title='bbox 665 3966 1021 4020; x_wconf 75' lang='lat' dir='ltr'><strong>cunfldrntem</strong></span> <span class='ocrx_word' id='word_1_385' title='bbox 1072 3973 1126 4016; x_wconf 90' lang='lat' dir='ltr'><strong>et</strong></span> <span class='ocrx_word' id='word_1_386' title='bbox 1159 3966 1465 4031; x_wconf 80' lang='lat' dir='ltr'><strong>Sperantem</strong></span> <span class='ocrx_word' id='word_1_387' title='bbox 1519 3961 1570 4012; x_wconf 90' lang='lat' dir='ltr'><strong>in</strong></span> <span class='ocrx_word' id='word_1_388' title='bbox 1624 3973 1686 4012; x_wconf 86' lang='lat' dir='ltr'><strong>eo</strong></span> <span class='ocrx_word' id='word_1_389' title='bbox 1725 3958 1828 4011; x_wconf 86' lang='lat' dir='ltr'><strong>cir-</strong></span> 
     </span>
    </p>
   </div>
   <div class='ocr_carea' id='block_1_54' title="bbox 245 4030 1828 4106">
    <p class='ocr_par' dir='ltr' id='par_1_54' title="bbox 245 4030 1828 4106">
     <span class='ocr_line' id='line_1_54' title="bbox 245 4030 1828 4106; baseline -0.008 -12"><span class='ocrx_word' id='word_1_390' title='bbox 245 4040 486 4094; x_wconf 81' lang='lat' dir='ltr'><strong>cuierunt</strong></span> <span class='ocrx_word' id='word_1_391' title='bbox 513 4052 684 4091; x_wconf 89' lang='lat' dir='ltr'><strong>omnes</strong></span> <span class='ocrx_word' id='word_1_392' title='bbox 715 4049 886 4106; x_wconf 82' lang='lat' dir='ltr'><strong>gentes</strong></span> <span class='ocrx_word' id='word_1_393' title='bbox 917 4030 1218 4089; x_wconf 88' lang='lat' dir='ltr'><strong>tribulando</strong></span> <span class='ocrx_word' id='word_1_394' title='bbox 1247 4044 1303 4106; x_wconf 87' lang='lat' dir='ltr'><strong>et</strong></span> <span class='ocrx_word' id='word_1_395' title='bbox 1348 4030 1741 4106; x_wconf 58' lang='lat' dir='ltr'><strong>persequendo,</strong></span> <span class='ocrx_word' id='word_1_396' title='bbox 1762 4036 1828 4106; x_wconf 87' lang='lat' dir='ltr'><strong>_et_</strong></span> 
     </span>
    </p>
   </div>
   <div class='ocr_carea' id='block_1_55' title="bbox 248 4099 1830 4166">
    <p class='ocr_par' dir='ltr' id='par_1_55' title="bbox 248 4099 1830 4166">
     <span class='ocr_line' id='line_1_55' title="bbox 248 4099 1830 4166; baseline -0.008 0"><span class='ocrx_word' id='word_1_397' title='bbox 248 4125 432 4166; x_wconf 87' lang='lat' dir='ltr'><strong>tamen</strong></span> <span class='ocrx_word' id='word_1_398' title='bbox 467 4109 580 4162; x_wconf 71' lang='lat' dir='ltr'><strong>hazc</strong></span> <span class='ocrx_word' id='word_1_399' title='bbox 610 4099 961 4162; x_wconf 71' lang='lat' dir='ltr'><strong>circumdatio</strong></span> <span class='ocrx_word' id='word_1_400' title='bbox 992 4106 1127 4160; x_wconf 84' lang='lat' dir='ltr'><strong>facta</strong></span> <span class='ocrx_word' id='word_1_401' title='bbox 1175 4114 1257 4159; x_wconf 87' lang='lat' dir='ltr'><strong>est</strong></span> <span class='ocrx_word' id='word_1_402' title='bbox 1287 4099 1572 4159; x_wconf 50' lang='lat' dir='ltr'><strong>in&#39;nomine</strong></span> <span class='ocrx_word' id='word_1_403' title='bbox 1619 4099 1830 4156; x_wconf 88' lang='lat' dir='ltr'><strong>Domini</strong></span> 
     </span>
    </p>
   </div>
   <div class='ocr_carea' id='block_1_56' title="bbox 247 4173 1830 4250">
    <p class='ocr_par' dir='ltr' id='par_1_56' title="bbox 247 4173 1830 4250">
     <span class='ocr_line' id='line_1_56' title="bbox 247 4173 1830 4250; baseline -0.004 -16"><span class='ocrx_word' id='word_1_404' title='bbox 247 4180 602 4250; x_wconf 73' lang='lat' dir='ltr'><strong>glorificando</strong></span> <span class='ocrx_word' id='word_1_405' title='bbox 630 4199 641 4233; x_wconf 93' lang='lat'><strong>:</strong></span> <span class='ocrx_word' id='word_1_406' title='bbox 667 4181 795 4248; x_wconf 84' lang='lat' dir='ltr'><strong>quia</strong></span> <span class='ocrx_word' id='word_1_407' title='bbox 827 4194 932 4233; x_wconf 84' lang='lat' dir='ltr'><strong>non</strong></span> <span class='ocrx_word' id='word_1_408' title='bbox 966 4179 1230 4250; x_wconf 83' lang='lat' dir='ltr'><strong>vicerunt,</strong></span> <span class='ocrx_word' id='word_1_409' title='bbox 1255 4175 1348 4231; x_wconf 89' lang='lat' dir='ltr'><strong>sed</strong></span> <span class='ocrx_word' id='word_1_410' title='bbox 1366 4176 1518 4250; x_wconf 62' lang='lat' dir='ltr'><strong>victa;</strong></span> <span class='ocrx_word' id='word_1_411' title='bbox 1540 4183 1698 4250; x_wconf 65' lang='lat' dir='ltr'><strong>sunt;</strong></span> <span class='ocrx_word' id='word_1_412' title='bbox 1727 4173 1830 4227; x_wconf 89' lang='lat' dir='ltr'><strong>hoc</strong></span> 
     </span>
    </p>
   </div>
   <div class='ocr_carea' id='block_1_57' title="bbox 246 4243 1826 4321">
    <p class='ocr_par' dir='ltr' id='par_1_57' title="bbox 246 4243 1826 4321">
     <span class='ocr_line' id='line_1_57' title="bbox 246 4243 1826 4321; baseline -0.006 -13"><span class='ocrx_word' id='word_1_413' title='bbox 246 4243 333 4308; x_wconf 67' lang='grc' dir='ltr'><strong>εει</strong></span> <span class='ocrx_word' id='word_1_414' title='bbox 358 4253 498 4321; x_wconf 89' lang='lat' dir='ltr'><strong>quod</strong></span> <span class='ocrx_word' id='word_1_415' title='bbox 528 4250 659 4306; x_wconf 90' lang='lat' dir='ltr'><strong>dicit</strong></span> <span class='ocrx_word' id='word_1_416' title='bbox 684 4243 701 4304; x_wconf 76' lang='grc' dir='ltr'>Ξ</span> <span class='ocrx_word' id='word_1_417' title='bbox 732 4251 868 4316; x_wconf 79' lang='lat' dir='ltr'><strong>Quia</strong></span> <span class='ocrx_word' id='word_1_418' title='bbox 897 4251 1034 4321; x_wconf 87' lang='lat' dir='ltr'><strong>ultus</strong></span> <span class='ocrx_word' id='word_1_419' title='bbox 1056 4264 1170 4302; x_wconf 90' lang='lat' dir='ltr'><strong>sum</strong></span> <span class='ocrx_word' id='word_1_420' title='bbox 1200 4248 1261 4321; x_wconf 88' lang='lat' dir='ltr'><strong>in_</strong></span> <span class='ocrx_word' id='word_1_421' title='bbox 1292 4263 1378 4321; x_wconf 82' lang='lat' dir='ltr'><strong>eos</strong></span> <span class='ocrx_word' id='word_1_422' title='bbox 1427 4245 1626 4321; x_wconf 80' lang='lat' dir='ltr'><strong>ultione</strong></span> <span class='ocrx_word' id='word_1_423' title='bbox 1664 4243 1826 4321; x_wconf 81' lang='lat' dir='ltr'><strong>bona,</strong></span> 
     </span>
    </p>
   </div>
   <div class='ocr_carea' id='block_1_58' title="bbox 247 4316 1829 4392">
    <p class='ocr_par' dir='ltr' id='par_1_58' title="bbox 247 4316 1829 4392">
     <span class='ocr_line' id='line_1_58' title="bbox 247 4316 1829 4392; baseline -0.007 -12"><span class='ocrx_word' id='word_1_424' title='bbox 247 4316 462 4380; x_wconf 78' lang='lat' dir='ltr'><strong>scilicet</strong></span> <span class='ocrx_word' id='word_1_425' title='bbox 488 4323 607 4392; x_wconf 89' lang='lat' dir='ltr'><strong>quia</strong></span> <span class='ocrx_word' id='word_1_426' title='bbox 637 4337 737 4390; x_wconf 89' lang='lat' dir='ltr'><strong>ego</strong></span> <span class='ocrx_word' id='word_1_427' title='bbox 775 4320 1128 4388; x_wconf 90' lang='lat' dir='ltr'><strong>quorumdam</strong></span> <span class='ocrx_word' id='word_1_428' title='bbox 1156 4334 1220 4373; x_wconf 84' lang='lat' dir='ltr'><strong>ex</strong></span> <span class='ocrx_word' id='word_1_429' title='bbox 1248 4319 1387 4392; x_wconf 86' lang='lat' dir='ltr'><strong>ipsis</strong></span> <span class='ocrx_word' id='word_1_430' title='bbox 1404 4316 1829 4392; x_wconf 83' lang='lat' dir='ltr'><strong>nequitiam_gla-</strong></span> 
     </span>
    </p>
   </div>
   <div class='ocr_carea' id='block_1_59' title="bbox 249 4385 1826 4463">
    <p class='ocr_par' dir='ltr' id='par_1_59' title="bbox 249 4385 1826 4463">
     <span class='ocr_line' id='line_1_59' title="bbox 249 4385 1826 4463; baseline -0.006 -13"><span class='ocrx_word' id='word_1_431' title='bbox 249 4398 342 4450; x_wconf 87' lang='lat' dir='ltr'><strong>dio</strong></span> <span class='ocrx_word' id='word_1_432' title='bbox 373 4385 593 4463; x_wconf 72' lang='lat' dir='ltr'><strong>spiritus</strong></span> <span class='ocrx_word' id='word_1_433' title='bbox 639 4385 903 4456; x_wconf 73' lang='lat' dir='ltr'><strong>interfeci,</strong></span> <span class='ocrx_word' id='word_1_434' title='bbox 936 4407 1040 4445; x_wconf 91' lang='lat' dir='ltr'><strong>non</strong></span> <span class='ocrx_word' id='word_1_435' title='bbox 1085 4385 1394 4463; x_wconf 50' lang='lat' dir='ltr'><strong>autem&#39;ipsi</strong></span> <span class='ocrx_word' id='word_1_436' title='bbox 1433 4385 1518 4463; x_wconf 73' lang='lat' dir='ltr'><strong>me</strong></span> <span class='ocrx_word' id='word_1_437' title='bbox 1548 4385 1826 4463; x_wconf 85' lang='lat' dir='ltr'><strong>interfece-</strong></span> 
     </span>
    </p>
   </div>
   <div class='ocr_carea' id='block_1_60' title="bbox 252 4458 1832 4530">
    <p class='ocr_par' dir='ltr' id='par_1_60' title="bbox 252 4458 1832 4530">
     <span class='ocr_line' id='line_1_60' title="bbox 252 4458 1832 4530; baseline -0.008 -10"><span class='ocrx_word' id='word_1_438' title='bbox 252 4458 493 4520; x_wconf 78' lang='grc' dir='ltr'>τιιιιι.Ἐι</span> <span class='ocrx_word' id='word_1_439' title='bbox 515 4481 618 4520; x_wconf 89' lang='lat' dir='ltr'><strong>non</strong></span> <span class='ocrx_word' id='word_1_440' title='bbox 646 4464 819 4518; x_wconf 88' lang='lat' dir='ltr'><strong>solum</strong></span> <span class='ocrx_word' id='word_1_441' title='bbox 847 4473 1034 4530; x_wconf 89' lang='lat' dir='ltr'><strong>gentes</strong></span> <span class='ocrx_word' id='word_1_442' title='bbox 1060 4461 1272 4524; x_wconf 78' lang='lat' dir='ltr'><strong>aliemc,</strong></span> <span class='ocrx_word' id='word_1_443' title='bbox 1304 4458 1399 4514; x_wconf 85' lang='lat' dir='ltr'><strong>sed</strong></span> <span class='ocrx_word' id='word_1_444' title='bbox 1431 4458 1590 4530; x_wconf 84' lang='lat' dir='ltr'><strong>etiam</strong></span> <span class='ocrx_word' id='word_1_445' title='bbox 1614 4459 1832 4509; x_wconf 87' lang='lat' dir='ltr'><strong>circum-</strong></span> 
     </span>
    </p>
   </div>
   <div class='ocr_carea' id='block_1_61' title="bbox 249 4527 1830 4597">
    <p class='ocr_par' dir='ltr' id='par_1_61' title="bbox 249 4527 1830 4597">
     <span class='ocr_line' id='line_1_61' title="bbox 249 4527 1830 4597; baseline -0.006 -5"><span class='ocrx_word' id='word_1_446' title='bbox 249 4539 505 4592; x_wconf 83' lang='lat' dir='ltr'><strong>dederunt</strong></span> <span class='ocrx_word' id='word_1_447' title='bbox 534 4552 612 4589; x_wconf 87' lang='lat' dir='ltr'><strong>me</strong></span> <span class='ocrx_word' id='word_1_448' title='bbox 644 4527 1036 4597; x_wconf 76' lang='lat' dir='ltr'><strong>circumdantes,</strong></span> <span class='ocrx_word' id='word_1_449' title='bbox 1070 4532 1120 4584; x_wconf 91' lang='lat' dir='ltr'><strong>id</strong></span> <span class='ocrx_word' id='word_1_450' title='bbox 1169 4540 1271 4594; x_wconf 89' lang='lat' dir='ltr'><strong>est,</strong></span> <span class='ocrx_word' id='word_1_451' title='bbox 1304 4529 1462 4585; x_wconf 84' lang='lat' dir='ltr'><strong>simul</strong></span> <span class='ocrx_word' id='word_1_452' title='bbox 1503 4527 1830 4592; x_wconf 87' lang='lat' dir='ltr'><strong>habitantes,</strong></span> 
     </span>
    </p>
   </div>
   <div class='ocr_carea' id='block_1_62' title="bbox 1911 519 3492 580">
    <p class='ocr_par' dir='ltr' id='par_1_62' title="bbox 1911 519 3492 580">
     <span class='ocr_line' id='line_1_62' title="bbox 1911 519 3492 580; baseline -0.002 -3"><span class='ocrx_word' id='word_1_453' title='bbox 1911 523 2012 577; x_wconf 91' lang='lat' dir='ltr'><strong>dus</strong></span> <span class='ocrx_word' id='word_1_454' title='bbox 2034 532 2087 578; x_wconf 90' lang='lat' dir='ltr'><strong>et</strong></span> <span class='ocrx_word' id='word_1_455' title='bbox 2112 521 2399 577; x_wconf 79' lang='lat' dir='ltr'><strong>imitandus</strong></span> <span class='ocrx_word' id='word_1_456' title='bbox 2427 521 2594 577; x_wconf 86' lang='lat' dir='ltr'><strong>factus</strong></span> <span class='ocrx_word' id='word_1_457' title='bbox 2615 530 2718 578; x_wconf 91' lang='lat' dir='ltr'><strong>est.</strong></span> <span class='ocrx_word' id='word_1_458' title='bbox 2750 519 2816 574; x_wconf 85' lang='lat' dir='ltr'><strong>Et</strong></span> <span class='ocrx_word' id='word_1_459' title='bbox 2840 529 3143 577; x_wconf 75' lang='lat' dir='ltr'><strong>exarserunt</strong></span> <span class='ocrx_word' id='word_1_460' title='bbox 3172 521 3226 575; x_wconf 92' lang='lat' dir='ltr'><strong>in</strong></span> <span class='ocrx_word' id='word_1_461' title='bbox 3249 534 3334 573; x_wconf 92' lang='lat' dir='ltr'><strong>me</strong></span> <span class='ocrx_word' id='word_1_462' title='bbox 3351 519 3492 580; x_wconf 82' lang='lat' dir='ltr'><strong>sicut</strong></span> 
     </span>
    </p>
   </div>
   <div class='ocr_carea' id='block_1_63' title="bbox 1907 591 3493 664">
    <p class='ocr_par' dir='ltr' id='par_1_63' title="bbox 1907 591 3493 664">
     <span class='ocr_line' id='line_1_63' title="bbox 1907 591 3493 664; baseline -0.002 -16"><span class='ocrx_word' id='word_1_463' title='bbox 1907 595 2045 664; x_wconf 82' lang='lat' dir='ltr'><strong>ignis</strong></span> <span class='ocrx_word' id='word_1_464' title='bbox 2076 595 2127 646; x_wconf 89' lang='lat' dir='ltr'><strong>in</strong></span> <span class='ocrx_word' id='word_1_465' title='bbox 2149 592 2330 663; x_wconf 88' lang='lat' dir='ltr'><strong>spinis,</strong></span> <span class='ocrx_word' id='word_1_466' title='bbox 2359 592 2536 664; x_wconf 88' lang='lat' dir='ltr'><strong>idest,</strong></span> <span class='ocrx_word' id='word_1_467' title='bbox 2568 593 2955 660; x_wconf 71' lang='lat' dir='ltr'><strong>comparabilcs</strong></span> <span class='ocrx_word' id='word_1_468' title='bbox 2976 593 3082 662; x_wconf 88' lang='lat' dir='ltr'><strong>igni</strong></span> <span class='ocrx_word' id='word_1_469' title='bbox 3113 591 3187 647; x_wconf 90' lang='lat' dir='ltr'><strong>illi</strong></span> <span class='ocrx_word' id='word_1_470' title='bbox 3219 591 3308 661; x_wconf 87' lang='lat' dir='ltr'><strong>qui</strong></span> <span class='ocrx_word' id='word_1_471' title='bbox 3335 606 3493 645; x_wconf 80' lang='lat' dir='ltr'><strong>exar-</strong></span> 
     </span>
    </p>
   </div>
   <div class='ocr_carea' id='block_1_64' title="bbox 1906 663 3488 731">
    <p class='ocr_par' dir='ltr' id='par_1_64' title="bbox 1906 663 3488 731">
     <span class='ocr_line' id='line_1_64' title="bbox 1906 663 3488 731; baseline -0.003 -12"><span class='ocrx_word' id='word_1_472' title='bbox 1906 663 1999 721; x_wconf 82' lang='lat' dir='ltr'><strong>det</strong></span> <span class='ocrx_word' id='word_1_473' title='bbox 2029 667 2080 719; x_wconf 89' lang='lat' dir='ltr'><strong>in</strong></span> <span class='ocrx_word' id='word_1_474' title='bbox 2111 665 2308 731; x_wconf 77' lang='lat' dir='ltr'><strong>spinis;</strong></span> <span class='ocrx_word' id='word_1_475' title='bbox 2341 663 2464 730; x_wconf 86' lang='lat' dir='ltr'><strong>quia</strong></span> <span class='ocrx_word' id='word_1_476' title='bbox 2493 666 2629 718; x_wconf 90' lang='lat' dir='ltr'><strong>sicut</strong></span> <span class='ocrx_word' id='word_1_477' title='bbox 2659 665 2747 720; x_wconf 88' lang='lat' dir='ltr'><strong>ille</strong></span> <span class='ocrx_word' id='word_1_478' title='bbox 2779 665 2915 725; x_wconf 67' lang='lat' dir='ltr'><strong>ignis</strong></span> <span class='ocrx_word' id='word_1_479' title='bbox 2944 664 3158 720; x_wconf 85' lang='lat' dir='ltr'><strong>aculeos</strong></span> <span class='ocrx_word' id='word_1_480' title='bbox 3189 664 3488 730; x_wconf 82' lang='lat' dir='ltr'><strong>spinarum,</strong></span> 
     </span>
    </p>
   </div>
   <div class='ocr_carea' id='block_1_65' title="bbox 1908 733 3490 806">
    <p class='ocr_par' dir='ltr' id='par_1_65' title="bbox 1908 733 3490 806">
     <span class='ocr_line' id='line_1_65' title="bbox 1908 733 3490 806; baseline 0.002 -19"><span class='ocrx_word' id='word_1_481' title='bbox 1908 739 1996 806; x_wconf 91' lang='lat' dir='ltr'><strong>qui</strong></span> <span class='ocrx_word' id='word_1_482' title='bbox 2024 736 2251 805; x_wconf 85' lang='lat' dir='ltr'><strong>graciles</strong></span> <span class='ocrx_word' id='word_1_483' title='bbox 2272 744 2396 789; x_wconf 92' lang='lat' dir='ltr'><strong>sunt</strong></span> <span class='ocrx_word' id='word_1_484' title='bbox 2426 736 2712 800; x_wconf 84' lang='lat' dir='ltr'><strong>comburit,</strong></span> <span class='ocrx_word' id='word_1_485' title='bbox 2743 744 2986 791; x_wconf 89' lang='lat' dir='ltr'><strong>truncum</strong></span> <span class='ocrx_word' id='word_1_486' title='bbox 3020 750 3146 790; x_wconf 88' lang='lat' dir='ltr'><strong>vero</strong></span> <span class='ocrx_word' id='word_1_487' title='bbox 3179 735 3271 805; x_wconf 92' lang='lat' dir='ltr'><strong>qui</strong></span> <span class='ocrx_word' id='word_1_488' title='bbox 3294 733 3490 803; x_wconf 85' lang='lat' dir='ltr'><strong>tegitur</strong></span> 
     </span>
    </p>
   </div>
   <div class='ocr_carea' id='block_1_66' title="bbox 1911 806 3491 888">
    <p class='ocr_par' dir='ltr' id='par_1_66' title="bbox 1911 806 3491 888">
     <span class='ocr_line' id='line_1_66' title="bbox 1911 806 3491 888; baseline -0.001 -26"><span class='ocrx_word' id='word_1_489' title='bbox 1911 808 2102 873; x_wconf 89' lang='lat' dir='ltr'><strong>herba,</strong></span> <span class='ocrx_word' id='word_1_490' title='bbox 2131 823 2245 888; x_wconf 37' lang='lat' dir='ltr'><strong>non.</strong></span> <span class='ocrx_word' id='word_1_491' title='bbox 2267 806 2437 870; x_wconf 57' lang='lat' dir='ltr'><strong>laedit;</strong></span> <span class='ocrx_word' id='word_1_492' title='bbox 2461 806 2530 860; x_wconf 85' lang='lat' dir='ltr'><strong>ita</strong></span> <span class='ocrx_word' id='word_1_493' title='bbox 2557 808 2662 888; x_wconf 73' lang='lat' dir='ltr'><strong>ipsi</strong></span> <span class='ocrx_word' id='word_1_494' title='bbox 2686 809 2900 888; x_wconf 78' lang='lat' dir='ltr'><strong>aculeos</strong></span> <span class='ocrx_word' id='word_1_495' title='bbox 2931 807 3224 877; x_wconf 86' lang='lat' dir='ltr'><strong>iniquitatis</strong></span> <span class='ocrx_word' id='word_1_496' title='bbox 3250 807 3303 861; x_wconf 92' lang='lat' dir='ltr'><strong>in</strong></span> <span class='ocrx_word' id='word_1_497' title='bbox 3327 819 3491 888; x_wconf 73' lang='lat' dir='ltr'><strong>carne</strong></span> 
     </span>
    </p>
   </div>
   <div class='ocr_carea' id='block_1_67' title="bbox 1909 876 3492 948">
    <p class='ocr_par' dir='ltr' id='par_1_67' title="bbox 1909 876 3492 948">
     <span class='ocr_line' id='line_1_67' title="bbox 1909 876 3492 948; baseline -0.002 -14"><span class='ocrx_word' id='word_1_498' title='bbox 1909 878 2197 948; x_wconf 87' lang='lat' dir='ltr'><strong>peccatrici</strong></span> <span class='ocrx_word' id='word_1_499' title='bbox 2235 879 2288 931; x_wconf 89' lang='lat' dir='ltr'><strong>in</strong></span> <span class='ocrx_word' id='word_1_500' title='bbox 2317 893 2400 931; x_wconf 88' lang='lat' dir='ltr'><strong>me</strong></span> <span class='ocrx_word' id='word_1_501' title='bbox 2427 879 2748 932; x_wconf 87' lang='lat' dir='ltr'><strong>cruciatibus</strong></span> <span class='ocrx_word' id='word_1_502' title='bbox 2779 878 2890 931; x_wconf 84' lang='lat' dir='ltr'><strong>suis</strong></span> <span class='ocrx_word' id='word_1_503' title='bbox 2928 876 3303 941; x_wconf 82' lang='lat' dir='ltr'><strong>excusserunt,</strong></span> <span class='ocrx_word' id='word_1_504' title='bbox 3327 876 3492 931; x_wconf 88' lang='lat' dir='ltr'><strong>robur</strong></span> 
     </span>
    </p>
   </div>
   <div class='ocr_carea' id='block_1_68' title="bbox 1908 948 3491 1006">
    <p class='ocr_par' dir='ltr' id='par_1_68' title="bbox 1908 948 3491 1006">
     <span class='ocr_line' id='line_1_68' title="bbox 1908 948 3491 1006; baseline -0.002 -2"><span class='ocrx_word' id='word_1_505' title='bbox 1908 965 2041 1006; x_wconf 91' lang='lat' dir='ltr'><strong>vero</strong></span> <span class='ocrx_word' id='word_1_506' title='bbox 2062 951 2254 1003; x_wconf 69' lang='lat' dir='ltr'><strong>animae</strong></span> <span class='ocrx_word' id='word_1_507' title='bbox 2282 963 2387 1002; x_wconf 90' lang='lat' dir='ltr'><strong>non</strong></span> <span class='ocrx_word' id='word_1_508' title='bbox 2417 948 2689 1005; x_wconf 77' lang='lat' dir='ltr'><strong>laeserunt.</strong></span> <span class='ocrx_word' id='word_1_509' title='bbox 2715 949 2779 1004; x_wconf 88' lang='lat' dir='ltr'><strong>Et</strong></span> <span class='ocrx_word' id='word_1_510' title='bbox 2807 950 2919 1004; x_wconf 68' lang='lat' dir='ltr'><strong>haec</strong></span> <span class='ocrx_word' id='word_1_511' title='bbox 2941 951 3114 1005; x_wconf 88' lang='lat' dir='ltr'><strong>omnis</strong></span> <span class='ocrx_word' id='word_1_512' title='bbox 3142 948 3491 1005; x_wconf 88' lang='lat' dir='ltr'><strong>circumdatio</strong></span> 
     </span>
    </p>
   </div>
   <div class='ocr_carea' id='block_1_69' title="bbox 1907 1019 3489 1091">
    <p class='ocr_par' dir='ltr' id='par_1_69' title="bbox 1907 1019 3489 1091">
     <span class='ocr_line' id='line_1_69' title="bbox 1907 1019 3489 1091; baseline -0.003 -15"><span class='ocrx_word' id='word_1_513' title='bbox 1907 1024 2046 1076; x_wconf 85' lang='lat' dir='ltr'><strong>facta</strong></span> <span class='ocrx_word' id='word_1_514' title='bbox 2074 1030 2156 1075; x_wconf 86' lang='lat' dir='ltr'><strong>est</strong></span> <span class='ocrx_word' id='word_1_515' title='bbox 2186 1021 2239 1074; x_wconf 88' lang='lat' dir='ltr'><strong>in</strong></span> <span class='ocrx_word' id='word_1_516' title='bbox 2266 1021 2469 1073; x_wconf 87' lang='lat' dir='ltr'><strong>nomine</strong></span> <span class='ocrx_word' id='word_1_517' title='bbox 2512 1020 2720 1074; x_wconf 81' lang='lat' dir='ltr'><strong>Domini</strong></span> <span class='ocrx_word' id='word_1_518' title='bbox 2764 1022 3146 1091; x_wconf 83' lang='lat' dir='ltr'><strong>glorificando,</strong></span> <span class='ocrx_word' id='word_1_519' title='bbox 3201 1021 3320 1088; x_wconf 86' lang='lat' dir='ltr'><strong>quia</strong></span> <span class='ocrx_word' id='word_1_520' title='bbox 3351 1019 3489 1072; x_wconf 86' lang='lat' dir='ltr'><strong>ultus</strong></span> 
     </span>
    </p>
   </div>
   <div class='ocr_carea' id='block_1_70' title="bbox 1909 1092 3490 1172">
    <p class='ocr_par' dir='ltr' id='par_1_70' title="bbox 1909 1092 3490 1172">
     <span class='ocr_line' id='line_1_70' title="bbox 1909 1092 3490 1172; baseline -0.002 -25"><span class='ocrx_word' id='word_1_521' title='bbox 1909 1110 2021 1172; x_wconf 72' lang='lat' dir='ltr'><strong>sum</strong></span> <span class='ocrx_word' id='word_1_522' title='bbox 2050 1093 2101 1146; x_wconf 89' lang='lat' dir='ltr'><strong>in</strong></span> <span class='ocrx_word' id='word_1_523' title='bbox 2128 1107 2267 1172; x_wconf 46' lang='lat' dir='ltr'><strong>eos,-</strong></span> <span class='ocrx_word' id='word_1_524' title='bbox 2287 1100 2344 1144; x_wconf 95' lang='lat' dir='ltr'><strong>ut</strong></span> <span class='ocrx_word' id='word_1_525' title='bbox 2363 1105 2555 1172; x_wconf 68' lang='lat' dir='ltr'><strong>supra.</strong></span> <span class='ocrx_word' id='word_1_526' title='bbox 2585 1092 2770 1172; x_wconf 75' lang='lat' dir='ltr'><strong>i‘otest</strong></span> <span class='ocrx_word' id='word_1_527' title='bbox 2799 1093 2959 1146; x_wconf 90' lang='lat' dir='ltr'><strong>etiam</strong></span> <span class='ocrx_word' id='word_1_528' title='bbox 2994 1093 3051 1172; x_wconf 86' lang='lat' dir='ltr'><strong>i_n_</strong></span> <span class='ocrx_word' id='word_1_529' title='bbox 3077 1093 3273 1146; x_wconf 87' lang='lat' dir='ltr'><strong>bonum</strong></span> <span class='ocrx_word' id='word_1_530' title='bbox 3301 1105 3490 1172; x_wconf 76' lang='lat' dir='ltr'><strong>versus</strong></span> 
     </span>
    </p>
   </div>
   <div class='ocr_carea' id='block_1_71' title="bbox 1909 1162 3490 1232">
    <p class='ocr_par' dir='ltr' id='par_1_71' title="bbox 1909 1162 3490 1232">
     <span class='ocr_line' id='line_1_71' title="bbox 1909 1162 3490 1232; baseline -0.003 -13"><span class='ocrx_word' id='word_1_531' title='bbox 1909 1165 2012 1219; x_wconf 90' lang='lat' dir='ltr'><strong>iste</strong></span> <span class='ocrx_word' id='word_1_532' title='bbox 2031 1164 2194 1231; x_wconf 89' lang='lat' dir='ltr'><strong>accipi</strong></span> <span class='ocrx_word' id='word_1_533' title='bbox 2225 1162 2330 1215; x_wconf 89' lang='lat' dir='ltr'><strong>sic:</strong></span> <span class='ocrx_word' id='word_1_534' title='bbox 2357 1162 2809 1217; x_wconf 87' lang='lat' dir='ltr'><strong>Circumdederunt</strong></span> <span class='ocrx_word' id='word_1_535' title='bbox 2829 1181 2907 1218; x_wconf 88' lang='lat' dir='ltr'><strong>me</strong></span> <span class='ocrx_word' id='word_1_536' title='bbox 2927 1163 3142 1232; x_wconf 89' lang='lat' dir='ltr'><strong>quidam</strong></span> <span class='ocrx_word' id='word_1_537' title='bbox 3159 1179 3222 1218; x_wconf 82' lang='lat' dir='ltr'><strong>ex</strong></span> <span class='ocrx_word' id='word_1_538' title='bbox 3242 1162 3490 1232; x_wconf 84' lang='lat' dir='ltr'><strong>gentibus</strong></span> 
     </span>
    </p>
   </div>
   <div class='ocr_carea' id='block_1_72' title="bbox 1912 1233 3493 1303">
    <p class='ocr_par' dir='ltr' id='par_1_72' title="bbox 1912 1233 3493 1303">
     <span class='ocr_line' id='line_1_72' title="bbox 1912 1233 3493 1303; baseline -0.004 -13"><span class='ocrx_word' id='word_1_539' title='bbox 1912 1245 1969 1290; x_wconf 93' lang='lat' dir='ltr'><strong>et</strong></span> <span class='ocrx_word' id='word_1_540' title='bbox 1995 1251 2058 1290; x_wconf 81' lang='lat' dir='ltr'><strong>ex</strong></span> <span class='ocrx_word' id='word_1_541' title='bbox 2089 1233 2540 1288; x_wconf 89' lang='lat' dir='ltr'><strong>circumdantibus</strong></span> <span class='ocrx_word' id='word_1_542' title='bbox 2562 1235 2692 1288; x_wconf 84' lang='lat' dir='ltr'><strong>sicut</strong></span> <span class='ocrx_word' id='word_1_543' title='bbox 2718 1251 2880 1303; x_wconf 86' lang='lat' dir='ltr'><strong>apes;</strong></span> <span class='ocrx_word' id='word_1_544' title='bbox 2907 1236 3030 1301; x_wconf 88' lang='lat' dir='ltr'><strong>quia</strong></span> <span class='ocrx_word' id='word_1_545' title='bbox 3062 1234 3342 1302; x_wconf 86' lang='lat' dir='ltr'><strong>sicutapes</strong></span> <span class='ocrx_word' id='word_1_546' title='bbox 3360 1247 3493 1303; x_wconf 80' lang='lat' dir='ltr'><strong>quo-</strong></span> 
     </span>
    </p>
   </div>
   <div class='ocr_carea' id='block_1_73' title="bbox 1909 1301 3488 1374">
    <p class='ocr_par' dir='ltr' id='par_1_73' title="bbox 1909 1301 3488 1374">
     <span class='ocr_line' id='line_1_73' title="bbox 1909 1301 3488 1374; baseline -0.002 -14"><span class='ocrx_word' id='word_1_547' title='bbox 1909 1307 2030 1360; x_wconf 88' lang='lat' dir='ltr'><strong>dam</strong></span> <span class='ocrx_word' id='word_1_548' title='bbox 2053 1315 2298 1374; x_wconf 87' lang='lat' dir='ltr'><strong>tempore</strong></span> <span class='ocrx_word' id='word_1_549' title='bbox 2325 1305 2476 1357; x_wconf 87' lang='lat' dir='ltr'><strong>valde</strong></span> <span class='ocrx_word' id='word_1_550' title='bbox 2499 1301 2778 1360; x_wconf 80' lang='lat' dir='ltr'><strong>confertim</strong></span> <span class='ocrx_word' id='word_1_551' title='bbox 2809 1307 3006 1372; x_wconf 89' lang='lat' dir='ltr'><strong>stipant</strong></span> <span class='ocrx_word' id='word_1_552' title='bbox 3031 1306 3232 1370; x_wconf 87' lang='lat' dir='ltr'><strong>favum,</strong></span> <span class='ocrx_word' id='word_1_553' title='bbox 3255 1301 3318 1357; x_wconf 89' lang='lat' dir='ltr'><strong>ut</strong></span> <span class='ocrx_word' id='word_1_554' title='bbox 3346 1301 3488 1372; x_wconf 88' lang='lat' dir='ltr'><strong>quod</strong></span> 
     </span>
    </p>
   </div>
   <div class='ocr_carea' id='block_1_74' title="bbox 1908 1375 3490 1445">
    <p class='ocr_par' dir='ltr' id='par_1_74' title="bbox 1908 1375 3490 1445">
     <span class='ocr_line' id='line_1_74' title="bbox 1908 1375 3490 1445; baseline -0.003 -13"><span class='ocrx_word' id='word_1_555' title='bbox 1908 1377 2064 1432; x_wconf 90' lang='lat' dir='ltr'><strong>dulce</strong></span> <span class='ocrx_word' id='word_1_556' title='bbox 2088 1387 2170 1430; x_wconf 92' lang='lat' dir='ltr'><strong>est</strong></span> <span class='ocrx_word' id='word_1_557' title='bbox 2197 1376 2318 1429; x_wconf 88' lang='lat' dir='ltr'><strong>inde</strong></span> <span class='ocrx_word' id='word_1_558' title='bbox 2348 1375 2600 1444; x_wconf 83' lang='lat' dir='ltr'><strong>colligant</strong></span> <span class='ocrx_word' id='word_1_559' title='bbox 2635 1394 2645 1428; x_wconf 95' lang='lat'>:</span> <span class='ocrx_word' id='word_1_560' title='bbox 2681 1377 2749 1431; x_wconf 83' lang='lat' dir='ltr'><strong>ita</strong></span> <span class='ocrx_word' id='word_1_561' title='bbox 2793 1379 2890 1445; x_wconf 90' lang='lat' dir='ltr'><strong>ipsi</strong></span> <span class='ocrx_word' id='word_1_562' title='bbox 2920 1378 3143 1431; x_wconf 88' lang='lat' dir='ltr'><strong>multum</strong></span> <span class='ocrx_word' id='word_1_563' title='bbox 3168 1391 3253 1428; x_wconf 89' lang='lat' dir='ltr'><strong>me</strong></span> <span class='ocrx_word' id='word_1_564' title='bbox 3282 1375 3490 1445; x_wconf 44' lang='lat' dir='ltr'><strong>stipan:</strong></span> 
     </span>
    </p>
   </div>
   <div class='ocr_carea' id='block_1_75' title="bbox 1908 1444 3490 1518">
    <p class='ocr_par' dir='ltr' id='par_1_75' title="bbox 1908 1444 3490 1518">
     <span class='ocr_line' id='line_1_75' title="bbox 1908 1444 3490 1518; baseline -0.002 -15"><span class='ocrx_word' id='word_1_565' title='bbox 1908 1459 1990 1503; x_wconf 91' lang='lat' dir='ltr'><strong>tes</strong></span> <span class='ocrx_word' id='word_1_566' title='bbox 2018 1446 2353 1502; x_wconf 87' lang='lat' dir='ltr'><strong>dulcedinem</strong></span> <span class='ocrx_word' id='word_1_567' title='bbox 2395 1447 2541 1501; x_wconf 84' lang='lat' dir='ltr'><strong>verbi</strong></span> <span class='ocrx_word' id='word_1_568' title='bbox 2580 1446 2674 1502; x_wconf 90' lang='lat' dir='ltr'><strong>Dei</strong></span> <span class='ocrx_word' id='word_1_569' title='bbox 2727 1444 2910 1504; x_wconf 84' lang='lat' dir='ltr'><strong>deme</strong></span> <span class='ocrx_word' id='word_1_570' title='bbox 2940 1450 3087 1518; x_wconf 89' lang='lat' dir='ltr'><strong>quasi</strong></span> <span class='ocrx_word' id='word_1_571' title='bbox 3119 1448 3187 1502; x_wconf 90' lang='lat' dir='ltr'><strong>de</strong></span> <span class='ocrx_word' id='word_1_572' title='bbox 3215 1447 3354 1518; x_wconf 15' lang='lat' dir='ltr'><strong>favo,</strong></span> <span class='ocrx_word' id='word_1_573' title='bbox 3384 1444 3490 1500; x_wconf 90' lang='lat' dir='ltr'><strong>mel</strong></span> 
     </span>
    </p>
   </div>
   <div class='ocr_carea' id='block_1_76' title="bbox 1910 1517 3491 1587">
    <p class='ocr_par' dir='ltr' id='par_1_76' title="bbox 1910 1517 3491 1587">
     <span class='ocr_line' id='line_1_76' title="bbox 1910 1517 3491 1587; baseline -0.004 -12"><span class='ocrx_word' id='word_1_574' title='bbox 1910 1527 2346 1582; x_wconf 87' lang='lat' dir='ltr'><strong>excusserunt,et</strong></span> <span class='ocrx_word' id='word_1_575' title='bbox 2370 1528 2664 1572; x_wconf 63' lang='lat' dir='ltr'><strong>exarserant</strong></span> <span class='ocrx_word' id='word_1_576' title='bbox 2686 1519 2814 1573; x_wconf 84' lang='lat' dir='ltr'><strong>sicut</strong></span> <span class='ocrx_word' id='word_1_577' title='bbox 2843 1517 2975 1587; x_wconf 81' lang='lat' dir='ltr'><strong>ignis</strong></span> <span class='ocrx_word' id='word_1_578' title='bbox 3003 1520 3066 1573; x_wconf 86' lang='lat' dir='ltr'><strong>de</strong></span> <span class='ocrx_word' id='word_1_579' title='bbox 3096 1519 3275 1586; x_wconf 81' lang='lat' dir='ltr'><strong>spinis,</strong></span> <span class='ocrx_word' id='word_1_580' title='bbox 3308 1517 3358 1571; x_wconf 95' lang='lat' dir='ltr'><strong>id</strong></span> <span class='ocrx_word' id='word_1_581' title='bbox 3387 1526 3491 1580; x_wconf 90' lang='lat' dir='ltr'><strong>est,</strong></span> 
     </span>
    </p>
   </div>
   <div class='ocr_carea' id='block_1_77' title="bbox 1911 1590 3570 1654">
    <p class='ocr_par' dir='ltr' id='par_1_77' title="bbox 1911 1590 3570 1654">
     <span class='ocr_line' id='line_1_77' title="bbox 1911 1590 3570 1654; baseline -0.003 -9"><span class='ocrx_word' id='word_1_582' title='bbox 1911 1600 2016 1645; x_wconf 89' lang='lat' dir='ltr'><strong>tam</strong></span> <span class='ocrx_word' id='word_1_583' title='bbox 2054 1591 2346 1644; x_wconf 87' lang='lat' dir='ltr'><strong>vehemens</strong></span> <span class='ocrx_word' id='word_1_584' title='bbox 2392 1590 2608 1644; x_wconf 90' lang='lat' dir='ltr'><strong>dilectio</strong></span> <span class='ocrx_word' id='word_1_585' title='bbox 2660 1605 2888 1646; x_wconf 89' lang='lat' dir='ltr'><strong>accensa</strong></span> <span class='ocrx_word' id='word_1_586' title='bbox 2930 1600 3012 1645; x_wconf 88' lang='lat' dir='ltr'><strong>est</strong></span> <span class='ocrx_word' id='word_1_587' title='bbox 3056 1591 3107 1644; x_wconf 89' lang='lat' dir='ltr'><strong>in</strong></span> <span class='ocrx_word' id='word_1_588' title='bbox 3157 1590 3266 1654; x_wconf 86' lang='lat' dir='ltr'><strong>eis,</strong></span> <span class='ocrx_word' id='word_1_589' title='bbox 3297 1597 3491 1654; x_wconf 88' lang='lat' dir='ltr'><strong>quanta</strong></span> <span class='ocrx_word' id='word_1_590' title='bbox 3565 1599 3570 1601; x_wconf 89' lang='grc'>·</span> 
     </span>
    </p>
   </div>
   <div class='ocr_carea' id='block_1_78' title="bbox 1911 1657 3493 1743">
    <p class='ocr_par' dir='ltr' id='par_1_78' title="bbox 1911 1657 3493 1743">
     <span class='ocr_line' id='line_1_78' title="bbox 1911 1657 3493 1743; baseline -0.003 -27"><span class='ocrx_word' id='word_1_591' title='bbox 1911 1663 2120 1743; x_wconf 75' lang='lat' dir='ltr'><strong>ardoris</strong></span> <span class='ocrx_word' id='word_1_592' title='bbox 2150 1660 2455 1743; x_wconf 39' lang='lat' dir='ltr'><strong>vis.in.igne</strong></span> <span class='ocrx_word' id='word_1_593' title='bbox 2481 1661 2569 1743; x_wconf 72' lang='lat' dir='ltr'><strong>ilio</strong></span> <span class='ocrx_word' id='word_1_594' title='bbox 2600 1673 2712 1743; x_wconf 85' lang='lat' dir='ltr'><strong>est,</strong></span> <span class='ocrx_word' id='word_1_595' title='bbox 2739 1664 2837 1743; x_wconf 79' lang='lat' dir='ltr'><strong>qui</strong></span> <span class='ocrx_word' id='word_1_596' title='bbox 2861 1663 3082 1743; x_wconf 77' lang='lat' dir='ltr'><strong>exardet</strong></span> <span class='ocrx_word' id='word_1_597' title='bbox 3109 1659 3388 1743; x_wconf 46' lang='lat' dir='ltr'><strong>denspinis.</strong></span> <span class='ocrx_word' id='word_1_598' title='bbox 3425 1657 3493 1712; x_wconf 86' lang='lat' dir='ltr'><strong>Et</strong></span> 
     </span>
    </p>
   </div>
   <div class='ocr_carea' id='block_1_79' title="bbox 1910 1729 3492 1816">
    <p class='ocr_par' dir='ltr' id='par_1_79' title="bbox 1910 1729 3492 1816">
     <span class='ocr_line' id='line_1_79' title="bbox 1910 1729 3492 1816; baseline -0.001 -31"><span class='ocrx_word' id='word_1_599' title='bbox 1910 1729 2476 1816; x_wconf 36' lang='lat' dir='ltr'><strong>itacircumdatio’illa</strong></span> <span class='ocrx_word' id='word_1_600' title='bbox 2508 1731 2646 1787; x_wconf 88' lang='lat' dir='ltr'><strong>facta</strong></span> <span class='ocrx_word' id='word_1_601' title='bbox 2689 1729 2772 1789; x_wconf 83' lang='lat' dir='ltr'><strong>est</strong></span> <span class='ocrx_word' id='word_1_602' title='bbox 2825 1735 2878 1788; x_wconf 91' lang='lat' dir='ltr'><strong>in</strong></span> <span class='ocrx_word' id='word_1_603' title='bbox 2926 1734 3140 1788; x_wconf 91' lang='lat' dir='ltr'><strong>nomine</strong></span> <span class='ocrx_word' id='word_1_604' title='bbox 3171 1729 3398 1796; x_wconf 90' lang='lat' dir='ltr'><strong>Domini,</strong></span> <span class='ocrx_word' id='word_1_605' title='bbox 3432 1738 3492 1784; x_wconf 89' lang='lat' dir='ltr'><strong>ut</strong></span> 
     </span>
    </p>
   </div>
   <div class='ocr_carea' id='block_1_80' title="bbox 1911 1818 2080 1875">
    <p class='ocr_par' dir='ltr' id='par_1_80' title="bbox 1911 1818 2080 1875">
     <span class='ocr_line' id='line_1_80' title="bbox 1911 1818 2080 1875; baseline -0.018 -16"><span class='ocrx_word' id='word_1_606' title='bbox 1911 1818 2080 1875; x_wconf 79' lang='lat' dir='ltr'><strong>prius.</strong></span> 
     </span>
    </p>
   </div>
   <div class='ocr_carea' id='block_1_81' title="bbox 1988 1873 3594 1946">
    <p class='ocr_par' dir='ltr' id='par_1_81' title="bbox 1988 1873 3594 1946">
     <span class='ocr_line' id='line_1_81' title="bbox 1988 1873 3594 1946; baseline -0.001 -19"><span class='ocrx_word' id='word_1_607' title='bbox 1988 1873 2252 1946; x_wconf 88' lang='lat' dir='ltr'><strong>Impulsus</strong></span> <span class='ocrx_word' id='word_1_608' title='bbox 2279 1889 2479 1928; x_wconf 81' lang='lat' dir='ltr'><strong>eversus</strong></span> <span class='ocrx_word' id='word_1_609' title='bbox 2507 1875 2764 1946; x_wconf 17' lang='lat' dir='ltr'><strong>sumtSic</strong></span> <span class='ocrx_word' id='word_1_610' title='bbox 2789 1876 3130 1930; x_wconf 91' lang='lat' dir='ltr'><strong>continuatur</strong></span> <span class='ocrx_word' id='word_1_611' title='bbox 3163 1893 3173 1928; x_wconf 94' lang='lat'>:</span> <span class='ocrx_word' id='word_1_612' title='bbox 3206 1874 3344 1946; x_wconf 76' lang='lat' dir='ltr'><strong>vere</strong></span> <span class='ocrx_word' id='word_1_613' title='bbox 3358 1887 3496 1946; x_wconf 51' lang='lat' dir='ltr'><strong>gen:</strong></span> <span class='ocrx_word' id='word_1_614' title='bbox 3590 1885 3594 1889; x_wconf 81' lang='lat'><em>&#39;</em></span> 
     </span>
    </p>
   </div>
   <div class='ocr_carea' id='block_1_82' title="bbox 1911 1941 3497 2014">
    <p class='ocr_par' dir='ltr' id='par_1_82' title="bbox 1911 1941 3497 2014">
     <span class='ocr_line' id='line_1_82' title="bbox 1911 1941 3497 2014; baseline -0.002 -13"><span class='ocrx_word' id='word_1_615' title='bbox 1911 1955 1995 2002; x_wconf 89' lang='lat' dir='ltr'><strong>tes</strong></span> <span class='ocrx_word' id='word_1_616' title='bbox 2016 1941 2485 2000; x_wconf 84' lang='lat' dir='ltr'><strong>circumdederunt</strong></span> <span class='ocrx_word' id='word_1_617' title='bbox 2507 1960 2612 2000; x_wconf 88' lang='lat' dir='ltr'><strong>me.</strong></span> <span class='ocrx_word' id='word_1_618' title='bbox 2645 1945 2777 2000; x_wconf 86' lang='lat' dir='ltr'><strong>Nam</strong></span> <span class='ocrx_word' id='word_1_619' title='bbox 2808 1947 3057 2014; x_wconf 86' lang='lat' dir='ltr'><strong>impulsus</strong></span> <span class='ocrx_word' id='word_1_620' title='bbox 3079 1961 3196 2001; x_wconf 91' lang='lat' dir='ltr'><strong>sum</strong></span> <span class='ocrx_word' id='word_1_621' title='bbox 3227 1944 3295 1999; x_wconf 89' lang='lat' dir='ltr'><strong>ab</strong></span> <span class='ocrx_word' id='word_1_622' title='bbox 3323 1943 3402 1997; x_wconf 89' lang='lat' dir='ltr'><strong>eis</strong></span> <span class='ocrx_word' id='word_1_623' title='bbox 3430 1941 3497 1998; x_wconf 88' lang='lat' dir='ltr'><strong>ad</strong></span> 
     </span>
    </p>
   </div>
   <div class='ocr_carea' id='block_1_83' title="bbox 1912 2015 3499 2086">
    <p class='ocr_par' dir='ltr' id='par_1_83' title="bbox 1912 2015 3499 2086">
     <span class='ocr_line' id='line_1_83' title="bbox 1912 2015 3499 2086; baseline -0.004 -14"><span class='ocrx_word' id='word_1_624' title='bbox 1912 2020 2012 2072; x_wconf 92' lang='lat' dir='ltr'><strong>hoc</strong></span> <span class='ocrx_word' id='word_1_625' title='bbox 2040 2026 2093 2071; x_wconf 88' lang='lat' dir='ltr'><strong>ut</strong></span> <span class='ocrx_word' id='word_1_626' title='bbox 2120 2015 2373 2080; x_wconf 87' lang='lat' dir='ltr'><strong>caderem,</strong></span> <span class='ocrx_word' id='word_1_627' title='bbox 2417 2025 2471 2070; x_wconf 89' lang='lat' dir='ltr'><strong>et</strong></span> <span class='ocrx_word' id='word_1_628' title='bbox 2504 2017 2557 2071; x_wconf 94' lang='lat' dir='ltr'><strong>in</strong></span> <span class='ocrx_word' id='word_1_629' title='bbox 2593 2027 2797 2071; x_wconf 90' lang='lat' dir='ltr'><strong>tantum</strong></span> <span class='ocrx_word' id='word_1_630' title='bbox 2833 2017 3094 2086; x_wconf 89' lang='lat' dir='ltr'><strong>impulsus</strong></span> <span class='ocrx_word' id='word_1_631' title='bbox 3124 2015 3267 2085; x_wconf 88' lang='lat' dir='ltr'><strong>quod</strong></span> <span class='ocrx_word' id='word_1_632' title='bbox 3295 2029 3499 2086; x_wconf 81' lang='lat' dir='ltr'><strong>eversus</strong></span> 
     </span>
    </p>
   </div>
   <div class='ocr_carea' id='block_1_84' title="bbox 1910 2085 3499 2158">
    <p class='ocr_par' dir='ltr' id='par_1_84' title="bbox 1910 2085 3499 2158">
     <span class='ocr_line' id='line_1_84' title="bbox 1910 2085 3499 2158; baseline -0.003 -14"><span class='ocrx_word' id='word_1_633' title='bbox 1910 2105 2046 2156; x_wconf 88' lang='lat' dir='ltr'><strong>sum,</strong></span> <span class='ocrx_word' id='word_1_634' title='bbox 2073 2089 2124 2143; x_wconf 92' lang='lat' dir='ltr'><strong>id</strong></span> <span class='ocrx_word' id='word_1_635' title='bbox 2173 2096 2274 2152; x_wconf 94' lang='grc' dir='ltr'>εει,</span> <span class='ocrx_word' id='word_1_636' title='bbox 2327 2089 2477 2155; x_wconf 91' lang='lat' dir='ltr'><strong>quasi</strong></span> <span class='ocrx_word' id='word_1_637' title='bbox 2526 2089 2670 2158; x_wconf 87' lang='lat' dir='ltr'><strong>signa</strong></span> <span class='ocrx_word' id='word_1_638' title='bbox 2706 2089 2949 2156; x_wconf 77' lang='lat' dir='ltr'><strong>quzedam</strong></span> <span class='ocrx_word' id='word_1_639' title='bbox 2979 2103 3134 2154; x_wconf 81' lang='lat' dir='ltr'><strong>casus</strong></span> <span class='ocrx_word' id='word_1_640' title='bbox 3183 2087 3327 2142; x_wconf 91' lang='lat' dir='ltr'><strong>dedi.</strong></span> <span class='ocrx_word' id='word_1_641' title='bbox 3383 2085 3499 2140; x_wconf 81' lang='lat' dir='ltr'><strong>Non</strong></span> 
     </span>
    </p>
   </div>
   <div class='ocr_carea' id='block_1_85' title="bbox 1912 2158 3495 2229">
    <p class='ocr_par' dir='ltr' id='par_1_85' title="bbox 1912 2158 3495 2229">
     <span class='ocr_line' id='line_1_85' title="bbox 1912 2158 3495 2229; baseline -0.005 -13"><span class='ocrx_word' id='word_1_642' title='bbox 1912 2161 2056 2216; x_wconf 91' lang='lat' dir='ltr'><strong>enim</strong></span> <span class='ocrx_word' id='word_1_643' title='bbox 2091 2161 2262 2227; x_wconf 84' lang='lat' dir='ltr'><strong>potest</strong></span> <span class='ocrx_word' id='word_1_644' title='bbox 2285 2158 2400 2212; x_wconf 82' lang='lat' dir='ltr'><strong>fieri</strong></span> <span class='ocrx_word' id='word_1_645' title='bbox 2432 2159 2482 2212; x_wconf 95' lang='lat' dir='ltr'><strong>in</strong></span> <span class='ocrx_word' id='word_1_646' title='bbox 2516 2169 2657 2213; x_wconf 86' lang='lat' dir='ltr'><strong>tanta</strong></span> <span class='ocrx_word' id='word_1_647' title='bbox 2693 2160 3056 2226; x_wconf 81' lang='lat' dir='ltr'><strong>tribulatione,</strong></span> <span class='ocrx_word' id='word_1_648' title='bbox 3091 2159 3219 2229; x_wconf 92' lang='lat' dir='ltr'><strong>quin</strong></span> <span class='ocrx_word' id='word_1_649' title='bbox 3257 2172 3383 2211; x_wconf 91' lang='lat' dir='ltr'><strong>caro</strong></span> <span class='ocrx_word' id='word_1_650' title='bbox 3403 2158 3495 2229; x_wconf 84' lang='lat' dir='ltr'><strong>in-</strong></span> 
     </span>
    </p>
   </div>
   <div class='ocr_carea' id='block_1_86' title="bbox 1913 2227 3496 2300">
    <p class='ocr_par' dir='ltr' id='par_1_86' title="bbox 1913 2227 3496 2300">
     <span class='ocr_line' id='line_1_86' title="bbox 1913 2227 3496 2300; baseline -0.003 -16"><span class='ocrx_word' id='word_1_651' title='bbox 1913 2233 2064 2285; x_wconf 84' lang='lat' dir='ltr'><strong>ﬁrma</strong></span> <span class='ocrx_word' id='word_1_652' title='bbox 2094 2230 2272 2300; x_wconf 88' lang='lat' dir='ltr'><strong>aliquo</strong></span> <span class='ocrx_word' id='word_1_653' title='bbox 2322 2230 2480 2284; x_wconf 90' lang='lat' dir='ltr'><strong>modo</strong></span> <span class='ocrx_word' id='word_1_654' title='bbox 2512 2238 2766 2286; x_wconf 90' lang='lat' dir='ltr'><strong>mutetur.</strong></span> <span class='ocrx_word' id='word_1_655' title='bbox 2821 2231 2886 2285; x_wconf 89' lang='lat' dir='ltr'><strong>Et</strong></span> <span class='ocrx_word' id='word_1_656' title='bbox 2918 2227 3251 2285; x_wconf 48' lang='lat' dir='ltr'><strong>tamen&#39;non</strong></span> <span class='ocrx_word' id='word_1_657' title='bbox 3303 2227 3496 2293; x_wconf 85' lang='lat' dir='ltr'><strong>cecidi,</strong></span> 
     </span>
    </p>
   </div>
   <div class='ocr_carea' id='block_1_87' title="bbox 1915 2300 3499 2371">
    <p class='ocr_par' dir='ltr' id='par_1_87' title="bbox 1915 2300 3499 2371">
     <span class='ocr_line' id='line_1_87' title="bbox 1915 2300 3499 2371; baseline -0.003 -16"><span class='ocrx_word' id='word_1_658' title='bbox 1915 2304 2038 2371; x_wconf 86' lang='lat' dir='ltr'><strong>quia</strong></span> <span class='ocrx_word' id='word_1_659' title='bbox 2065 2301 2316 2355; x_wconf 86' lang='lat' dir='ltr'><strong>Dominus</strong></span> <span class='ocrx_word' id='word_1_660' title='bbox 2349 2316 2414 2354; x_wconf 89' lang='lat' dir='ltr'><strong>ne</strong></span> <span class='ocrx_word' id='word_1_661' title='bbox 2445 2301 2692 2357; x_wconf 90' lang='lat' dir='ltr'><strong>caderem</strong></span> <span class='ocrx_word' id='word_1_662' title='bbox 2716 2303 2937 2370; x_wconf 87' lang='lat' dir='ltr'><strong>suscepit</strong></span> <span class='ocrx_word' id='word_1_663' title='bbox 2985 2319 3082 2356; x_wconf 89' lang='lat' dir='ltr'><strong>me.</strong></span> <span class='ocrx_word' id='word_1_664' title='bbox 3122 2300 3186 2354; x_wconf 86' lang='lat' dir='ltr'><strong>Et</strong></span> <span class='ocrx_word' id='word_1_665' title='bbox 3219 2307 3499 2371; x_wconf 85' lang='lat' dir='ltr'><strong>propterea</strong></span> 
     </span>
    </p>
   </div>
   <div class='ocr_carea' id='block_1_88' title="bbox 1913 2369 3503 2441">
    <p class='ocr_par' dir='ltr' id='par_1_88' title="bbox 1913 2369 3503 2441">
     <span class='ocr_line' id='line_1_88' title="bbox 1913 2369 3503 2441; baseline -0.001 -15"><span class='ocrx_word' id='word_1_666' title='bbox 1913 2369 2012 2428; x_wconf 85' lang='lat' dir='ltr'><strong>hac</strong></span> <span class='ocrx_word' id='word_1_667' title='bbox 2042 2373 2231 2426; x_wconf 88' lang='lat' dir='ltr'><strong>fiducia</strong></span> <span class='ocrx_word' id='word_1_668' title='bbox 2262 2371 2399 2425; x_wconf 87' lang='lat' dir='ltr'><strong>Deus</strong></span> <span class='ocrx_word' id='word_1_669' title='bbox 2425 2374 2659 2439; x_wconf 86' lang='lat' dir='ltr'><strong>suscepit</strong></span> <span class='ocrx_word' id='word_1_670' title='bbox 2687 2389 2792 2438; x_wconf 91' lang='lat' dir='ltr'><strong>me,</strong></span> <span class='ocrx_word' id='word_1_671' title='bbox 2819 2369 2938 2441; x_wconf 83' lang='lat' dir='ltr'><strong>quia</strong></span> <span class='ocrx_word' id='word_1_672' title='bbox 2963 2389 3068 2428; x_wconf 92' lang='lat' dir='ltr'><strong>non</strong></span> <span class='ocrx_word' id='word_1_673' title='bbox 3097 2386 3198 2441; x_wconf 89' lang='lat' dir='ltr'><strong>ego</strong></span> <span class='ocrx_word' id='word_1_674' title='bbox 3220 2386 3338 2424; x_wconf 91' lang='lat' dir='ltr'><strong>sum</strong></span> <span class='ocrx_word' id='word_1_675' title='bbox 3372 2369 3503 2424; x_wconf 90' lang='lat' dir='ltr'><strong>mihi</strong></span> 
     </span>
    </p>
   </div>
   <div class='ocr_carea' id='block_1_89' title="bbox 1912 2441 3504 2513">
    <p class='ocr_par' dir='ltr' id='par_1_89' title="bbox 1912 2441 3504 2513">
     <span class='ocr_line' id='line_1_89' title="bbox 1912 2441 3504 2513; baseline -0.001 -15"><span class='ocrx_word' id='word_1_676' title='bbox 1912 2446 2087 2513; x_wconf 89' lang='lat' dir='ltr'><strong>fortis,</strong></span> <span class='ocrx_word' id='word_1_677' title='bbox 2123 2444 2172 2497; x_wconf 91' lang='lat' dir='ltr'><strong>id</strong></span> <span class='ocrx_word' id='word_1_678' title='bbox 2206 2451 2310 2508; x_wconf 78' lang='lat' dir='ltr'><strong>est,</strong></span> <span class='ocrx_word' id='word_1_679' title='bbox 2335 2443 2461 2496; x_wconf 90' lang='lat' dir='ltr'><strong>mihi</strong></span> <span class='ocrx_word' id='word_1_680' title='bbox 2498 2444 2812 2511; x_wconf 89' lang='lat' dir='ltr'><strong>laudabilis;</strong></span> <span class='ocrx_word' id='word_1_681' title='bbox 2846 2445 2939 2500; x_wconf 89' lang='lat' dir='ltr'><strong>sed</strong></span> <span class='ocrx_word' id='word_1_682' title='bbox 2970 2444 3215 2498; x_wconf 86' lang='lat' dir='ltr'><strong>Dominus</strong></span> <span class='ocrx_word' id='word_1_683' title='bbox 3243 2450 3328 2496; x_wconf 90' lang='lat' dir='ltr'><strong>est</strong></span> <span class='ocrx_word' id='word_1_684' title='bbox 3353 2441 3504 2513; x_wconf 44' lang='lat' dir='ltr'><strong>forti:</strong></span> 
     </span>
    </p>
   </div>
   <div class='ocr_carea' id='block_1_90' title="bbox 1914 2512 3502 2586">
    <p class='ocr_par' dir='ltr' id='par_1_90' title="bbox 1914 2512 3502 2586">
     <span class='ocr_line' id='line_1_90' title="bbox 1914 2512 3502 2586; baseline -0.001 -18"><span class='ocrx_word' id='word_1_685' title='bbox 1914 2517 2035 2568; x_wconf 85' lang='lat' dir='ltr'><strong>tudo</strong></span> <span class='ocrx_word' id='word_1_686' title='bbox 2063 2512 2173 2568; x_wconf 84' lang='lat' dir='ltr'><strong>mea</strong></span> <span class='ocrx_word' id='word_1_687' title='bbox 2198 2525 2245 2567; x_wconf 88' lang='lat' dir='ltr'><strong>et</strong></span> <span class='ocrx_word' id='word_1_688' title='bbox 2272 2513 2386 2567; x_wconf 90' lang='lat' dir='ltr'><strong>laus</strong></span> <span class='ocrx_word' id='word_1_689' title='bbox 2410 2531 2549 2586; x_wconf 79' lang='lat' dir='ltr'><strong>mea,</strong></span> <span class='ocrx_word' id='word_1_690' title='bbox 2577 2516 2697 2584; x_wconf 91' lang='lat' dir='ltr'><strong>quia</strong></span> <span class='ocrx_word' id='word_1_691' title='bbox 2729 2517 2780 2569; x_wconf 90' lang='lat' dir='ltr'><strong>in</strong></span> <span class='ocrx_word' id='word_1_692' title='bbox 2804 2531 2869 2571; x_wconf 90' lang='lat' dir='ltr'><strong>eo</strong></span> <span class='ocrx_word' id='word_1_693' title='bbox 2895 2525 3098 2570; x_wconf 87' lang='lat' dir='ltr'><strong>tantum</strong></span> <span class='ocrx_word' id='word_1_694' title='bbox 3139 2529 3227 2586; x_wconf 85' lang='lat' dir='ltr'><strong>me</strong></span> <span class='ocrx_word' id='word_1_695' title='bbox 3255 2512 3502 2586; x_wconf 82' lang='lat' dir='ltr'><strong>reputavi</strong></span> 
     </span>
    </p>
   </div>
   <div class='ocr_carea' id='block_1_91' title="bbox 1913 2584 3504 2658">
    <p class='ocr_par' dir='ltr' id='par_1_91' title="bbox 1913 2584 3504 2658">
     <span class='ocr_line' id='line_1_91' title="bbox 1913 2584 3504 2658; baseline -0.003 -16"><span class='ocrx_word' id='word_1_696' title='bbox 1913 2586 2104 2642; x_wconf 88' lang='lat' dir='ltr'><strong>fortem</strong></span> <span class='ocrx_word' id='word_1_697' title='bbox 2125 2595 2188 2658; x_wconf 88' lang='lat' dir='ltr'><strong>et</strong></span> <span class='ocrx_word' id='word_1_698' title='bbox 2208 2584 2547 2658; x_wconf 82' lang='lat' dir='ltr'><strong>laudabilem,</strong></span> <span class='ocrx_word' id='word_1_699' title='bbox 2581 2597 2626 2641; x_wconf 87' lang='lat' dir='ltr'><strong>et</strong></span> <span class='ocrx_word' id='word_1_700' title='bbox 2650 2587 2770 2642; x_wconf 89' lang='lat' dir='ltr'><strong>ideo</strong></span> <span class='ocrx_word' id='word_1_701' title='bbox 2808 2591 2976 2658; x_wconf 80' lang='lat' dir='ltr'><strong>factus</strong></span> <span class='ocrx_word' id='word_1_702' title='bbox 2995 2597 3067 2642; x_wconf 88' lang='lat' dir='ltr'><strong>est</strong></span> <span class='ocrx_word' id='word_1_703' title='bbox 3099 2585 3223 2640; x_wconf 83' lang='lat' dir='ltr'><strong>mihi</strong></span> <span class='ocrx_word' id='word_1_704' title='bbox 3260 2584 3504 2651; x_wconf 84' lang='lat' dir='ltr'><strong>salutem,</strong></span> 
     </span>
    </p>
   </div>
   <div class='ocr_carea' id='block_1_92' title="bbox 1912 2657 2926 2728">
    <p class='ocr_par' dir='ltr' id='par_1_92' title="bbox 1912 2657 2926 2728">
     <span class='ocr_line' id='line_1_92' title="bbox 1912 2657 2926 2728; baseline 0.003 -17"><span class='ocrx_word' id='word_1_705' title='bbox 1912 2659 2033 2728; x_wconf 90' lang='lat' dir='ltr'><strong>quia</strong></span> <span class='ocrx_word' id='word_1_706' title='bbox 2065 2657 2190 2711; x_wconf 88' lang='lat' dir='ltr'><strong>mihi</strong></span> <span class='ocrx_word' id='word_1_707' title='bbox 2224 2657 2393 2711; x_wconf 90' lang='lat' dir='ltr'><strong>factus</strong></span> <span class='ocrx_word' id='word_1_708' title='bbox 2423 2672 2566 2712; x_wconf 91' lang='lat' dir='ltr'><strong>eram</strong></span> <span class='ocrx_word' id='word_1_709' title='bbox 2597 2658 2648 2712; x_wconf 90' lang='lat' dir='ltr'><strong>in</strong></span> <span class='ocrx_word' id='word_1_710' title='bbox 2681 2657 2926 2714; x_wconf 90' lang='lat' dir='ltr'><strong>mortem.</strong></span> 
     </span>
    </p>
   </div>
   <div class='ocr_carea' id='block_1_93' title="bbox 1993 2727 3505 2799">
    <p class='ocr_par' dir='ltr' id='par_1_93' title="bbox 1993 2727 3505 2799">
     <span class='ocr_line' id='line_1_93' title="bbox 1993 2727 3505 2799; baseline -0.001 -17"><span class='ocrx_word' id='word_1_711' title='bbox 1993 2728 2107 2782; x_wconf 71' lang='lat' dir='ltr'><strong>Vox</strong></span> <span class='ocrx_word' id='word_1_712' title='bbox 2134 2729 2485 2782; x_wconf 73' lang='lat' dir='ltr'><strong>exsultationis</strong></span> <span class='ocrx_word' id='word_1_713' title='bbox 2512 2739 2557 2782; x_wconf 88' lang='lat' dir='ltr'><strong>et</strong></span> <span class='ocrx_word' id='word_1_714' title='bbox 2579 2729 2778 2786; x_wconf 87' lang='lat' dir='ltr'><strong>salutis.</strong></span> <span class='ocrx_word' id='word_1_715' title='bbox 2811 2730 2944 2787; x_wconf 84' lang='lat' dir='ltr'><strong>Vere</strong></span> <span class='ocrx_word' id='word_1_716' title='bbox 2983 2731 3150 2799; x_wconf 80' lang='lat' dir='ltr'><strong>factus</strong></span> <span class='ocrx_word' id='word_1_717' title='bbox 3184 2736 3257 2782; x_wconf 87' lang='lat' dir='ltr'><strong>est</strong></span> <span class='ocrx_word' id='word_1_718' title='bbox 3283 2727 3410 2781; x_wconf 83' lang='lat' dir='ltr'><strong>mihi</strong></span> <span class='ocrx_word' id='word_1_719' title='bbox 3451 2727 3505 2780; x_wconf 89' lang='lat' dir='ltr'><strong>in</strong></span> 
     </span>
    </p>
   </div>
   <div class='ocr_carea' id='block_1_94' title="bbox 1915 2799 3508 2881">
    <p class='ocr_par' dir='ltr' id='par_1_94' title="bbox 1915 2799 3508 2881">
     <span class='ocr_line' id='line_1_94' title="bbox 1915 2799 3508 2881; baseline -0.003 -27"><span class='ocrx_word' id='word_1_720' title='bbox 1915 2800 2149 2881; x_wconf 74' lang='lat' dir='ltr'><strong>salutem.</strong></span> <span class='ocrx_word' id='word_1_721' title='bbox 2181 2799 2311 2881; x_wconf 68' lang='lat' dir='ltr'><strong>Nam</strong></span> <span class='ocrx_word' id='word_1_722' title='bbox 2363 2806 2464 2881; x_wconf 80' lang='lat' dir='ltr'><strong>hoc</strong></span> <span class='ocrx_word' id='word_1_723' title='bbox 2494 2802 2676 2881; x_wconf 81' lang='lat' dir='ltr'><strong>modo,</strong></span> <span class='ocrx_word' id='word_1_724' title='bbox 2705 2802 2910 2881; x_wconf 74' lang='lat' dir='ltr'><strong>scilicet</strong></span> <span class='ocrx_word' id='word_1_725' title='bbox 2955 2803 3078 2871; x_wconf 86' lang='lat' dir='ltr'><strong>quia</strong></span> <span class='ocrx_word' id='word_1_726' title='bbox 3131 2799 3508 2854; x_wconf 83' lang='lat' dir='ltr'><strong>Dominusest</strong></span> 
     </span>
    </p>
   </div>
   <div class='ocr_carea' id='block_1_95' title="bbox 1915 2871 3504 2952">
    <p class='ocr_par' dir='ltr' id='par_1_95' title="bbox 1915 2871 3504 2952">
     <span class='ocr_line' id='line_1_95' title="bbox 1915 2871 3504 2952; baseline -0.002 -27"><span class='ocrx_word' id='word_1_727' title='bbox 1915 2879 1968 2952; x_wconf 84' lang='lat' dir='ltr'><strong>i_n</strong></span> <span class='ocrx_word' id='word_1_728' title='bbox 1990 2873 2348 2952; x_wconf 72' lang='lat' dir='ltr'><strong>tabernaculis,</strong></span> <span class='ocrx_word' id='word_1_729' title='bbox 2381 2871 2432 2925; x_wconf 90' lang='lat' dir='ltr'><strong>id</strong></span> <span class='ocrx_word' id='word_1_730' title='bbox 2483 2883 2587 2937; x_wconf 89' lang='grc' dir='ltr'>εει,</span> <span class='ocrx_word' id='word_1_731' title='bbox 2619 2875 2671 2928; x_wconf 91' lang='lat' dir='ltr'><strong>in</strong></span> <span class='ocrx_word' id='word_1_732' title='bbox 2700 2873 2951 2952; x_wconf 83' lang='lat' dir='ltr'><strong>cordibus</strong></span> <span class='ocrx_word' id='word_1_733' title='bbox 2971 2876 3234 2952; x_wconf 78' lang='lat' dir='ltr'><strong>justorum</strong></span> <span class='ocrx_word' id='word_1_734' title='bbox 3264 2885 3368 2950; x_wconf 75' lang='lat' dir='ltr'><strong>non</strong></span> <span class='ocrx_word' id='word_1_735' title='bbox 3403 2883 3504 2922; x_wconf 85' lang='lat' dir='ltr'><strong>vox</strong></span> 
     </span>
    </p>
   </div>
   <div class='ocr_carea' id='block_1_96' title="bbox 1917 2942 3502 3009">
    <p class='ocr_par' dir='ltr' id='par_1_96' title="bbox 1917 2942 3502 3009">
     <span class='ocr_line' id='line_1_96' title="bbox 1917 2942 3502 3009; baseline -0.003 -10"><span class='ocrx_word' id='word_1_736' title='bbox 1917 2943 2135 3009; x_wconf 89' lang='lat' dir='ltr'><strong>doloris,</strong></span> <span class='ocrx_word' id='word_1_737' title='bbox 2167 2953 2220 2997; x_wconf 88' lang='lat' dir='ltr'><strong>et</strong></span> <span class='ocrx_word' id='word_1_738' title='bbox 2250 2957 2563 3008; x_wconf 76' lang='lat' dir='ltr'><strong>reSponsum</strong></span> <span class='ocrx_word' id='word_1_739' title='bbox 2591 2946 2798 3009; x_wconf 91' lang='lat' dir='ltr'><strong>mortis,</strong></span> <span class='ocrx_word' id='word_1_740' title='bbox 2833 2954 2892 2999; x_wconf 92' lang='lat' dir='ltr'><strong>ut</strong></span> <span class='ocrx_word' id='word_1_741' title='bbox 2912 2942 3005 2999; x_wconf 78' lang='lat' dir='ltr'><strong>vos</strong></span> <span class='ocrx_word' id='word_1_742' title='bbox 3044 2943 3277 2998; x_wconf 85' lang='lat' dir='ltr'><strong>exterius</strong></span> <span class='ocrx_word' id='word_1_743' title='bbox 3321 2942 3373 2993; x_wconf 90' lang='lat' dir='ltr'><strong>in</strong></span> <span class='ocrx_word' id='word_1_744' title='bbox 3417 2953 3502 2994; x_wconf 86' lang='lat' dir='ltr'><strong>mc</strong></span> 
     </span>
    </p>
   </div>
   <div class='ocr_carea' id='block_1_97' title="bbox 1914 3011 3503 3084">
    <p class='ocr_par' dir='ltr' id='par_1_97' title="bbox 1914 3011 3503 3084">
     <span class='ocr_line' id='line_1_97' title="bbox 1914 3011 3503 3084; baseline -0.004 -13"><span class='ocrx_word' id='word_1_745' title='bbox 1914 3015 2202 3071; x_wconf 63' lang='lat' dir='ltr'><strong>saavientes</strong></span> <span class='ocrx_word' id='word_1_746' title='bbox 2235 3015 2428 3082; x_wconf 89' lang='lat' dir='ltr'><strong>putatis</strong></span> <span class='ocrx_word' id='word_1_747' title='bbox 2461 3032 2471 3067; x_wconf 94' lang='lat'>:</span> <span class='ocrx_word' id='word_1_748' title='bbox 2513 3015 2609 3070; x_wconf 91' lang='lat' dir='ltr'><strong>sed</strong></span> <span class='ocrx_word' id='word_1_749' title='bbox 2639 3017 2812 3084; x_wconf 88' lang='lat' dir='ltr'><strong>potius</strong></span> <span class='ocrx_word' id='word_1_750' title='bbox 2841 3027 2921 3070; x_wconf 88' lang='lat' dir='ltr'><strong>est</strong></span> <span class='ocrx_word' id='word_1_751' title='bbox 2942 3015 3014 3071; x_wconf 86' lang='lat' dir='ltr'><strong>ibi</strong></span> <span class='ocrx_word' id='word_1_752' title='bbox 3044 3030 3144 3068; x_wconf 76' lang='lat' dir='ltr'><strong>vos</strong></span> <span class='ocrx_word' id='word_1_753' title='bbox 3191 3011 3503 3068; x_wconf 80' lang='lat' dir='ltr'><strong>exsultatio-</strong></span> 
     </span>
    </p>
   </div>
   <div class='ocr_carea' id='block_1_98' title="bbox 1918 3084 3498 3208">
    <p class='ocr_par' dir='ltr' id='par_1_98' title="bbox 1918 3084 3498 3208">
     <span class='ocr_line' id='line_1_98' title="bbox 1918 3084 3498 3208; baseline -0.002 -69"><span class='ocrx_word' id='word_1_754' title='bbox 1918 3088 2019 3159; x_wconf 84' lang='lat' dir='ltr'><strong>nis,</strong></span> <span class='ocrx_word' id='word_1_755' title='bbox 2057 3086 2105 3138; x_wconf 91' lang='lat' dir='ltr'><strong>id</strong></span> <span class='ocrx_word' id='word_1_756' title='bbox 2135 3095 2236 3208; x_wconf 61' lang='lat' dir='ltr'><strong>est,</strong></span> <span class='ocrx_word' id='word_1_757' title='bbox 2273 3084 2555 3140; x_wconf 87' lang='lat' dir='ltr'><strong>manifesta</strong></span> <span class='ocrx_word' id='word_1_758' title='bbox 2602 3086 2921 3152; x_wconf 78' lang='lat' dir='ltr'><strong>exsultatio,</strong></span> <span class='ocrx_word' id='word_1_759' title='bbox 2965 3088 3018 3143; x_wconf 89' lang='lat' dir='ltr'><strong>id</strong></span> <span class='ocrx_word' id='word_1_760' title='bbox 3047 3095 3148 3151; x_wconf 90' lang='lat' dir='ltr'><strong>est,</strong></span> <span class='ocrx_word' id='word_1_761' title='bbox 3184 3097 3498 3154; x_wconf 85' lang='lat' dir='ltr'><strong>responsum</strong></span> 
     </span>
     <span class='ocr_line' id='line_1_99' title="bbox 1920 3168 2287 3208; baseline 0 0"><span class='ocrx_word' id='word_1_762' title='bbox 1920 3173 2058 3208; x_wconf 57' lang='lat' dir='ltr'><strong>verie</strong></span> <span class='ocrx_word' id='word_1_763' title='bbox 2083 3172 2139 3208; x_wconf 87' lang='lat' dir='ltr'><strong>sa</strong></span> <span class='ocrx_word' id='word_1_764' title='bbox 2167 3168 2287 3208; x_wconf 80' lang='lat' dir='ltr'><strong>llllS.</strong></span> 
     </span>
    </p>
   </div>
   <div class='ocr_carea' id='block_1_99' title="bbox 1920 3168 2287 3212">
    <p class='ocr_par' dir='ltr' id='par_1_99' title="bbox 1920 3168 2287 3212">
     <span class='ocr_line' id='line_1_100' title="bbox 1920 3168 2287 3212; baseline -0.011 0"><span class='ocrx_word' id='word_1_765' title='bbox 1920 3173 2058 3212; x_wconf 57' lang='grc' dir='ltr'><strong>νει-λυ</strong></span> <span class='ocrx_word' id='word_1_766' title='bbox 2083 3168 2287 3210; x_wconf 69' lang='grc' dir='ltr'>εειιιιιε.</span> 
     </span>
    </p>
   </div>
   <div class='ocr_carea' id='block_1_100' title="bbox 1842 3220 3505 3284">
    <p class='ocr_par' dir='ltr' id='par_1_100' title="bbox 1842 3220 3505 3284">
     <span class='ocr_line' id='line_1_101' title="bbox 1842 3220 3505 3284; baseline 0 -4"><span class='ocrx_word' id='word_1_767' title='bbox 1842 3220 1888 3280; x_wconf 91' lang='lat' dir='ltr'><strong><em>C</em></strong></span> <span class='ocrx_word' id='word_1_768' title='bbox 1996 3227 2218 3280; x_wconf 71' lang='lat' dir='ltr'><strong>Dextera</strong></span> <span class='ocrx_word' id='word_1_769' title='bbox 2268 3227 2495 3282; x_wconf 90' lang='lat' dir='ltr'><strong>Domini.</strong></span> <span class='ocrx_word' id='word_1_770' title='bbox 2521 3228 2609 3284; x_wconf 91' lang='lat' dir='ltr'><strong>Sic</strong></span> <span class='ocrx_word' id='word_1_771' title='bbox 2643 3227 3025 3284; x_wconf 89' lang='lat' dir='ltr'><strong>continuatur:</strong></span> <span class='ocrx_word' id='word_1_772' title='bbox 3064 3229 3198 3283; x_wconf 86' lang='lat' dir='ltr'><strong>Vere</strong></span> <span class='ocrx_word' id='word_1_773' title='bbox 3247 3225 3505 3280; x_wconf 88' lang='lat' dir='ltr'><strong>Dominus</strong></span> 
     </span>
    </p>
   </div>
   <div class='ocr_carea' id='block_1_101' title="bbox 1923 3296 3506 3370">
    <p class='ocr_par' dir='ltr' id='par_1_101' title="bbox 1923 3296 3506 3370">
     <span class='ocr_line' id='line_1_102' title="bbox 1923 3296 3506 3370; baseline -0.004 -15"><span class='ocrx_word' id='word_1_774' title='bbox 1923 3299 2178 3366; x_wconf 87' lang='lat' dir='ltr'><strong>suscepit.</strong></span> <span class='ocrx_word' id='word_1_775' title='bbox 2220 3297 2356 3352; x_wconf 84' lang='lat' dir='ltr'><strong>Nam</strong></span> <span class='ocrx_word' id='word_1_776' title='bbox 2403 3299 2635 3366; x_wconf 69' lang='lat' dir='ltr'><strong>dextera,</strong></span> <span class='ocrx_word' id='word_1_777' title='bbox 2669 3300 2721 3355; x_wconf 94' lang='lat' dir='ltr'><strong>id</strong></span> <span class='ocrx_word' id='word_1_778' title='bbox 2751 3308 2853 3366; x_wconf 88' lang='lat' dir='ltr'><strong>est,</strong></span> <span class='ocrx_word' id='word_1_779' title='bbox 2886 3299 3116 3370; x_wconf 87' lang='lat' dir='ltr'><strong>potentia</strong></span> <span class='ocrx_word' id='word_1_780' title='bbox 3149 3296 3506 3370; x_wconf 63' lang='lat' dir='ltr'><strong>Dominijecit</strong></span> 
     </span>
    </p>
   </div>
   <div class='ocr_carea' id='block_1_102' title="bbox 1925 3368 3533 3438">
    <p class='ocr_par' dir='ltr' id='par_1_102' title="bbox 1925 3368 3533 3438">
     <span class='ocr_line' id='line_1_103' title="bbox 1925 3368 3533 3438; baseline -0.003 -14"><span class='ocrx_word' id='word_1_781' title='bbox 1925 3371 2180 3434; x_wconf 86' lang='lat' dir='ltr'><strong>virtutem,</strong></span> <span class='ocrx_word' id='word_1_782' title='bbox 2214 3371 2262 3424; x_wconf 94' lang='lat' dir='ltr'><strong>id</strong></span> <span class='ocrx_word' id='word_1_783' title='bbox 2286 3378 2389 3434; x_wconf 89' lang='lat' dir='ltr'><strong>est,</strong></span> <span class='ocrx_word' id='word_1_784' title='bbox 2419 3381 2640 3438; x_wconf 87' lang='lat' dir='ltr'><strong>operata</strong></span> <span class='ocrx_word' id='word_1_785' title='bbox 2669 3379 2753 3426; x_wconf 86' lang='lat' dir='ltr'><strong>est</strong></span> <span class='ocrx_word' id='word_1_786' title='bbox 2775 3373 2827 3426; x_wconf 91' lang='lat' dir='ltr'><strong>in</strong></span> <span class='ocrx_word' id='word_1_787' title='bbox 2856 3368 2941 3427; x_wconf 83' lang='lat' dir='ltr'><strong>me</strong></span> <span class='ocrx_word' id='word_1_788' title='bbox 2971 3372 3038 3426; x_wconf 88' lang='lat' dir='ltr'><strong>de</strong></span> <span class='ocrx_word' id='word_1_789' title='bbox 3067 3370 3312 3438; x_wconf 83' lang='lat' dir='ltr'><strong>passione.</strong></span> <span class='ocrx_word' id='word_1_790' title='bbox 3339 3368 3533 3420; x_wconf 85' lang='lat' dir='ltr'><strong>victo-&#39;</strong></span> 
     </span>
    </p>
   </div>
   <div class='ocr_carea' id='block_1_103' title="bbox 1862 3439 3512 3505">
    <p class='ocr_par' dir='ltr' id='par_1_103' title="bbox 1862 3439 3512 3505">
     <span class='ocr_line' id='line_1_104' title="bbox 1862 3439 3512 3505; baseline -0.002 -9"><span class='ocrx_word' id='word_1_791' title='bbox 1862 3441 1884 3462; x_wconf 84' lang='lat'><strong><em>&#39;</em></strong></span> <span class='ocrx_word' id='word_1_792' title='bbox 1925 3445 2082 3505; x_wconf 88' lang='lat' dir='ltr'><strong>riam,</strong></span> <span class='ocrx_word' id='word_1_793' title='bbox 2115 3452 2168 3496; x_wconf 89' lang='lat' dir='ltr'><strong>et</strong></span> <span class='ocrx_word' id='word_1_794' title='bbox 2198 3456 2318 3496; x_wconf 81' lang='lat' dir='ltr'><strong>vere</strong></span> <span class='ocrx_word' id='word_1_795' title='bbox 2347 3441 2614 3497; x_wconf 89' lang='lat' dir='ltr'><strong>virtutem.</strong></span> <span class='ocrx_word' id='word_1_796' title='bbox 2641 3443 2770 3497; x_wconf 84' lang='lat' dir='ltr'><strong>Nam</strong></span> <span class='ocrx_word' id='word_1_797' title='bbox 2798 3443 3004 3497; x_wconf 76' lang='lat' dir='ltr'><strong>dextera</strong></span> <span class='ocrx_word' id='word_1_798' title='bbox 3033 3441 3246 3496; x_wconf 89' lang='lat' dir='ltr'><strong>Domini</strong></span> <span class='ocrx_word' id='word_1_799' title='bbox 3273 3439 3512 3494; x_wconf 74' lang='lat' dir='ltr'><strong>exultavit</strong></span> 
     </span>
    </p>
   </div>
   <div class='ocr_carea' id='block_1_104' title="bbox 1925 3513 3504 3580">
    <p class='ocr_par' dir='ltr' id='par_1_104' title="bbox 1925 3513 3504 3580">
     <span class='ocr_line' id='line_1_105' title="bbox 1925 3513 3504 3580; baseline -0.002 -14"><span class='ocrx_word' id='word_1_800' title='bbox 1925 3531 2022 3566; x_wconf 87' lang='lat' dir='ltr'><strong>me.</strong></span> <span class='ocrx_word' id='word_1_801' title='bbox 2056 3514 2240 3580; x_wconf 79' lang='lat' dir='ltr'><strong>Magna</strong></span> <span class='ocrx_word' id='word_1_802' title='bbox 2275 3513 2437 3565; x_wconf 88' lang='lat' dir='ltr'><strong>virtus</strong></span> <span class='ocrx_word' id='word_1_803' title='bbox 2466 3515 2699 3568; x_wconf 80' lang='lat' dir='ltr'><strong>exaltare</strong></span> <span class='ocrx_word' id='word_1_804' title='bbox 2729 3515 3003 3580; x_wconf 84' lang='lat' dir='ltr'><strong>humilem,</strong></span> <span class='ocrx_word' id='word_1_805' title='bbox 3027 3513 3273 3569; x_wconf 82' lang='lat' dir='ltr'><strong>deificare</strong></span> <span class='ocrx_word' id='word_1_806' title='bbox 3301 3520 3504 3564; x_wconf 88' lang='lat' dir='ltr'><strong>morta-</strong></span> 
     </span>
    </p>
   </div>
   <div class='ocr_carea' id='block_1_105' title="bbox 1927 3580 3514 3654">
    <p class='ocr_par' dir='ltr' id='par_1_105' title="bbox 1927 3580 3514 3654">
     <span class='ocr_line' id='line_1_106' title="bbox 1927 3580 3514 3654; baseline -0.001 -17"><span class='ocrx_word' id='word_1_807' title='bbox 1927 3585 2064 3649; x_wconf 86' lang='lat' dir='ltr'><strong>lem;</strong></span> <span class='ocrx_word' id='word_1_808' title='bbox 2095 3585 2160 3638; x_wconf 86' lang='lat' dir='ltr'><strong>de</strong></span> <span class='ocrx_word' id='word_1_809' title='bbox 2209 3584 2517 3638; x_wconf 83' lang='lat' dir='ltr'><strong>intirmitate</strong></span> <span class='ocrx_word' id='word_1_810' title='bbox 2546 3586 2801 3641; x_wconf 77' lang='lat' dir='ltr'><strong>exhibere</strong></span> <span class='ocrx_word' id='word_1_811' title='bbox 2841 3587 3241 3654; x_wconf 86' lang='lat' dir='ltr'><strong>perfectionem,</strong></span> <span class='ocrx_word' id='word_1_812' title='bbox 3273 3583 3340 3638; x_wconf 88' lang='lat' dir='ltr'><strong>de</strong></span> <span class='ocrx_word' id='word_1_813' title='bbox 3387 3580 3514 3636; x_wconf 84' lang='lat' dir='ltr'><strong>sub-</strong></span> 
     </span>
    </p>
   </div>
   <div class='ocr_carea' id='block_1_106' title="bbox 1923 3655 3510 3738">
    <p class='ocr_par' dir='ltr' id='par_1_106' title="bbox 1923 3655 3510 3738">
     <span class='ocr_line' id='line_1_107' title="bbox 1923 3655 3510 3738; baseline -0.002 -29"><span class='ocrx_word' id='word_1_814' title='bbox 1923 3657 2158 3738; x_wconf 62' lang='lat' dir='ltr'><strong>iectione</strong></span> <span class='ocrx_word' id='word_1_815' title='bbox 2183 3656 2426 3738; x_wconf 65' lang='lat' dir='ltr'><strong>gloiiam.</strong></span> <span class='ocrx_word' id='word_1_816' title='bbox 2464 3655 2833 3738; x_wconf 54' lang='lat' dir='ltr'><strong>putei-edico</strong></span> <span class='ocrx_word' id='word_1_817' title='bbox 2863 3655 3072 3738; x_wconf 75' lang='lat' dir='ltr'><strong>Domini</strong></span> <span class='ocrx_word' id='word_1_818' title='bbox 3102 3658 3220 3726; x_wconf 81' lang='lat' dir='ltr'><strong>fecit</strong></span> <span class='ocrx_word' id='word_1_819' title='bbox 3255 3655 3510 3738; x_wconf 38' lang='lat' dir='ltr'><strong>vir-(nutent,</strong></span> 
     </span>
    </p>
   </div>
   <div class='ocr_carea' id='block_1_107' title="bbox 1928 3723 3514 3796">
    <p class='ocr_par' dir='ltr' id='par_1_107' title="bbox 1928 3723 3514 3796">
     <span class='ocr_line' id='line_1_108' title="bbox 1928 3723 3514 3796; baseline -0.002 -14"><span class='ocrx_word' id='word_1_820' title='bbox 1928 3723 1981 3782; x_wconf 93' lang='lat' dir='ltr'><strong>id</strong></span> <span class='ocrx_word' id='word_1_821' title='bbox 2012 3736 2114 3791; x_wconf 90' lang='lat' dir='ltr'><strong>est,</strong></span> <span class='ocrx_word' id='word_1_822' title='bbox 2144 3727 2398 3780; x_wconf 83' lang='lat' dir='ltr'><strong>auxilium</strong></span> <span class='ocrx_word' id='word_1_823' title='bbox 2448 3725 2517 3782; x_wconf 87' lang='lat' dir='ltr'><strong>de</strong></span> <span class='ocrx_word' id='word_1_824' title='bbox 2551 3730 2911 3796; x_wconf 88' lang='lat' dir='ltr'><strong>tribulatione,</strong></span> <span class='ocrx_word' id='word_1_825' title='bbox 2942 3723 3148 3784; x_wconf 85' lang='lat' dir='ltr'><strong>scilicet</strong></span> <span class='ocrx_word' id='word_1_826' title='bbox 3195 3737 3252 3781; x_wconf 93' lang='lat' dir='ltr'><strong>ut</strong></span> <span class='ocrx_word' id='word_1_827' title='bbox 3300 3723 3514 3779; x_wconf 83' lang='lat' dir='ltr'><strong>afflictis</strong></span> 
     </span>
    </p>
   </div>
   <div class='ocr_carea' id='block_1_108' title="bbox 1927 3796 3516 3878">
    <p class='ocr_par' dir='ltr' id='par_1_108' title="bbox 1927 3796 3516 3878">
     <span class='ocr_line' id='line_1_109' title="bbox 1927 3796 3516 3878; baseline -0.001 -26"><span class='ocrx_word' id='word_1_828' title='bbox 1927 3797 2166 3878; x_wconf 77' lang='lat' dir='ltr'><strong>veraDei</strong></span> <span class='ocrx_word' id='word_1_829' title='bbox 2190 3799 2335 3852; x_wconf 90' lang='lat' dir='ltr'><strong>salus</strong></span> <span class='ocrx_word' id='word_1_830' title='bbox 2362 3800 3111 3878; x_wconf 42' lang='lat' dir='ltr'><strong>pateretia“)igentibusvero</strong></span> <span class='ocrx_word' id='word_1_831' title='bbox 3134 3798 3342 3853; x_wconf 77' lang='lat' dir='ltr'><strong>inﬁrma</strong></span> <span class='ocrx_word' id='word_1_832' title='bbox 3367 3796 3516 3878; x_wconf 72' lang='lat' dir='ltr'><strong>salus</strong></span> 
     </span>
    </p>
   </div>
   <div class='ocr_carea' id='block_1_109' title="bbox 1930 3867 3512 3951">
    <p class='ocr_par' dir='ltr' id='par_1_109' title="bbox 1930 3867 3512 3951">
     <span class='ocr_line' id='line_1_110' title="bbox 1930 3867 3512 3951; baseline -0.003 -27"><span class='ocrx_word' id='word_1_833' title='bbox 1930 3870 2163 3951; x_wconf 77' lang='lat' dir='ltr'><strong>hominis</strong></span> <span class='ocrx_word' id='word_1_834' title='bbox 2209 3881 2532 3951; x_wconf 75' lang='lat' dir='ltr'><strong>remaneret.</strong></span> <span class='ocrx_word' id='word_1_835' title='bbox 2562 3871 2700 3942; x_wconf 85' lang='lat' dir='ltr'><strong>Ergo</strong></span> <span class='ocrx_word' id='word_1_836' title='bbox 2721 3867 2923 3945; x_wconf 49' lang='lat' dir='ltr'><strong>&#39;(quasi</strong></span> <span class='ocrx_word' id='word_1_837' title='bbox 2952 3871 3119 3942; x_wconf 83' lang='lat' dir='ltr'><strong>dicat)</strong></span> <span class='ocrx_word' id='word_1_838' title='bbox 3167 3887 3266 3951; x_wconf 81' lang='lat' dir='ltr'><strong>non</strong></span> <span class='ocrx_word' id='word_1_839' title='bbox 3298 3867 3512 3949; x_wconf 72' lang='lat' dir='ltr'><strong>moriar,</strong></span> 
     </span>
    </p>
   </div>
   <div class='ocr_carea' id='block_1_110' title="bbox 1928 3940 3512 4014">
    <p class='ocr_par' dir='ltr' id='par_1_110' title="bbox 1928 3940 3512 4014">
     <span class='ocr_line' id='line_1_111' title="bbox 1928 3940 3512 4014; baseline -0.001 -19"><span class='ocrx_word' id='word_1_840' title='bbox 1928 3943 2066 3996; x_wconf 90' lang='lat' dir='ltr'><strong>sicut</strong></span> <span class='ocrx_word' id='word_1_841' title='bbox 2092 3955 2190 4014; x_wconf 83' lang='lat' dir='ltr'><strong>vos</strong></span> <span class='ocrx_word' id='word_1_842' title='bbox 2222 3943 2603 3998; x_wconf 84' lang='lat' dir='ltr'><strong>mortificantes</strong></span> <span class='ocrx_word' id='word_1_843' title='bbox 2631 3940 2823 4011; x_wconf 79' lang='lat' dir='ltr'><strong>corpus</strong></span> <span class='ocrx_word' id='word_1_844' title='bbox 2847 3946 3064 4014; x_wconf 87' lang='lat' dir='ltr'><strong>putatis,</strong></span> <span class='ocrx_word' id='word_1_845' title='bbox 3089 3940 3178 3996; x_wconf 77' lang='lat' dir='ltr'><strong>sed</strong></span> <span class='ocrx_word' id='word_1_846' title='bbox 3200 3941 3434 3996; x_wconf 88' lang='lat' dir='ltr'><strong>exterius</strong></span> <span class='ocrx_word' id='word_1_847' title='bbox 3458 3940 3512 3994; x_wconf 87' lang='lat' dir='ltr'><strong>in</strong></span> 
     </span>
    </p>
   </div>
   <div class='ocr_carea' id='block_1_111' title="bbox 1929 4013 3512 4084">
    <p class='ocr_par' dir='ltr' id='par_1_111' title="bbox 1929 4013 3512 4084">
     <span class='ocr_line' id='line_1_112' title="bbox 1929 4013 3512 4084; baseline -0.003 -17"><span class='ocrx_word' id='word_1_848' title='bbox 1929 4027 2092 4067; x_wconf 84' lang='lat' dir='ltr'><strong>carne</strong></span> <span class='ocrx_word' id='word_1_849' title='bbox 2118 4013 2290 4067; x_wconf 91' lang='lat' dir='ltr'><strong>adhuc</strong></span> <span class='ocrx_word' id='word_1_850' title='bbox 2317 4023 2512 4079; x_wconf 87' lang='lat' dir='ltr'><strong>tarneo,</strong></span> <span class='ocrx_word' id='word_1_851' title='bbox 2538 4015 2697 4068; x_wconf 88' lang='lat' dir='ltr'><strong>vivam</strong></span> <span class='ocrx_word' id='word_1_852' title='bbox 2729 4031 2821 4084; x_wconf 91' lang='lat' dir='ltr'><strong>per</strong></span> <span class='ocrx_word' id='word_1_853' title='bbox 2854 4015 3512 4084; x_wconf 60' lang='lat' dir='ltr'><strong>venerationemetteter-</strong></span> 
     </span>
    </p>
   </div>
   <div class='ocr_carea' id='block_1_112' title="bbox 1931 4079 3510 4166">
    <p class='ocr_par' dir='ltr' id='par_1_112' title="bbox 1931 4079 3510 4166">
     <span class='ocr_line' id='line_1_113' title="bbox 1931 4079 3510 4166; baseline -0.002 -28"><span class='ocrx_word' id='word_1_854' title='bbox 1931 4087 2416 4166; x_wconf 79' lang='lat' dir='ltr'><strong>namtuemoriam,</strong></span> <span class='ocrx_word' id='word_1_855' title='bbox 2457 4095 2504 4138; x_wconf 87' lang='lat' dir='ltr'><strong>et</strong></span> <span class='ocrx_word' id='word_1_856' title='bbox 2529 4086 2605 4166; x_wconf 66' lang='lat' dir='ltr'><strong>sic</strong></span> <span class='ocrx_word' id='word_1_857' title='bbox 2630 4079 2848 4166; x_wconf 69' lang='lat' dir='ltr'><strong>narrabo</strong></span> <span class='ocrx_word' id='word_1_858' title='bbox 2879 4101 3030 4155; x_wconf 79' lang='lat' dir='ltr'><strong>Opera</strong></span> <span class='ocrx_word' id='word_1_859' title='bbox 3061 4083 3286 4165; x_wconf 77' lang='lat' dir='ltr'><strong>Domini.</strong></span> <span class='ocrx_word' id='word_1_860' title='bbox 3322 4079 3510 4166; x_wconf 51' lang='lat' dir='ltr'><strong>Adhuc</strong></span> 
     </span>
    </p>
   </div>
   <div class='ocr_carea' id='block_1_113' title="bbox 1931 4150 3512 4223">
    <p class='ocr_par' dir='ltr' id='par_1_113' title="bbox 1931 4150 3512 4223">
     <span class='ocr_line' id='line_1_114' title="bbox 1931 4150 3512 4223; baseline -0.004 -13"><span class='ocrx_word' id='word_1_861' title='bbox 1931 4156 2072 4210; x_wconf 90' lang='lat' dir='ltr'><strong>enim</strong></span> <span class='ocrx_word' id='word_1_862' title='bbox 2114 4157 2352 4223; x_wconf 89' lang='lat' dir='ltr'><strong>quotidie</strong></span> <span class='ocrx_word' id='word_1_863' title='bbox 2377 4169 2540 4223; x_wconf 87' lang='lat' dir='ltr'><strong>opera</strong></span> <span class='ocrx_word' id='word_1_864' title='bbox 2569 4155 2776 4210; x_wconf 88' lang='lat' dir='ltr'><strong>Domini</strong></span> <span class='ocrx_word' id='word_1_865' title='bbox 2808 4150 2986 4210; x_wconf 80' lang='lat' dir='ltr'><strong>narrat</strong></span> <span class='ocrx_word' id='word_1_866' title='bbox 3030 4154 3296 4223; x_wconf 87' lang='lat' dir='ltr'><strong>primitiva</strong></span> <span class='ocrx_word' id='word_1_867' title='bbox 3321 4150 3512 4223; x_wconf 83' lang='lat' dir='ltr'><strong>Eccle-</strong></span> 
     </span>
    </p>
   </div>
   <div class='ocr_carea' id='block_1_114' title="bbox 1931 4221 3516 4304">
    <p class='ocr_par' dir='ltr' id='par_1_114' title="bbox 1931 4221 3516 4304">
     <span class='ocr_line' id='line_1_115' title="bbox 1931 4221 3516 4304; baseline -0.001 -24"><span class='ocrx_word' id='word_1_868' title='bbox 1931 4228 2034 4304; x_wconf 76' lang='lat' dir='ltr'><strong>sia,</strong></span> <span class='ocrx_word' id='word_1_869' title='bbox 2071 4221 2290 4304; x_wconf 70' lang='lat' dir='ltr'><strong>scilicet</strong></span> <span class='ocrx_word' id='word_1_870' title='bbox 2302 4221 2426 4304; x_wconf 79' lang='lat' dir='ltr'><strong>quia</strong></span> <span class='ocrx_word' id='word_1_871' title='bbox 2455 4227 2578 4304; x_wconf 79' lang='lat' dir='ltr'><strong>vicit</strong></span> <span class='ocrx_word' id='word_1_872' title='bbox 2622 4226 2929 4304; x_wconf 70' lang='lat' dir='ltr'><strong>vapulando</strong></span> <span class='ocrx_word' id='word_1_873' title='bbox 2955 4221 3228 4292; x_wconf 87' lang='lat' dir='ltr'><strong>ferientes,</strong></span> <span class='ocrx_word' id='word_1_874' title='bbox 3264 4221 3516 4295; x_wconf 88' lang='lat' dir='ltr'><strong>patiendo</strong></span> 
     </span>
    </p>
   </div>
   <div class='ocr_carea' id='block_1_115' title="bbox 1932 4296 2835 4366">
    <p class='ocr_par' dir='ltr' id='par_1_115' title="bbox 1932 4296 2835 4366">
     <span class='ocr_line' id='line_1_116' title="bbox 1932 4296 2835 4366; baseline 0.001 -15"><span class='ocrx_word' id='word_1_875' title='bbox 1932 4299 2209 4366; x_wconf 77' lang='lat' dir='ltr'><strong>facientes,</strong></span> <span class='ocrx_word' id='word_1_876' title='bbox 2239 4296 2511 4366; x_wconf 88' lang='lat' dir='ltr'><strong>diligendo</strong></span> <span class='ocrx_word' id='word_1_877' title='bbox 2530 4297 2835 4354; x_wconf 68' lang='lat' dir='ltr'><strong>smvientes.</strong></span> 
     </span>
    </p>
   </div>
   <div class='ocr_carea' id='block_1_116' title="bbox 2005 4365 3515 4449">
    <p class='ocr_par' dir='ltr' id='par_1_116' title="bbox 2005 4365 3515 4449">
     <span class='ocr_line' id='line_1_117' title="bbox 2005 4365 3515 4449; baseline -0.001 -28"><span class='ocrx_word' id='word_1_878' title='bbox 2005 4365 2272 4449; x_wconf 75' lang='lat' dir='ltr'><strong>Castigans</strong></span> <span class='ocrx_word' id='word_1_879' title='bbox 2315 4365 2599 4438; x_wconf 66' lang='lat' dir='ltr'><strong>castigavit.</strong></span> <span class='ocrx_word' id='word_1_880' title='bbox 2629 4370 2786 4449; x_wconf 51' lang='lat' dir='ltr'><strong>ideo</strong></span> <span class='ocrx_word' id='word_1_881' title='bbox 2821 4372 2942 4427; x_wconf 90' lang='lat' dir='ltr'><strong>dico</strong></span> <span class='ocrx_word' id='word_1_882' title='bbox 2990 4386 3094 4449; x_wconf 80' lang='lat' dir='ltr'><strong>non</strong></span> <span class='ocrx_word' id='word_1_883' title='bbox 3121 4369 3358 4449; x_wconf 72' lang='lat' dir='ltr'><strong>_mor_iar,</strong></span> <span class='ocrx_word' id='word_1_884' title='bbox 3390 4366 3515 4448; x_wconf 75' lang='lat' dir='ltr'><strong>quia</strong></span> 
     </span>
    </p>
   </div>
   <div class='ocr_carea' id='block_1_117' title="bbox 1933 4437 3518 4520">
    <p class='ocr_par' dir='ltr' id='par_1_117' title="bbox 1933 4437 3518 4520">
     <span class='ocr_line' id='line_1_118' title="bbox 1933 4437 3518 4520; baseline 0 -28"><span class='ocrx_word' id='word_1_885' title='bbox 1933 4440 2072 4520; x_wconf 78' lang='lat' dir='ltr'><strong>quod</strong></span> <span class='ocrx_word' id='word_1_886' title='bbox 2104 4440 2298 4520; x_wconf 62' lang='lat' dir='ltr'><strong>patior,</strong></span> <span class='ocrx_word' id='word_1_887' title='bbox 2343 4437 2454 4493; x_wconf 89' lang='lat' dir='ltr'><strong>non</strong></span> <span class='ocrx_word' id='word_1_888' title='bbox 2482 4441 2824 4497; x_wconf 85' lang='lat' dir='ltr'><strong>mortificatio</strong></span> <span class='ocrx_word' id='word_1_889' title='bbox 2853 4452 2958 4520; x_wconf 83' lang='lat' dir='ltr'><strong>est,</strong></span> <span class='ocrx_word' id='word_1_890' title='bbox 2978 4444 3073 4520; x_wconf 76' lang='lat' dir='ltr'><strong>sed</strong></span> <span class='ocrx_word' id='word_1_891' title='bbox 3121 4441 3326 4520; x_wconf 80' lang='lat' dir='ltr'><strong>Domini</strong></span> <span class='ocrx_word' id='word_1_892' title='bbox 3357 4437 3518 4520; x_wconf 69' lang='lat' dir='ltr'><strong>casti-</strong></span> 
     </span>
    </p>
   </div>
   <div class='ocr_carea' id='block_1_118' title="bbox 1934 4509 3517 4581">
    <p class='ocr_par' dir='ltr' id='par_1_118' title="bbox 1934 4509 3517 4581">
     <span class='ocr_line' id='line_1_119' title="bbox 1934 4509 3517 4581; baseline 0.004 -20"><span class='ocrx_word' id='word_1_893' title='bbox 1934 4511 2095 4580; x_wconf 89' lang='lat' dir='ltr'><strong>gatio.</strong></span> <span class='ocrx_word' id='word_1_894' title='bbox 2129 4509 2270 4581; x_wconf 88' lang='lat' dir='ltr'><strong>Ergo</strong></span> <span class='ocrx_word' id='word_1_895' title='bbox 2321 4525 2416 4564; x_wconf 89' lang='lat' dir='ltr'><strong>vos</strong></span> <span class='ocrx_word' id='word_1_896' title='bbox 2468 4521 2841 4578; x_wconf 88' lang='lat' dir='ltr'><strong>persecutores</strong></span> <span class='ocrx_word' id='word_1_897' title='bbox 2879 4514 3012 4570; x_wconf 86' lang='lat' dir='ltr'><strong>nihil</strong></span> <span class='ocrx_word' id='word_1_898' title='bbox 3057 4513 3208 4569; x_wconf 83' lang='lat' dir='ltr'><strong>vobis</strong></span> <span class='ocrx_word' id='word_1_899' title='bbox 3234 4512 3517 4581; x_wconf 84' lang='lat' dir='ltr'><strong>arrogetis,</strong></span> 
     </span>
    </p>
   </div>
   <div class='ocr_carea' id='block_1_119' title="bbox 255 4580 3519 4674">
    <p class='ocr_par' dir='ltr' id='par_1_119' title="bbox 255 4580 3519 4674">
     <span class='ocr_line' id='line_1_120' title="bbox 255 4580 3519 4674; baseline -0.006 -10"><span class='ocrx_word' id='word_1_900' title='bbox 255 4610 460 4664; x_wconf 84' lang='lat' dir='ltr'><strong>scilicet</strong></span> <span class='ocrx_word' id='word_1_901' title='bbox 490 4608 559 4662; x_wconf 92' lang='lat' dir='ltr'><strong>de</strong></span> <span class='ocrx_word' id='word_1_902' title='bbox 589 4605 782 4674; x_wconf 83' lang='lat' dir='ltr'><strong>pOpulo</strong></span> <span class='ocrx_word' id='word_1_903' title='bbox 810 4580 1051 4670; x_wconf 73' lang='lat' dir='ltr'><strong>meo,vel</strong></span> <span class='ocrx_word' id='word_1_904' title='bbox 1074 4580 1488 4674; x_wconf 51' lang='lat' dir='ltr'><strong>circo—nidaiites,</strong></span> <span class='ocrx_word' id='word_1_905' title='bbox 1515 4580 1689 4674; x_wconf 79' lang='lat' dir='ltr'><strong>idest,</strong></span> <span class='ocrx_word' id='word_1_906' title='bbox 1712 4580 1830 4674; x_wconf 66' lang='lat' dir='ltr'><strong>falsi</strong></span> <span class='ocrx_word' id='word_1_907' title='bbox 1861 4595 1914 4658; x_wconf 82' lang='grc' dir='ltr'><strong>Ι)</strong></span> <span class='ocrx_word' id='word_1_908' title='bbox 1938 4583 2059 4674; x_wconf 38' lang='lat' dir='ltr'><strong>alui“</strong></span> <span class='ocrx_word' id='word_1_909' title='bbox 2086 4580 2315 4674; x_wconf 57' lang='lat' dir='ltr'><strong>gqujgs</strong></span> <span class='ocrx_word' id='word_1_910' title='bbox 2337 4582 2698 4674; x_wconf 35' lang='lat' dir='ltr'><strong>fuitsive).</strong></span> <span class='ocrx_word' id='word_1_911' title='bbox 2750 4587 2842 4642; x_wconf 67' lang='grc' dir='ltr'>δεΞά</span> <span class='ocrx_word' id='word_1_912' title='bbox 2885 4587 3140 4674; x_wconf 55' lang='lat' dir='ltr'><strong>Dominus</strong></span> <span class='ocrx_word' id='word_1_913' title='bbox 3179 4582 3269 4654; x_wconf 83' lang='lat' dir='ltr'><strong>qui</strong></span> <span class='ocrx_word' id='word_1_914' title='bbox 3297 4580 3519 4674; x_wconf 54' lang='lat' dir='ltr'><strong>castiga}</strong></span> 
     </span>
    </p>
   </div>
   <div class='ocr_carea' id='block_1_120' title="bbox 253 4667 1830 4735">
    <p class='ocr_par' dir='ltr' id='par_1_120' title="bbox 253 4667 1830 4735">
     <span class='ocr_line' id='line_1_121' title="bbox 253 4667 1830 4735; baseline -0.008 0"><span class='ocrx_word' id='word_1_915' title='bbox 253 4681 467 4735; x_wconf 82' lang='lat' dir='ltr'><strong>fratres.</strong></span> <span class='ocrx_word' id='word_1_916' title='bbox 496 4676 568 4730; x_wconf 84' lang='lat' dir='ltr'><strong>Et</strong></span> <span class='ocrx_word' id='word_1_917' title='bbox 592 4667 806 4731; x_wconf 77' lang='lat' dir='ltr'><strong>rursum</strong></span> <span class='ocrx_word' id='word_1_918' title='bbox 855 4667 1204 4729; x_wconf 85' lang='lat' dir='ltr'><strong>circumdalio</strong></span> <span class='ocrx_word' id='word_1_919' title='bbox 1236 4672 1348 4725; x_wconf 69' lang='lat' dir='ltr'><strong>hzec</strong></span> <span class='ocrx_word' id='word_1_920' title='bbox 1380 4673 1431 4724; x_wconf 89' lang='lat' dir='ltr'><strong>in</strong></span> <span class='ocrx_word' id='word_1_921' title='bbox 1472 4670 1677 4724; x_wconf 88' lang='lat' dir='ltr'><strong>nomine</strong></span> <span class='ocrx_word' id='word_1_922' title='bbox 1720 4667 1830 4722; x_wconf 91' lang='lat' dir='ltr'><strong>Do-</strong></span> 
     </span>
    </p>
   </div>
   <div class='ocr_carea' id='block_1_121' title="bbox 254 4741 1834 4818">
    <p class='ocr_par' dir='ltr' id='par_1_121' title="bbox 254 4741 1834 4818">
     <span class='ocr_line' id='line_1_122' title="bbox 254 4741 1834 4818; baseline -0.007 -12"><span class='ocrx_word' id='word_1_923' title='bbox 254 4753 383 4806; x_wconf 89' lang='lat' dir='ltr'><strong>mini</strong></span> <span class='ocrx_word' id='word_1_924' title='bbox 423 4747 766 4818; x_wconf 87' lang='lat' dir='ltr'><strong>glorilicando</strong></span> <span class='ocrx_word' id='word_1_925' title='bbox 797 4747 931 4801; x_wconf 87' lang='lat' dir='ltr'><strong>facta</strong></span> <span class='ocrx_word' id='word_1_926' title='bbox 965 4757 1064 4818; x_wconf 87' lang='lat' dir='ltr'><strong>est,</strong></span> <span class='ocrx_word' id='word_1_927' title='bbox 1105 4745 1224 4813; x_wconf 86' lang='lat' dir='ltr'><strong>quia</strong></span> <span class='ocrx_word' id='word_1_928' title='bbox 1248 4759 1340 4814; x_wconf 78' lang='lat' dir='ltr'><strong>ego</strong></span> <span class='ocrx_word' id='word_1_929' title='bbox 1361 4743 1499 4818; x_wconf 81' lang='lat' dir='ltr'><strong>ultus</strong></span> <span class='ocrx_word' id='word_1_930' title='bbox 1525 4757 1638 4818; x_wconf 81' lang='lat' dir='ltr'><strong>sum</strong></span> <span class='ocrx_word' id='word_1_931' title='bbox 1670 4741 1720 4794; x_wconf 92' lang='lat' dir='ltr'><strong>in</strong></span> <span class='ocrx_word' id='word_1_932' title='bbox 1749 4757 1834 4818; x_wconf 83' lang='lat' dir='ltr'><strong>eos</strong></span> 
     </span>
    </p>
   </div>
   <div class='ocr_carea' id='block_1_122' title="bbox 257 4814 1835 4893">
    <p class='ocr_par' dir='ltr' id='par_1_122' title="bbox 257 4814 1835 4893">
     <span class='ocr_line' id='line_1_123' title="bbox 257 4814 1835 4893; baseline -0.004 -20"><span class='ocrx_word' id='word_1_933' title='bbox 257 4814 518 4893; x_wconf 60' lang='lat' dir='ltr'><strong>quosdam</strong></span> <span class='ocrx_word' id='word_1_934' title='bbox 552 4821 790 4893; x_wconf 71' lang='lat' dir='ltr'><strong>ipsorum</strong></span> <span class='ocrx_word' id='word_1_935' title='bbox 812 4819 862 4893; x_wconf 84' lang='lat' dir='ltr'><strong>in</strong></span> <span class='ocrx_word' id='word_1_936' title='bbox 882 4817 1026 4872; x_wconf 85' lang='lat' dir='ltr'><strong>malo</strong></span> <span class='ocrx_word' id='word_1_937' title='bbox 1050 4815 1443 4893; x_wconf 76' lang='lat' dir='ltr'><strong>rnortilicando,</strong></span> <span class='ocrx_word' id='word_1_938' title='bbox 1459 4814 1576 4866; x_wconf 90' lang='lat' dir='ltr'><strong>etin</strong></span> <span class='ocrx_word' id='word_1_939' title='bbox 1600 4814 1740 4893; x_wconf 68' lang='lat' dir='ltr'><strong>bono</strong></span> <span class='ocrx_word' id='word_1_940' title='bbox 1755 4814 1835 4866; x_wconf 85' lang='lat' dir='ltr'><strong>vi-</strong></span> 
     </span>
    </p>
   </div>
   <div class='ocr_carea' id='block_1_123' title="bbox 205 4883 1840 4955">
    <p class='ocr_par' dir='ltr' id='par_1_123' title="bbox 205 4883 1840 4955">
     <span class='ocr_line' id='line_1_124' title="bbox 205 4883 1840 4955; baseline -0.005 -8"><span class='ocrx_word' id='word_1_941' title='bbox 205 4953 208 4955; x_wconf 94' lang='lat'>_</span> <span class='ocrx_word' id='word_1_942' title='bbox 256 4883 546 4949; x_wconf 70' lang='lat' dir='ltr'><strong>vilicando.</strong></span> <span class='ocrx_word' id='word_1_943' title='bbox 572 4883 1040 4945; x_wconf 51' lang='lat' dir='ltr'><strong>&#39;Circumdedtrunt</strong></span> <span class='ocrx_word' id='word_1_944' title='bbox 1064 4903 1141 4940; x_wconf 86' lang='lat' dir='ltr'><strong>me</strong></span> <span class='ocrx_word' id='word_1_945' title='bbox 1163 4887 1284 4940; x_wconf 90' lang='lat' dir='ltr'><strong>dico</strong></span> <span class='ocrx_word' id='word_1_946' title='bbox 1312 4886 1540 4955; x_wconf 87' lang='lat' dir='ltr'><strong>utrique,</strong></span> <span class='ocrx_word' id='word_1_947' title='bbox 1559 4883 1763 4938; x_wconf 88' lang='lat' dir='ltr'><strong>scilicet</strong></span> <span class='ocrx_word' id='word_1_948' title='bbox 1784 4893 1840 4939; x_wconf 86' lang='lat' dir='ltr'><strong>et</strong></span> 
     </span>
    </p>
   </div>
   <div class='ocr_carea' id='block_1_124' title="bbox 254 4955 1836 5035">
    <p class='ocr_par' dir='ltr' id='par_1_124' title="bbox 254 4955 1836 5035">
     <span class='ocr_line' id='line_1_125' title="bbox 254 4955 1836 5035; baseline -0.007 -15"><span class='ocrx_word' id='word_1_949' title='bbox 254 4975 465 5035; x_wconf 85' lang='lat' dir='ltr'><strong>gentes,</strong></span> <span class='ocrx_word' id='word_1_950' title='bbox 490 4963 540 5017; x_wconf 88' lang='lat' dir='ltr'><strong>id</strong></span> <span class='ocrx_word' id='word_1_951' title='bbox 571 4971 656 5017; x_wconf 88' lang='lat' dir='ltr'><strong>est</strong></span> <span class='ocrx_word' id='word_1_952' title='bbox 675 5004 688 5028; x_wconf 97' lang='lat'><strong>,</strong></span> <span class='ocrx_word' id='word_1_953' title='bbox 717 4960 1109 5035; x_wconf 85' lang='lat' dir='ltr'><strong>circumdantes</strong></span> <span class='ocrx_word' id='word_1_954' title='bbox 1132 4968 1303 5035; x_wconf 62' lang='grc' dir='ltr'><strong>ειιιεεΔ</strong></span> <span class='ocrx_word' id='word_1_955' title='bbox 1328 4957 1458 5010; x_wconf 88' lang='lat' dir='ltr'><strong>sicut</strong></span> <span class='ocrx_word' id='word_1_956' title='bbox 1487 4971 1626 5025; x_wconf 84' lang='lat' dir='ltr'><strong>apes,</strong></span> <span class='ocrx_word' id='word_1_957' title='bbox 1653 4955 1704 5008; x_wconf 90' lang='lat' dir='ltr'><strong>id</strong></span> <span class='ocrx_word' id='word_1_958' title='bbox 1732 4966 1836 5035; x_wconf 78' lang='lat' dir='ltr'><strong>est,</strong></span> 
     </span>
    </p>
   </div>
   <div class='ocr_carea' id='block_1_125' title="bbox 259 5028 1840 5102">
    <p class='ocr_par' dir='ltr' id='par_1_125' title="bbox 259 5028 1840 5102">
     <span class='ocr_line' id='line_1_126' title="bbox 259 5028 1840 5102; baseline -0.007 -11"><span class='ocrx_word' id='word_1_959' title='bbox 259 5028 365 5092; x_wconf 71' lang='lat' dir='ltr'><strong>non</strong></span> <span class='ocrx_word' id='word_1_960' title='bbox 405 5028 515 5101; x_wconf 90' lang='lat' dir='ltr'><strong>me,</strong></span> <span class='ocrx_word' id='word_1_961' title='bbox 538 5035 632 5089; x_wconf 88' lang='lat' dir='ltr'><strong>sed</strong></span> <span class='ocrx_word' id='word_1_962' title='bbox 663 5048 720 5086; x_wconf 90' lang='lat' dir='ltr'><strong>se</strong></span> <span class='ocrx_word' id='word_1_963' title='bbox 748 5034 914 5102; x_wconf 83' lang='lat' dir='ltr'><strong>ipsos,</strong></span> <span class='ocrx_word' id='word_1_964' title='bbox 946 5034 1071 5086; x_wconf 87' lang='lat' dir='ltr'><strong>dum</strong></span> <span class='ocrx_word' id='word_1_965' title='bbox 1106 5045 1192 5084; x_wconf 88' lang='lat' dir='ltr'><strong>me</strong></span> <span class='ocrx_word' id='word_1_966' title='bbox 1223 5029 1636 5083; x_wconf 89' lang='lat' dir='ltr'><strong>vulneraverunt</strong></span> <span class='ocrx_word' id='word_1_967' title='bbox 1657 5037 1706 5080; x_wconf 90' lang='lat' dir='ltr'><strong>ct</strong></span> <span class='ocrx_word' id='word_1_968' title='bbox 1745 5028 1840 5080; x_wconf 85' lang='lat' dir='ltr'><strong>tri-</strong></span> 
     </span>
    </p>
   </div>
   <div class='ocr_carea' id='block_1_126' title="bbox 259 5102 1842 5169">
    <p class='ocr_par' dir='ltr' id='par_1_126' title="bbox 259 5102 1842 5169">
     <span class='ocr_line' id='line_1_127' title="bbox 259 5102 1842 5169; baseline -0.008 -5"><span class='ocrx_word' id='word_1_969' title='bbox 259 5110 510 5164; x_wconf 91' lang='lat' dir='ltr'><strong>bularunt</strong></span> <span class='ocrx_word' id='word_1_970' title='bbox 531 5103 938 5160; x_wconf 84' lang='lat' dir='ltr'><strong>mortificantcs.</strong></span> <span class='ocrx_word' id='word_1_971' title='bbox 962 5103 1216 5157; x_wconf 89' lang='lat' dir='ltr'><strong>Dicuntur</strong></span> <span class='ocrx_word' id='word_1_972' title='bbox 1237 5102 1379 5156; x_wconf 87' lang='lat' dir='ltr'><strong>enim</strong></span> <span class='ocrx_word' id='word_1_973' title='bbox 1404 5113 1624 5169; x_wconf 17' lang='lat' dir='ltr'><strong>apesicx</strong></span> <span class='ocrx_word' id='word_1_974' title='bbox 1650 5108 1842 5169; x_wconf 86' lang='lat' dir='ltr'><strong>natura</strong></span> 
     </span>
    </p>
   </div>
   <div class='ocr_carea' id='block_1_127' title="bbox 260 5168 1838 5242">
    <p class='ocr_par' dir='ltr' id='par_1_127' title="bbox 260 5168 1838 5242">
     <span class='ocr_line' id='line_1_128' title="bbox 260 5168 1838 5242; baseline -0.007 -8"><span class='ocrx_word' id='word_1_975' title='bbox 260 5183 364 5235; x_wconf 88' lang='lat' dir='ltr'><strong>hoc</strong></span> <span class='ocrx_word' id='word_1_976' title='bbox 391 5179 607 5239; x_wconf 85' lang='lat' dir='ltr'><strong>habere,</strong></span> <span class='ocrx_word' id='word_1_977' title='bbox 642 5185 698 5230; x_wconf 93' lang='lat' dir='ltr'><strong>ut</strong></span> <span class='ocrx_word' id='word_1_978' title='bbox 727 5177 886 5229; x_wconf 88' lang='lat' dir='ltr'><strong>vitam</strong></span> <span class='ocrx_word' id='word_1_979' title='bbox 929 5183 1128 5242; x_wconf 86' lang='lat' dir='ltr'><strong>ponant</strong></span> <span class='ocrx_word' id='word_1_980' title='bbox 1156 5173 1208 5226; x_wconf 92' lang='lat' dir='ltr'><strong>in</strong></span> <span class='ocrx_word' id='word_1_981' title='bbox 1242 5168 1482 5226; x_wconf 87' lang='lat' dir='ltr'><strong>vulnere.</strong></span> <span class='ocrx_word' id='word_1_982' title='bbox 1514 5168 1611 5242; x_wconf 80' lang='lat' dir='ltr'><strong>Vel</strong></span> <span class='ocrx_word' id='word_1_983' title='bbox 1642 5168 1797 5242; x_wconf 83' lang='lat' dir='ltr'><strong>aliter</strong></span> <span class='ocrx_word' id='word_1_984' title='bbox 1825 5185 1838 5223; x_wconf 89' lang='lat'><strong>:</strong></span> 
     </span>
    </p>
   </div>
   <div class='ocr_carea' id='block_1_128' title="bbox 259 5241 1842 5321">
    <p class='ocr_par' dir='ltr' id='par_1_128' title="bbox 259 5241 1842 5321">
     <span class='ocr_line' id='line_1_129' title="bbox 259 5241 1842 5321; baseline -0.006 -16"><span class='ocrx_word' id='word_1_985' title='bbox 259 5250 714 5321; x_wconf 65' lang='lat' dir='ltr'><strong>Circumdederunt</strong></span> <span class='ocrx_word' id='word_1_986' title='bbox 741 5263 818 5300; x_wconf 88' lang='lat' dir='ltr'><strong>me</strong></span> <span class='ocrx_word' id='word_1_987' title='bbox 843 5241 994 5321; x_wconf 80' lang='lat' dir='ltr'><strong>entes</strong></span> <span class='ocrx_word' id='word_1_988' title='bbox 1014 5245 1144 5297; x_wconf 87' lang='lat' dir='ltr'><strong>sicut</strong></span> <span class='ocrx_word' id='word_1_989' title='bbox 1176 5260 1317 5321; x_wconf 66' lang='lat' dir='ltr'><strong>apes,</strong></span> <span class='ocrx_word' id='word_1_990' title='bbox 1353 5243 1402 5296; x_wconf 92' lang='lat' dir='ltr'><strong>id</strong></span> <span class='ocrx_word' id='word_1_991' title='bbox 1433 5250 1536 5308; x_wconf 89' lang='lat' dir='ltr'><strong>est,</strong></span> <span class='ocrx_word' id='word_1_992' title='bbox 1572 5241 1723 5321; x_wconf 75' lang='lat' dir='ltr'><strong>facile</strong></span> <span class='ocrx_word' id='word_1_993' title='bbox 1752 5255 1842 5296; x_wconf 87' lang='lat' dir='ltr'><strong>re-</strong></span> 
     </span>
    </p>
   </div>
   <div class='ocr_carea' id='block_1_129' title="bbox 263 5313 1842 5386">
    <p class='ocr_par' dir='ltr' id='par_1_129' title="bbox 263 5313 1842 5386">
     <span class='ocr_line' id='line_1_130' title="bbox 263 5313 1842 5386; baseline -0.006 -10"><span class='ocrx_word' id='word_1_994' title='bbox 263 5322 548 5376; x_wconf 87' lang='lat' dir='ltr'><strong>vincibiles</strong></span> <span class='ocrx_word' id='word_1_995' title='bbox 567 5313 729 5372; x_wconf 64' lang='lat' dir='ltr'><strong>&#39;sicut</strong></span> <span class='ocrx_word' id='word_1_996' title='bbox 757 5333 904 5386; x_wconf 87' lang='lat' dir='ltr'><strong>apes,</strong></span> <span class='ocrx_word' id='word_1_997' title='bbox 939 5317 981 5369; x_wconf 94' lang='lat' dir='ltr'><strong>si</strong></span> <span class='ocrx_word' id='word_1_998' title='bbox 1012 5317 1224 5386; x_wconf 88' lang='lat' dir='ltr'><strong>quando</strong></span> <span class='ocrx_word' id='word_1_999' title='bbox 1258 5314 1396 5367; x_wconf 79' lang='lat' dir='ltr'><strong>facto</strong></span> <span class='ocrx_word' id='word_1_1000' title='bbox 1424 5313 1661 5386; x_wconf 70' lang='lat' dir='ltr'><strong>exercitu</strong></span> <span class='ocrx_word' id='word_1_1001' title='bbox 1684 5326 1842 5382; x_wconf 88' lang='lat' dir='ltr'><strong>egre-</strong></span> 
     </span>
    </p>
   </div>
   <div class='ocr_carea' id='block_1_130' title="bbox 261 5383 1846 5458">
    <p class='ocr_par' dir='ltr' id='par_1_130' title="bbox 261 5383 1846 5458">
     <span class='ocr_line' id='line_1_131' title="bbox 261 5383 1846 5458; baseline -0.008 -9"><span class='ocrx_word' id='word_1_1002' title='bbox 261 5398 479 5450; x_wconf 77' lang='lat' dir='ltr'><strong>diuntur</strong></span> <span class='ocrx_word' id='word_1_1003' title='bbox 507 5389 681 5457; x_wconf 86' lang='lat' dir='ltr'><strong>facile,</strong></span> <span class='ocrx_word' id='word_1_1004' title='bbox 700 5389 752 5443; x_wconf 89' lang='lat' dir='ltr'><strong>id</strong></span> <span class='ocrx_word' id='word_1_1005' title='bbox 781 5383 882 5452; x_wconf 82' lang='lat' dir='ltr'><strong>est,</strong></span> <span class='ocrx_word' id='word_1_1006' title='bbox 910 5383 1054 5458; x_wconf 85' lang='lat' dir='ltr'><strong>jactu</strong></span> <span class='ocrx_word' id='word_1_1007' title='bbox 1084 5385 1255 5458; x_wconf 86' lang='lat' dir='ltr'><strong>exigui</strong></span> <span class='ocrx_word' id='word_1_1008' title='bbox 1285 5383 1846 5458; x_wconf 13' lang='lat' dir='ltr'><strong>pulverisﬂireprtmun-</strong></span> 
     </span>
    </p>
   </div>
   <div class='ocr_carea' id='block_1_131' title="bbox 267 5452 1846 5528">
    <p class='ocr_par' dir='ltr' id='par_1_131' title="bbox 267 5452 1846 5528">
     <span class='ocr_line' id='line_1_132' title="bbox 267 5452 1846 5528; baseline -0.007 -9"><span class='ocrx_word' id='word_1_1009' title='bbox 267 5480 372 5528; x_wconf 88' lang='lat' dir='ltr'><strong>tur,</strong></span> <span class='ocrx_word' id='word_1_1010' title='bbox 407 5474 460 5518; x_wconf 90' lang='lat' dir='ltr'><strong>et</strong></span> <span class='ocrx_word' id='word_1_1011' title='bbox 490 5465 542 5519; x_wconf 90' lang='lat' dir='ltr'><strong>in</strong></span> <span class='ocrx_word' id='word_1_1012' title='bbox 574 5452 745 5516; x_wconf 73' lang='lat' dir='ltr'><strong>castra</strong></span> <span class='ocrx_word' id='word_1_1013' title='bbox 774 5452 1111 5515; x_wconf 81' lang='lat' dir='ltr'><strong>revocantur.</strong></span> <span class='ocrx_word' id='word_1_1014' title='bbox 1147 5452 1239 5511; x_wconf 73' lang='lat' dir='ltr'><strong>Vel</strong></span> <span class='ocrx_word' id='word_1_1015' title='bbox 1265 5452 1416 5510; x_wconf 86' lang='lat' dir='ltr'><strong>aliter</strong></span> <span class='ocrx_word' id='word_1_1016' title='bbox 1442 5473 1452 5507; x_wconf 89' lang='lat'><strong>:</strong></span> <span class='ocrx_word' id='word_1_1017' title='bbox 1485 5452 1846 5509; x_wconf 84' lang='lat' dir='ltr'><strong>Circumdede—</strong></span> 
     </span>
    </p>
   </div>
   <div class='ocr_carea' id='block_1_132' title="bbox 260 5528 1847 5599">
    <p class='ocr_par' dir='ltr' id='par_1_132' title="bbox 260 5528 1847 5599">
     <span class='ocr_line' id='line_1_133' title="bbox 260 5528 1847 5599; baseline -0.006 -8"><span class='ocrx_word' id='word_1_1018' title='bbox 260 5545 382 5592; x_wconf 83' lang='lat' dir='ltr'><strong>runt</strong></span> <span class='ocrx_word' id='word_1_1019' title='bbox 409 5551 488 5590; x_wconf 87' lang='lat' dir='ltr'><strong>me</strong></span> <span class='ocrx_word' id='word_1_1020' title='bbox 509 5545 662 5590; x_wconf 90' lang='lat' dir='ltr'><strong>entes</strong></span> <span class='ocrx_word' id='word_1_1021' title='bbox 683 5533 814 5587; x_wconf 84' lang='lat' dir='ltr'><strong>sicut</strong></span> <span class='ocrx_word' id='word_1_1022' title='bbox 844 5548 988 5599; x_wconf 84' lang='lat' dir='ltr'><strong>apes.</strong></span> <span class='ocrx_word' id='word_1_1023' title='bbox 1017 5529 1148 5594; x_wconf 84' lang='lat' dir='ltr'><strong>Quia</strong></span> <span class='ocrx_word' id='word_1_1024' title='bbox 1179 5528 1318 5583; x_wconf 91' lang='lat' dir='ltr'><strong>sicut</strong></span> <span class='ocrx_word' id='word_1_1025' title='bbox 1341 5542 1469 5596; x_wconf 89' lang='lat' dir='ltr'><strong>apes</strong></span> <span class='ocrx_word' id='word_1_1026' title='bbox 1510 5539 1704 5594; x_wconf 84' lang='lat' dir='ltr'><strong>magno</strong></span> <span class='ocrx_word' id='word_1_1027' title='bbox 1732 5534 1847 5582; x_wconf 87' lang='lat' dir='ltr'><strong>stu-</strong></span> 
     </span>
    </p>
   </div>
   <div class='ocr_carea' id='block_1_133' title="bbox 262 5599 1846 5675">
    <p class='ocr_par' dir='ltr' id='par_1_133' title="bbox 262 5599 1846 5675">
     <span class='ocr_line' id='line_1_134' title="bbox 262 5599 1846 5675; baseline -0.007 -12"><span class='ocrx_word' id='word_1_1028' title='bbox 262 5611 352 5663; x_wconf 85' lang='lat' dir='ltr'><strong>dio</strong></span> <span class='ocrx_word' id='word_1_1029' title='bbox 404 5617 458 5661; x_wconf 87' lang='lat' dir='ltr'><strong>et</strong></span> <span class='ocrx_word' id='word_1_1030' title='bbox 511 5605 783 5675; x_wconf 82' lang='lat' dir='ltr'><strong>diligentia</strong></span> <span class='ocrx_word' id='word_1_1031' title='bbox 833 5601 1338 5675; x_wconf 12' lang='lat' dir='ltr'><strong>favum‘artiliciose</strong></span> <span class='ocrx_word' id='word_1_1032' title='bbox 1381 5599 1846 5675; x_wconf 77' lang='lat' dir='ltr'><strong>componunt,ita</strong></span> 
     </span>
    </p>
   </div>
   <div class='ocr_carea' id='block_1_134' title="bbox 262 5667 1846 5754">
    <p class='ocr_par' dir='ltr' id='par_1_134' title="bbox 262 5667 1846 5754">
     <span class='ocr_line' id='line_1_135' title="bbox 262 5667 1846 5754; baseline -0.005 -22"><span class='ocrx_word' id='word_1_1033' title='bbox 262 5690 462 5754; x_wconf 86' lang='lat' dir='ltr'><strong>quanto</strong></span> <span class='ocrx_word' id='word_1_1034' title='bbox 494 5667 748 5754; x_wconf 68' lang='lat' dir='ltr'><strong>majorem</strong></span> <span class='ocrx_word' id='word_1_1035' title='bbox 793 5672 1130 5754; x_wconf 78' lang='lat' dir='ltr'><strong>diligentiam</strong></span> <span class='ocrx_word' id='word_1_1036' title='bbox 1165 5673 1214 5726; x_wconf 87' lang='lat' dir='ltr'><strong>in</strong></span> <span class='ocrx_word' id='word_1_1037' title='bbox 1267 5667 1640 5725; x_wconf 83' lang='lat' dir='ltr'><strong>lormentando</strong></span> <span class='ocrx_word' id='word_1_1038' title='bbox 1676 5678 1742 5748; x_wconf 76' lang='lat' dir='ltr'><strong>et</strong></span> <span class='ocrx_word' id='word_1_1039' title='bbox 1779 5683 1846 5753; x_wconf 71' lang='lat' dir='ltr'><strong>ex</strong></span> 
     </span>
    </p>
   </div>
   <div class='ocr_carea' id='block_1_135' title="bbox 265 5740 1851 5817">
    <p class='ocr_par' dir='ltr' id='par_1_135' title="bbox 265 5740 1851 5817">
     <span class='ocr_line' id='line_1_136' title="bbox 265 5740 1851 5817; baseline -0.008 -8"><span class='ocrx_word' id='word_1_1040' title='bbox 265 5740 650 5809; x_wconf 75' lang='lat' dir='ltr'><strong>circumdando</strong></span> <span class='ocrx_word' id='word_1_1041' title='bbox 682 5763 766 5802; x_wconf 90' lang='lat' dir='ltr'><strong>me</strong></span> <span class='ocrx_word' id='word_1_1042' title='bbox 791 5740 1336 5817; x_wconf 66' lang='lat' dir='ltr'><strong>ipsiinsumpserunl,</strong></span> <span class='ocrx_word' id='word_1_1043' title='bbox 1371 5749 1517 5797; x_wconf 90' lang='lat' dir='ltr'><strong>tanto</strong></span> <span class='ocrx_word' id='word_1_1044' title='bbox 1541 5740 1688 5808; x_wconf 90' lang='lat' dir='ltr'><strong>quasi</strong></span> <span class='ocrx_word' id='word_1_1045' title='bbox 1705 5741 1851 5817; x_wconf 72' lang='lat' dir='ltr'><strong>arti-</strong></span> 
     </span>
    </p>
   </div>
   <div class='ocr_carea' id='block_1_136' title="bbox 265 5812 1854 5886">
    <p class='ocr_par' dir='ltr' id='par_1_136' title="bbox 265 5812 1854 5886">
     <span class='ocr_line' id='line_1_137' title="bbox 265 5812 1854 5886; baseline -0.008 -5"><span class='ocrx_word' id='word_1_1046' title='bbox 265 5821 612 5886; x_wconf 80' lang='lat' dir='ltr'><strong>ticiosiorem,</strong></span> <span class='ocrx_word' id='word_1_1047' title='bbox 655 5820 708 5875; x_wconf 87' lang='lat' dir='ltr'><strong>id</strong></span> <span class='ocrx_word' id='word_1_1048' title='bbox 739 5812 844 5886; x_wconf 72' lang='lat' dir='ltr'><strong>est,</strong></span> <span class='ocrx_word' id='word_1_1049' title='bbox 879 5812 1376 5886; x_wconf 81' lang='lat' dir='ltr'><strong>exetnplabiliorem</strong></span> <span class='ocrx_word' id='word_1_1050' title='bbox 1428 5824 1480 5869; x_wconf 91' lang='lat' dir='ltr'><strong>et</strong></span> <span class='ocrx_word' id='word_1_1051' title='bbox 1507 5812 1854 5886; x_wconf 83' lang='lat' dir='ltr'><strong>venerabilio-</strong></span> 
     </span>
    </p>
   </div>
   <div class='ocr_carea' id='block_1_137' title="bbox 262 5885 1847 5961">
    <p class='ocr_par' dir='ltr' id='par_1_137' title="bbox 262 5885 1847 5961">
     <span class='ocr_line' id='line_1_138' title="bbox 262 5885 1847 5961; baseline -0.006 -3"><span class='ocrx_word' id='word_1_1052' title='bbox 262 5912 385 5958; x_wconf 87' lang='lat' dir='ltr'><strong>rcm</strong></span> <span class='ocrx_word' id='word_1_1053' title='bbox 408 5907 498 5954; x_wconf 82' lang='lat' dir='ltr'><strong>tne</strong></span> <span class='ocrx_word' id='word_1_1054' title='bbox 523 5885 790 5958; x_wconf 78' lang='lat' dir='ltr'><strong>fecerunt.</strong></span> <span class='ocrx_word' id='word_1_1055' title='bbox 823 5885 1206 5961; x_wconf 44' lang='lat' dir='ltr'><strong>Quanto’enim</strong></span> <span class='ocrx_word' id='word_1_1056' title='bbox 1235 5888 1480 5961; x_wconf 81' lang='lat' dir='ltr'><strong>pluribus</strong></span> <span class='ocrx_word' id='word_1_1057' title='bbox 1507 5885 1682 5958; x_wconf 64' lang='lat' dir='ltr'><strong>pinnis</strong></span> <span class='ocrx_word' id='word_1_1058' title='bbox 1702 5885 1847 5948; x_wconf 80' lang='lat' dir='ltr'><strong>Lau-</strong></span> 
     </span>
    </p>
   </div>
   <div class='ocr_carea' id='block_1_138' title="bbox 1939 4651 3522 4735">
    <p class='ocr_par' dir='ltr' id='par_1_138' title="bbox 1939 4651 3522 4735">
     <span class='ocr_line' id='line_1_139' title="bbox 1939 4651 3522 4735; baseline 0 -29"><span class='ocrx_word' id='word_1_1059' title='bbox 1939 4669 2044 4735; x_wconf 84' lang='lat' dir='ltr'><strong>me.</strong></span> <span class='ocrx_word' id='word_1_1060' title='bbox 2092 4651 2155 4705; x_wconf 89' lang='lat' dir='ltr'><strong>Et</strong></span> <span class='ocrx_word' id='word_1_1061' title='bbox 2186 4653 2306 4723; x_wconf 91' lang='lat' dir='ltr'><strong>quia</strong></span> <span class='ocrx_word' id='word_1_1062' title='bbox 2332 4656 2574 4735; x_wconf 80' lang='lat' dir='ltr'><strong>castigat,</strong></span> <span class='ocrx_word' id='word_1_1063' title='bbox 2626 4657 2746 4735; x_wconf 78' lang='lat' dir='ltr'><strong>ideo</strong></span> <span class='ocrx_word' id='word_1_1064' title='bbox 2778 4673 2897 4735; x_wconf 82' lang='lat' dir='ltr'><strong>non</strong></span> <span class='ocrx_word' id='word_1_1065' title='bbox 2913 4657 3096 4735; x_wconf 86' lang='lat' dir='ltr'><strong>_tradet</strong></span> <span class='ocrx_word' id='word_1_1066' title='bbox 3127 4651 3214 4735; x_wconf 65' lang='lat' dir='ltr'><strong>me</strong></span> <span class='ocrx_word' id='word_1_1067' title='bbox 3243 4653 3426 4715; x_wconf 88' lang='lat' dir='ltr'><strong>morti,</strong></span> <span class='ocrx_word' id='word_1_1068' title='bbox 3469 4651 3522 4733; x_wconf 76' lang='lat' dir='ltr'><strong>id</strong></span> 
     </span>
    </p>
   </div>
   <div class='ocr_carea' id='block_1_139' title="bbox 1938 4723 3524 4808">
    <p class='ocr_par' dir='ltr' id='par_1_139' title="bbox 1938 4723 3524 4808">
     <span class='ocr_line' id='line_1_140' title="bbox 1938 4723 3524 4808; baseline 0.001 -31"><span class='ocrx_word' id='word_1_1069' title='bbox 1938 4733 2044 4808; x_wconf 71' lang='lat' dir='ltr'><strong>est,</strong></span> <span class='ocrx_word' id='word_1_1070' title='bbox 2067 4725 2464 4808; x_wconf 65' lang='lat' dir='ltr'><strong>nonpermittot</strong></span> <span class='ocrx_word' id='word_1_1071' title='bbox 2481 4723 2598 4794; x_wconf 88' lang='lat' dir='ltr'><strong>me,</strong></span> <span class='ocrx_word' id='word_1_1072' title='bbox 2615 4729 2714 4785; x_wconf 89' lang='lat' dir='ltr'><strong>etsi</strong></span> <span class='ocrx_word' id='word_1_1073' title='bbox 2744 4729 3030 4786; x_wconf 84' lang='lat' dir='ltr'><strong>mortificet</strong></span> <span class='ocrx_word' id='word_1_1074' title='bbox 3048 4725 3303 4791; x_wconf 85' lang='lat' dir='ltr'><strong>exterius,</strong></span> <span class='ocrx_word' id='word_1_1075' title='bbox 3334 4723 3524 4780; x_wconf 86' lang='lat' dir='ltr'><strong>morti-</strong></span> 
     </span>
    </p>
   </div>
   <div class='ocr_carea' id='block_1_140' title="bbox 1941 4800 2356 4852">
    <p class='ocr_par' dir='ltr' id='par_1_140' title="bbox 1941 4800 2356 4852">
     <span class='ocr_line' id='line_1_141' title="bbox 1941 4800 2356 4852; baseline 0.002 -3"><span class='ocrx_word' id='word_1_1076' title='bbox 1941 4800 2085 4850; x_wconf 88' lang='lat' dir='ltr'><strong>licari</strong></span> <span class='ocrx_word' id='word_1_1077' title='bbox 2117 4800 2356 4852; x_wconf 89' lang='lat' dir='ltr'><strong>interius.</strong></span> 
     </span>
    </p>
   </div>
   <div class='ocr_carea' id='block_1_141' title="bbox 2013 4867 3524 4952">
    <p class='ocr_par' dir='ltr' id='par_1_141' title="bbox 2013 4867 3524 4952">
     <span class='ocr_line' id='line_1_142' title="bbox 2013 4867 3524 4952; baseline 0.002 -33"><span class='ocrx_word' id='word_1_1078' title='bbox 2013 4869 2237 4952; x_wconf 76' lang='lat' dir='ltr'><strong>Aperite.</strong></span> <span class='ocrx_word' id='word_1_1079' title='bbox 2266 4869 2424 4952; x_wconf 70' lang='lat' dir='ltr'><strong>Quasi</strong></span> <span class='ocrx_word' id='word_1_1080' title='bbox 2456 4869 2596 4952; x_wconf 73' lang='lat' dir='ltr'><strong>dicat</strong></span> <span class='ocrx_word' id='word_1_1081' title='bbox 2626 4891 2636 4926; x_wconf 93' lang='lat'>:</span> <span class='ocrx_word' id='word_1_1082' title='bbox 2661 4870 2808 4952; x_wconf 83' lang='lat' dir='ltr'><strong>_Ergo</strong></span> <span class='ocrx_word' id='word_1_1083' title='bbox 2848 4886 2942 4927; x_wconf 92' lang='lat' dir='ltr'><strong>vos</strong></span> <span class='ocrx_word' id='word_1_1084' title='bbox 2971 4880 3339 4952; x_wconf 76' lang='lat' dir='ltr'><strong>persecutores</strong></span> <span class='ocrx_word' id='word_1_1085' title='bbox 3367 4867 3524 4923; x_wconf 89' lang='lat' dir='ltr'><strong>facite</strong></span> 
     </span>
    </p>
   </div>
   <div class='ocr_carea' id='block_1_142' title="bbox 1943 4942 3524 5022">
    <p class='ocr_par' dir='ltr' id='par_1_142' title="bbox 1943 4942 3524 5022">
     <span class='ocr_line' id='line_1_143' title="bbox 1943 4942 3524 5022; baseline 0.001 -32"><span class='ocrx_word' id='word_1_1086' title='bbox 1943 4942 2085 5022; x_wconf 84' lang='lat' dir='ltr'><strong>quod</strong></span> <span class='ocrx_word' id='word_1_1087' title='bbox 2108 4942 2402 5022; x_wconf 76' lang='lat' dir='ltr'><strong>incepistis,</strong></span> <span class='ocrx_word' id='word_1_1088' title='bbox 2434 4943 2641 5022; x_wconf 81' lang='lat' dir='ltr'><strong>scilicet</strong></span> <span class='ocrx_word' id='word_1_1089' title='bbox 2661 4945 2989 5022; x_wconf 66' lang='lat' dir='ltr'><strong>incarceraie</strong></span> <span class='ocrx_word' id='word_1_1090' title='bbox 3019 4960 3106 5022; x_wconf 82' lang='lat' dir='ltr'><strong>me</strong></span> <span class='ocrx_word' id='word_1_1091' title='bbox 3132 4942 3387 5022; x_wconf 69' lang='lat' dir='ltr'><strong>omnibus</strong></span> <span class='ocrx_word' id='word_1_1092' title='bbox 3412 4955 3524 5020; x_wconf 78' lang='lat' dir='ltr'><strong>Ino-</strong></span> 
     </span>
    </p>
   </div>
   <div class='ocr_carea' id='block_1_143' title="bbox 1943 5011 3518 5082">
    <p class='ocr_par' dir='ltr' id='par_1_143' title="bbox 1943 5011 3518 5082">
     <span class='ocr_line' id='line_1_144' title="bbox 1943 5011 3518 5082; baseline -0.001 -18"><span class='ocrx_word' id='word_1_1093' title='bbox 1943 5011 2049 5075; x_wconf 84' lang='lat' dir='ltr'><strong>dis,</strong></span> <span class='ocrx_word' id='word_1_1094' title='bbox 2081 5012 2414 5078; x_wconf 81' lang='lat' dir='ltr'><strong>excruciate;</strong></span> <span class='ocrx_word' id='word_1_1095' title='bbox 2457 5017 2576 5080; x_wconf 87' lang='lat' dir='ltr'><strong>quia</strong></span> <span class='ocrx_word' id='word_1_1096' title='bbox 2607 5032 2710 5068; x_wconf 89' lang='lat' dir='ltr'><strong>non</strong></span> <span class='ocrx_word' id='word_1_1097' title='bbox 2743 5015 2870 5069; x_wconf 92' lang='lat' dir='ltr'><strong>mihi</strong></span> <span class='ocrx_word' id='word_1_1098' title='bbox 2902 5015 3097 5080; x_wconf 89' lang='lat' dir='ltr'><strong>oberit,</strong></span> <span class='ocrx_word' id='word_1_1099' title='bbox 3129 5013 3222 5069; x_wconf 87' lang='lat' dir='ltr'><strong>sed</strong></span> <span class='ocrx_word' id='word_1_1100' title='bbox 3255 5011 3518 5082; x_wconf 88' lang='lat' dir='ltr'><strong>proderit.</strong></span> 
     </span>
    </p>
   </div>
   <div class='ocr_carea' id='block_1_144' title="bbox 1943 5081 3524 5163">
    <p class='ocr_par' dir='ltr' id='par_1_144' title="bbox 1943 5081 3524 5163">
     <span class='ocr_line' id='line_1_145' title="bbox 1943 5081 3524 5163; baseline 0.004 -30"><span class='ocrx_word' id='word_1_1101' title='bbox 1943 5082 2184 5163; x_wconf 79' lang='lat' dir='ltr'><strong>Namque</strong></span> <span class='ocrx_word' id='word_1_1102' title='bbox 2217 5083 2316 5137; x_wconf 90' lang='lat' dir='ltr'><strong>hoc</strong></span> <span class='ocrx_word' id='word_1_1103' title='bbox 2366 5086 2524 5138; x_wconf 89' lang='lat' dir='ltr'><strong>modo</strong></span> <span class='ocrx_word' id='word_1_1104' title='bbox 2569 5087 2820 5163; x_wconf 78' lang='lat' dir='ltr'><strong>aperietis</strong></span> <span class='ocrx_word' id='word_1_1105' title='bbox 2849 5086 2975 5140; x_wconf 86' lang='lat' dir='ltr'><strong>nti/ti</strong></span> <span class='ocrx_word' id='word_1_1106' title='bbox 3001 5095 3175 5163; x_wconf 73' lang='lat' dir='ltr'><strong>portas</strong></span> <span class='ocrx_word' id='word_1_1107' title='bbox 3198 5081 3437 5163; x_wconf 61' lang='lat' dir='ltr'><strong>justiiiw,</strong></span> <span class='ocrx_word' id='word_1_1108' title='bbox 3471 5081 3524 5136; x_wconf 82' lang='lat' dir='ltr'><strong>id</strong></span> 
     </span>
    </p>
   </div>
   <div class='ocr_carea' id='block_1_145' title="bbox 1944 5155 3522 5236">
    <p class='ocr_par' dir='ltr' id='par_1_145' title="bbox 1944 5155 3522 5236">
     <span class='ocr_line' id='line_1_146' title="bbox 1944 5155 3522 5236; baseline -0.002 -29"><span class='ocrx_word' id='word_1_1109' title='bbox 1944 5161 2046 5217; x_wconf 76' lang='lat' dir='ltr'><strong>est,</strong></span> <span class='ocrx_word' id='word_1_1110' title='bbox 2072 5155 2346 5236; x_wconf 82' lang='lat' dir='ltr'><strong>ingressus</strong></span> <span class='ocrx_word' id='word_1_1111' title='bbox 2371 5172 2492 5236; x_wconf 60' lang='lat' dir='ltr'><strong>sunt</strong></span> <span class='ocrx_word' id='word_1_1112' title='bbox 2520 5161 2583 5236; x_wconf 77' lang='lat' dir='ltr'><strong>ad</strong></span> <span class='ocrx_word' id='word_1_1113' title='bbox 2616 5158 2964 5236; x_wconf 51' lang='lat' dir='ltr'><strong>auctoritatem</strong></span> <span class='ocrx_word' id='word_1_1114' title='bbox 3004 5155 3060 5236; x_wconf 78' lang='lat' dir='ltr'><strong>et</strong></span> <span class='ocrx_word' id='word_1_1115' title='bbox 3083 5155 3522 5236; x_wconf 74' lang='lat' dir='ltr'><strong>__beat_itudi_nem,</strong></span> 
     </span>
    </p>
   </div>
   <div class='ocr_carea' id='block_1_146' title="bbox 1944 5227 3522 5309">
    <p class='ocr_par' dir='ltr' id='par_1_146' title="bbox 1944 5227 3522 5309">
     <span class='ocr_line' id='line_1_147' title="bbox 1944 5227 3522 5309; baseline 0.001 -35"><span class='ocrx_word' id='word_1_1116' title='bbox 1944 5237 2065 5309; x_wconf 63' lang='lat' dir='ltr'><strong>quae</strong></span> <span class='ocrx_word' id='word_1_1117' title='bbox 2091 5234 2342 5309; x_wconf 77' lang='lat' dir='ltr'><strong>estporta</strong></span> <span class='ocrx_word' id='word_1_1118' title='bbox 2366 5227 2586 5309; x_wconf 65' lang='lat' dir='ltr'><strong>iustitia:</strong></span> <span class='ocrx_word' id='word_1_1119' title='bbox 2613 5247 2624 5294; x_wconf 82' lang='lat'>;</span> <span class='ocrx_word' id='word_1_1120' title='bbox 2659 5230 2777 5298; x_wconf 89' lang='lat' dir='ltr'><strong>quia</strong></span> <span class='ocrx_word' id='word_1_1121' title='bbox 2803 5229 2908 5309; x_wconf 76' lang='lat' dir='ltr'><strong>soli</strong></span> <span class='ocrx_word' id='word_1_1122' title='bbox 2925 5227 3057 5299; x_wconf 88' lang='lat' dir='ltr'><strong>justi</strong></span> <span class='ocrx_word' id='word_1_1123' title='bbox 3083 5229 3206 5309; x_wconf 76' lang='lat' dir='ltr'><strong>illuc</strong></span> <span class='ocrx_word' id='word_1_1124' title='bbox 3230 5227 3522 5309; x_wconf 71' lang='lat' dir='ltr'><strong>intrabunt.</strong></span> 
     </span>
    </p>
   </div>
   <div class='ocr_carea' id='block_1_147' title="bbox 1946 5296 3528 5377">
    <p class='ocr_par' dir='ltr' id='par_1_147' title="bbox 1946 5296 3528 5377">
     <span class='ocr_line' id='line_1_148' title="bbox 1946 5296 3528 5377; baseline 0 -27"><span class='ocrx_word' id='word_1_1125' title='bbox 1946 5296 2086 5364; x_wconf 85' lang='lat' dir='ltr'><strong>Ergo</strong></span> <span class='ocrx_word' id='word_1_1126' title='bbox 2106 5298 2298 5377; x_wconf 57' lang='lat' dir='ltr'><strong>aperio:</strong></span> <span class='ocrx_word' id='word_1_1127' title='bbox 2320 5298 2444 5351; x_wconf 83' lang='lat' dir='ltr'><strong>mihi</strong></span> <span class='ocrx_word' id='word_1_1128' title='bbox 2461 5303 2561 5377; x_wconf 58' lang='lat' dir='ltr'><strong>itas</strong></span> <span class='ocrx_word' id='word_1_1129' title='bbox 2583 5296 2776 5377; x_wconf 71' lang='lat' dir='ltr'><strong>porias,</strong></span> <span class='ocrx_word' id='word_1_1130' title='bbox 2803 5301 2861 5377; x_wconf 82' lang='lat' dir='ltr'><strong>id</strong></span> <span class='ocrx_word' id='word_1_1131' title='bbox 2879 5296 2984 5377; x_wconf 71' lang='lat' dir='ltr'><strong>est,</strong></span> <span class='ocrx_word' id='word_1_1132' title='bbox 3017 5300 3183 5377; x_wconf 78' lang='lat' dir='ltr'><strong>nolite</strong></span> <span class='ocrx_word' id='word_1_1133' title='bbox 3209 5299 3275 5352; x_wconf 87' lang='lat' dir='ltr'><strong>ab</strong></span> <span class='ocrx_word' id='word_1_1134' title='bbox 3293 5298 3528 5377; x_wconf 74' lang='lat' dir='ltr'><strong>incmpto</strong></span> 
     </span>
    </p>
   </div>
   <div class='ocr_carea' id='block_1_148' title="bbox 1949 5368 3524 5448">
    <p class='ocr_par' dir='ltr' id='par_1_148' title="bbox 1949 5368 3524 5448">
     <span class='ocr_line' id='line_1_149' title="bbox 1949 5368 3524 5448; baseline 0.001 -28"><span class='ocrx_word' id='word_1_1135' title='bbox 1949 5368 2431 5448; x_wconf 41' lang='lat' dir='ltr'><strong>v&#39;estro_de_sisterc.</strong></span> <span class='ocrx_word' id='word_1_1136' title='bbox 2461 5369 2522 5448; x_wconf 68' lang='lat' dir='ltr'><strong>Et</strong></span> <span class='ocrx_word' id='word_1_1137' title='bbox 2540 5370 2660 5426; x_wconf 85' lang='lat' dir='ltr'><strong>ideo</strong></span> <span class='ocrx_word' id='word_1_1138' title='bbox 2691 5372 2862 5448; x_wconf 89' lang='lat' dir='ltr'><strong>(quasi</strong></span> <span class='ocrx_word' id='word_1_1139' title='bbox 2886 5371 3050 5443; x_wconf 89' lang='lat' dir='ltr'><strong>dicat)</strong></span> <span class='ocrx_word' id='word_1_1140' title='bbox 3074 5384 3204 5448; x_wconf 79' lang='lat' dir='ltr'><strong>rogo</strong></span> <span class='ocrx_word' id='word_1_1141' title='bbox 3232 5379 3288 5422; x_wconf 93' lang='lat' dir='ltr'><strong>ut</strong></span> <span class='ocrx_word' id='word_1_1142' title='bbox 3312 5369 3524 5448; x_wconf 75' lang='lat' dir='ltr'><strong>aperia-</strong></span> 
     </span>
    </p>
   </div>
   <div class='ocr_carea' id='block_1_149' title="bbox 1951 5439 3530 5513">
    <p class='ocr_par' dir='ltr' id='par_1_149' title="bbox 1951 5439 3530 5513">
     <span class='ocr_line' id='line_1_150' title="bbox 1951 5439 3530 5513; baseline 0 -21"><span class='ocrx_word' id='word_1_1143' title='bbox 1951 5439 2040 5513; x_wconf 90' lang='lat' dir='ltr'><strong>t_is,</strong></span> <span class='ocrx_word' id='word_1_1144' title='bbox 2058 5439 2182 5513; x_wconf 81' lang='lat' dir='ltr'><strong>quia</strong></span> <span class='ocrx_word' id='word_1_1145' title='bbox 2205 5442 2461 5512; x_wconf 87' lang='lat' dir='ltr'><strong>ingressus</strong></span> <span class='ocrx_word' id='word_1_1146' title='bbox 2486 5441 2538 5496; x_wconf 84' lang='lat' dir='ltr'><strong>iu</strong></span> <span class='ocrx_word' id='word_1_1147' title='bbox 2568 5458 2653 5498; x_wconf 86' lang='lat' dir='ltr'><strong>eas</strong></span> <span class='ocrx_word' id='word_1_1148' title='bbox 2679 5439 2804 5496; x_wconf 86' lang='lat' dir='ltr'><strong>tunc</strong></span> <span class='ocrx_word' id='word_1_1149' title='bbox 2827 5439 3042 5499; x_wconf 82' lang='lat' dir='ltr'><strong>demum</strong></span> <span class='ocrx_word' id='word_1_1150' title='bbox 3068 5439 3225 5513; x_wconf 82' lang='lat' dir='ltr'><strong>digne</strong></span> <span class='ocrx_word' id='word_1_1151' title='bbox 3251 5439 3530 5511; x_wconf 82' lang='lat' dir='ltr'><strong>conﬁtebor</strong></span> 
     </span>
    </p>
   </div>
   <div class='ocr_carea' id='block_1_150' title="bbox 1949 5509 3526 5597">
    <p class='ocr_par' dir='ltr' id='par_1_150' title="bbox 1949 5509 3526 5597">
     <span class='ocr_line' id='line_1_151' title="bbox 1949 5509 3526 5597; baseline 0.003 -36"><span class='ocrx_word' id='word_1_1152' title='bbox 1949 5509 2205 5597; x_wconf 54' lang='lat' dir='ltr'><strong>Domino,</strong></span> <span class='ocrx_word' id='word_1_1153' title='bbox 2235 5509 2296 5597; x_wconf 75' lang='lat' dir='ltr'><strong>ea</strong></span> <span class='ocrx_word' id='word_1_1154' title='bbox 2320 5514 2530 5597; x_wconf 69' lang='lat' dir='ltr'><strong>scilicet</strong></span> <span class='ocrx_word' id='word_1_1155' title='bbox 2555 5514 2910 5597; x_wconf 80' lang='lat' dir='ltr'><strong>confessione,</strong></span> <span class='ocrx_word' id='word_1_1156' title='bbox 2928 5514 3014 5597; x_wconf 75' lang='lat' dir='ltr'><strong>_de</strong></span> <span class='ocrx_word' id='word_1_1157' title='bbox 3040 5509 3150 5597; x_wconf 72' lang='lat' dir='ltr'><strong>qua</strong></span> <span class='ocrx_word' id='word_1_1158' title='bbox 3170 5509 3370 5597; x_wconf 61' lang='lat' dir='ltr'><strong>dictum</strong></span> <span class='ocrx_word' id='word_1_1159' title='bbox 3399 5519 3483 5566; x_wconf 85' lang='lat' dir='ltr'><strong>est</strong></span> <span class='ocrx_word' id='word_1_1160' title='bbox 3514 5526 3526 5561; x_wconf 95' lang='lat'>:</span> 
     </span>
    </p>
   </div>
   <div class='ocr_carea' id='block_1_151' title="bbox 1951 5579 3532 5653">
    <p class='ocr_par' dir='ltr' id='par_1_151' title="bbox 1951 5579 3532 5653">
     <span class='ocr_line' id='line_1_152' title="bbox 1951 5579 3532 5653; baseline 0.002 -20"><span class='ocrx_word' id='word_1_1161' title='bbox 1951 5579 2093 5633; x_wconf 86' lang='lat' dir='ltr'><strong>Beati</strong></span> <span class='ocrx_word' id='word_1_1162' title='bbox 2119 5583 2205 5652; x_wconf 88' lang='lat' dir='ltr'><strong>qui</strong></span> <span class='ocrx_word' id='word_1_1163' title='bbox 2244 5584 2470 5638; x_wconf 78' lang='lat' dir='ltr'><strong>habitant</strong></span> <span class='ocrx_word' id='word_1_1164' title='bbox 2509 5585 2562 5640; x_wconf 89' lang='lat' dir='ltr'><strong>in</strong></span> <span class='ocrx_word' id='word_1_1165' title='bbox 2590 5588 2741 5641; x_wconf 89' lang='lat' dir='ltr'><strong>domo</strong></span> <span class='ocrx_word' id='word_1_1166' title='bbox 2773 5596 2876 5651; x_wconf 86' lang='lat' dir='ltr'><strong>tua,</strong></span> <span class='ocrx_word' id='word_1_1167' title='bbox 2898 5579 3155 5653; x_wconf 83' lang='lat' dir='ltr'><strong>Domine,</strong></span> <span class='ocrx_word' id='word_1_1168' title='bbox 3185 5595 3288 5642; x_wconf 91' lang='lat' dir='ltr'><strong>etc.</strong></span> <span class='ocrx_word' id='word_1_1169' title='bbox 3315 5586 3379 5639; x_wconf 85' lang='lat' dir='ltr'><strong>Et</strong></span> <span class='ocrx_word' id='word_1_1170' title='bbox 3411 5596 3532 5653; x_wconf 81' lang='lat' dir='ltr'><strong>pro-</strong></span> 
     </span>
    </p>
   </div>
   <div class='ocr_carea' id='block_1_152' title="bbox 1952 5652 3533 5733">
    <p class='ocr_par' dir='ltr' id='par_1_152' title="bbox 1952 5652 3533 5733">
     <span class='ocr_line' id='line_1_153' title="bbox 1952 5652 3533 5733; baseline 0.001 -29"><span class='ocrx_word' id='word_1_1171' title='bbox 1952 5663 2075 5733; x_wconf 30' lang='lat' dir='ltr'><strong>pter.</strong></span> <span class='ocrx_word' id='word_1_1172' title='bbox 2099 5656 2198 5733; x_wconf 76' lang='lat' dir='ltr'><strong>hoc</strong></span> <span class='ocrx_word' id='word_1_1173' title='bbox 2220 5670 2432 5724; x_wconf 86' lang='lat' dir='ltr'><strong>quoque</strong></span> <span class='ocrx_word' id='word_1_1174' title='bbox 2459 5658 2581 5712; x_wconf 86' lang='lat' dir='ltr'><strong>dico</strong></span> <span class='ocrx_word' id='word_1_1175' title='bbox 2611 5660 2825 5733; x_wconf 80' lang='lat' dir='ltr'><strong>aperite,</strong></span> <span class='ocrx_word' id='word_1_1176' title='bbox 2852 5659 3106 5733; x_wconf 61' lang='lat' dir='ltr'><strong>quianam</strong></span> <span class='ocrx_word' id='word_1_1177' title='bbox 3121 5668 3203 5733; x_wconf 78' lang='lat' dir='ltr'><strong>est</strong></span> <span class='ocrx_word' id='word_1_1178' title='bbox 3250 5652 3533 5733; x_wconf 57' lang='lat' dir='ltr'><strong>portabo:</strong></span> 
     </span>
    </p>
   </div>
   <div class='ocr_carea' id='block_1_153' title="bbox 1951 5722 3532 5807">
    <p class='ocr_par' dir='ltr' id='par_1_153' title="bbox 1951 5722 3532 5807">
     <span class='ocr_line' id='line_1_154' title="bbox 1951 5722 3532 5807; baseline 0.001 -30"><span class='ocrx_word' id='word_1_1179' title='bbox 1951 5722 2231 5807; x_wconf 34' lang='lat' dir='ltr'><strong>ntinighoc</strong></span> <span class='ocrx_word' id='word_1_1180' title='bbox 2261 5722 2378 5807; x_wconf 35' lang='lat' dir='ltr'><strong>est,“</strong></span> <span class='ocrx_word' id='word_1_1181' title='bbox 2398 5732 2516 5807; x_wconf 74' lang='lat' dir='ltr'><strong>quin</strong></span> <span class='ocrx_word' id='word_1_1182' title='bbox 2565 5722 2681 5807; x_wconf 79' lang='lat' dir='ltr'><strong>post</strong></span> <span class='ocrx_word' id='word_1_1183' title='bbox 2711 5722 3013 5807; x_wconf 75' lang='lat' dir='ltr'><strong>hujnsinodi</strong></span> <span class='ocrx_word' id='word_1_1184' title='bbox 3046 5722 3416 5807; x_wconf 76' lang='lat' dir='ltr'><strong>tribulationes</strong></span> <span class='ocrx_word' id='word_1_1185' title='bbox 3461 5725 3532 5807; x_wconf 70' lang='lat' dir='ltr'><strong>ad</strong></span> 
     </span>
    </p>
   </div>
   <div class='ocr_carea' id='block_1_154' title="bbox 1951 5796 3533 5871">
    <p class='ocr_par' dir='ltr' id='par_1_154' title="bbox 1951 5796 3533 5871">
     <span class='ocr_line' id='line_1_155' title="bbox 1951 5796 3533 5871; baseline 0.004 -23"><span class='ocrx_word' id='word_1_1186' title='bbox 1951 5797 2299 5871; x_wconf 55' lang='lat' dir='ltr'><strong>giernitatem</strong></span> <span class='ocrx_word' id='word_1_1187' title='bbox 2341 5796 2600 5857; x_wconf 76' lang='lat' dir='ltr'><strong>Dominus</strong></span> <span class='ocrx_word' id='word_1_1188' title='bbox 2647 5796 2883 5859; x_wconf 62' lang='lat' dir='ltr'><strong>intravit.</strong></span> <span class='ocrx_word' id='word_1_1189' title='bbox 2926 5803 3216 5871; x_wconf 79' lang='lat' dir='ltr'><strong>Oportebat</strong></span> <span class='ocrx_word' id='word_1_1190' title='bbox 3245 5802 3386 5854; x_wconf 89' lang='lat' dir='ltr'><strong>enim</strong></span> <span class='ocrx_word' id='word_1_1191' title='bbox 3422 5796 3533 5865; x_wconf 79' lang='lat' dir='ltr'><strong>pati</strong></span> 
     </span>
    </p>
   </div>
   <div class='ocr_carea' id='block_1_155' title="bbox 1921 5866 3532 5954">
    <p class='ocr_par' dir='ltr' id='par_1_155' title="bbox 1921 5866 3532 5954">
     <span class='ocr_line' id='line_1_156' title="bbox 1921 5866 3532 5954; baseline -0.016 -3"><span class='ocrx_word' id='word_1_1192' title='bbox 1921 5866 2245 5954; x_wconf 61' lang='grc' dir='ltr'><strong>,θωίδιυων</strong></span> <span class='ocrx_word' id='word_1_1193' title='bbox 2273 5879 2330 5931; x_wconf 76' lang='grc' dir='ltr'>οι</span> <span class='ocrx_word' id='word_1_1194' title='bbox 2352 5873 2430 5954; x_wconf 66' lang='lat' dir='ltr'><strong>Sic</strong></span> <span class='ocrx_word' id='word_1_1195' title='bbox 2455 5872 2658 5938; x_wconf 78' lang='lat' dir='ltr'><strong>iuuare</strong></span> <span class='ocrx_word' id='word_1_1196' title='bbox 2688 5877 2740 5934; x_wconf 91' lang='lat' dir='ltr'><strong>in</strong></span> <span class='ocrx_word' id='word_1_1197' title='bbox 2784 5866 3006 5948; x_wconf 73' lang='lat' dir='ltr'><strong>gloriam</strong></span> <span class='ocrx_word' id='word_1_1198' title='bbox 3047 5888 3217 5933; x_wconf 85' lang='lat' dir='ltr'><strong>suam.</strong></span> <span class='ocrx_word' id='word_1_1199' title='bbox 3244 5871 3313 5931; x_wconf 85' lang='lat' dir='ltr'><strong>Et</strong></span> <span class='ocrx_word' id='word_1_1200' title='bbox 3335 5871 3392 5927; x_wconf 77' lang='lat' dir='ltr'><strong>in</strong></span> <span class='ocrx_word' id='word_1_1201' title='bbox 3412 5883 3532 5926; x_wconf 69' lang='lat' dir='ltr'><strong>mat</strong></span> 
     </span>
    </p>
   </div>
  </div>
