4006 6364
471 342 602 399 1051

935 341 1134 398 ΒΕΒΆΕ
1178 335 1622 394 νεΝιιιιΑιιιιιε
1660 331 1810 392 OPP.
1851 332 2028 391 PARS

2171 329 2359 387 SEC‘I‘.
2402 323 2466 386 IIl.
2507 355 2579 373 -
2620 325 2830 384 WBIR
2866 326 2964 384 ΒΤ
2996 326 3268 386 SPUHIA.

3603 329 3776 390 {05$

465 465 697 527 portam,
721 459 782 515 id.
809 468 912 524 est,
940 456 1002 514 ad
1027 455 1376 510 aeternitatem
1406 451 1504 508 soli
1518 451 1672 525 justi,
1693 449 1746 506 id
1774 455 1878 518 est,
1913 448 2036 506 i'mi-
2069 444 2397 527 Α’ροηςὶηυξ
2419 455 2618 527 ηοειενς
2651 444 2702 526 it!
2734 452 2836 525 9S}.
2869 443 3176 527 ιεᾷςξηιριοιῖ
3201 452 3404 527 ξιοεφτ,
3436 453 3484 498 ει
3659 462 3766 527 ηεξ

465 527 1206 606 latores;Dominiinttztbunt.
1243 597 1254 606 _
1307 588 1324 606 κ

540 601 825 672 Conﬁtebor
867 592 1387 672 tibi.7Convertit‘se
1431 595 1497 650 ad
1549 593 1849 672 Dominum,
1886 592 2039 672 quasi

469 671 612 730 dicat
643 665 658 726 Ξ
685 672 810 728 Dico
861 671 1000 740 quod
1034 672 1304 741 ingressus
1351 679 1531 741 portas
1573 665 2041 741 jostitite_confite-

467 741 564 797 bor
592 743 832 806 Domino,
859 737 998 814 quod
1022 737 1146 797 vere
1173 737 1390 814 faciam;
1420 740 1540 814 quia
1575 748 1765 805 tonc,o
1794 737 2037 814 Domine,

457 814 742 882 conﬁtebar
769 809 890 878 tibif
915 825 966 870 et
998 817 1187 868 merito
1213 812 1326 875 tibi,
1351 812 1589 879 quoniam
1615 819 1666 862 tu
1689 809 1945 882 exaudisti
1967 825 2042 861 me

467 878 616 952 prius
647 887 730 941 hic
760 888 810 940 in
838 885 1196 952 tribulatione,
1232 898 1296 936 ne
1322 878 1604 938 deficerem
1629 890 1672 952 rt
1701 882 1767 952 ita
1799 878 1964 947 factus
1990 897 2040 934 es

468 951 593 1028 milii
607 957 656 1010 in
675 959 1048 1028 salutem,cum
1066 951 1192 1024 i-rgo
1206 956 1374 1009 factus
1388 970 1559 1028 essent
1579 951 1705 1028 mihi
1723 951 1771 1003 in
1793 960 2036 1028 mortem.

537 1025 783 1094 Lapidem
808 1022 953 1090 quem
983 1022 1391 1096 reprobatterunl.
1418 1025 1556 1078 Vere
1604 1023 1769 1096 {actus
1790 1031 1886 1096 _est
1918 1022 2046 1075 mihi

464 1096 514 1149 in
537 1093 773 1153 salutem.
807 1100 936 1155 Nam
971 1093 1070 1154 hoc
1108 1100 1265 1152 modo
1295 1097 1517 1162 scilicet,
1549 1096 1669 1163 quia
1701 1093 1853 1161 lapis,
1893 1110 2040 1165 quem

465 1168 692 1236 lapidem
714 1169 1044 1238 ludiﬁcantes,
1071 1170 1122 1225 id
1143 1179 1247 1228 est.
1272 1168 1438 1222 .lndasi
1468 1183 1615 1220 suam
1641 1166 1901 1238 ju~titiam
1928 1175 2036 1218 sta-

467 1247 615 1295 tuere
639 1237 902 1308 volentes,
933 1253 986 1300 ει
1005 1243 1226 1311 justitire
1257 1240 1348 1294 Dei
1399 1254 1500 1293 non
1531 1253 1650 1292 esse
1678 1237 1920 1311 subjecti,
1953 1254 2040 1311 re-

467 1313 824 1381 probaverunt,
852 1326 912 1372 ει¹
934 1307 1199 1368 hominem
1251 1327 1427 1378 regem
1475 1312 1786 1381 elegerunt:
1818 1307 1921 1381 hic,
1955 1307 2040 1381 inf

469 1379 650 1450 quam,
685 1379 820 1448 lapis
843 1386 1010 1439 factus
1032 1396 1111 1439 est
1141 1385 1268 1437 mihi
1302 1385 1353 1436 in
1384 1390 1558 1446 caput,
1594 1380 1641 1430 id
1673 1391 1771 1440 est,
1799 1379 2039 1446 regimini

470 1468 558 1507 me
583 1456 876 1522 subjecisti,
904 1459 1042 1511 sicut
1084 1457 1379 1510 membrum
1409 1451 1586 1517 capiti.
1630 1453 1695 1505 Et
1731 1466 1834 1503 non
1867 1451 2038 1504 solum

469 1525 599 1579 mihi
646 1527 814 1582 factos
841 1529 997 1582 estin
1050 1536 1226 1591 caput,
1260 1525 1352 1580 Sed
1385 1539 1438 1579 et
1477 1524 1655 1576 multis
1711 1522 1861 1586 aliis;
1918 1522 2039 1591 quia

466 1595 632 1668 factus
655 1608 726 1652 est
747 1611 898 1668 caput
929 1601 1126 1668 anguli,
1155 1599 1202 1652 id
1236 1609 1338 1661 est,
1362 1598 1529 1650 factus
1554 1605 1633 1650 est
1664 1593 1794 1661 lapis
1817 1595 2040 1668 ungula:

470 1666 564 1730 ris,
598 1664 874 1725 continens
898 1664 1030 1725 duos
1056 1673 1284 1738 pirietcs
1312 1685 1372 1720 ex
1404 1669 1616 1720 diverso
1639 1667 1930 1738 venientes,
1949 1664 2040 1717 sed

471 1753 576 1792 non
619 1741 828 1796 diversa
850 1735 1159 1796 sentientes.
1194 1740 1256 1794 Et
1288 1739 1444 1799 istud.
1475 1738 1678 1790 scilicet
1700 1753 1780 1800 qni
1806 1735 1836 1787 d
1869 1737 2040 1791 factus

2147 517 2223 570 bis
2247 518 2312 572 de
2359 518 2520 571 domo
2547 515 2758 571 Domini
2783 516 2891 581 jam
2937 515 3131 576 illuxit,
3165 514 3214 568 id
3245 522 3347 580 est,
3384 515 3648 570 innotuit.
3691 516 3768 572 Et

2145 594 2202 644 ut
2230 589 2382 644 vobis
2403 588 2562 644 etiam
2610 587 2844 650 illuceat,
2876 588 3168 640 constituite
3213 587 3266 641 in
3295 585 3445 642 vobis
3493 588 3641 646 diem
3673 605 3767 642 so-

2145 659 2381 726 lcmnem,
2415 660 2465 713 id
2495 667 2597 722 est,
2631 657 2825 713 mentis
2873 657 3258 722 sinceritatem,
3293 668 3350 712 et
3377 658 3478 712 hoc
3507 659 3564 712 in
3617 676 3760 720 con-

2145 732 2315 786 densis
2342 746 2444 785 non
2489 729 2828 799 populorum,
2861 728 2952 782 sed
3007 729 3058 782 in
3109 728 3543 799 frequentatione
3571 731 3761 785 virtu-

2146 811 2254 856 tttm
2283 798 2631 866 procedentes
2662 815 2821 864 usque
2847 800 2916 852 ad
2941 815 3098 853 cornu
3127 801 3324 864 altaris,
3350 798 3400 854 id
3429 811 3539 863 est,
3572 815 3764 869 usque

2145 875 2208 925 ad
2241 875 2632 928 solemnitatem
2681 869 2994 924 divinitatis.
3029 871 3213 924 Altare
3262 879 3416 924 vocat
3450 872 3520 924 ad
3553 872 3761 926 simili-

2144 944 2379 998 tudinem
2427 945 2644 998 cmleste
2671 942 2799 996 illud
2832 943 3210 1007 secretarium,
3242 941 3329 995 ubi
3361 942 3628 995 Christus
3661 959 3757 997 se-

2144 1031 2237 1071 rus
2268 1015 2519 1070 sacerdos
2549 1025 2595 1068 i-t
2650 1014 2819 1066 hostia
2853 1013 3090 1079 quotidie
3123 1027 3181 1066 se
3231 1012 3390 1067 offert
3442 1013 3558 1066 Deo
3593 1012 3757 1070 Patri

2144 1102 2240 1156 pro
2268 1088 2438 1139 nobis.
2472 1085 2585 1139 Non
2617 1085 2757 1156 enim
2814 1085 2928 1137 vult
2969 1094 3022 1137 ut
3069 1093 3270 1136 tantum
3328 1083 3643 1137 sub-iSIant
3701 1085 3762 1140 in

2145 1155 2259 1224 ejus
2285 1158 2633 1221 humanitate,
2667 1155 2761 1210 sed
2806 1166 2864 1209 ut
2899 1156 3329 1224 contemplemur
3359 1156 3540 1223 ipsam
3578 1156 3760 1211 etiam

2143 1230 2494 1283 divinitatem.

2219 1300 2351 1354 Deus
2391 1316 2552 1355 ntrtts.
2583 1297 2907 1361 (ionstitttite,
2955 1295 3193 1365 inquam,
3244 1298 3380 1352 diem
3429 1297 3758 1365 saltantium,

2142 1372 2492 1441 procedentes
2521 1387 2674 1437 usque
2702 1370 2770 1423 ad
2806 1385 2966 1441 cornu
2994 1369 3175 1422 altaris
3211 1384 3228 1421 :
3263 1383 3358 1441 vos
3391 1369 3520 1423 dico
3554 1371 3760 1424 dicen-

2142 1439 2248 1510 ies,
2282 1443 2525 1507 Domine,
2579 1454 2633 1495 tu
2691 1458 2742 1494 es
2793 1439 2926 1492 Deus
2977 1457 3152 1503 meus,
3185 1440 3336 1507 quod
3370 1451 3452 1494 est
3509 1441 3759 1496 dicere:

2142 1512 2386 1576 Domine,
2417 1529 2538 1568 vere
2595 1511 2930 1565 mendacium
2978 1511 3260 1564 coluerunt
3315 1520 3502 1576 patres
3569 1513 3756 1567 nostri

2151 1586 2468 1646 vanitatem,
2502 1601 2618 1652 (μιιε
2661 1583 2791 1636 nihil
2844 1583 3040 1650 profuit
3083 1582 3182 1645 eis,
3234 1582 3477 1652 dicentes
3537 1584 3708 1649 lapidi
3744 1602 3757 1635 :

2143 1654 2225 1709 Tu
2250 1672 2327 1707 me
2355 1657 2556 1711 creasti.
2590 1665 2636 1708 et
2675 1655 2815 1723 ligno
2849 1670 2863 1705 :
2893 1651 2971 1705 Tu
3011 1669 3088 1706 me
3129 1655 3367 1721 genuisti.
3406 1651 3526 1719 Ego
3573 1665 3764 1708 autem
3801 1697 3812 1702 -

2152 1727 2244 1782 tibi
2271 1728 2392 1780 tlit'o
2429 1746 2439 1779 :
2474 1727 2552 1779 'I'u
2573 1743 2624 1779 es
2654 1723 2792 1777 Dcus
2823 1741 2983 1780 meus.
3015 1724 3134 1791 quia
3170 1739 3253 1779 me
3283 1726 3507 1785 creasti,
3546 1725 3642 1791 qui
3677 1741 3765 1780 me

467 1818 551 1884 est
573 1826 696 1867 ante
715 1793 1080 1884 ξδἰἦιὶᾞήέυιι
1105 1793 1133 1866 ενί
1152 1793 1454 1880 quanquam
1487 1807 1686 1884 inimici
1714 1793 1879 1860 iudici
1912 1825 2042 1875 qno-
2075 1822 2128 1881 Β
2155 1798 2401 1884 genuisti,
2423 1809 2486 1884 ei
2494 1797 2614 1878 ideo
2645 1797 2922 1884 cpnﬁtebor
2950 1793 3137 1884 tibi,th
3160 1806 3266 1884 est,
3287 1795 3766 1884 incritp‘laudabp

471 1881 760 1938 danimodo
789 1878 1030 1949 fecerinl,
1081 1878 1199 1946 quia
1230 1897 1350 1936 eum
1401 1878 1821 1934 crucifixerunt:
1872 1889 2042 1933 tamen

470 1965 576 2004 non
600 1953 664 2006 ad
691 1955 789 2019 hoc
816 1957 1178 2017 intenderunt,
1210 1953 1302 2007 sed
1336 1954 1510 2020 potius
1540 1966 1734 2004 nomen
1767 1950 2046 2005 destruere

465 2023 588 2088 eius
605 2026 884 2080 voluerunt
933 2045 943 2078 :
977 2029 1096 2080 ideo
1122 2043 1224 2079 non
1258 2025 1324 2078 ab
1348 2022 1472 2091 ipsis
1496 2022 1709 2088 quidem
1745 2024 1836 2074 sed
1878 2039 1912 2074 α
1939 2021 2046 2074 Do-

471 2093 614 2146 mino
642 2096 832 2163 factum
855 2107 946 2161 est,
983 2098 1120 2163 quod
1155 2098 1270 2151 ideo
1295 2094 1557 2162 permisit,
1590 2102 1644 2146 nt
1670 2093 1908 2146 Christus
1933 2110 2045 2146 mo-

469 2177 704 2237 reretur,
740 2178 794 2220 ut
823 2182 1120 2237 resurgeret
1167 2179 1220 2223 et
1267 2170 1597 2229 ascenderet,
1625 2173 1678 2217 ct.
1724 2165 2043 2237 promissum

469 2236 728 2302 Spiritum
778 2235 1032 2307 apostolis
1075 2239 1328 2303 mitteret,
1385 2251 1612 2303 quorum
1667 2235 2045 2302 prtedicatione

471 2313 614 2378 totos
644 2311 869 2366 mundos
895 2322 1011 2378 post
1038 2326 1158 2366 eum
1188 2310 1378 2374 abiret,
1409 2316 1462 2361 et
1496 2307 1572 2359 sic
1603 2307 1653 2359 in
1679 2318 1834 2373 caput
1865 2307 2043 2377 anguli

469 2375 645 2435 ﬁetet.
681 2379 739 2436 Et
780 2375 905 2451 quia
930 2383 1120 2452 factum
1150 2389 1222 2435 est
1251 2398 1282 2434 a
1327 2377 1729 2452 Domino,_idco
1781 2378 1829 2452 i_n
1875 2375 2044 2452 oculis

469 2453 689 2517 nOStris,
719 2454 770 2508 id
803 2449 939 2517 εει,
970 2455 1020 2508 in
1072 2452 1414 2506 interioribus
1459 2450 1626 2504 oculis
1686 2449 2039 2512 credentium,

465 2525 871 2592 pperantiumet
894 2525 1226 2592 diligentiom
1256 2521 1518 2586 mirabile,
1552 2520 1602 2574 id
1629 2529 1728 2583 est,
1751 2520 2046 2592 rdesiteraf

467 2589 601 2660 bile,
637 2596 838 2649 scilicet
869 2589 998 2663 quia
1019 2597 1328 2652 desiderare
1357 2591 1792 2663 debemnsvalde
1823 2591 1922 2645 sub
1952 2591 2042 2663 tali

465 2675 589 2718 esse
617 2668 819 2735 capite;
851 2662 932 2722 vel
960 2669 1112 2724 aliter
1144 2684 1160 2727 ;
1197 2665 1338 2720 Dixit
1363 2664 1502 2734 quod
1537 2662 1758 2730 lapidem
1786 2662 2044 2735 reproba-

466 2747 644 2806 tierunt
685 2732 1028 2806 ludiﬁcantes,
1075 2750 1130 2795 ει
1168 2737 1333 2802 istud,
1371 2732 1574 2790 scilicet
1623 2732 1925 2806 reprobatio
1954 2733 2042 2806 illa

465 2802 603 2878 facta
633 2817 713 2862 est
739 2825 768 2864 a
795 2802 1047 2875 Domino,
1067 2811 1116 2866 id
1137 2822 1240 2878 est,
1269 2824 1362 2878 per
1391 2802 1797 2878 dispositionem
1833 2804 2041 2878 flamini

464 2877 654 2950 patris,
686 2880 775 2950 qui
800 2881 966 2934 voluit
995 2873 1049 2936 ut
1100 2873 1298 2936 cteciios
1327 2895 1388 2933 ea:
1429 2873 1572 2946 parte
1599 2878 1735 2950 [teret
1766 2875 1818 2928 in
1846 2873 2038 2950 Israel,

462 2955 516 3021 tt}
543 2945 807 3018 plenitudo
836 2953 1058 3021 gentium
1083 2954 1314 3012 intraret,
1339 2961 1381 3004 et
1401 2945 1474 3002 sic
1502 2949 1664 3021 omnis
1688 2945 1862 3021 Israel
1875 2949 2042 3021 salvus

464 3016 629 3085 ﬁeret.
657 3022 724 3076 Et
752 3016 874 3078 ide?)
899 3026 999 3080 hoc
1021 3035 1093 3078 est
1122 3021 1374 3088 mirabile,
1401 3021 1451 3074 id
1483 3030 1596 3085 est,
1625 3016 1958 3073 formidabile
1989 3019 2041 3072 in

464 3090 627 3144 oculis
656 3094 864 3160 nostris,
902 3095 1109 3150 scilicet
1140 3106 1192 3148 ut
1223 3093 1410 3162 aliquis
1439 3092 1602 3145 altum
1630 3092 1819 3158 sapiat,
1849 3093 1942 3143 sed
1972 3091 2040 3162 ti-

2158 1879 2208 1923 te
2229 1870 2412 1923 corde.
2449 1869 2574 1922 Dico
2608 1887 2618 1920 :
2662 1866 2801 1919 Deus
2833 1883 2973 1919 meus
2998 1881 3122 1919 vere
3153 1883 3202 1919 es
3235 1877 3310 1926 tu,
3353 1876 3398 1917 et
3451 1866 3586 1919 ideo
3618 1871 3764 1920 exal-

2155 1942 2268 1993 tabo
2294 1953 2338 1993 te
2369 1951 2424 1993 ot.
2454 1941 2616 1994 Deum
2650 1953 2826 1992 ineunt
2859 1952 2973 2000 ore,
3006 1947 3062 1990 et
3102 1939 3380 2003 confitebor
3417 1936 3514 1988 tibi
3563 1954 3758 2002 Opere.

2152 2012 2215 2065 Et
2245 2012 2456 2075 merito,
2479 2012 2722 2081 quoniam
2752 2009 3004 2062 exaudisti
3045 2024 3124 2060 me
3152 2009 3217 2061 de
3249 2008 3443 2062 umbra
3475 2011 3682 2063 mortis
3714 2022 3762 2065 ,ιι

2149 2083 2478 2136 infidelitatis
2510 2083 2748 2135 tenebris
2789 2081 3126 2141 reducendo;
3151 2090 3195 2131 cl
3238 2086 3405 2146 fartus
3447 2095 3498 2132 es
3545 2082 3679 2135 mihi
3709 2084 3764 2136 in

2151 2153 2394 2216 salutem,
2421 2153 2504 2206 cui
2540 2153 2624 2206 illa
2661 2154 2812 2220 prius
2837 2160 2991 2203 erant
3017 2150 3082 2202 ad
3114 2151 3369 2205 salutem.

2220 2224 2543 2294 Conﬁtentini
2579 2223 2820 2278 Domino.
2845 2223 3004 2289 Quasi
3030 2221 3171 2275 dicat
3198 2242 3210 2276 :
3240 2223 3348 2276 lloc
3371 2223 3544 2294 etiam
3569 2224 3768 2280 dicatis

2148 2296 2282 2350 alter
2303 2293 2368 2349 ad
2391 2296 2616 2349 alterum
2645 2296 2990 2348 exhortantes
3011 2309 3104 2348 vos
3126 2294 3384 2350 invicem:
3415 2293 3765 2364 Conﬁtemiu’

2147 2365 2368 2421 Domino
2394 2370 2633 2436 quoniam
2666 2367 2846 2428 bonus,
2878 2374 2982 2420 etc.

2579 2457 2642 2512 IN
2694 2455 3014 2512 ΡεΑωιυιι
3065 2453 3293 2511 CXVIII.

2809 2537 3060 2603 Alleluia.

2754 2634 3136 2675 ARGUMENTUM.

2219 2712 2388 2774 Totos
2422 2715 2524 2770 iste
2553 2713 2787 2782 psaln'ius
2811 2753 2826 2777 ,
2877 2712 2968 2781 qui
3006 2711 3482 2770 exhortationibus
3511 2726 3570 2772 et
3599 2717 3757 2774 insti-

2147 2787 2444 2843 tutionibus
2475 2786 2664 2854 plenus
2694 2794 2797 2848 εει,
2839 2786 2938 2838 sub
2979 2798 3204 2856 persona
3245 2787 3762 2856 cauiturjustorutn

2149 2860 2203 2914 in
2235 2859 2558 2928 Babylonica
2587 2856 2894 2925 captivitate
2920 2855 3246 2922 degentium,
3270 2858 3360 2926 qui
3383 2855 3660 2918 misceant
3678 2862 3758 2915 in-

2147 2932 2356 2985 tertium
2389 2944 2550 2985 voces
2577 2928 2775 2997 populo
2809 2929 3190 2984 convenientes
3215 2969 3232 2994 ,
3284 2939 3339 2981 ut
3383 2940 3439 2986 et
3481 2930 3758 2988 humiliter

2146 3009 2431 3067 extaquent
2455 3016 2515 3056 se
2544 3001 2650 3056 reis
2675 3001 2727 3053 in
2753 3000 3090 3054 confessione
3112 2998 3410 3069 culparum,
3437 3011 3496 3064 et
3521 3002 3759 3061 doceant

2147 3073 2248 3128 ista
2273 3075 2346 3127 ob
2378 3072 2630 3128 meritum
2656 3071 2852 3140 populo
2873 3070 3182 3138 contigisse.
3213 3071 3386 3126 Aliter
3410 3087 3516 3129 vos
3551 3076 3758 3132 Christi

463 3166 796 3254 meat;lquia
827 3141 872 3224 si
902 3141 1402 3254 diligant-"auius
1433 3163 1596 3254 ramis
1646 3141 1750 3254 non
1803 3141 2041 3232 pepercit

2157 3145 2215 3200 ad
2245 3143 2459 3200 Patrem
2489 3145 2556 3199 de
2584 3142 2806 3207 Judteis,
2837 3148 2892 3197 et
2924 3142 2990 3196 de
3020 3141 3272 3210 passione
3301 3158 3418 3200 sua.

2715 3234 2870 3254 ﬂ--.
2933 3233 3165 3254 ,μμεμ

464 3245 634 3305 usque
659 3232 786 3305 huc,
809 3251 906 3292 nec
929 3239 1030 3292 sibi
1059 3240 1260 3293 inserto
1283 3237 1519 3291 oleastro
1546 3244 1749 3304 parcet.

540 3303 667 3359 ΙΙωσ
685 3303 917 3374 ειιίἰὶεδ.
947 3309 1132 3365 Merito
1149 3310 1250 3364 hoc
1279 3307 1457 3364 mirari
1486 3303 1767 3371 debemus,
1787 3303 1907 3374 quia
1938 3304 2044 3359 lucc

466 3373 601 3443 di“,
629 3377 678 3448 id
721 3373 822 3446 05f,
850 3379 948 3438 hoc
979 3389 1186 3448 tempus
1215 3377 1314 3440 dis;
1335 3376 1581 3448 ositionis
1608 3373 1861 3448 antiqua),
1894 3391 2048 3448 repa-
2095 3411 2126 3439 ς

463 3447 689 3502 rationis
720 3467 891 3515 nova‘,
928 3446 1193 3506 felicitatis
1241 3460 1476 3511 mternaz,
1508 3446 1573 3500 de
1603 3463 1707 3518 quo
1736 3447 1863 3518 dicit
1906 3446 2048 3515 Apo-

468 3518 638 3593 stolus
672 3537 686 3573 :
720 3519 848 3577 Ecce
902 3539 1035 3576 nunc
1076 3535 1271 3593 tempus
1303 3517 1893 3593 acceptabilc,‘ctc.,_in
1943 3534 2046 3586 quo

471 3587 678 3663 scilicet
709 3600 946 3659 tempore
977 3595 1143 3663 factus
1176 3587 1252 3647 ἐει
1281 3587 1510 3660 Ιιιρίεει)
1534 3589 1918 3663 tedificantibns
1958 3606 2047 3663 re-

473 3659 818 3734 probatus,in
847 3659 997 3732 caput
1018 3665 1215 3734 anguli.
1244 3659 1392 3729 Huic,
1427 3662 1660 3734 inquam,
1686 3662 1791 3716 dies
1827 3670 1898 3734 est
1935 3661 2046 3728 illa,

470 3744 628 3812 guunt
676 3733 843 3789 solam
893 3733 1147 3812 Dominus
1198 3751 1290 3804 per
1340 3733 1717 3812 excellentiam
1748 3733 1864 3802 fecit
1923 3747 1942 3788 .'
1996 3733 2050 3787 et

471 3800 593 3874 ideo
618 3803 667 3856 in
692 3819 752 3856 ea
777 3807 1148 3861 exsultandum
1179 3800 1425 3872 corpore,
1449 3813 1503 3858 et
1530 3800 1812 3858 laniandum
1846 3814 2045 3859 mente.

473 3871 810 3996 gooapropter
851 3891 971 3942 vos,
1003 3892 1035 3931 ο
1058 3871 1338 3932 consortes
1371 3875 1436 3929 de
1467 3876 1659 3942 populo
1689 3891 1830 3939 meo,
1865 3876 1916 3930 in
1951 3875 2049 3931 hac

514 3957 561 3996 te
590 3946 924 3996 exsultenms-
956 3949 1153 3996 bonum
1182 3948 1264 3996 vel
1298 3947 1437 3996 bene
1479 3957 1762 3996 ooerantcs
1793 3949 2046 3996 exterius-

514 3942 561 3996 ie
590 3942 925 4013 abstinemus,
956 3949 1153 4003 bontnu
1182 3948 1265 4001 vel
1297 3947 1437 4002 bene
1479 3957 1762 4015 operantcs
1793 3949 2048 4014 exterius,

467 4022 515 4066 et
549 4015 780 4090 (tutentur
806 4016 944 4090 bene
985 4019 1278 4090 cogitantes
1308 4017 1547 4090 interius.
1582 4016 1688 4090 Nos
1719 4015 1838 4071 dico
1868 4016 2051 4090 dicen-

469 4091 572 4152 ιεε,
594 4101 638 4162 _o
669 4087 905 4162 Domine,
941 4087 1135 4146 saluum
1164 4091 1267 4162 fac,
1311 4089 1360 4144 id
1390 4097 1490 4153 est,
1522 4087 1742 4162 salutent
1775 4102 1931 4162 quam
1965 4089 2049 4143 iti-

469 4158 682 4228 cmpisn
712 4174 955 4232 operare,
975 4165 1028 4218 in
1057 4157 1207 4218 nobis
1236 4162 1452 4232 perfice,
1468 4174 1504 4232 ε
1535 4158 1770 4232 Domine,
1789 4157 1911 4232 bene
1933 4176 2051 4230 pro-

466 4241 700 4307 sperare,
731 4230 920 4307 idest,
965 4230 1277 4302 prosperum
1325 4234 1423 4307 iter
1463 4231 1618 4307 faciat
1648 4231 1804 4307 nobis
1843 4231 1908 4286 de
1924 4232 2054 4307 _lon-

467 4300 662 4368 ginqua
692 4303 914 4370 regione
957 4300 1008 4358 te
1056 4300 1466 4359 revertentibus.
1508 4301 1601 4357 Vel
1654 4301 1811 4356 aliter
1855 4319 1866 4356 :
1916 4300 2053 4358 Bene

471 4383 798 4446 prosperare,
835 4375 896 4446 id
918 4385 1018 4442 est,
1047 4390 1355 4446 prosperam
1387 4384 1442 4428 ει
1497 4374 1630 4429 bene
1681 4373 2052 4442 proficientem

468 4439 561 4521 fac
589 4439 814 4521 Salutem
845 4439 1015 4521 illam,
1047 4439 1203 4515 quam
1234 4439 1749 4521 in_nobis_operaris,
1775 4455 1828 4521 et
1860 4447 1912 4498 in
1946 4446 2052 4521 illis

473 4511 593 4565 aliis
620 4514 827 4582 ovibus,
860 4511 1078 4572 scilicet
1115 4526 1171 4571 ot
1199 4528 1252 4570 et
1280 4515 1393 4570 illas
1419 4511 1670 4581 adducas,
1702 4524 1758 4572 et
1797 4515 1888 4570 ﬁat
1911 4519 2051 4573 ovile

473 4564 1073 4660 ιμιμηί,ξξεῑςι;ιῑ›;έῑδιι
1101 4564 1184 4641 εἰ
1202 4564 1392 4642 sui;
1419 4564 2051 4660 ’ἐι-ῖςῑεέί(ξιῑιςῑέῖάξιέτῑδ
2083 4564 2133 4628 o

476 4653 637 4710 debes
675 4655 824 4729 bene
858 4653 1212 4729 prosperare,
1262 4659 1384 4727 quia
1426 4660 1514 4713 ille
1541 4659 1627 4720 qui
1660 4653 1914 4712 venturas
1945 4653 2048 4728 est,

469 4739 576 4807 non
609 4729 658 4780 in
689 4727 903 4807 nomine
939 4744 1058 4798 suo,
1081 4729 1176 4785 sed
1201 4732 1264 4807 i_n_
1287 4730 1505 4807 nomine
1533 4729 1774 4807 Domini;
1806 4727 2054 4807 quodest

468 4797 651 4870 dicere
684 4815 698 4852 :
729 4799 964 4856 Futurus
1009 4810 1092 4856 est
1142 4801 1356 4870 quidam
1389 4801 1441 4856 in
1493 4804 1717 4870 nomine
1746 4797 1875 4866 suo,
1912 4801 2052 4857 filius

469 4869 678 4924 scilicet
723 4872 1064 4938 perditionis,
1091 4881 1143 4927 et
1161 4869 1481 4926 maledic-tus
1530 4871 1651 4924 erit.
1683 4869 1949 4926 Venturos
1971 4884 2053 4929 est

469 4949 646 4994 autem
674 4942 885 5011 quidam
921 4945 974 4998 in
1001 4944 1214 4998 nomine
1245 4953 1355 5011 tuo,
1387 4943 1590 4998 scilicet
1616 4941 1702 5009 qui
1735 4943 1858 4995 dicit
1886 4960 1898 4996 :
1935 4943 2054 4999 Mea

469 5011 835 5087 doctrinanon
856 5025 928 5087 est
956 5032 1084 5087 mea,
1111 5015 1216 5087 sed
1249 5017 1362 5086 ejus
1389 5016 1474 5087 qui
1503 5014 1636 5087 misit
1664 5029 1740 5066 me
1764 5012 1972 5081 Patris;
2001 5024 2055 5072 ει

470 5080 558 5156 bic
585 5085 686 5138 erit
710 5085 1039 5152 benedicms,
1071 5080 1122 5142 id
1146 5096 1227 5143 est
1245 5080 1488 5156 {magno
1512 5084 1858 5156 incremento
1887 5080 2053 5140 mem-

471 5152 934 5228 brorumidignns.
963 5158 1240 5228 Oportebit
1287 5152 1429 5213 enim
1463 5153 1664 5212 tantum
1708 5167 1868 5225 caput
1898 5172 2052 5226 gros-

471 5235 587 5298 sum
623 5227 818 5283 habere
842 5227 1054 5298 corpus.

544 5293 905 5355 Benediximus
937 5293 1091 5356 uobis.
1127 5298 1493 5369 Easttltemus,
1535 5300 1770 5367 inquam,
1821 5307 1866 5352 et
1917 5299 2056 5354 la'te-

472 5384 606 5433 mur,
639 5371 768 5425 illud
795 5373 1059 5440 dicentes,
1087 5381 1140 5427 et
1171 5372 1271 5426 hoc
1303 5374 1461 5426 etiam
1503 5371 1739 5427 dicentes
1777 5369 1886 5424 illis
1935 5371 2055 5425 aliis

470 5441 657 5494 ovibus
683 5460 694 5494 :
739 5444 844 5498 Nos
871 5446 932 5499 de
960 5445 1107 5499 domo
1137 5443 1366 5508 Domini,
1399 5444 1448 5498 id
1481 5453 1561 5498 est
1581 5486 1596 5509 ,
1633 5459 1728 5498 nos
1757 5443 1842 5510 qui
1870 5457 2054 5496 sumus

469 5512 759 5568 familiares
807 5517 1014 5570 Domini
1067 5531 1160 5583 per
1203 5516 1389 5583 legalia
1420 5524 1473 5570 et
1503 5514 1808 5584 prophetica
1833 5513 2050 5581 scripta,

471 5584 817 5644 benediximus
849 5590 985 5643 vobis
1013 5585 1130 5643 aliis
1159 5587 1346 5642 ovibus
1375 5588 1426 5640 in
1455 5585 1688 5656 patrihus
1720 5585 1937 5648 nostris,
1965 5586 2054 5653 qui

470 5656 573 5713 hac
603 5655 1162 5728 prophetaveront;et
1202 5655 1599 5726 benedice’mus,
1628 5658 1676 5712 id
1721 5669 1821 5722 εει,
1858 5658 2054 5710 bonum

469 5732 714 5794 nuntium
753 5741 1096 5800 apportatous
1127 5732 1278 5785 vobis
1326 5731 1378 5786 in
1426 5731 1577 5786 nobis
1625 5730 1778 5796 ipsis.
1814 5730 1924 5784 lloc
1973 5736 2057 5783 est

455 5803 694 5872 scilicet,
723 5801 976 5859 Dominus
1003 5814 1086 5860 est
1112 5802 1272 5867 Deus,
1298 5801 1350 5858 id
1379 5813 1480 5868 cst,
1501 5801 1824 5872 Redemptor
1854 5810 2056 5866 noster,

465 5883 548 5932 est
574 5889 730 5936 veros
749 5875 912 5936 Deus.
929 5874 997 5935 Ut
1023 5891 1054 5936 ε
1075 5889 1340 5934 converso
1369 5875 1576 5933 scilicet
1605 5874 1744 5932 Deus
1771 5885 1855 5933 est
1882 5875 2056 5931 lactus

2702 3234 2896 3304 Aleph,
2925 3233 3192 3288 doctrina.

2770 3341 3127 3382 EXPLANATIO.

2223 3423 2437 3481 Festive
2465 3421 2754 3496 psalmoet
2805 3421 3103 3496 divinarum
3151 3436 3330 3496 rerum
3398 3425 3581 3482 virtute
3611 3428 3743 3496 ple-

2149 3495 2375 3553 nissimo
2399 3494 2750 3552 desiderabile
2777 3494 2987 3550 alleluia
3019 3495 3385 3562 praemittitur,
3417 3506 3472 3550 ut
3497 3494 3748 3555 meritum

2153 3567 2587 3622 divinicarniiois
2609 3566 2810 3621 honore
2835 3565 2968 3624 tituli
2998 3567 3170 3636 possit
3191 3568 3433 3633 agnosci.
3464 3569 3558 3623 Est
3577 3583 3755 3626 autem

2153 3638 2390 3694 Hebraeis
2415 3637 2692 3694 elementis
2713 3638 2777 3692 ad
2798 3637 2954 3692 rudes
2975 3647 3027 3692 et
3049 3637 3248 3692 dociles
3272 3637 3322 3691 in
3347 3639 3538 3694 scho'a
3553 3641 3756 3698 Christi

2154 3713 2378 3780 populos
2411 3710 2751 3766 instruendus
2782 3711 2870 3762 tali
2903 3707 3092 3780 ordine
3129 3707 3398 3776 depictus,
3430 3723 3490 3764 ut
3521 3715 3592 3767 ab
3618 3729 3751 3769 una-

2152 3779 2361 3850 quaque
2387 3780 2558 3834 littera
2577 3781 2766 3860 octoni
2793 3795 2979 3832 versus
3006 3779 3401 3860 incipiant,_nh_i
3435 3787 3752 3854 mysterium

2154 3849 2282 3919 puto
2304 3851 2731 3917 resurrectionis,
2757 3861 2810 3906 et
2835 3865 2976 3906 vera:
2999 3849 3426 3906 cirmnncisionis
3450 3849 3754 3912 ostensum.

2151 3923 2417 3999 Iosephus
2465 3932 2641 3976 autem
2676 3921 2836 3999 refert
2885 3922 2937 3974 in
2986 3922 3137 3999 libris
3180 3919 3583 3999 ’Δρχωολογίας
3626 3932 3758 3983 hunc

2154 3995 2415 4067 psalmum
2443 4004 2491 4050 et
2529 3993 2879 4067 centesimum
2930 3993 3404 4067 quadragesimum
3446 3993 3712 4066 Quartum
3741 4041 3757 4067 ,

2154 4076 2204 4122 et
2233 4065 2627 4121 Deutcronotnii
2662 4065 2926 4135 cunticum
2958 4065 3195 4132 elegiaco
3229 4078 3400 4135 metro
3432 4065 3560 4123 ease
3608 4065 3756 4125 com;

2156 4137 2378 4207 positos,
2423 4136 2561 4207 quod
2604 4134 2810 4190 scilicet
2838 4135 2984 4204 prior
3017 4151 3203 4192 versus
3232 4134 3322 4191 Sex
3359 4139 3596 4204 pedibus
3626 4159 3758 4197 cou-

2153 4206 2280 4274 SIet.
2322 4216 2376 4262 et
2420 4206 2639 4268 inferior
2663 4222 2774 4266 uno.
2800 4207 2972 4264 minus
3003 4207 3052 4260 in
3086 4217 3481 4276 pentametrum
3520 4212 3757 4268 finiatur.

2156 4279 2260 4335 Per
2303 4287 2470 4336 totum
2519 4278 2780 4347 psalmum
2832 4280 3150 4338 universalis
3199 4291 3510 4344 sanctorum
3563 4286 3758 4340 ςιμπιιε

2155 4351 2410 4420 loquitur,
2442 4351 2532 4416 qui
2563 4349 2630 4403 ab
2662 4348 2810 4402 initio
2841 4351 3020 4403 mundi
3053 4348 3166 4410 sive
3195 4351 3430 4414 fuerunt,
3462 4355 3584 4409 sive
3612 4365 3754 4420 sunt,

2155 4422 2268 4478 sive
2315 4420 2472 4477 futuri
2522 4434 2645 4476 esse
2689 4419 3000 4474 creduntur.
3055 4419 3194 4476 Inter
3223 4438 3356 4492 quos
3407 4419 3755 4492 reperiuntur

2156 4493 2410 4561 apostoli,
2439 4494 2734 4560 prophetae,
2764 4503 3046 4561 martyres,
3079 4493 3417 4548 confessores
3442 4536 3457 4559 ,
3501 4493 3758 4553 ceclesia-

2158 4552 2274 4620 elici
2305 4552 2555 4629 ordines,
2575 4562 2666 4632 qui
2696 4571 2876 4635 sancta
2903 4552 3128 4618 Domino
3153 4552 3458 4635 integritate
3489 4552 3755 4624 famulan-

2157 4645 2262 4692 tur.
2293 4635 2425 4701 Quia
2449 4649 2579 4704 ergo
2606 4636 2658 4687 in
2681 4634 2906 4700 singulis
2934 4635 3228 4704 quibusque
3251 4634 3538 4692 eleineutis
3561 4657 3754 4696 secun-

2153 4707 2278 4762 dum
2311 4705 3020 4782 interpretationemeorum
3042 4705 3237 4782 debeni
3269 4707 3489 4782 intelligi
3521 4727 3648 4782 qua:
3672 4728 3753 4766 se-

2153 4787 2407 4850 quuntur,
2435 4778 2570 4850 bene
2601 4779 2768 4846 prima
2794 4777 2975 4850 littera
3009 4776 3165 4850 aleph
3203 4779 3443 4832 doctrina
3475 4776 3748 4850 inferpre-

2155 4847 2314 4913 tatur,
2350 4849 2399 4904 in
2427 4864 2528 4918 qua
2561 4847 2911 4902 immaculatis
2953 4850 3008 4910 in
3035 4849 3120 4904 via
3147 4847 3356 4905 Domini
3383 4861 3592 4912 aaterua
3621 4847 3752 4910 bea-

2157 4923 2326 4976 titudo
2356 4920 2703 4989 promittitur.

2731 5004 3156 5046 COHIIE'STABIUS.

2227 5087 2372 5140 Beati
2403 5085 2736 5140 immaculati.
2773 5084 3014 5138 Alleluia.
3050 5087 3240 5157 Aleph,
3274 5087 3325 5142 id
3349 5099 3453 5155 est,
3487 5088 3603 5144 haec
3632 5091 3756 5146 laus

2153 5168 2236 5214 est
2265 5159 2331 5212 de
2355 5157 2613 5211 doctrina.
2639 5157 2808 5224 Aleph
2841 5158 2982 5210 enim
3007 5159 3383 5227 interpretatur
3408 5163 3673 5226 doctrina,
3703 5173 3756 5217 ct

2156 5232 2274 5285 ideo
2303 5229 2366 5282 de
2399 5228 2641 5282 doctrina
2665 5269 2679 5292 ,
2733 5229 2852 5294 quia
2898 5229 3135 5293 psalmus
3185 5230 3285 5283 iste
3333 5231 3654 5286 exhortatur
3684 5235 3753 5287 ad

2156 5298 2562 5362 beatitudinem,
2609 5313 2766 5366 quam
2800 5313 2958 5352 nemo
2988 5315 3093 5356 non
3120 5302 3337 5368 appetit.
3368 5306 3571 5357 Umnes
3601 5308 3752 5359 enim

2157 5372 2296 5426 beati
2325 5385 2442 5425 esse
2469 5371 2670 5424 volunt.
2721 5369 2856 5435 Quid
2889 5379 3067 5426 autem
3099 5387 3232 5438 Opus
3259 5384 3341 5428 est
3368 5373 3752 5431 exhortatione

2159 5444 2211 5496 in
2243 5458 2300 5496 re
2328 5457 2484 5510 quam
2514 5449 2701 5510 sponte
2731 5454 2823 5513 sua
2856 5440 3120 5513 humanus
3144 5445 3352 5498 animus
3379 5447 3603 5513 appetit,
3641 5449 3750 5503 nisi

2158 5514 2294 5569 forte
2324 5514 2444 5583 quia
2475 5526 2670 5584 omnes
2691 5511 2904 5581 quidem
2937 5512 3317 5569 beatitudinem
3345 5511 3568 5584 cupiunt
3589 5558 3604 5580 ,
3648 5521 3749 5574 sed

2157 5601 2263 5656 quo
2302 5586 2488 5640 ordine
2516 5583 2589 5656 ad
2625 5583 2766 5656 illam
2812 5585 3154 5652 perveniatur
3177 5628 3192 5652 ,
3228 5583 3440 5654 plurimi
3474 5596 3748 5645 nesciunt.

2161 5654 2392 5724 Ideoque
2435 5657 2533 5710 hoc
2561 5655 2717 5710 ducet
2747 5654 2846 5708 iste
2874 5656 2962 5724 qui
2991 5657 3157 5714 dicit:
3207 5656 3350 5710 Beati
3389 5661 3714 5716 immaculrtti
3733 5703 3748 5724 ,

2158 5741 2262 5802 etc.
2286 5731 2450 5802 Quasi
2479 5728 2616 5802 dicat.
2642 5744 2653 5779 :
2688 5726 2810 5782 Scio
2840 5727 2965 5796 quid
2998 5729 3152 5793 velis,
3183 5730 3570 5787 beatitudinem
3601 5749 3754 5802 quas-

2159 5801 2254 5857 ris.
2283 5798 2423 5870 Ergo
2451 5799 2496 5854 si
2525 5800 2603 5852 vis
2629 5813 2750 5852 esse
2780 5802 2968 5854 beatos
2989 5840 3005 5864 ,
3053 5811 3174 5854 esto
3205 5803 3598 5859 immaculatus.
3619 5798 3754 5861 'lloc

2158 5872 2373 5947 ιιιιίὀο
2400 5884 2607 5940 omnes,
2639 5870 2694 5927 id
2715 5879 2818 5938 eet.
2839 5870 3246 5942 beatitudinem,
3274 5873 3406 5933 illud
3429 5891 3558 5937 vero
3583 5880 3747 5950 pauci
