4006 6364
522 310 661 370 1055

981 307 1186 364 ΒΕυιΕ
1224 304 1675 363 VENERABILIS
1710 303 1860 362 OPP.
1901 300 2076 357 PARS
2110 300 2179 356 ll.
2218 298 2410 357 SECT.
2452 303 2513 358 ll.
2558 331 2625 342 —
2665 298 2868 358 DUBtA
2911 300 3000 356 ET
3041 299 3309 358 SPURIA.

3640 301 3789 362 1056

595 426 805 483 Utinam
831 428 1132 497 dirigantur.
1165 426 1326 492 Quasi
1350 425 1525 479 dicat:
1563 423 1733 497 Yideo
1756 463 1773 488 ,
1820 422 2043 497 Domine
2066 462 2082 487 ,
2114 424 2168 482 Α
2192 422 2258 475 ad
2305 424 2682 493 perliciendum
2714 423 3105 497 mandata_tua.
3135 424 3413 497 illeenim
3458 424 3669 479 merito
3706 443 3792 484 re-

522 514 610 555 me
636 514 807 572 neque
827 514 921 566 per
933 492 1235 572 praecepta,
1258 510 1430 572 neque
1450 510 1543 564 per
1562 494 1784 572 liberum
1809 492 2084 572 arbitrium

521 584 681 639 posse
709 563 937 638 dirigere
951 563 1073 622 ’vias
1104 563 1272 639 meas,
1300 563 1422 634 quia
1452 563 1558 620 non
1589 574 1673 621 est
1699 563 1931 639 hominis
1960 563 2090 617 diri-

520 636 648 711 gere
676 641 788 711 vias
814 636 958 711 suas.
1006 639 1072 693 Et
1102 638 1220 692 ideo
1249 648 1376 707 opto
1406 646 1463 691 ut
1503 651 1597 711 per
1638 636 1859 711 gratiam
1901 643 2044 688 tuam
2069 676 2085 703 ,

520 706 642 781 quae
670 710 781 766 sola
814 710 915 764 hoc
946 718 1200 778 praestare
1229 706 1403 781 potest
1422 749 1450 781 ,γ
1479 708 1768 781 dirigantur
1789 706 1888 781 viai
1925 719 2083 770 mete,

519 778 574 836 id
600 793 699 845 est,
732 796 892 848 opera
920 796 1039 835 mea
1068 782 1135 833 ad
1157 780 1510 834 custodiendas
1524 778 1922 849 justi/icationes
1946 786 2085 849 tuas,

518 852 571 907 id
599 860 704 913 est,
734 847 799 906 ad
833 851 1097 917 implenda
1125 862 1385 919 praecepta
1419 858 1505 903 tua
1526 847 1661 902 'vere
1685 847 2045 919 justilicanda.

591 922 733 977 Tunc
763 938 865 975 non
893 916 1195 992 confundor.
1241 921 1364 975 Ideo
1401 919 1706 992 Optogdirigi
1756 916 1870 972 vias
1916 932 2083 985 meas,

516 993 595 1048 sic
620 1003 680 1048 ut
709 990 1005 1048 custodiam
1040 992 1286 1046 mandata
1320 1000 1424 1044 tua.
1455 990 1587 1057 Quia
1615 1005 1729 1041 cum
1756 1004 2082 1057 perspexero,

517 1064 572 1119 id
602 1074 702 1130 est,
729 1079 851 1117 cum
882 1064 1113 1134 perfecte
1141 1077 1226 1118 me
1254 1064 1402 1130 quasi
1434 1062 1487 1134 in
1517 1060 1737 1129 speculo
1759 1073 2081 1134 cognovero,

516 1135 571 1188 in
593 1128 819 1189 omnibus
850 1128 1106 1187 mandatis
1152 1134 1249 1187 tuis
1272 1128 1614 1186 exercitatus
1638 1172 1653 1196 ,
1698 1140 1817 1182 tunc
1856 1128 2087 1195 amplius

515 1222 616 1259 non
647 1207 935 1273 confundor
966 1206 1047 1260 vel
1078 1218 1139 1258 ea
1170 1203 1519 1273 confusione,
1569 1210 1624 1273 ut
1663 1209 1877 1273 tantum
1894 1200 2083 1273 sciam,

514 1286 569 1331 et
599 1292 701 1330 non
735 1270 941 1341 iaciam,
975 1276 1057 1329 vel
1089 1283 1145 1329 ut
1170 1274 1371 1327 dicatur
1398 1290 1412 1326 :
1446 1271 1548 1325 Hic
1578 1272 1727 1325 homo
1751 1271 1899 1341 ccepi;
1920 1270 2087 1337 (ediﬁ-

514 1364 630 1402 care
652 1390 667 1413 ,
715 1356 761 1400 et
790 1364 890 1401 non
917 1338 1078 1413 potuit
1122 1359 1491 1397 consummare.
1537 1338 1836 1413 Benedic-it
1866 1338 2087 1413 Perspe-

513 1411 661 1483 πει-ο,
685 1421 803 1487 quia
835 1411 1009 1471 divina
1040 1426 1301 1487 praecepta
1323 1456 1338 1476 ,
1367 1414 1479 1468 sive
1504 1428 1636 1487 cum
1680 1411 1947 1487 leguntur,
1975 1412 2088 1464 sive

515 1482 719 1541 cumin
782 1482 1450 1546 memoria—revolvuntur,
1500 1482 1751 1537 intuenda
1784 1489 1907 1536 sunt
1964 1494 2087 1547 spe-

516 1560 714 1622 culum,
746 1559 846 1613 hoc
872 1569 972 1625 est,
1008 1565 1066 1610 ut
1091 1572 1148 1610 se
1179 1556 1367 1624 aliquis
1406 1556 1474 1609 ibi
1507 1562 1797 1619 cognoscat
1829 1551 2086 1625 quemad:

516 1621 731 1683 modum
764 1630 816 1683 in
844 1621 1081 1696 speculo,
1114 1621 1400 1680 attestante
1427 1626 1627 1681 Jacobo
1665 1623 1907 1688 apostolo
1935 1663 1948 1684 ,
1997 1621 2087 1696 qui

513 1700 585 1753 ait
612 1717 627 1756 :
660 1699 717 1755 Si
746 1702 856 1770 quis
874 1694 1077 1753 tantum
1105 1707 1179 1750 est
1199 1697 1583 1770 auditorverbi,
1606 1705 1652 1749 et
1672 1710 1785 1770 non
1802 1698 1979 1770 (actor,
2008 1694 2089 1744 hic

2196 497 2378 561 pulsus
2409 506 2643 564 putatur,
2674 496 2761 563 qui
2791 513 2820 553 a
2855 495 3023 562 gratia
3057 512 3161 549 non
3191 495 3497 564 adiuvatur.

2268 568 2332 621 In
2361 569 2513 622 corde
2536 584 2665 621 meo.
2698 567 2857 633 Quasi
2885 566 3056 621 dicat:
3086 566 3227 622 Vere
3255 578 3304 621 te
3328 568 3617 635 exquisivi.
3647 568 3783 623 Nam

2193 640 2435 694 abscondi
2459 641 2511 693 in
2540 640 2690 694 corde
2712 656 2822 694 meo
2848 639 3048 705 eloquia
3078 648 3184 693 tua.
3229 638 3361 693 Nota
3401 639 3545 704 quod
3578 656 3787 709 praete.

2193 721 2281 779 pta
2312 711 2585 766 Dominica
2612 722 2665 766 et
2690 711 2742 763 in
2771 710 2933 765 corde
2961 720 3083 762 sunt
3112 710 3489 767 abscondenda
3521 752 3537 775 ,
3584 722 3639 766 et
3673 726 3780 765 non

2193 790 2318 836 sunt
2347 781 2745 837 abscondenda.
2783 780 3172 835 Abscondenda
3216 782 3357 835 enim
3388 823 3403 845 ,
3449 791 3503 835 et
3547 781 3783 837 firmiter

2193 853 2246 906 in
2279 853 2440 907 corde
2470 862 2652 907 nostro
2680 850 2959 906 retinenda
3000 862 3123 905 sunt
3151 851 3214 905 ad
3259 861 3498 905 nostram
3545 853 3787 906 aediﬁca-

2193 926 2413 977 tionem.
2447 924 2599 981 Unde
2630 924 2717 977 hic
2744 923 2975 976 dicitur:
3007 922 3273 976 Ahscondi
3320 937 3381 976 ea
3427 923 3493 976 ad
3539 923 3642 976 hoc
3670 965 3688 987 ,
3728 934 3785 977 ut

2191 1010 2293 1048 non
2321 1012 2518 1059 peccem
2546 995 2654 1059 tibi,
2685 994 2735 1049 id
2768 1002 2866 1056 est,
2899 1002 2957 1047 ut
2987 1008 3078 1059 per
3104 993 3427 1047 oblivionem
3463 1009 3571 1047 non
3603 1004 3784 1049 trans—

2191 1067 2404 1135 grediar
2432 1066 2683 1121 mandata
2717 1076 2821 1119 tua.
2859 1064 2973 1117 Non
3005 1076 3180 1119 autem
3212 1074 3335 1118 sunt
3366 1065 3786 1133 abscondenda,

2190 1136 2282 1189 sed
2329 1136 2676 1198 enuntianda,
2727 1151 2794 1190 ne
2841 1136 3124 1189 conservis
3172 1135 3500 1205 denegemus
3555 1136 3785 1200 cibaria,

2190 1208 2313 1273 quia
2338 1208 2577 1274 prmcipit
2603 1207 2705 1261 hoc
2728 1216 3013 1273 utrumque
3038 1206 3344 1273 Apostolus,
3370 1206 3594 1260 dicens:
3624 1206 3791 1261 Corde

2191 1280 2413 1331 creditur
2439 1279 2508 1333 ad
2538 1280 2813 1338 iustitiam.
2855 1292 2941 1330 ore
2978 1290 3147 1331 autem
3187 1277 3434 1341 confessio
3479 1278 3541 1345 ﬁt
3590 1280 3658 1331 ad
3707 1295 3793 1333 sa-

2189 1346 2364 1403 latent.

2260 1420 2563 1475 Benedictus
2587 1437 2655 1477 es.
2691 1420 2922 1474 Domine.
2942 1420 3100 1484 Quasi
3123 1418 3292 1472 dicat:
3311 1417 3443 1485 Quia
3468 1418 3613 1473 adeo
3632 1420 3792 1475 chara

2194 1490 2401 1558 eloquia
2437 1503 2523 1546 tua
2568 1492 2750 1558 habui,
2779 1506 2926 1559 ergo,
2964 1489 3203 1552 Domine,
3238 1490 3360 1542 doce
3402 1505 3485 1542 me
3536 1491 3793 1556 ulterius,

2191 1571 2245 1615 ct
2271 1563 2493 1617 ulterius
2521 1563 2768 1618 insistere
2790 1560 3180 1629 iustiﬁcationes
3207 1568 3339 1624 tuas,
3368 1559 3420 1612 id
3454 1569 3565 1624 est,
3600 1577 3796 1629 pra-ce-

2193 1641 2284 1699 pta
2316 1641 2405 1686 tua
2435 1634 2797 1698 iustiﬁcantia.
2838 1632 2903 1683 Et
2932 1630 3051 1685 ideo
3080 1640 3134 1684 te
3164 1644 3289 1697 rogo
3314 1670 3329 1692 ,
3373 1640 3430 1683 ut
3464 1639 3519 1683 tu
3555 1631 3791 1697 doceas,

2194 1704 2315 1767 quia
2339 1721 2391 1758 es
2416 1705 2725 1766 benedictus,
2755 1703 2805 1757 id
2830 1712 2931 1765 est,
2954 1702 3075 1770 quia
3099 1716 3127 1752 a
3155 1708 3206 1753 te
3229 1700 3475 1765 procedit
3503 1702 3793 1768 multiplex

514 1765 894 1843 comparabitur
930 1772 1038 1843 viro
1083 1768 1422 1843 consideranti
1462 1768 1651 1843 vultum
1682 1765 1955 1843 nativitatis
1983 1778 2085 1843 suae

2202 1765 2524 1840 benedictio,
2550 1775 2601 1829 id
2629 1765 2733 1842 est,
2758 1765 3120 1827 misericordia
3144 1771 3443 1843 multiplex.
3466 1770 3635 1843 Facis
3656 1765 3795 1827 enim

514 1842 567 1893 in
586 1834 811 1909 speculo.
838 1839 1187 1909 Consideravit
1212 1840 1342 1892 enim
1367 1856 1441 1905 se,
1468 1848 1516 1891 et
1540 1838 1683 1902 abiit,
1700 1846 1747 1890 st
1768 1836 1944 1909 statim
1966 1834 2095 1909 obli-

514 1919 594 1964 tus
615 1905 692 1964 est
719 1912 884 1979 qualis
917 1912 1087 1980 fuerit.
1121 1908 1182 1963 Si
1221 1910 1331 1977 quis
1363 1919 1529 1963 autem
1564 1907 1877 1980 prospexerit
1909 1907 1962 1957 in
1991 1905 2098 1980 lege

518 1975 752 2051 perfectae
780 1975 1049 2045 libertatis,
1082 1989 1128 2032 et
1155 1975 1490 2049 permanserit
1517 2021 1533 2046 ,
1566 1975 1683 2051 lnon
1730 1978 1938 2051 auditor
1967 1975 2097 2030 obli-

515 2048 685 2106 viosus
709 2054 893 2121 factus,
926 2052 1013 2105 sed
1037 2048 1203 2120 factor
1232 2052 1417 2120 aperis,
1463 2052 1543 2103 hic
1565 2048 1817 2121 beatus_in
1847 2048 1983 2115 facta
2005 2062 2099 2101 suo

518 2125 633 2176 erit.
659 2119 839 2177 Talem
854 2119 1083 2190 .Spil‘iltts
1112 2124 1305 2190 quaerit
1333 2121 1418 2175 hic
1447 2121 1632 2175 dicens
1658 2136 1672 2172 :
1727 2119 1853 2190 Cum
1883 2133 2097 2190 perspe:

516 2208 660 2260 uero,
695 2203 824 2257 etc.,
858 2188 1081 2259 scilicet,
1107 2188 1200 2261 qui
1231 2207 1333 2246 non
1361 2193 1425 2246 sit
1451 2191 1721 2245 obliuiosus
1751 2189 1977 2257 auditor,
2008 2188 2097 2244 sed

514 2266 678 2334 operis
706 2265 889 2333 factor.
1632 2282 1639 2285 ·

589 2344 876 2414 Conﬁtebor
897 2346 1005 2401 tibi.
1037 2347 1187 2412 Cum,
1220 2347 1455 2414 inquam,
1490 2353 1813 2416 perspexero,
1846 2351 1965 2395 tunc
1985 2357 2096 2416 non

516 2412 823 2482 confundor,
856 2418 949 2471 sed
979 2419 1256 2487 conﬁtebor
1284 2412 1371 2469 tibi
1400 2412 1499 2487 per
1524 2418 1663 2487 bona
1685 2428 1851 2487 opera
1876 2412 2099 2487 indire-

520 2489 685 2540 ctione
705 2490 891 2553 cordis,
920 2489 973 2543 id
1003 2482 1105 2553 est,
1135 2490 1339 2542 directo
1369 2482 1549 2540 corde.
1585 2486 1638 2539 In
1666 2485 1872 2538 directo
1901 2482 2021 2537 dico
2043 2485 2097 2536 in

516 2573 596 2623 eo,
632 2559 681 2611 id
714 2569 813 2625 cst,
845 2575 939 2627 per
965 2559 1017 2614 id
1046 2562 1181 2629 quod
1197 2559 1400 2630 judicia
1420 2558 1789 2630 justititeturc,
1819 2554 1869 2607 id
1900 2564 2001 2619 est,
2027 2568 2097 2630 _ea

513 2638 732 2701 qum_tu
755 2669 769 2693 ,
816 2625 923 2685 non
969 2625 1086 2701 qua:
1132 2625 1433 2701 homines,
1463 2629 1606 2697 juste
1632 2626 1991 2701 judicas‘esse
2022 2625 2098 2679 fa-

514 2695 722 2765 eienda,
754 2701 933 2767 didici,
967 2695 1073 2756 non
1105 2702 1167 2755 ad
1201 2695 1475 2755 sciendum
1500 2740 1513 2763 ,
1556 2695 1648 2752 sed
1677 2696 1741 2749 ad
1772 2695 2092 2750 faciendum.

514 2768 645 2823 Nam
677 2772 824 2838 quasi
855 2773 1039 2826 dicat:
1080 2773 1123 2825 si
1157 2781 1358 2825 tantum
1389 2772 1578 2834 sciam,
1620 2776 1826 2838 etnon
1861 2770 2050 2821 iaciam
2075 2806 2093 2833 ,

519 2854 623 2894 non
652 2841 794 2895 unde
816 2842 1037 2896 laetabor
1066 2841 1270 2896 habebo
1295 2882 1311 2907 ,
1344 2842 1437 2895 sed
1490 2839 1628 2893 unde
1677 2837 1992 2892 damnabor.
2030 2838 2096 2892 Et

520 2910 809 2965 notandum
841 2915 980 2981 quod
1021 2912 1121 2966 hoc
1164 2913 1383 2965 verbum
1412 2951 1427 2976 ,
1477 2910 1634 2962 didici
1663 2947 1679 2973 ,
1704 2909 1884 2981 habet
1911 2908 2012 2981 hoc
2041 2909 2093 2981 in

517 2994 596 3034 se.
618 2981 732 3035 Non
754 2978 893 3036 enim
918 2983 1072 3036 aliter
1099 2998 1223 3037 vere
1245 2982 1470 3045 diceret,
1489 2981 1585 3033 nisi
1613 2990 1664 3032 et
1695 2978 1913 3032 faceret.
1944 2980 2094 3034 Unde

514 3050 770 3106 Dominus
802 3054 853 3107 in
902 3053 1231 3123 Evangelio:
1285 3051 1464 3104 Omnis
1508 3050 1591 3103 oui
1637 3050 1830 3103 audivit
1859 3067 1890 3103 a
1936 3049 2094 3104 Patre

508 3138 638 3188 meo,
668 3133 714 3178 et
739 3124 938 3192 didicit,
967 3127 1097 3179 venit
1125 3126 1190 3177 ad
1211 3138 1309 3177 me.

580 3193 986 3263 Justiﬁcationes
1014 3206 1126 3249 tuas
1146 3194 1448 3249 custodiam.
1480 3192 1791 3261 Conﬁtebor,
1831 3191 2047 3261 inquam
2072 3235 2087 3259 ,

512 3265 624 3334 tibi,
654 3278 708 3321 et
736 3268 1019 3337 custodiam
1033 3266 1431 3337 justi/icationes
1454 3274 1584 3331 tuas,
1616 3264 1668 3318 id
1695 3274 1795 3330 est,
1826 3273 2092 3337 praecepta

516 3347 604 3391 tua
632 3336 999 3407 justilicantia,
1031 3335 1135 3391 non
1170 3348 1274 3390 tam
1303 3337 1560 3391 memoria
1594 3351 1750 3404 quam
1789 3339 1912 3388 vita.
1947 3335 2093 3390 Nihil

514 3408 656 3463 enim
688 3409 861 3473 valet,
903 3410 949 3463 si
982 3418 1186 3462 tantum
1218 3408 1477 3461 memoria
1506 3407 1874 3461 custodiantur
1901 3414 1955 3459 et
1983 3420 2090 3461 non

511 3490 883 3533 exerceantur.
926 3480 992 3533 Et
1028 3488 1085 3533 ut
1117 3479 1413 3534 custodiam
1434 3519 1450 3545 ,
1493 3491 1620 3546 ergo
1646 3518 1660 3541 ,
1693 3477 1916 3531 Domine
1937 3518 1954 3545 ,
1988 3492 2091 3531 non

515 3549 833 3618 derelinquas
862 3568 939 3604 me
966 3566 1059 3620 per
1086 3550 1423 3620 praesentiam
1450 3549 1629 3602 auxilii
1655 3548 1751 3620 tui,
1776 3548 2090 3620 usquedum

514 3622 614 3673 siin
640 3621 928 3675 derelictus
948 3618 1169 3690 quaque,
1201 3620 1374 3688 id,est,
1397 3618 1699 3673 omnimoda
1723 3618 2087 3690 derelictione.

512 3690 647 3754 Quis
691 3700 774 3744 est
804 3689 978 3746 autem
1010 3693 1098 3760 qui
1140 3692 1525 3759 derelinquitur
1556 3690 1859 3744 omnimodo
1889 3689 2088 3745 dereli-

518 3760 738 3814 ctionc?
770 3762 862 3815 Ille
890 3805 902 3825 ,
956 3764 1203 3828 scilicet,
1252 3762 1491 3830 quisquis
1518 3770 1718 3814 tantum
1749 3760 2006 3830 gloriatur
2037 3763 2090 3816 in

509 3845 588 3911 se,
624 3846 726 3883 non
755 3834 807 3885 in
845 3833 1092 3911 Domino,
1122 3833 1207 3888 vel
1238 3833 1329 3902 qui
1355 3834 1553 3888 cadens
1581 3846 1685 3888 non
1718 3834 1964 3901 resurgit,
1993 3831 2088 3887 sed

510 3904 562 3955 in
592 3912 849 3958 aeternum
884 3904 1040 3973 perit.

906 4000 915 4026 ‘
1095 3996 1249 4066 Beth,
1277 3998 1486 4054 domus.

1114 4132 1467 4172 EXPLANATIO.

578 4227 803 4296 Exponit
821 4229 988 4297 ﬁdelis
1011 4230 1228 4299 papulas
1249 4231 1300 4283 in
1324 4230 1637 4284 sermonibus
1661 4226 1890 4297 Domini,
1908 4246 2089 4299 quibus

506 4299 923 4353 delectationibus
954 4304 1251 4369 perfruatur
1278 4345 1293 4369 ,
1329 4304 1592 4355 ostendens
1640 4318 1692 4355 se
1729 4318 1835 4356 esse
1884 4305 2088 4356 domum

509 4369 737 4445 Domini,
771 4382 816 4422 et
842 4372 1215 4445 receptaculum
1244 4375 1601 4426 mandatorum
1626 4377 1759 4442 ejus,
1795 4376 1942 4445 cujus
1970 4390 2086 4445 my-

506 4442 713 4495 sterium
744 4447 967 4495 secunda
998 4442 1165 4496 littera
1194 4445 1441 4497 euntiuet.

1082 4576 1505 4617 COMMENTARIUS.

577 4679 642 4733 In
670 4696 769 4750 quo
799 4680 1026 4749 corrigit.
1056 4681 1217 4747 Quasi
1246 4680 1386 4736 dicat
1413 4700 1424 4734 :
1458 4680 1647 4736 Merito
1674 4681 1959 4736 custodiam
1987 4683 2081 4751 ju-

504 4753 831 4818 stiﬁcationes
863 4761 996 4805 tuas.
1048 4754 1179 4819 Quia
1222 4767 1316 4820 per
1357 4755 1452 4807 has
1479 4753 1771 4807 custoditas
1795 4794 1809 4819 ,
1862 4752 1963 4807 hoc
2001 4762 2083 4808 est

502 4822 643 4891 quod
671 4823 1072 4891 arquipol'lenter
1101 4824 1299 4879 dicitur
1321 4866 1337 4891 ,
1384 4825 1439 4877 in
1468 4824 1797 4878 custodiendo
1826 4840 2081 4880 sermones

504 4904 634 4957 tuos,
667 4896 787 4962 quia
816 4894 953 4947 idem
981 4905 1102 4949 sunt
1130 4910 1426 4960 sermones,
1469 4896 1610 4965 quod
1637 4895 2076 4964 iustiﬁcationes;

503 4980 598 5035 per
625 4966 741 5027 has,
774 4966 1011 5034 inquam,
1042 4967 1249 5036 corrigit
1278 4967 1411 5019 viam
1435 5006 1448 5027 ,
1494 4967 1545 5020 id
1578 4975 1694 5032 est,
1728 4968 1886 5021 vitam
1928 4982 2079 5022 suam

504 5036 895 5101 adolescentior,
940 5036 991 5090 id
1038 5047 1119 5091 est
1146 5077 1161 5102 ,
1208 5040 1380 5090 omnis
1416 5037 1687 5099 pertinens
1718 5039 1781 5091 ad
1808 5038 2080 5106 juniorem

507 5110 780 5177 populum,
808 5122 900 5174 per
917 5106 1185 5177 juniorem
1218 5109 1364 5162 illum
1382 5108 1572 5164 Filium
1597 5109 1953 5176 designatum,
1987 5110 2076 5177 qui

504 5193 786 5248 resurgens
811 5179 863 5231 in
886 5191 944 5232 se
964 5178 1122 5232 dixit:
1149 5179 1374 5249 Surgam
1396 5187 1442 5233 et
1462 5179 1543 5233 ibo
1566 5181 1633 5233 ad
1656 5179 1861 5233 Patrem
1886 5196 2073 5247 meum,

502 5260 606 5303 etc.
636 5250 1043 5305 Adolescentior
1069 5252 1210 5305 enim
1237 5252 1451 5315 dicitur,
1477 5252 1714 5320 quisquis
1744 5259 1919 5317 portat
1945 5251 2077 5305 ima-

502 5320 677 5389 ginem
721 5323 840 5375 novi
874 5320 1124 5382 hominis,
1158 5322 1293 5376 sicut
1320 5330 1374 5376 et
1401 5326 1582 5377 senior
1610 5322 1699 5391 qui
1729 5330 1908 5390 portat
1939 5323 2074 5376 ima-

504 5392 682 5462 ginem
712 5392 923 5446 veteris.
957 5392 1019 5444 Et
1052 5407 1210 5456 vere,
1242 5393 1390 5460 quasi
1410 5394 1596 5459 ,dicat,
1642 5394 1692 5447 in
1725 5393 1807 5447 his
1832 5393 2071 5462 corrigit.

504 5460 636 5515 Nam
668 5463 722 5516 in
749 5478 854 5587 quo
882 5463 988 5517 alio
1016 5464 1336 5533 corrigitur?
1378 5464 1606 5520 Necesse
1653 5464 1831 5534 itaque
1877 5460 1997 5531 est,
2028 5464 2074 5519 si

505 5547 614 5587 nun
650 5535 699 5586 in
731 5549 757 5585 a
786 5536 856 5587 io.
888 5533 1027 5587 quod
1056 5550 1180 5587 vero
1210 5536 1260 5587 in
1295 5535 1378 5587 his
1406 5536 1645 5587 corricit.
1681 5536 1747 5587 Et
1776 5534 1893 5587 ideo
1921 5535 2072 5587 quasi

505 5547 614 5605 non
650 5535 699 5586 in
731 5533 856 5605 alio,
888 5533 1027 5603 quod
1056 5550 1180 5589 verc
1210 5536 1260 5589 iu
1295 5535 1378 5589 his
1406 5536 1645 5605 corrigit.
1681 5533 1756 5591 Et
1776 5534 1893 5590 ideo
1921 5535 2072 5603 quasi

505 5604 681 5660 dicat:
713 5619 746 5657 ο
772 5603 1016 5670 Domine,
1047 5608 1237 5660 merito
1274 5608 1517 5673 exquisivi
1547 5603 1593 5660 te
1621 5607 1673 5661 in
1706 5607 1791 5661 his
1817 5605 2073 5676 justilica-

505 5677 741 5732 tionibus
764 5676 815 5727 in
847 5686 946 5728 toto
972 5677 1125 5730 corde
1151 5693 1284 5745 meo,
1332 5678 1382 5731 id
1427 5688 1531 5747 est,
1559 5688 1665 5732 tota
1692 5679 1980 5733 intentione
2019 5685 2073 5731 et

502 5748 677 5804 anima
710 5760 844 5801 mea.
880 5747 943 5800 Et
969 5749 1085 5820 quia
1110 5748 1392 5820 exquisivi,
1422 5764 1551 5819 ergo
1571 5790 1585 5813 ,
1629 5749 1870 5813 Domine,
1904 5766 1963 5802 ne
1992 5763 2073 5801 re-

500 5820 662 5891 pellas
680 5835 759 5877 me
777 5836 809 5876 a
832 5819 1087 5875 mandatis
1108 5819 1227 5890 tuis,
1253 5819 1309 5877 id
1323 5830 1427 5890 est,
1444 5820 1661 5891 adjuvet
1686 5835 1769 5877 me
1793 5821 1959 5889 gratia
1984 5827 2072 5877 tua

2110 4516 2165 4576 D

2206 1844 2272 1899 de
2303 1855 2582 1913 peccatore
2606 1845 2831 1915 justum,
2859 1843 2925 1898 de
2948 1856 3103 1897 servo
3130 1842 3322 1905 tilium,
3349 1841 3416 1897 de
3448 1842 3719 1898 damnato
3746 1845 3795 1899 in

2204 1928 2426 1985 regnum
2454 1927 2805 1985 assumptum.

2276 1983 2341 2041 1η
2369 1988 2516 2043 labiis
2542 1983 2688 2043 meis.
2720 1986 2879 2053 Quasi
2907 1984 3079 2040 dicat:
3112 1983 3232 2040 Ideo
3253 1983 3421 2039 debes
3454 1998 3546 2040 me
3580 1985 3799 2054 docere,

2203 2061 2325 2127 quia
2368 2074 2468 2128 ego
2515 2074 2619 2114 non
2660 2060 2831 2113 solum
2862 2055 3133 2128 abscondi
3158 2056 3242 2128 ad,
3267 2070 3443 2128 meam
3477 2056 3802 2113 aediﬁcatio-

2204 2126 2347 2197 nem,
2372 2126 2464 2185 sed
2490 2132 2649 2185 etiam
2677 2126 3017 2199 pronuntiavi
3046 2126 3099 2199 in
3122 2126 3277 2199 labiis
3301 2127 3464 2189 meis,
3497 2143 3571 2182 ne
3598 2129 3804 2185 cibaria

2203 2204 2479 2256 conservis
2498 2197 2817 2270 denegarem
2844 2198 3017 2253 omnia
3032 2197 3233 2268 judicia
3254 2199 3358 2251 oris
3386 2200 3488 2252 tui.
3515 2200 3804 2267 Quomodo

2202 2272 2333 2326 dicit
2379 2287 2437 2327 se
2498 2269 2934 2328 annuntiaturum
2983 2270 3160 2323 omnia
3211 2269 3413 2335 judicia
3456 2270 3586 2339 ejus
3616 2314 3635 2335 ,
3688 2288 3803 2328 cum

2202 2344 2489 2412 Apostolus
2519 2344 2691 2400 dicat:
2727 2343 2772 2397 0
2815 2342 3035 2395 altitudo
3078 2341 3375 2412 divitiarum
3413 2342 3721 2411 sapientite,
3761 2355 3805 2399 et

2201 2411 2424 2468 scientia:
2473 2415 2613 2482 Dei,
2663 2431 2814 2483 quam
2846 2411 3384 2483 incomprehensibilia
3432 2423 3558 2464 sunt
3608 2415 3805 2483 judicia

2201 2487 2329 2555 ejus.
2365 2487 2429 2540 Et
2456 2502 2577 2541 cum
2602 2480 2731 2541 alibi
2763 2486 3010 2539 dicatur:
3045 2480 3102 2535 Μ
3110 2482 3215 2555 ulla
3247 2482 3405 2535 habeo
3429 2483 3586 2555 vobis
3609 2480 3802 2553 dicere,

2200 2551 2287 2610 sed
2318 2575 2418 2612 non
2450 2561 2655 2624 potestis
2682 2557 2834 2610 modo
2864 2563 3086 2623 portare.
3112 2551 3217 2607 Sed
3246 2553 3531 2621 quomodo
3557 2557 3670 2613 hoc
3690 2551 3803 2613 esse

2203 2630 2389 2695 possit,
2422 2629 2559 2683 idem
2608 2630 2825 2696 spiritus
2869 2624 3215 2696 propheticus
3265 2625 3636 2696 determinat,
3688 2629 3802 2694 quia

2200 2699 2378 2753 addit:
2416 2698 2535 2754 Oris
2563 2695 2657 2753 tui.
2689 2697 2853 2766 Quasi
2898 2696 3080 2750 dicat:
3116 2695 3208 2749 Illa
3254 2697 3437 2750 omnia
3470 2695 3687 2765 judicia
3722 2710 3798 2753 tua

2200 2784 2303 2823 non
2337 2772 2621 2835 occultavi,
2660 2770 2754 2825 sed
2787 2768 2905 2822 aliis
2934 2767 3283 2831 annuntiavi,
3328 2782 3458 2835 qua:
3511 2783 3579 2822 os
3628 2778 3794 2834 tuum,

2198 2841 2249 2894 id
2279 2852 2383 2903 est,
2416 2843 2582 2912 gratia
2616 2853 2702 2896 tua
2733 2838 2988 2912 revelavit
3014 2838 3167 2912 mihi.
3194 2838 3379 2912 Gratia
3404 2838 3563 2892 enim
3602 2839 3715 2903 Dei,
3736 2855 3794 2897 os

2198 2914 2313 2976 ejus
2346 2909 2464 2968 ideo
2489 2922 2737 2968 vocatur:
2770 2911 2891 2979 quia
2925 2912 3060 2963 sicut
3090 2909 3285 2975 aliquis
3302 2923 3400 2963 ore
3427 2920 3651 2965 secreta
3680 2926 3792 2965 cor-

2196 2983 2277 3107 rbiis
2310 2985 2389 3038 sui
2423 2986 2616 3053 aperit,
2645 2985 2721 3038 sic
2749 2982 2889 3036 Deus
2920 2995 3014 3050 per
3054 2980 3277 3050 gratiam
3322 2990 3545 3035 secreta
3577 2996 3675 3035 sua
3703 2997 3792 3036 no-

2238 3071 2280 3107 ιε
2308 3059 2539 3107 aperuit.

2238 3059 2280 3107 is
2308 3059 2539 3123 aperuit.

2266 3122 2430 3179 Invia
2454 3127 2869 3180 testimoniorum.
2900 3123 3059 3191 Quasi
3085 3122 3227 3176 dicat
3256 3142 3266 3175 :
3295 3122 3423 3176 Ideo
3450 3132 3510 3177 et
3542 3124 3792 3181 abscondi

2194 3206 2245 3251 et
2272 3197 2574 3251 adnuntiavi
2592 3239 2606 3260 ,
2629 3200 2749 3266 quia
2778 3197 3051 3250 delectatus
3073 3210 3182 3247 sum
3206 3198 3255 3246 in
3280 3194 3361 3266 via
3382 3196 3793 3250 testimoniorum

2193 3277 2415 3337 tuorum,
2458 3268 2510 3322 id
2553 3264 2660 3333 est,
2708 3283 2811 3322 nou
2861 3264 3573 3337 delectationemingltiria
3608 3267 3792 3322 mundi

2193 3338 2372 3405 habui,
2402 3332 2496 3393 sed
2527 3339 2701 3393 omnis
2746 3354 2863 3393 mea
2893 3336 3176 3392 delectatio
3220 3334 3321 3388 fuit
3365 3332 3423 3389 in
3463 3332 3699 3401 Christo,
3734 3340 3789 3392 in

2190 3426 2287 3479 quo
2314 3427 2483 3465 omnes
2506 3409 2724 3463 thesauri
2746 3410 3007 3481 sapientia:
3028 3416 3075 3481 et
3098 3407 3324 3459 scientia:
3343 3414 3461 3481 sunt
3474 3405 3782 3476 absconditi,

2191 3478 2277 3549 qui
2310 3482 2428 3535 ideo
2452 3481 2643 3535 dicitur
2673 3481 2755 3533 via
2790 3478 3236 3549 testimoniorum,
3266 3478 3391 3545 quia
3423 3487 3643 3549 testatus
3673 3489 3786 3546 est,

2192 3547 2440 3620 quantam
2490 3552 2827 3606 dilectionem
2880 3550 3021 3604 Deus
3070 3548 3228 3620 Pater
3282 3547 3685 3603 commendavit
3732 3554 3787 3605 in

2191 3618 2363 3686 nobis,
2395 3623 2597 3677 scilicet
2640 3632 2696 3677 ut
2737 3622 2949 3690 proprio
2989 3636 3083 3674 suo
3111 3618 3248 3673 Filio
3291 3633 3401 3671 non
3433 3630 3706 3687 parceret,
3736 3630 3791 3676 et

2190 3692 2432 3748 Christus
2482 3702 2778 3747 moreretur
2807 3708 2906 3762 pro
2955 3692 3150 3760 impiis,
3184 3690 3484 3743 delectatus
3534 3706 3678 3751 sum,
3713 3691 3791 3746 in-

2190 3778 2370 3832 quam,
2419 3765 2470 3819 in
2497 3764 2735 3829 Christo,
2781 3774 2831 3817 et
2883 3765 2983 3816 hoc
3034 3764 3085 3815 in
3133 3762 3545 3832 tantum,_s_icut
3596 3778 3788 3817 avarus

2190 3829 2481 3891 delectatur
2524 3837 2575 3889 iu
2615 3835 2844 3889 omnibus
2885 3834 3091 3886 divitiis.
3138 3834 3271 3898 Quia
3314 3829 3530 3885 scilicet
3572 3845 3787 3903 propter

2191 3907 2409 3961 nimium
2456 3906 2754 3960 divitiarum
2806 3905 3130 3959 desiderium
3166 3917 3386 3972 prorsus
3439 3904 3663 3958 excedit
3708 3921 3788 3960 se-

2191 3977 2386 4048 ipsum.
2438 3980 2530 4032 Est
2559 3987 2733 4031 autem
2766 3975 3199 4048 haecvoxAPauli
3248 3982 3302 4048 et
3331 3973 3570 4048 aliorum
3606 3977 3788 4048 perie-

2190 4043 2395 4103 ctorum
2451 4050 2501 4102 in
2567 4063 2791 4114 corpore
2844 4046 3041 4099 Christi
3105 4059 3225 4099 cum
3275 4043 3396 4113 ipso
3444 4044 3784 4101 dicentium:

2190 4118 2323 4173 Mihi
2364 4122 2490 4174 absit
2530 4119 2738 4188 gloriari
2779 4118 2874 4171 nisi
2917 4118 2971 4170 in
3003 4132 3151 4170 cruce
3189 4114 3403 4169 Domini
3448 4118 3619 4169 nostri
3665 4116 3785 4171 less

2190 4191 2400 4261 Cbristi,
2428 4204 2531 4245 etc.

2193 4256 2328 4333 ’τμη
2352 4256 2603 4315 mandatis
2633 4260 2915 4315 exercebar.
2942 4256 3103 4333 Quasi
3127 4257 3331 4333 diceret
3357 4256 3538 4333 :_Quia
3571 4258 3708 4333 adeo
3734 4260 3783 4315 in

2189 4330 2402 4389 Christo
2447 4333 2739 4388 delectatus
2785 4347 2925 4396 sum,
2972 4330 3091 4383 ideo
3134 4329 3185 4381 in
3230 4328 3492 4381 mandatis
3538 4330 3646 4383 tuis
3693 4345 3781 4398 per

2188 4403 2360 4472 ipsum
2406 4404 2546 4459 datis
2577 4402 2859 4472 exercebar,
2909 4402 2962 4456 id
3000 4408 3101 4463 est,
3132 4401 3360 4472 garriam
3404 4414 3515 4472 non
3575 4410 3777 4455 tantum

2189 4469 2364 4541 dictis,
2396 4478 2487 4530 sed
2517 4484 2568 4530 et
2594 4473 2764 4527 lactis.
2794 4471 3033 4526 Garriam
3064 4471 3204 4541 enim
3236 4469 3395 4525 habet
3418 4469 3527 4523 alia
3560 4473 3779 4525 transla-

2191 4547 2281 4601 tio.
2314 4540 2379 4599 Et
2412 4547 2531 4601 ideo
2560 4546 2886 4599 considerabo
2906 4545 3015 4596 vias
3039 4553 3169 4607 tuas,
3194 4540 3244 4594 id
3269 4550 3371 4605 est,
3403 4554 3629 4609 semper
3657 4552 3778 4597 ante

2183 4619 2367 4672 oculos
2418 4618 2625 4673 habebo
2666 4630 2827 4683 Opera
2878 4624 2985 4668 tua.
3046 4611 3365 4680 Postponam
3414 4623 3613 4683 autem
3665 4616 3775 4668 vias

2183 4703 2349 4752 meas,
2379 4688 2431 4742 id
2455 4699 2556 4753 est,
2587 4682 2746 4751 Opera
2774 4701 2888 4740 mea
2912 4729 2927 4754 ,
2956 4694 3007 4739 et
3033 4698 3136 4736 non
3171 4692 3371 4737 tantum
3398 4682 3581 4753 (quasi
3608 4684 3771 4753 dicat)

2181 4761 2414 4815 exterius
2444 4757 2755 4823 exercebor,
2787 4757 2880 4811 sed
2927 4756 3087 4811 etiam
3121 4754 3341 4808 interius
3389 4755 3683 4808 meditabor
3723 4758 3773 4808 is

2183 4832 2281 4885 tuis
2310 4831 2431 4894 viis,
2458 4830 2509 4883 id
2539 4842 2641 4891 est,
2665 4829 2840 4882 omnis
2867 4826 3114 4897 cogitatio
3146 4840 3264 4879 mea
3294 4823 3394 4879 erit
3424 4824 3477 4878 in
3508 4826 3617 4881 tuis
3648 4842 3775 4895 pra:-

2180 4902 2365 4971 ceptis,
2387 4900 2843 4972 justiﬁcationibus
2884 4913 2904 4953 :
2942 4896 2997 4952 et
3045 4896 3163 4951 ideo
3204 4910 3354 4950 meos
3383 4897 3608 4972 quidem
3660 4912 3775 4951 ser-

2182 4967 2365 5029 mones
2387 4967 2712 5037 tobliviscar,
2749 4982 2860 5025 tuos
2899 4977 3076 5023 autem
3124 4983 3396 5033 sermones,
3428 4967 3482 5023 id
3510 4979 3620 5035 est,
3654 4977 3774 5024 tuas

2175 5044 2580 5116 justilicationes
2610 5059 2710 5097 non
2738 5042 3027 5097 obliviscar.

2534 5157 2707 5215 Gimel
2734 5157 2968 5222 tributio,
3002 5156 3087 5211 vel
3114 5156 3405 5227 plenitudo.

2796 5263 3148 5305 EXPLANA'I'IO.

2248 5343 2479 5399 Postulet
2514 5344 2724 5408 sanctis,
2767 5344 2853 5413 qui
2888 5343 2938 5395 in
2977 5350 3113 5395 terra
3150 5341 3332 5397 incola:
3370 5350 3487 5396 sunt
3509 5381 3524 5407 ,
3554 5342 3773 5396 retribui

2176 5418 2358 5488 gratia,
2383 5432 2535 5486 quam
2572 5416 2623 5469 in
2649 5416 2823 5488 primo
2836 5424 3040 5488 parente
3060 5414 3336 5488 amiserant
3353 5430 3371 5478 ;
3401 5413 3490 5467 sed
3522 5423 3573 5488 et
3595 5429 3770 5483 perse-

2176 5484 2460 5568 cutionibus
2495 5502 2670 5568 eorum
2706 5484 3071 5566 restituendum
3110 5484 3230 5567 dicit
3270 5501 3376 5539 esse
3414 5484 3771 5568 quodoguntt

2182 5558 2302 5613 Ilaec
2347 5575 2465 5630 ergo
2513 5558 2775 5630 retributio
2824 5558 3154 5630 meritorum,
3206 5557 3303 5610 ista
3348 5557 3599 5609 examinis
3635 5557 3771 5627 justi

2178 5628 2435 5699 plenitudo
2467 5630 2625 5684 tertia:
2647 5628 2824 5683 litteris
2856 5628 3059 5681 nomine
3083 5637 3559 5698 prtemonstrantur.

2752 5734 3176 5776 COIIENTARIUS.

2248 5819 2491 5877 Retribue
2542 5834 2686 5875 servo
2730 5825 2837 5873 tuo.
2898 5816 2987 5875 Sic
3034 5816 3380 5874 continuatur
3432 5832 3447 5870 :
3500 5814 3769 5883 Quoniam
