4006 6364
251 347 388 401 1057

926 341 989 397 ΙΝ
1032 342 1448 399 PSALMORUM
1489 340 1743 398 LIBRUM
1788 341 2137 400 EXEGESIS.
2180 371 2249 383 -
2288 336 2534 399 PSALM.
2577 339 2798 398 CXVIII.

3363 339 3505 397 1058

247 463 466 531 quidem
511 470 563 536 _et
590 460 885 536 exercebor
925 468 977 515 et
1010 462 1289 515 meditabor
1317 463 1368 514 in
1380 461 1841 532 justiﬁcatiom'bus,
1861 461 1907 522 Α
1936 463 2220 536 Increpain
2257 462 2517 536 superbos,
2548 469 2602 536 et
2628 475 2732 515 non
2762 460 2930 536 solum
2960 458 3218 536 superbos
3246 457 3368 536 illos
3395 464 3504 536 pri-

246 538 376 601 tuis,
414 532 572 589 nullis
602 533 734 587 meis
760 541 812 586 et
838 531 948 586 vias
980 542 1097 587 tuas
1127 540 1281 599 atque
1310 531 1583 588 sermones
1614 548 1821 603 praepo-

248 622 401 670 nam,
432 618 582 661 meos
611 611 946 672 postponam.
980 603 1118 670 Ergo
1146 604 1361 657 retribue
1390 604 1518 657 mihi
1549 620 1690 657 servo
1713 613 1823 670 tuo,
1866 638 1869 643 ‹

246 687 309 733 et
338 677 461 745 quid
494 684 633 744 petat
663 683 720 728 ut
747 674 1025 737 retribuat,
1056 674 1285 728 ostendit
1325 688 1446 728 cum
1473 674 1648 729 subdit
1678 693 1689 727 :
1730 675 1824 730 Vi-

245 751 295 802 vi
304 750 403 815 [ica
431 764 528 811 me,
552 756 599 800 et
620 746 695 799 sic
720 745 1003 798 custodiam
1029 760 1281 799 sermones
1302 754 1429 798 tuos.
1463 745 1623 811 Quasi
1654 746 1819 801 dicat:

248 818 508 874 Retribue
541 815 669 871 mihi
721 815 916 870 liberto
947 825 1034 869 tuo
1070 825 1315 869 mortem.
1368 816 1603 871 Mortuus
1648 826 1823 871 autem

245 905 360 944 non
381 904 591 957 possum
613 885 878 941 cuStodire
900 900 1172 941 sermones
1202 896 1338 951 tuos,
1367 896 1421 941 et
1442 886 1561 941 ideo
1593 888 1826 942 retribne

248 962 387 1015 inibi
417 960 522 1030 jam
555 958 695 1014 facto
723 971 877 1011 servo
902 966 992 1010 tuo
1022 958 1447 1030 vivilicationem,
1479 967 1524 1010 et
1552 960 1629 1011 sic
1654 968 1825 1011 custo-

248 1029 692 1085 diamsermones
736 1038 849 1081 tuos
898 1042 1001 1082 non
1048 1038 1152 1080 tam
1182 1029 1461 1091 memoria,
1509 1044 1665 1096 quam
1699 1030 1822 1086 vita.

252 1101 428 1172 Rogat
455 1112 628 1155 autem
660 1099 1081 1172 retributionem,
1116 1098 1321 1172 qumlit
1346 1113 1410 1153 ex
1444 1099 1679 1172 indebita
1709 1115 1827 1168 gra-

252 1169 362 1227 tia:
392 1172 625 1239 Quatuor
668 1169 806 1224 enim
851 1178 975 1223 sunt
1018 1169 1408 1223 retributiones.
1458 1169 1572 1223 Alia
1626 1169 1827 1224 bonum

252 1260 353 1315 pro
399 1246 556 1315 bono,
602 1241 700 1315 alia
751 1240 1087 1315 malum_pro
1128 1241 1450 1315 m_alo;_alia
1502 1241 1695 1315 bonum
1728 1255 1822 1308 pro

252 1310 415 1377 inalo,
459 1314 558 1366 alia
601 1311 803 1365 malum
830 1325 922 1378 pro
961 1310 1118 1363 bono.
1168 1310 1234 1363 Et
1259 1311 1441 1379 prima:
1469 1311 1678 1379 quidem
1708 1316 1827 1365 duce

249 1395 375 1442 sunt
392 1384 611 1456 justitiaa
628 1423 641 1446 ,
667 1381 816 1456 tertia
840 1380 1084 1435 indebitae
1104 1381 1305 1449 gratim,
1330 1394 1514 1456 quarta
1539 1397 1698 1449 quam
1723 1398 1825 1435 non

252 1453 409 1510 novit
431 1455 592 1519 Dens,
619 1453 967 1520 malignorum
1024 1461 1224 1504 tantum
1255 1460 1360 1516 est,
1392 1453 1600 1505 tertiam
1648 1462 1826 1507 autem

253 1529 400 1582 novit
431 1526 601 1588 Deus;
651 1524 771 1591 quia
801 1523 844 1575 si
872 1537 975 1576 non
1006 1521 1141 1575 bona
1170 1537 1265 1590 pro
1308 1523 1461 1576 malis
1488 1523 1824 1591 retribueret,

251 1614 362 1651 non
393 1606 533 1651 esset
560 1594 645 1648 cui
676 1595 811 1647 bona
838 1608 931 1662 pro
960 1592 1116 1647 bonis
1146 1602 1596 1662 recompensaret.
1639 1594 1705 1646 Et
1734 1609 1828 1646 no-

255 1670 499 1735 tandum,
530 1665 652 1735 quia
698 1679 803 1718 non
842 1664 1058 1717 omnino
1102 1672 1343 1717 mortuus
1386 1663 1487 1735 iste
1531 1672 1663 1718 erat.
1712 1663 1827 1717 .lam

253 1742 400 1793 enim
433 1737 637 1791 initium
684 1735 817 1789 bona
866 1735 1305 1802 concupiscentia;
1354 1734 1600 1799 habebat,
1633 1734 1721 1803 qui
1752 1734 1830 1787 vi-

1927 551 2044 593 mos
2071 531 2375 604 iiicrepasti,
2409 532 2503 587 sed
2532 531 2691 604 etiam
2734 531 2993 585 maledicti
3012 540 3135 584 sunt
3162 533 3407 604 exemplo
3436 534 3505 588 il-

1928 610 2120 671 lorum,
2151 606 2199 659 id
2224 602 2327 668 est,
2360 611 2530 675 morte
2559 603 2791 675 damnati
2822 612 2957 675 sunt
2972 616 3159 658 omnes
3192 602 3266 657 illi
3293 605 3382 674 qui
3411 619 3507 675 per

1927 677 2226 748 superbiam
2256 674 2516 728 declinant
2542 690 2574 748 ᾳ
2604 674 2856 748 mandatis
2883 673 3004 748 tuis.

2000 742 2154 815 Aufer
2192 765 2225 801 a
2263 762 2340 800 me
2378 744 2724 815 opprobrium.
2752 745 2909 812 Quasi
2942 744 3118 799 dicat:
3153 742 3223 800 Ut
3267 760 3368 815 ego
3397 763 3502 804 non

1928 814 2213 882 declinem,
2239 818 2378 880 ideo,
2400 814 2642 880 Domine,
2665 817 2811 885 aufer
2832 831 2863 867 α
2888 831 2967 869 me
2981 814 3505 886 opprobrium’etcon-

1928 899 2192 959 temptum.
2223 888 2274 941 id
2306 895 2407 951 est,
2434 900 2647 941 remove
2675 902 2703 959 a
2735 902 2819 959 me
2848 902 3005 959 omne
3050 888 3243 959 iactum
3285 888 3500 957 dignum

1929 956 2214 1031 opprobrio
2242 968 2295 1013 et
2310 965 2643 1031 contemptu.
2669 957 2819 1031 Quod
2847 956 3009 1011 debes
3040 958 3381 1031 lacere,quia
3406 976 3505 1028 ego

1926 1028 2173 1096 estquisivi
2208 1029 2490 1083 testimonia
2528 1037 2643 1093 tua,
2682 1028 2730 1081 id
2760 1037 2858 1092 est,
2892 1043 2956 1081 ett
2986 1037 3094 1083 toto
3123 1030 3286 1084 corde
3337 1031 3503 1086 institi

1930 1110 2190 1171 prmcepta
2221 1112 2340 1165 tua,
2369 1100 2530 1153 etiam
2557 1113 2721 1167 usque
2763 1098 2828 1171 ad
2856 1098 3165 1171 ell‘usionem
3194 1103 3503 1171 sanguinis;

1928 1169 1981 1228 et
2011 1174 2111 1226 hoc
2141 1170 2207 1224 de
2237 1185 2323 1224 me
2366 1183 2471 1224 non
2509 1170 2838 1238 prrcsumpsi,
2870 1169 2964 1225 sed
2996 1180 3146 1224 extra
3174 1170 3416 1236 quasivi,
3453 1174 3502 1227 id

1929 1252 2027 1299 est.
2058 1241 2308 1296 auxilium
2355 1254 2384 1293 a
2410 1240 2575 1308 gratia
2623 1240 2910 1307 postulavi,
2959 1240 3039 1294 vel
3087 1241 3241 1296 aliter
3275 1260 3285 1294 :
3320 1241 3507 1298 Solent

1928 1314 2256 1368 declinantes
2301 1325 2329 1363 a
2358 1310 2619 1364 mandatis
2663 1311 2832 1365 servis
2864 1310 2953 1365 Dei
2978 1312 3324 1380 exprobrare,
3359 1315 3501 1377 quod

1929 1383 2152 1439 credant
2182 1382 2233 1436 in
2262 1382 2593 1444 cruciﬁxum,
2619 1388 2672 1435 et
2700 1381 2922 1435 adorent
2952 1378 3234 1447 mo'rtuum,
3270 1378 3323 1437 et
3353 1384 3503 1439 simio

1932 1455 2019 1508 lia.
2052 1455 2117 1509 Et
2157 1454 2277 1508 ideo
2303 1460 2452 1523 r0gat
2481 1452 2579 1525 iste
2607 1452 2945 1525 opprobrium
2976 1452 3193 1516 auferri,
3230 1468 3333 1509 non
3363 1456 3502 1525 quod

1931 1525 2147 1592 deputet
2192 1521 2401 1591 poenam
2453 1521 2593 1576 unde
2640 1522 2913 1576 habiturus
2959 1536 3039 1576 eSt
3087 1521 3502 1589 coronamfsed

1930 1592 2449 1650 commiserescendo
2471 1593 2677 1658 talium,
2701 1594 2793 1645 sed
2822 1594 3252 1662 exprobrantium
3277 1604 3424 1663 optat
3451 1604 3509 1651 ut

1935 1674 2329 1730 convertantur,
2356 1674 2408 1717 et
2436 1663 2577 1717 idem
2606 1665 2944 1731 opprobrium
2977 1663 3044 1717 ab
3074 1664 3190 1718 aliis
3219 1668 3507 1733 patiantur,

1932 1736 2116 1791 dicens
2162 1736 2231 1789 ita
2265 1752 2277 1787 :
2322 1735 2483 1807 Aufer
2521 1750 2551 1786 a
2594 1750 2671 1787 me
2714 1734 3042 1807 opprobrium
3084 1744 3138 1807 et
3169 1746 3512 1807 contemptum

254 1819 365 1863 tam
397 1805 709 1863 obedientiae
734 1804 967 1875 rogabat.
999 1805 1079 1858 Ad
1109 1806 1267 1858 vitam
1293 1805 1487 1873 quippe
1517 1805 1832 1859 obedientite
1863 1813 1911 1873 B
1935 1807 2105 1869 illum,
2140 1821 2295 1874 quem
2324 1806 2514 1874 patior,
2545 1813 2823 1869 propterea
2852 1806 2969 1872 quia
2990 1806 3237 1875 exquisivi
3282 1804 3509 1861 testimo-

255 1881 510 1950 pertinet,
540 1876 679 1950 quod
708 1875 834 1950 dicit
858 1893 870 1926 :
904 1873 1115 1943 Viri/ica
1141 1891 1240 1942 me,
1262 1885 1308 1928 et
1333 1875 1613 1950 custodiam
1640 1891 1833 1929 sermo-

254 1946 349 2004 nes
374 1960 505 2003 tuos.
537 1949 667 2015 Quia
691 1946 837 1999 videt
862 1954 1038 1999 autem
1078 1962 1183 1999 non
1211 1959 1371 2013 posse
1395 1946 1602 2013 impleri
1630 1961 1835 1999 sermo-

256 2038 357 2075 nes
407 2035 497 2089 per
535 2016 909 2089 obedien_tiam_,
941 2016 1040 2089 nisi
1071 2017 1347 2089 videantur
1394 2030 1490 2085 per
1533 2016 1833 2089 intelligent

258 2084 418 2154 tiam,
443 2098 561 2143 orat
586 2097 639 2142 et
662 2087 789 2140 dicit
823 2104 835 2138 :
867 2084 1073 2151 Revela,
1110 2086 1349 2150 Domine,
1380 2084 1551 2140 oculos
1593 2084 1750 2151 meos,
1783 2087 1836 2141 id

256 2173 365 2225 est,
399 2160 637 2214 lllumina
663 2156 789 2212 mihi
818 2171 911 2225 per
940 2156 1377 2210 illuminationem
1405 2157 1587 2226 gratia:
1618 2158 1838 2212 interio-

258 2248 351 2288 res
386 2232 587 2297 oculos,
642 2239 687 2281 et
730 2227 977 2282 revelatis
1007 2228 1172 2281 oculis
1203 2227 1530 2281 considerabo
1578 2226 1838 2282 mirabilia

262 2303 602 2373 procedentia
626 2299 687 2352 de
709 2300 929 2373 legetua
962 2298 1211 2373 impleta,
1223 2297 1426 2373 scilicet
1450 2298 1589 2373 qpod
1620 2299 1687 2373 de
1718 2314 1836 2373 pec-

182 2384 185 2385 '
259 2367 535 2430 cateribus
563 2370 694 2425 tiunt
717 2367 867 2439 justi,
895 2370 959 2423 de
989 2371 1157 2423 servis
1184 2368 1295 2433 lilii,
1324 2378 1427 2422 etc.
1461 2367 1553 2439 Vel
1584 2368 1838 2423 mirabilia

262 2442 601 2514 procedentia
630 2442 691 2495 de
722 2438 830 2514 lege
867 2448 974 2514 tua,
1010 2440 1110 2514 hoc
1147 2448 1225 2494 est
1256 2438 1515 2514 mirabilia
1545 2454 1661 2506 quae
1690 2440 1838 2514 jubet

265 2510 353 2571 lex
402 2523 506 2578 tua,
553 2512 692 2568 sicut
740 2510 979 2565 inimicos
1022 2510 1263 2581 diligere,
1291 2518 1345 2565 et
1390 2510 1527 2564 bona
1558 2520 1654 2578 pro
1682 2511 1838 2565 malis

262 2599 579 2656 repensare,
605 2591 659 2637 et
687 2582 900 2656 similia.

342 2649 522 2710 Incola
542 2649 679 2725 ergo.
707 2651 1031 2725 Quasidicat
1058 2668 1072 2703 :
1097 2649 1282 2706 Merito
1310 2651 1469 2725 debes
1498 2650 1625 2705 milii
1654 2651 1837 2707 oculos

263 2727 527 2791 revelare,
573 2721 693 2795 q'uia
742 2721 977 2795 concivis
1022 2732 1140 2795 tuus
1174 2738 1326 2795 sum.
1370 2721 1501 2795 Nam
1531 2738 1620 2792 ego
1642 2738 1755 2775 sum
1784 2725 1836 2777 in

267 2799 371 2852 hac
419 2808 549 2851 terra
590 2792 697 2850 non
749 2794 976 2859 nativus,
1027 2792 1119 2847 sed
1164 2794 1352 2858 incola,
1407 2793 1455 2846 id
1487 2803 1567 2846 est
1613 2794 1834 2849 advena.

264 2870 467 2924 Omnes
514 2868 656 2922 enim
703 2865 790 2933 qui
838 2865 901 2917 ad
948 2863 1195 2932 populum
1228 2864 1318 2917 Dei
1370 2865 1653 2932 pertinent,
1697 2874 1750 2921 et
1793 2868 1835 2920 si

267 2953 497 3007 corpore
544 2936 773 2991 incolant
822 2943 1035 3000 terrain,
1070 2944 1246 2991 mente
1292 2938 1342 2990 in
1389 2937 1695 2992 caelestibus
1743 2938 1835 2989 ba-

266 3011 483 3065 bitant:
532 3008 656 3077 quia
694 3014 867 3061 nostra
903 3008 1213 3061 conversatio
1256 3008 1309 3060 in
1348 3008 1483 3061 caelis
1521 3018 1612 3071 est,
1660 3015 1715 3061 ut
1763 3008 1839 3061 ait

268 3080 578 3149 Apostolus.
609 3080 673 3135 Et
700 3079 817 3134 ideo
847 3094 949 3133 non
980 3078 1119 3132 cives
1150 3087 1270 3132 sunt
1300 3080 1402 3145 hic,
1430 3079 1523 3133 sed
1559 3078 1831 3147 inquilini:

269 3153 394 3222 quia
426 3167 529 3206 non
556 3152 641 3206 hic
683 3159 981 3222 manentem
1020 3149 1286 3222 civitatem
1328 3164 1392 3222 se
1430 3150 1642 3222 habere
1666 3149 1831 3222 depu-

271 3218 409 3287 tant,
454 3222 547 3277 sed
591 3223 861 3289 inquirunt
906 3220 1148 3274 futuram.
1204 3219 1263 3272 Et
1310 3220 1428 3288 quia
1474 3218 1646 3291 (quasi
1670 3218 1831 3289 dicat)

273 3310 382 3347 non
424 3294 571 3359 civis,
620 3293 714 3346 sed
757 3292 923 3345 incola
969 3291 1020 3343 in
1058 3300 1192 3343 terra
1233 3290 1561 3360 sum:ergo,
1594 3290 1837 3357 Domine,

273 3381 379 3418 non
422 3364 699 3418 abscondas
745 3378 779 3415 a
807 3378 885 3415 me
928 3363 1167 3414 mandata
1208 3371 1312 3415 tua.
1362 3360 1636 3426 Quomodo
1663 3373 1839 3413 autem

272 3444 428 3497 rogat
475 3437 718 3490 mandata
764 3433 867 3485 sibi
926 3447 1028 3486 non
1072 3432 1346 3493 abscondi,
1393 3444 1512 3498 quae
1552 3439 1675 3484 nota
1719 3442 1841 3484 sunt

273 3507 543 3572 omnibus,
576 3506 696 3575 quia
724 3503 1228 3575 etiatninlldelibus.
1279 3502 1413 3575 Quid
1442 3502 1581 3554 enim
1614 3501 1750 3554 inter
1780 3501 1841 3554 li-

273 3577 423 3630 deles
450 3571 623 3630 notius
649 3590 803 3644 quam
821 3573 997 3641 diliges
1014 3571 1284 3644 Dominum
1303 3571 1467 3644 Deum
1497 3581 1720 3644 titantem;
1739 3579 1841 3644 toto

274 3647 427 3699 corde
452 3656 567 3711 tuo,
606 3641 968 3713 et'proximum
1008 3652 1149 3695 tuum
1187 3643 1314 3695 sicut
1356 3651 1403 3694 te
1446 3642 1651 3707 ipsum?
1691 3641 1842 3709 Quod

274 3716 579 3786 aequipollet
615 3717 714 3780 illi,
749 3714 895 3780 Quod
936 3715 1022 3766 tibi
1049 3714 1287 3786 _nongﬁeri
1307 3714 1402 3776 vis,
1431 3714 1520 3765 alii
1559 3728 1619 3764 ne
1642 3714 1839 3781 feceris.

275 3783 474 3841 Et‘stat
514 3788 653 3853 ideo,
686 3786 823 3855 quod
867 3787 1002 3853 apud
1045 3783 1283 3838 intideles
1325 3786 1497 3855 etiam
1521 3791 1702 3836 notum
1750 3785 1837 3849 sit,

273 3865 335 3913 et
382 3857 580 3911 utinam
632 3852 735 3910 tam
787 3852 965 3909 multis
1011 3854 1253 3908 tnandala
1304 3857 1410 3907 sint
1454 3852 1635 3919 chara,
1683 3869 1840 3922 quam

276 3928 460 3983 multis
486 3936 606 3983 sunt
638 3926 778 3980 clara
811 3942 829 3979 :
856 3927 978 3996 quia
1019 3924 1241 3979 fortasse
1285 3925 1403 3979 ideo
1440 3936 1589 3993 rogat
1615 3940 1719 3978 non
1749 3924 1843 3979 ab-

275 4000 482 4065 scondi,
507 4003 628 4068 quia
648 3997 862 4051 difﬁcile
880 4007 963 4051 est
983 3997 1156 4068 Deum
1168 4010 1507 4065 cognoscere,
1531 4010 1687 4068 quem
1717 4008 1843 4068 con-

275 4066 629 4137 sequens‘est
664 4069 719 4122 in
759 4068 884 4136 ipsis
928 4066 1190 4121 mandatis
1233 4068 1454 4136 diligere
1501 4077 1555 4121 et
1603 4066 1844 4121 invenire

276 4136 439 4208 longe
460 4140 754 4209 cognitione
784 4136 1006 4206 proximi
1036 4138 1466 4193 manifestiorem.
1502 4138 1634 4191 Cum
1665 4145 1841 4191 autem

278 4210 498 4265 dil‘ticile
527 4212 595 4266 sit
619 4223 933 4279 quemquam
962 4209 1195 4277 seipsum
1223 4218 1277 4262 ut
1297 4210 1457 4263 debet
1498 4222 1841 4277 cognoscere,

280 4283 548 4349 quomodo
583 4278 673 4350 qui
710 4294 814 4334 non
852 4281 1121 4349 cognoscit
1161 4279 1418 4349 seipsnm,
1444 4278 1623 4349 diliget
1665 4282 1841 4347 proxi-

284 4366 430 4405 mum
460 4360 707 4418 tanquam
736 4350 1005 4420 seipsnm?
1042 4360 1361 4420 quapropter
1390 4360 1539 4420 rogat
1574 4352 1840 4415 mandata,

283 4437 402 4492 qua:
444 4424 774 4492 aliquatenus
822 4420 1058 4475 sciuntur
1103 4436 1209 4474 non
1257 4421 1527 4484 abscondi,
1576 4432 1632 4474 ut
1678 4422 1847 4490 magis

284 4492 559 4563 magisque
600 4494 855 4555 sciantur,
906 4502 979 4563 ut_
1006 4506 1064 4545 se
1111 4494 1280 4563 ipsum
1330 4501 1634 4560 cognoscat,
1679 4500 1734 4563 et.
1769 4494 1847 4545 sic

285 4561 580 4632 proXinium
612 4572 856 4630 tanquam
885 4575 943 4615 se
970 4561 1139 4629 ipsum
1164 4561 1363 4629 diligat,
1393 4577 1487 4629 per
1514 4561 1848 4617 dilectionem

287 4634 513 4703 proximi
538 4636 603 4687 ad
634 4633 966 4688 dilectionem
994 4632 1088 4687 Dei
1114 4633 1384 4687 ascendat.

358 4703 651 4774 Concupivit
679 4704 849 4756 animo
874 4718 1005 4757 mea.
1052 4705 1212 4770 Quasi
1240 4704 1381 4757 dicat
1422 4719 1437 4756 :
1469 4702 1591 4757 Ideo
1620 4718 1722 4757 non
1752 4703 1848 4760 de-

284 4775 382 4830 bes
406 4777 732 4831 abscondere
777 4790 807 4827 a
850 4789 935 4828 me
960 4775 1205 4828 mandata
1235 4783 1343 4839 tua,
1371 4775 1489 4843 quia
1531 4776 1701 4828 anima
1741 4791 1851 4829 mea

285 4849 565 4917 concupivit
612 4846 913 4910 desiderare,
944 4846 996 4898 id
1038 4853 1160 4909 est,
1208 4846 1697 4917 desiderantemid
1748 4857 1849 4912 est,

289 4918 407 4986 plus
448 4916 643 4988 quam
726 4918 935 4986 aliquod
996 4916 1138 4971 aliud
1200 4916 1413 4988 cupivit
1464 4916 1851 4983 iustificationes

286 4998 420 5054 tuas,
456 4987 514 5042 id
544 4999 645 5058 est,
678 4998 940 5057 pracepta
973 4998 1059 5041 tua
1099 5001 1222 5042 vere
1255 4987 1593 5058 justiticautia
1620 5027 1635 5049 ,
1667 4996 1722 5041 et
1752 4989 1852 5041 boc

288 5060 344 5139 in
383 5061 518 5114 omni
556 5057 795 5129 tempore,
828 5061 879 5112 iu
907 5067 1009 5125 est,
1038 5058 1090 5113 in
1116 5057 1437 5113 adversitate
1463 5067 1516 5111 et
1546 5060 1597 5112 in
1630 5071 1851 5125 prospe—

287 5140 461 5186 ritate.

360 5200 660 5271 Increpasti.
688 5200 845 5268 Quasi
871 5200 1011 5255 dicat
1040 5214 1053 5253 :
1084 5200 1306 5266 Propter
1330 5200 1430 5254 hoc
1459 5200 1651 5255 merito
1676 5198 1853 5254 anima

288 5287 406 5328 mea
435 5273 797 5328 desideranter
842 5272 1038 5341 cupivit
1080 5271 1484 5340 justiticationes
1516 5280 1630 5325 tuas
1662 5288 1673 5321 :
1705 5274 1851 5341 quia,

291 5343 346 5398 id
374 5354 477 5410 est,
509 5359 613 5398 non
642 5344 1005 5399 desideranter
1031 5342 1485 5409 concupiscentes,
1515 5342 1609 5395 sed
1639 5356 1730 5409 per
1760 5356 1854 5395 su-

292 5415 528 5483 perbiam
577 5415 903 5483 negligentes
952 5412 1154 5466 duriter
1222 5412 1525 5478 increpasti.
1586 5412 1855 5478 Superbos

290 5496 444 5537 vocat
474 5495 716 5554 parentes
749 5486 965 5552 primos,
994 5483 1084 5552 qui
1128 5497 1231 5537 non
1263 5497 1355 5550 per
1382 5483 1740 5554 inﬁrmitatem
1773 5484 1853 5537 vel

290 5551 659 5624 ignorantiam,
707 5551 798 5610 sed
844 5569 937 5623 per
975 5551 1273 5621 superbiam
1324 5553 1571 5605 mandata
1620 5551 1713 5605 Dei
1758 5568 1855 5607 ne-

288 5630 584 5694 glexerunt.
628 5628 698 5683 De
727 5628 828 5683 hoc
873 5624 1012 5677 enim
1041 5633 1511 5692 praesumpserant,
1541 5624 1659 5692 quia
1689 5637 1719 5675 a
1744 5638 1855 5677 ser-

291 5706 448 5765 pente
478 5698 693 5763 dictum,
723 5697 876 5750 Eritis
895 5696 1021 5749 sicut
1042 5696 1136 5762 aii,
1160 5704 1215 5748 et
1241 5696 1368 5748 dum
1394 5710 1549 5763 supra
1583 5708 1642 5747 se
1663 5708 1856 5747 cuneu-

295 5770 519 5833 pierunt,
562 5769 614 5821 id
661 5780 763 5835 est,
811 5769 949 5837 quod
1000 5774 1317 5833 acceperant
1362 5768 1502 5835 juste
1545 5765 1852 5837 amiserunt,

291 5840 411 5905 quia
443 5851 612 5895 morte
652 5834 885 5894 mulctati
929 5844 1087 5902 sunt;
1131 5844 1185 5891 et
1229 5837 1328 5890 hoc
1366 5834 1463 5892 est
1507 5834 1649 5905 quod
1693 5837 1849 5890 ditit:

1937 1879 2025 1931 uia
2047 1887 2169 1941 tua;
2216 1878 2317 1930 hoc
2340 1883 2440 1938 est,
2472 1875 2591 1941 quia
2617 1874 2778 1928 dilexi
2825 1874 3078 1945 inartyria
3114 1883 3199 1928 tua
3230 1887 3283 1931 et
3310 1893 3511 1945 praece-

1977 1956 2026 2001 ta
2053 1955 2163 2013 tua,
2193 1946 2382 2016 quibus
2408 1952 2625 2016 testatus
2655 1960 2712 1999 es
2735 1952 2983 2013 quantam
3010 1946 3346 2002 dilectionem
3371 1947 3512 2004 Deus

1981 2028 2097 2072 ater
2124 2015 2459 2071 commendat
2489 2015 2542 2069 in
2572 2016 2744 2070 nobis.

2009 2088 2214 2142 Etenim
2272 2086 2528 2159 sederunt.
2586 2084 2721 2140 Vere
2778 2086 3063 2159 testimonia
3108 2096 3197 2159 tua
3242 2089 3510 2159 exquisivi,

1938 2159 2060 2228 quia
2102 2172 2200 2212 nec
2242 2158 2419 2211 animo
2448 2164 2666 2225 pr0pter
2701 2171 2853 2225 reges
2879 2158 2959 2209 vel
3002 2158 3255 2224 praesides
3303 2158 3363 2213 ea
3413 2175 3509 2216 ne-

1938 2227 2076 2298 gavi,
2104 2243 2135 2283 a
2162 2228 2352 2297 quibus
2392 2227 2723 2298 multamala
2756 2228 2963 2298 pertuli.
2999 2228 3128 2281 Nam
3156 2229 3405 2297 principes
3432 2248 3512 2285 se-

1938 2296 2149 2364 derunt,
2184 2296 2245 2353 id
2270 2306 2371 2358 est,
2415 2297 2467 2350 iti
2515 2296 2967 2369 tribunitiagsede,
3010 2314 3074 2352 ex
3105 2314 3251 2369 mora
3292 2296 3349 2354 et
3388 2301 3509 2357 luna

1937 2383 2123 2425 contra
2159 2384 2245 2423 me
2270 2378 2514 2437 egerunt,
2556 2378 2606 2421 et
2636 2367 2963 2434 loquebantur
2993 2367 3257 2423 adversum
3298 2388 3377 2425 me
3406 2387 3513 2427 non

1939 2448 2143 2495 tantum
2172 2439 2346 2503 dictis,
2376 2438 2469 2492 sed
2504 2439 2833 2507 gravissimis
2876 2450 3278 2495 tormentorum.
3325 2442 3515 2497 Servus

1937 2520 2109 2565 autem
2144 2520 2279 2575 tuus,
2310 2510 2360 2563 id
2392 2520 2503 2573 est,
2534 2524 2633 2580 ego
2660 2523 2762 2563 non
2810 2511 2929 2564 ideo
2956 2510 3147 2574 deieci,
3176 2512 3268 2566 sed
3298 2527 3514 2570 exerce-

1939 2582 2035 2636 bar
2062 2596 2273 2648 semper
2301 2581 2354 2633 in
2376 2580 2828 2649 justiﬁcationibus
2872 2582 2970 2634 tuis
3015 2581 3291 2647 faciendis,
3326 2592 3380 2636 et
3422 2599 3517 2640 an-

1938 2653 2262 2707 nuntiandis.
2309 2651 2375 2705 Et
2410 2666 2535 2706 vere
2575 2652 2746 2720 (quasi
2789 2652 2950 2720 dicat)
2992 2652 3284 2707 exercebor
3328 2652 3381 2707 in
3410 2654 3511 2711 bis.

1937 2724 2068 2780 Nam
2095 2733 2147 2777 et
2167 2724 2473 2779 meditando
2496 2732 2549 2777 et
2572 2722 2899 2777 consulendo
2925 2740 2936 2774 :
2966 2723 3065 2776 hoc
3088 2732 3170 2777 est
3189 2723 3329 2791 quod
3351 2723 3508 2779 dicit:

1939 2795 2080 2849 Nam
2107 2806 2151 2849 et
2174 2795 2431 2848 nteditatio
2454 2809 2583 2857 mea,
2609 2793 2894 2845 testimonia
2923 2802 3031 2858 tua,
3056 2802 3102 2846 et
3124 2794 3515 2861 iustiﬁcationes

1939 2874 2040 2921 tua:
2073 2875 2195 2921 sunt
2230 2864 2499 2918 consilium
2534 2878 2718 2917 meum.
2748 2862 3039 2917 Consilium
3072 2865 3274 2918 scilicet
3301 2865 3505 2932 patien-

1938 2939 2068 2991 tium
2118 2947 2303 2991 contra
2356 2933 2631 2990 consilium
2694 2934 3142 3001 persequentium.
3214 2933 3513 2990 Consilium

1937 3007 2081 3063 enim
2110 3006 2534 3075 persequentium
2560 3013 2677 3059 erat
2702 3012 2915 3058 sanctos
2942 3014 3202 3075 martyres
3224 3014 3518 3062 conventas

1936 3079 2194 3146 perdere;
2239 3076 2517 3131 coasilium
2558 3089 2683 3127 vero
2715 3075 3170 3146 patientinmerat
3215 3087 3507 3146 martyrum

1937 3144 2033 3219 pro
2059 3148 2188 3205 ipsis
2210 3156 2267 3202 ut
2294 3153 2727 3201 converterentur
2754 3158 2927 3211 orare,
2954 3153 3008 3199 et
3036 3144 3179 3213 ipsos
3202 3144 3441 3215 diligere.

2175 3239 2340 3294 Daleli
2389 3252 2607 3307 pauper,
2640 3236 2723 3290 vel
2754 3236 2947 3291 tabula:
2969 3237 3053 3293 vel
3075 3236 3256 3306 janua.

2554 3342 2903 3383 EXPLANATIO.

2011 3422 2279 3495 Corporali
2324 3421 2525 3495 quidem
2575 3438 2626 3475 se
2663 3422 2785 3495 dicit
2823 3422 3119 3495 necessitate
3167 3431 3515 3495 constrictum,

1940 3496 2029 3549 sed
2071 3496 2181 3547 sola
2223 3493 2428 3547 Domini
2467 3494 2651 3563 pietate
2696 3492 3016 3558 saluandam,
3057 3501 3229 3561 petens
3268 3503 3322 3548 ut
3363 3497 3424 3547 ab
3459 3492 3516 3550 eo

1940 3566 2048 3635 vias
2087 3565 2369 3635 iniquitatis
2416 3573 2661 3628 amoveat,
2711 3564 2831 3632 quia
2874 3566 3007 3617 viam
3035 3565 3259 3619 veritatis
3294 3565 3517 3635 elegerit.

1942 3633 2012 3688 Et
2058 3633 2180 3689 ideo
2224 3643 2519 3703 paupertate
2558 3635 2818 3687 mundana
2848 3635 3067 3704 januam
3105 3636 3289 3689 severis
3331 3633 3521 3692 divitiis

1942 3706 2128 3771 aperit,
2153 3714 2209 3776 _et
2233 3706 2477 3775 frequenti
2506 3706 2829 3758 meditatione
2866 3706 3013 3774 quasi
3055 3706 3251 3760 tabulas
3272 3724 3365 3760 sua
3388 3723 3520 3776 pra:-

1945 3778 2122 3829 cordia
2141 3774 2237 3831 Dei
2261 3774 2512 3829 mandatis
2537 3777 2753 3839 exhibet,
2776 3791 2888 3845 qua:
2908 3778 3041 3830 velut
3068 3778 3210 3830 molli
3240 3794 3352 3832 cera
3378 3774 3517 3831 com-

1948 3848 2157 3919 planata
2196 3847 2568 3919 promptissime
2596 3848 2823 3917 jubentis
2861 3847 3166 3914 imperium,
3208 3852 3350 3915 quasi
3395 3865 3517 3919 gra-

1942 3917 2118 3987 phium
2154 3917 2417 3971 scribentis
2462 3917 2744 3987 acciperent
2782 3932 2801 3971 :
2832 3919 3059 3983 Adhwsi,
3084 3919 3334 3987 inquiens,
3373 3917 3516 3974 testi-

1943 3989 2129 4043 moniis
2156 3989 2276 4056 tuis,
2300 3987 2538 4043 Domine.

2492 4094 2493 4097 “
2517 4115 2947 4158 οοηεκτλιυυε.

2014 4218 2243 4273 Adhaesit
2282 4217 2583 4288 pavimento.
2626 4205 2788 4284 Quasi
2835 4217 2974 4272 dicat
3004 4232 3018 4270 :
3048 4215 3176 4271 Dico
3214 4217 3337 4287 quia
3375 4220 3520 4275 testi-

1944 4292 2115 4343 monia
2159 4287 2288 4342 sunt
2320 4287 2580 4341 meditatio
2624 4304 2757 4355 mea,
2797 4296 2845 4341 et
2884 4288 3153 4341 consilium
3185 4305 3368 4345 meum.
3415 4293 3519 4349 Sed

1946 4370 2121 4414 tamen
2166 4359 2339 4413 adhuc
2378 4361 2537 4412 timeo
2577 4357 2823 4425 deficere,
2867 4366 3147 4429 propterea
3186 4361 3306 4429 quia
3346 4364 3519 4416 anima

1946 4446 2061 4484 mea
2086 4431 2371 4499 pavimento
2402 4430 2645 4482 adhaeret.
2677 4429 2841 4483 Totus
2874 4432 3096 4483 mundus
3123 4432 3362 4499 quaedam
3404 4450 3518 4487 ma-

1952 4517 2053 4571 gua
2082 4502 2270 4555 domus
2295 4501 2568 4569 accipitur,
2599 4500 2748 4567 cujus
2773 4499 2918 4569 quasi
2949 4515 3157 4553 camera
3185 4511 3267 4555 est
3290 4500 3515 4569 coelum;

1958 4582 2097 4626 terra
2133 4586 2259 4625 vero
2307 4586 2425 4641 qua:
2478 4571 2840 4638 conculcatur,
2872 4573 3227 4637 pavimentum
3284 4581 3338 4626 et
3388 4588 3519 4627 cor-

1954 4657 2050 4711 pus
2078 4650 2316 4696 nostrum
2347 4643 2414 4696 de
2442 4651 2578 4695 terra
2607 4651 2708 4696 est.
2761 4641 2906 4696 Unde
2952 4642 3120 4709 ipsum
3159 4642 3516 4709 pavimentum

1953 4722 2128 4782 potest
2162 4713 2264 4766 dici
2294 4726 2520 4782 quoque.
2562 4713 2693 4777 Quia
2722 4724 2849 4779 ergo
2877 4726 3001 4766 caro
3028 4720 3209 4766 nostra
3240 4722 3377 4766 terra
3407 4724 3510 4780 est,

1952 4785 2071 4837 ideo
2099 4785 2224 4836 dum
2264 4798 2446 4838 sumus
2490 4784 2541 4836 in
2570 4783 2670 4836 hac
2700 4782 3121 4851 peregrinatione
3162 4784 3515 4851 strpesubre-

1953 4863 2083 4923 punt
2122 4854 2273 4907 nobis
2314 4862 2537 4908 terrena
2579 4852 2962 4921 cogitationes:
3003 4855 3121 4921 quia
3164 4869 3345 4922 corpus
3383 4856 3519 4923 quod

1951 4924 2312 4993 corrumpitur,
2342 4934 2582 4994 aggravet
2607 4925 2850 4986 animam,
2876 4931 2925 4975 et
2952 4933 3145 4994 terrena
3168 4926 3404 4993 cogitatio
3429 4926 3520 4977 de-

1953 4997 2128 5062 primit
2157 4992 2619 5064 autumn-simulter
2647 4995 2949 5063 cogitantem
2977 5011 2995 5047 :
3027 4992 3165 5048 unde
3210 4992 3421 5064 semper
3467 4994 3523 5049 in

1951 5068 2050 5118 hac
2088 5066 2195 5118 vita
2237 5067 2388 5120 nobis
2433 5063 2720 5119 timendum
2758 5071 2859 5127 est,
2901 5078 2967 5118 ne
2995 5063 3338 5118 deﬁciamus.
3367 5065 3522 5131 Quod

1952 5137 2230 5189 attendens
2260 5136 2359 5191 iste
2386 5139 2473 5205 qui
2515 5137 2597 5188 hic
2626 5136 2875 5203 loquitur,
2919 5135 3083 5189 dicit:
3108 5134 3315 5201 Timeo,
3354 5150 3386 5190 ο
3417 5137 3520 5190 Do-

1953 5205 2116 5271 mine,
2148 5206 2373 5261 deiicere
2388 5204 2413 5271 ,
2435 5217 2898 5274 quantumcunque
2938 5219 3189 5260 exercear
3233 5206 3285 5258 in
3324 5204 3518 5273 justiti-

1953 5276 2245 5330 cationibus
2275 5278 2405 5342 tuis;
2436 5280 2557 5343 quia
2583 5278 2753 5327 anima
2788 5290 2896 5327 mea
2925 5276 3099 5330 adhuc
3126 5275 3349 5329 adhwret
3380 5277 3523 5345 pavi-

1953 5354 2142 5416 mento,
2181 5347 2230 5400 id
2263 5356 2363 5411 est,
2413 5346 2708 5399 carnalibus
2736 5344 3009 5416 desideriis
3037 5360 3099 5399 ex
3123 5347 3313 5414 quibus
3342 5344 3515 5416 (quasi

1953 5415 2117 5487 dicat)
2159 5432 2303 5471 mors
2342 5418 2390 5471 ei
2432 5415 2719 5487 impendet.
2763 5415 2828 5469 Et
2863 5415 3018 5487 ideo,
3056 5416 3296 5481 Domine,
3328 5415 3523 5485 vivi/ica

1953 5502 2051 5552 me,
2079 5484 2320 5542 iaciendo
2346 5502 2429 5540 me
2451 5484 2810 5554 spiritualibus
2835 5484 3201 5540 aﬂ'ectionibus
3227 5486 3518 5542 inhaerere:

1954 5569 2008 5611 et
2055 5559 2151 5613 hoc
2195 5572 2305 5611 non
2353 5565 2565 5626 propter
2615 5555 2860 5610 meritum
2908 5569 3117 5623 meum,
3166 5556 3260 5611 sed
3308 5566 3521 5626 prepter

1954 5627 2154 5680 verbum
2189 5633 2354 5693 tuum,
2387 5627 2437 5680 id
2464 5636 2565 5692 est,
2596 5626 2885 5681 secundum
2912 5627 3316 5695 promissionem
3359 5638 3522 5691 tuam,

1953 5698 2157 5752 scilicet
2200 5714 2267 5751 ne
2311 5700 2409 5751 sim
2459 5697 2595 5751 tibus
2641 5696 2919 5763 elationis,
2969 5700 3063 5751 sed
3112 5698 3250 5753 tilius
3292 5699 3523 5767 promis-

1955 5782 2140 5823 SIOIIIS.

2037 5837 2156 5891 Vias
2198 5854 2353 5894 meas.
2391 5837 2553 5903 Quasi
2582 5840 2727 5895 dicat
2756 5857 2769 5893 :
2800 5837 2923 5896 Ideo
2939 5838 3106 5897 debes
3126 5853 3213 5896 me
3234 5837 3523 5907 viviﬂcsre,
