4006 6364
301 327 442 389 1061

977 315 1044 385 1N
1082 321 1501 388 PSALMORUM
1541 327 1802 388 LIBRUM
1845 313 2211 388 circaesrs.
2253 357 2326 371 —
2365 324 2612 386 psam.
2652 319 2892 402 cxvm.

3421 321 3574 388 1069

300 447 426 504 dem
452 452 630 509 erunt,
659 442 869 513 quando
911 444 1090 500 veniet
1135 444 1410 509 Dominus,
1442 445 1531 516 qui
1568 446 1876 502 illuminabit
1907 448 1955 508 Α
1981 459 2174 516 corpus
2209 445 2600 515 pertinuerunt,
2643 443 2765 514 quia
2798 437 3140 511 agnoscendo
3167 451 3230 496 se
3273 437 3558 513 fleverunt,

299 520 599 574 abscondita
641 517 978 586 tenebrarum,
1027 525 1074 571 et
1117 518 1462 588 manifestabit
1500 519 1717 574 consilia
1763 535 1879 574 cor-

299 593 469 646 dium.

381 663 516 717 Ecce
557 661 821 728 concupivi
866 661 1123 715 mandata.
1171 660 1333 728 Quasi
1367 659 1547 716 dicat:
1604 661 1744 717 Ecce
1793 677 1890 716 cur

307 745 490 803 petam
523 731 817 794 tit-auferas
845 733 1188 802 opprobrium
1221 747 1423 797 meum,
1455 733 1599 800 ideo,
1650 733 1882 797 scilicet,

303 806 570 871 concupiui
595 804 837 856 mandata
875 812 984 867 tua,
1016 803 1069 857 id
1097 812 1178 857 est
1202 845 1217 868 ,
1258 803 1620 869 dilectionem,
1655 805 1884 872 scilicet,

305 891 368 932 ttt
393 878 613 944 diligam
645 876 949 945 proximum
979 883 1228 940 tanquam
1260 876 1545 946 nteipsum,
1575 886 1632 930 et
1663 876 1891 930 ulterius

302 947 512 1022 deqipso
540 963 631 1022 per
675 946 1105 1022 malevolentiam
1125 956 1233 1022 aut
1259 946 1610 1022 invidentiam
1653 963 1758 1022 non
1791 963 1886 1002 su-

303 1017 483 1089 Spiccr
517 1017 730 1089 aliquod
779 1018 1000 1082 malum,
1047 1017 1138 1072 sed
1167 1017 1416 1089 judicem
1473 1033 1632 1072 omne
1663 1018 1885 1084 bonum,

347 1090 449 1145 und
485 1100 536 1143 ttt
571 1088 853 1152 mandasti,
877 1090 1060 1144 dicens
1090 1107 1102 1142 :
1147 1088 1454 1158 Mandatum
1482 1105 1667 1158 novum
1701 1093 1767 1143 do
1798 1105 1885 1143 vo-

340 1161 406 1229 is,
437 1160 738 1242 ntidiligatis
762 1160 992 1242 invicem.
1017 1159 1193 1241 Novus
1221 1153 1712 1242 ettim'-homo'tiova
1747 1176 1887 1230 pra:-

305 1231 979 1306 ceptadeditmuttdtt._l€t
1007 1234 1129 1306 quia
1177 1233 1444 1306 concupiui
1487 1235 1731 1306 mandata
1772 1240 1882 1306 tua,

304 1320 460 1376 ergo,
485 1303 738 1368 Domine,
769 1303 966 1376 vivifica
996 1319 1074 1376 tne
1111 1303 1164 1356 in
1207 1305 1449 1376 (equitate
1474 1311 1586 1376 tua,
1700 1313 1803 1372 est,
1833 1303 1887 1358 in

305 1365 548 1450 Qlj'rism,
588 1376 675 1442 qui
709 1365 790 1450 est
821 1365 971 1450 nobis
994 1373 1160 1430 lactus
1183 1365 1465 1445 sapientia,
1503 1365 1725 1442 iustilia,
1753 1365 1882 1430 san-

304 1443 560 1504 C'tilicalio
590 1458 644 1502 et
674 1443 993 1516 redemptio.

889 1555 1009 1612 Vau
1026 1599 1040 1624 ,
1085 1567 1138 1612 et
1182 1559 1314 1628 ipse.

918 1671 1279 1712 EXPLANATIO.

383 1751 618 1807 Postulat
657 1752 982 1821 congregatio
1023 1762 1200 1804 sancta
1235 1750 1513 1804 salutarem
1567 1749 1662 1804 sibi
1701 1750 1892 1806 .Domi-

306 1843 434 1880 num
457 1824 636 1878 debere
663 1825 890 1886 concedi,
943 1832 997 1876 ut
1040 1824 1274 1875 inimicos
1315 1823 1377 1874 de
1403 1831 1597 1876 aeterna
1641 1839 1886 1876 remune-

304 1900 512 1952 ratione
540 1895 846 1966 confundat,
878 1903 923 1947 et
965 1895 1017 1947 in
1047 1894 1156 1966 lege
1189 1893 1394 1946 Domini
1425 1894 1636 1966 assidua
1668 1895 1884 1966 medita—

305 1967 731 2034 tione'praﬁet'at.
761 1965 785 2018 Ι
795 1982 882 2036 pse
905 1981 1020 2032 ergo
1047 1964 1303 2018 Dominus
1324 1973 1479 2032 atque
1505 1964 1748 2020 Salvator
1768 1964 1886 2018 Vau

307 2042 503 2093 littera:
556 2038 798 2092 vocabulo
843 2037 1160 2106 designatur,
1212 2047 1428 2106 notaque
1481 2051 1634 2104 quam
1681 2036 1891 2106 pulchre

301 2110 706 2181 quintalittera,
734 2109 846 2181 ipsa
876 2118 1016 2162 sexta
1041 2115 1381 2181 nuncupetur,
1410 2117 1455 2160 et
1481 2109 1607 2181 ipse,
1633 2107 1890 2173 videlicet,

305 2177 396 2236 cui
422 2181 609 2234 dicitur
633 2195 651 2233 :
687 2199 704 2230 ί
743 2177 818 2232 Tu
845 2188 1014 2230 autem
1043 2179 1177 2231 idem
1201 2179 1308 2244 ipse
1333 2194 1442 2239 es,»
1474 2179 1528 2232 id
1549 2189 1624 2231 est
1645 2191 1889 2245 celerans,

303 2255 366 2308 in
393 2253 539 2322 cujus
570 2252 670 2317 {ide
698 2260 744 2304 et
765 2251 870 2320 iam
904 2249 1132 2303 Ecclesia
1159 2250 1270 2314 ipsa
1311 2263 1439 2313 esse,
1474 2265 1578 2303 una
1612 2251 1891 2319 eademque

307 2325 579 2378 devotione
603 2338 800 2393 semper
830 2322 911 2376 hic
937 2331 984 2374 et
1011 2323 1060 2374 in
1090 2323 1265 2391 futuro
1291 2335 1408 2374 cum
1437 2335 1496 2374 eo
1525 2336 1742 2390 regnare
1771 2336 1893 2391 pro-

305 2395 519 2451 meruit.

898 2478 1326 2520 COHHENTABIUS.

387 2579 454 2634 Et
486 2581 651 2634 veniat
679 2593 831 2649 super
855 2594 956 2632 me.
988 2577 1148 2646 Quasi
1186 2579 1329 2634 dicat
1359 2595 1372 2633 :
1410 2575 1535 2634 Dico
1584 2587 1644 2632 ut
1691 2592 1775 2633 me
1807 2595 1885 2632 νι-

309 2653 499 2708 vitices
522 2653 573 2706 in
591 2653 861 2719 aequitate,
895 2659 949 2704 et
976 2660 1043 2722 ut
1059 2665 1157 2722 ego
1187 2649 1892 2722 viviticatusconcupiscam

312 2724 721 2786 mandat'a'tna;
769 2729 918 2789 ergo,
951 2719 1254 2785 o'Doinine,
1307 2722 1400 2776 ille
1445 2722 1534 2790 qui
1581 2735 1684 2775 non
1717 2721 1891 2777 solum

310 2795 648 2857 misericors,
681 2793 776 2847 sed
807 2793 918 2860 ipsa
968 2792 1315 2847 misericordia
1359 2801 1446 2846 tua
1495 2806 1554 2847 es
1606 2792 1889 2858 dicendus,

309 2868 435 2936 quia
467 2880 560 2934 per
586 2879 707 2920 eum
739 2877 952 2936 omnem
986 2862 1405 2936 misericordiam
1459 2862 1660 2936 mundo
1700 2877 1760 2917 es
1795 2878 1895 2936 os:

312 2934 570 2992 tensurus
597 2947 652 2989 et
680 2934 1034 3000 exitibiturus,
1065 2934 1234 2987 veniat
1257 2950 1407 3005 super
1435 2951 1514 2989 me
1543 2934 1608 2987 ad
1657 2950 1744 2988 me
1788 2934 1894 3005 sibi

309 3007 777 3074 conformandutn,
805 3017 857 3060 et
879 3005 985 3076 .hoc
1012 3020 1118 3059 non
1158 3021 1253 3074 per
1278 3004 1528 3061 meritum
1551 3021 1755 3071 meum,
1787 3004 1883 3059 sed

310 3079 571 3146 eloquium
625 3087 804 3144 tuum,
857 3076 909 3130 id
967 3087 1068 3140 est,
1128 3076 1420 3132 secundum
1479 3076 1892 3146 promissionem

313 3157 484 3232 tuam,
516 3149 743 3230 scilicet,
777 3158 833 3230 ut
861 3148 1154 3202 secundum
1180 3147 1338 3204 ﬁdem
1383 3151 1534 3203 lirtna
1563 3149 1632 3202 sit
1662 3148 1892 3210 Dromis-
1920 3178 1969 3243 ο

311 3221 398 3276 sio
426 3224 566 3275 omni
599 3220 811 3274 semini.

391 3292 456 3346 Et
483 3291 818 3361 respondebo.
857 3290 1017 3357 Qua3t
1049 3290 1225 3346 dicat:
1282 3288 1352 3344 Et
1383 3289 1474 3344 illo
1500 3305 1660 3358 super
1689 3305 1775 3345 me
1805 3305 1894 3346 ve-

311 3365 518 3425 niente,
558 3377 748 3417 secure
786 3363 1116 3432 respondebo,
1153 3363 1205 3416 id
1236 3372 1339 3427 est,
1373 3377 1638 3432 exponam
1665 3361 1893 3416 verbum

313 3435 439 3489 ﬁdei
471 3431 896 3506 exprobrantibus
922 3433 1044 3506 milii
1076 3431 1484 3506 ipsumiverbum
1515 3433 1664 3506 ﬁdei;
1693 3433 1794 3486 ltoc
1813 3442 1896 3506 est

312 3515 493 3561 autem
527 3503 746 3559 verbum
781 3504 899 3558 lidei
927 3520 938 3553 :
988 3503 1046 3558 Si
1092 3504 1366 3557 credideris
1395 3504 1446 3555 in
1478 3504 1627 3557 corde
1658 3513 1743 3556 tuo
1773 3505 1896 3573 quia

314 3574 567 3630 Dominus
594 3586 664 3629 est
686 3574 862 3636 Jesus,
892 3582 938 3627 ct
981 3578 1247 3644 confessus
1277 3575 1434 3643 fueris
1467 3575 1517 3628 in
1545 3590 1631 3627 ore
1662 3586 1748 3628 tuo
1773 3576 1896 3643 quia

311 3647 455 3702 Deus
485 3645 642 3700 Pater
696 3647 951 3700 suscitavit
996 3645 1143 3699 illum
1197 3651 1228 3699 'a
1280 3646 1514 3710 mortuis,
1551 3645 1728 3698 'salrns
1774 3645 1893 3700 eris.

312 3717 448 3784 Quia
479 3719 632 3772 corde
655 3717 877 3788 creditur
919 3717 986 3768 ad
1023 3717 1303 3788 justitiam,
1336 3732 1420 3768 ore
1450 3725 1619 3769 autem
1665 3716 1735 3788 lit
1771 3732 1894 3770 cono

313 3791 472 3860 fessio
500 3792 567 3842 ad
594 3790 829 3842 salutem.
865 3787 1275 3856 licspdndcndo,
1311 3788 1545 3857 inquam,
1580 3803 1682 3860 non
1710 3787 1777 3841 de
1809 3803 1896 3842 me

314 3858 714 3932 praesumendo,
766 3861 859 3932 sed
908 3860 1029 3929 quia
1079 3861 1275 3929 speravi
1324 3860 1376 3912 in
1425 3858 1740 3912 sermonibus
1773 3860 1893 3924 tuis,

315 3929 423 3987 itoc
460 3942 562 3998 est,
593 3931 645 3984 iu
678 3930 777 3984 hoc
807 3929 923 3984 s’olo
965 3945 1112 4000 spem
1167 3945 1337 3986 meam
1397 3935 1615 3998 ponam,
1673 3931 1795 3996 quia
1843 3941 1894 3984 tu

313 4003 536 4059 dtxisti:
571 4001 690 4056 Non
720 4017 804 4055 vos
849 4002 964 4055 estis
991 4007 1078 4070 qui
1128 4002 1414 4070 loquimini,
1465 4018 1556 4071 ego
1587 4000 1718 4054 enim
1763 4000 1894 4055 dabo

311 4075 457 4128 vobis
482 4091 536 4128 os
563 4084 607 4128 et
636 4073 960 4144 sapientiam,
986 4085 1090 4128 etc.
1119 4073 1252 4138 Quia
1280 4081 1457 4126 autem
1492 4075 1638 4144 multi
1671 4088 1774 4125 non
1804 4086 1892 4144 su:

315 4147 585 4202 stinentes
640 4143 1107 4214 espt-tibrationes,
1160 4146 1403 4214 negando
1433 4143 1764 4207 ceciderunt,
1799 4143 1892 4199 sed

315 4228 504 4287 postea
536 4215 844 4286 paenitendo
869 4215 1196 4281 revixerunt,
1223 4218 1362 4270 sicut
1391 4215 1578 4269 Petrus
1607 4215 1671 4268 ad
1706 4215 1892 4287 lteram

317 4284 547 4357 quidem
567 4287 808 4358 peccavit
837 4287 1028 4341 timore
1077 4290 1315 4355 territus,
1349 4297 1479 4356 post.
1503 4302 1531 4339 a
1564 4302 1688 4341 vero
1719 4284 1894 4358 ﬂendo

317 4353 404 4414 ést
435 4353 736 4428 reparatus,
769 4369 822 4412 et
868 4359 1172 4411 conlitendo
1199 4353 1362 4413 etiam
1391 4369 1696 4418 coronatus,
1729 4353 1891 4411 'tnulti

317 4439 501 4486 autem
528 4445 592 4484 ex
627 4439 739 4481 toto
764 4431 1005 4498 negando
1030 4429 1359 4488 ceciderunt,
1386 4432 1506 4497 quia
1543 4437 1723 4491 postea
1759 4429 1893 4480 ﬂen-

317 4502 390 4557 do
428 4517 532 4556 non
587 4499 947 4569 profecerunt,
1001 4500 1119 4552 ideo
1170 4501 1269 4553 iste
1304 4502 1495 4551 timens
1529 4498 1888 4552 inﬁrmitatem

319 4560 627 4631 ltumauani.
661 4570 891 4624 divinam
923 4560 1172 4636 implorat
1209 4571 1650 4634 misericordiam,
1695 4586 1759 4621 ne
1791 4585 1887 4622 un-
1911 4560 1975 4620 1)

320 4659 477 4712 quam
511 4653 716 4697 terrore
747 4642 923 4709 aliquo
962 4641 1040 4694 sic
1064 4644 1306 4711 negando
1333 4642 1507 4712 cadat,
1540 4645 1664 4709 quin
1697 4643 1886 4694 saltem

320 4711 607 4768 reviviscat
635 4714 964 4782 paenitendo.
1001 4712 1181 4779 Itaque
1222 4711 1390 4765 dicit:
1448 4711 1513 4763 Et
1554 4729 1614 4765 ne
1661 4713 1892 4780 auferas.

319 4787 472 4852 Quod
502 4785 577 4839 sic
621 4783 991 4849 continuatur;
1025 4783 1193 4837 dixit:
1231 4783 1445 4852 Speraui
1478 4783 1530 4834 in
1577 4783 1896 4836 sermonibus

318 4859 440 4918 tuis,
472 4866 523 4910 et
553 4855 672 4924 quia
703 4856 913 4923 speravi
943 4856 993 4908 in
1029 4865 1101 4920 te,
1133 4869 1281 4925 ergo,
1328 4855 1570 4920 Domine,
1602 4871 1664 4907 ne
1690 4855 1897 4922 aufras

317 4931 523 4981 verbum
564 4927 813 4992 veritatis,
844 4927 893 4980 id
925 4936 1034 4991 est,
1072 4941 1138 4981 ne
1193 4927 1468 4995 permittas
1499 4926 1714 4979 verbum
1774 4926 1897 4979 lidei

319 4998 550 5067 alicujus
591 5006 798 5052 terrore
847 4999 1279 5067 exprobrationis
1312 4996 1507 5051 auferri
1541 4999 1605 5048 de
1635 5013 1744 5049 meo
1787 5013 1895 5063 ore,

318 5069 460 5122 sicut
489 5084 845 5138 usquequaque
871 5068 1158 5134 auferatur,
1193 5068 1292 5122 hoc
1318 5079 1418 5135 est,
1447 5083 1514 5121 ne
1541 5069 1812 5121 auferatur
1844 5068 1896 5122 in

321 5149 549 5207 tantum,
596 5155 765 5208 usque
806 5141 929 5190 dum
967 5141 1131 5206 possit
1170 5142 1272 5194 dici
1327 5154 1538 5208 quaque
1566 5142 1800 5204 ratione,
1835 5138 1889 5192 id

319 5222 403 5265 est
459 5209 764 5264 omnimodo
815 5210 1070 5262 ab-‘atutn.
1107 5211 1187 5262 ΑΙ)
1235 5210 1338 5262 illis
1389 5214 1529 5263 enim
1586 5211 1898 5265 outnintode

301 5282 581 5350 aufertur,
620 5283 709 5349 qui
741 5281 817 5334 sic
849 5295 1063 5349 negant,
1098 5289 1156 5334 ut
1183 5281 1414 5349 amplius
1450 5282 1758 5349 paenitendo
1790 5297 1897 5336 non

315 5353 617 5423 proficiant.
660 5351 950 5420 Sequitur:

394 5423 527 5488 Quia
558 5424 611 5476 in
627 5423 841 5495 judiciis
871 5424 967 5477 tuis
997 5423 1365 5494 supersperavi.
1399 5424 1550 5488 Quod
1581 5435 1661 5477 est
1683 5425 1896 5480 dicere:

319 5495 443 5550 Ideo
473 5508 600 5564 rogo
626 5509 689 5548 ne
714 5499 920 5558 auferas
946 5511 1296 5564 usquequaque
1329 5511 1434 5548 non
1468 5497 1733 5562 absitlute,
1773 5500 1897 5565 quia

319 5569 363 5620 si
393 5569 606 5637 quando
637 5566 904 5630 cecidero,
941 5569 1040 5620 hoc
1071 5583 1173 5620 non
1224 5567 1327 5620 crit
1375 5569 1505 5621 ntilti
1549 5568 1611 5620 ad
1648 5573 1899 5635 deSpera-

295 5640 544 5703 ‘tionem,
574 5639 667 5692 sed
700 5638 763 5691 ad
793 5638 1040 5702 salutem,
1075 5640 1197 5708 quia
1230 5637 1559 5709 diligentibus
1591 5637 1757 5691 Deum
1787 5654 1892 5691 om-

316 5710 767 5782 nia'cooperantur
813 5710 865 5763 in
897 5709 1106 5762 bonum.
1160 5710 1324 5776 Quasi
1372 5710 1550 5764 dicat:
1612 5711 1795 5765 Sancti
1846 5721 1900 5764 et

316 5781 472 5836 electi
507 5781 893 5851 praesumentes
939 5782 1006 5836 de
1037 5789 1088 5836 te
1132 5795 1236 5836 non
1265 5783 1594 5844 ceciderunt,
1633 5782 1720 5834 alii
1765 5793 1896 5836 vero

317 5851 388 5907 de
427 5865 487 5909 se
517 5863 902 5924 praesumentes
945 5853 1011 5910 de
1040 5863 1093 5910 te
1137 5853 1469 5921 ceciderunt,
1517 5853 1611 5910 sed
1641 5854 1706 5908 ad
1739 5861 1890 5908 tuum

1993 527 2045 573 et
2089 519 2257 573 multo
2307 516 2534 572 solidius
2571 519 2794 586 gratiam
2842 517 3185 579 invenerunt,
3219 517 3342 583 quia
3375 531 3566 585 sUper-

1993 589 2131 644 biam
2190 590 2524 652 amiserunt;
2557 597 2609 642 et
2649 589 2782 659 ideo
2832 602 2937 659 non
2987 586 3240 659 despero,
3272 588 3365 640 sed
3399 590 3575 659 potius

1991 675 2151 729 Spero
2178 662 2232 714 in
2251 660 2462 731 judiciis
2492 661 2612 722 tuis,
2644 658 2695 712 id
2738 669 2842 731 esu
2862 657 2928 731 r‘si
2962 659 3014 712 tu
3047 671 3129 710 tne
3155 656 3362 731 iudicas
3394 656 3572 730 talem,

1991 728 2077 803 qui
2106 728 2388 802 aliquando
2427 731 2634 803 cadam,
2665 740 2722 784 ut
2751 728 2938 785 fortior
2965 743 3204 803 surgant,
3234 743 3285 784 et
3309 730 3425 803 non
3468 748 3560 801 pa-

1993 799 2106 857 rum
2139 799 2324 872 spero,
2366 801 2460 858 sed
2509 816 2670 871 super
2702 815 2863 871 quam
2908 799 3142 872 petimus
3181 809 3277 854 aut
3305 799 3572 873 intelligi-

1992 889 2131 930 mus.

2064 943 2132 996 Et
2161 945 2443 1000 custodiam
2488 945 2645 1016 legem
2677 950 2834 1016 tuam.
2885 941 3016 998 Dico
3043 957 3105 997 ne
3133 943 3573 1016 auferasiverbum

1993 1018 2056 1071 de
2087 1034 2173 1069 ore
2195 1032 2324 1081 meo,
2356 1025 2400 1069 et
2429 1017 2474 1072 si
2498 1014 2600 1070 neu
2626 1014 2861 1080 auferas,
2893 1023 3019 1070 tunc
3048 1028 3148 1084 ego
3177 1015 3466 1069 custodiam
3498 1021 3574 1072 le-

1993 1105 2104 1159 gem
2131 1097 2291 1150 tuant,
2318 1088 2369 1142 id
2395 1097 2500 1154 est,
2533 1085 3053 1159 dilectionem,qu_te
3082 1085 3206 1159 ideo
3231 1086 3430 1159 dicitur
3456 1089 3572 1154 lex,

1995 1157 2116 1228 quia
2148 1161 2198 1213 in
2229 1159 2423 1213 duobus
2470 1159 2723 1212 mandatis
2753 1157 3033 1211 dilectionis
3079 1158 3317 1212 universa
3349 1157 3432 1212 lea:
3462 1174 3581 1226 pen-

1994 1231 2077 1284 ‘det
2102 1240 2152 1284 et
2178 1231 2459 1300 prophetae.
2488 1228 2558 1284 Et
2603 1230 2673 1282 ita
2702 1229 2997 1300 custodiam
3025 1241 3168 1290 eam,
3202 1228 3344 1298 quod
3373 1237 3577 1298 semper

1997 1311 2050 1356 et
2082 1299 2209 1370 vere
2241 1307 2474 1371 semper,
2529 1299 2652 1370 quia
2683 1300 2809 1353 etin
2839 1299 2940 1353 hoc
2968 1300 3217 1353 articulum
3247 1308 3294 1354 et
3322 1302 3374 1354 in
3417 1316 3579 1356 διεθη-

1997 1371 2106 1426 lut‘n
2131 1374 2385 1427 ‘l'uturdm
2421 1379 2541 1441 post
2567 1371 2670 1424 hoc
2700 1371 2973 1441 saeculum,
3007 1371 3146 1425 unde
3175 1371 3304 1425 dicit
3349 1374 3581 1437 Aposto-

1999 1444 2127 1498 lus:
2180 1443 2300 1499 Sive
2327 1440 2604 1512 prophetice
2649 1440 3044 1508 evacuabuntu‘r,
3091 1441 3192 1494 sive
3241 1442 3454 1496 scientia
3484 1443 3577 1497 de-

1998 1524 2247 1580 struatur,
2296 1513 2516 1568 charitas
2547 1526 2672 1567 vero
2711 1523 2987 1580 nunquam
3038 1513 3275 1575 excidet;
3305 1512 3391 1567 ltlc
3425 1515 3580 1568 'enitn

1999 1596 2264 1656 praecepta
2314 1585 2430 1656 ejus
2469 1583 2866 1656 cusmdiuntur,
2898 1583 2992 1638 scd
3041 1584 3310 1656 nou_sine
3345 1584 3581 1650 timore;

1999 1653 2124 1712 tunc
2155 1653 2284 1712 vero
2313 1653 2426 1711 sine
2473 1655 2619 1709 omni
2670 1655 2862 1709 timore
2911 1667 3068 1711 casus
3130 1653 3580 1722 observabuntur,

1999 1728 2120 1799 quia
2151 1735 2300 1783 tanto
2330 1728 2599 1783 ardentius
2630 1726 2795 1779 Deum
2821 1740 3092 1790 amamus,
3125 1726 3324 1794 quanto
3341 1727 3583 1799 Lvicinius

1915 1814 1966 1876 Β
2001 1796 2123 1882 eum
2177 1800 2441 1882 videmus,
2485 1806 2541 1852 et
2591 1805 2719 1879 tunc
2750 1796 3355 1882 proximus-sitte‘omni
3412 1799 3586 1878 suspi-

1996 1873 2151 1927 cione
2198 1870 2460 1940 diligitur,
2506 1869 2758 1938 quoniam
2807 1867 2922 1922 ipse
2960 1867 3066 1924 erit
3103 1868 3282 1922 omnia
3317 1869 3369 1922 ln
3400 1870 3578 1922 omni-

1995 1944 2114 1999 bus.
3315 1955 3322 1961 '

2065 2012 2133 2068 Et
2159 2012 2484 2067 ambulabam
2509 2011 2561 2064 in
2591 2009 2879 2064 latitudine.
2921 2008 3238 2078 Superiores
3265 2011 3584 2064 versusltu-

1990 2084 2082 2156 jus
2110 2085 2301 2154 psalmi
2343 2083 2626 2139 continent
2670 2081 2968 2134 orationem
3011 2088 3070 2156 et
3094 2081 3577 2156 depreCationeut_;

1995 2151 2085 2228 qui
2113 2151 2242 2228 vero
2268 2164 2588 2228 sequuntur,
2623 2156 2900 2228 continent
2921 2151 3071 2228 quasi
3113 2161 3475 2228 narrationem
3505 2153 3583 2228 eff

1997 2222 2165 2282 fectus
2195 2222 2363 2296 ipsius
2390 2222 2802 2294 deprecationis.
2827 2223 2891 2275 Et
2913 2223 2991 2296 sic
3014 2225 3376 2296 continuatur.
3404 2223 3576 2290 Quasi

1993 2297 2138 2352 dicat
2167 2315 2182 2352 :
2217 2294 2349 2352 illaec
2378 2297 2599 2366 quidem
2628 2307 2750 2366 quae
2782 2294 3031 2366 prmdtcta
3063 2297 3208 2366 sum,
3241 2295 3482 2356 orabam,
3529 2303 3586 2350 et

2000 2378 2056 2424 tu
2090 2383 2175 2424 me
2205 2363 2468 2422 eXaudisli
2505 2364 2756 2436 ponendo
2786 2365 2956 2436 meiiu
2991 2363 3351 2436 latitudinem,
3385 2367 3435 2417 in
3479 2380 3584 2433 qua

1997 2439 2269 2494 latitudine
2288 2435 2634 2503 ambulabam,
2665 2436 2714 2489 id
2739 2446 2840 2501 est,
2868 2435 3192 2490 delectabar.
3221 2435 3581 2490 Latitudinem

1998 2520 2156 2566 vocat
2185 2511 2454 2579 spiritum,
2513 2508 2596 2579 de
2628 2521 2734 2575 quo
2763 2508 2964 2579 dictum
3012 2518 3093 2579 est
3120 2523 3134 2579 ς
3163 2507 3426 2560 'Cttaritas
3487 2506 3587 2561 Dei

1996 2582 2187 2650 diffusa
2219 2575 2303 2635 'est
2334 2582 2386 2634 in
2436 2578 2672 2632 cordibus
2701 2578 2875 2650 vestris
2914 2593 3005 2647 per
3035 2575 3293 2647 Spiritum
3312 2588 3576 2650 sanctum,

1995 2649 2082 2723 qui
2115 2653 2261 2707 datus
2290 2662 2362 2706 est
2390 2651 2559 2716 nobis,
2590 2650 2680 2718 qui
2720 2649 2843 2704 fecit
2866 2663 2974 2723 nos
2991 2659 3174 2718 petere
3203 2652 3344 2723 quod
3372 2649 3584 2723 deside-

1997 2720 2176 2778 ramus
2213 2725 2482 2792 accipere,
2541 2734 2786 2792 quieret'e
2837 2721 2977 2792 quod
3031 2725 3275 2792 volumus
3319 2720 3582 2792 itIVenire,

1995 2797 2208 2870 pulsare
2246 2789 2348 2870 ad:
2380 2791 2520 2870 quod
2552 2791 2769 2870 nitimur
2798 2789 3224 2870 pertingere._Et
3261 2790 3577 2870 rvere,'_qtila

1996 2861 2170 2921 dicit:
2221 2861 2558 2918 Ambulabam
2606 2862 2661 2915 in
2714 2862 3005 2926 latitudine,
3056 2861 3180 2929 quia
3210 2861 3457 2931 exquisivi
3491 2877 3583 2928 pc-

1999 2938 2181 3002 tendo,
2211 2937 2524 3007 quzereudo,
2556 2932 2862 3007 pulsando,
2919 2934 3166 2986 mandata
3213 2940 3306 2986 tua
3350 2947 3455 2987 non
3505 2936 3571 2985 ad

1997 3005 2292 3071 sciendum,
2321 3007 2414 3061 sed
2467 3005 2789 3060 faciendum.
2997 3052 3001 3055 .

2069 3077 2135 3131 Et
2161 3078 2399 3144 loquebar
2427 3077 2479 3130 in
2509 3075 2824 3131 testimoniis.
2867 3073 3006 3128 Vere
3035 3075 3280 3142 exquisivi
3311 3077 3574 3129 mandata.

1997 3151 2130 3206 Nam
2175 3160 2230 3206 et
2269 3148 2536 3218 loquendo
2584 3155 2652 3218 et
2685 3145 2988 3218 meditando
3018 3154 3071 3199 et
3097 3147 3421 3218 exercendo.
3456 3148 3579 3200 ιιητίι

2004 3224 2100 3276 tria
2142 3216 2540 3288 ordittepouit,
2581 3217 2806 3284 primum
2840 3217 2905 3268 de
2938 3217 3207 3288 locutione
3243 3234 3254 3269 :
3291 3217 3371 3270 sic
3401 3216 3578 3286 loque-

2000 3295 2092 3346 bar
2117 3291 2170 3345 in
2193 3287 2489 3358 testimoniis
2515 3289 2614 3342 tuis
2636 3288 2719 3342 vel
2752 3288 2805 3342 in
2832 3288 3110 3355 praeceptis
3135 3287 3238 3341 tuis
3263 3289 3580 3341 annuntian-

1999 3363 2083 3418 dis
2123 3372 2177 3417 et
2227 3361 2707 3417 suadendis'etiam
2739 3359 2793 3412 in
2840 3369 3116 3426 conspectu
3160 3367 3357 3428 regum,
3391 3368 3437 3410 et
3483 3374 3582 3411 non

1997 3433 2349 3507 confu'ndebar
2400 3430 2807 3507 taciturnitate,
2833 3432 2918 3484 vel
2977 3445 3095 3507 non
3133 3429 3480 3507 det_ocabar._
3516 3428 3585 3506 lt‘t

1999 3499 2126 3562 vere
2157 3521 2257 3558 non
2302 3503 2674 3571 confundebar,
2717 3503 2846 3570 quia
2886 3500 3168 3554 meditabar
3221 3502 3274 3553 in
3323 3499 3580 3553 mandatis

1999 3581 2122 3644 tuis,
2147 3591 2362 3646 semper
2391 3576 2457 3629 de
2478 3575 2556 3628 eis
2607 3573 2892 3642 cogitando
2929 3574 3078 3646 ideo,
3113 3574 3257 3646 quia_
3286 3581 3358 3646 ea
3399 3571 3584 3646 ditem.

1997 3647 2068 3703 Et
2099 3642 2205 3702 non
2238 3642 2700 3714 soluntloquebar
2740 3655 2792 3697 ct
2822 3643 3140 3705 meditabar,
3167 3642 3260 3698 sed
3290 3643 3453 3714 etiam
3513 3642 3584 3695 le-

1997 3721 2111 3775 vavi
2137 3735 2321 3772 manus
2364 3733 2501 3770 meus
2522 3713 2595 3768 ad
2619 3731 2696 3779 ea,
2749 3717 2867 3768 ideo
2896 3716 3018 3784 quia
3067 3715 3228 3769 dilexi
3278 3729 3362 3768 ea.
3401 3713 3590 3768 Manus

1997 3802 2120 3848 Sunt
2149 3805 2349 3859 Opera;
2387 3801 2440 3843 et
2471 3788 2557 3842 ille
2589 3787 2768 3841 levare
2810 3801 2997 3840 manus
3047 3787 3111 3840 ad
3155 3784 3404 3859 mandata
3459 3786 3591 3839 dic?-

2001 3871 2111 3928 tttr,
2142 3858 2230 3932 qui
2265 3860 2390 3915 facit
2417 3875 2479 3915 ea
2513 3865 2631 3913 ‘nbu
2685 3866 2902 3927 propter
2930 3858 3418 3932 remunerationem
3479 3869 3590 3932 ter-

2000 3927 2211 4000 renatn,
2244 3933 2338 3987 sed
2371 3939 2592 4002 propter
2623 3939 2903 3983 aeternam.
2929 3927 3052 4002 Qui
3085 3944 3212 3983 vero
3240 3938 3464 4002 propter
3493 3927 3592 4002 ltu-

1995 3997 2210 4060 manuni
2247 3997 2488 4067 laudent,
2514 4003 2593 4055 vel
2649 4011 2864 4068 propter
2892 3999 3090 4066 aliquid
3135 4010 3403 4068 terrenum
3439 3997 3585 4063 facit,

1999 4091 2190 4131 manus
2225 4091 2331 4129 non
2367 4066 2531 4138 levat,
2578 4066 2670 4124 sed
2701 4066 2984 4136 déprituit;
3019 4081 3072 4123 et
3105 4069 3280 4140 (quasi
3307 4066 3475 4138 dicat)
3512 4071 3592 4121 liis

2006 4149 2176 4202 tribus
2207 4147 2404 4209 modis,
2436 4143 2659 4205 scilicet,
2708 4141 2997 4210 loquendo,
3035 4141 3363 4202 meditando,
3401 4153 3590 4191 ntatms

1998 4217 2247 4281 levando,
2289 4215 2556 4270 exercebar
2612 4225 2826 4280 semper
2858 4211 2909 4263 in
2945 4211 3403 4280 justlficutionibus
3459 4212 3581 4274 tuis,

1998 4289 2053 4344 id
2087 4299 2190 4355 est,
2239 4287 2290 4341 in
2323 4285 2608 4358 prmceptis
2641 4285 2766 4350 tots,
2803 4282 2852 4337 id
2877 4296 2980 4349 est,
3014 4297 3140 4338 vere
3179 4282 3582 4353 jusuticatioui-

2000 4361 2118 4415 bus.

2376 4449 2527 4515 Zain,
2559 4449 2697 4506 oliva
2729 4448 2815 4504 vel
2871 4447 3173 4506 fornicatio.

2607 4579 2963 4620 ΕΧΡΙιΑΝΔΤΙΟ.

2072 4663 2272 4718 Chorus
2306 4662 2392 4716 ille
2418 4669 2715 4715 sanctorum
2760 4677 2897 4729 spem
2949 4658 3345 4728 promissionum
3382 4654 3586 4708 Domim

1999 4737 2229 4792 sensibus
2286 4735 2474 4787 nostris
2533 4737 2736 4786 omnino
2787 4731 3128 4790 commendat,
3183 4741 3235 4782 ut
3278 4729 3483 4796 ﬁrmum
3542 4729 3593 4779 in

2001 4817 2165 4862 mente
2191 4816 2370 4860 nostra
2417 4815 2708 4872 permaneat
2737 4808 2872 4871 quod
2904 4811 3132 4873 gloriosa
3163 4801 3348 4873 veritus
3391 4800 3595 4873 ρυηῇςε-

2003 4891 2107 4942 tur,
2155 4894 2387 4933 asserens
2415 4869 2682 4947 propterea
2711 4869 2885 4941 fideles
2905 4869 3118 4924 ed-ersa
3151 4871 3331 4947 mundi
3363 4869 3594 4922 libentis-

2001 4955 2127 5005 sime
2155 4942 2437 5012 sustinere}
2463 4942 2576 5017 quis
2603 4951 2732 5000 enim
2764 4957 2970 5017 mortem
3006 4942 3334 5010 temporalem
3376 4951 3586 5017 metuat,

2002 5025 2085 5076 cui
2114 5033 2306 5075 (eterna
2337 5022 2437 5073 vita
2465 5011 2820 5087 promittitur?
2852 5015 2977 5081 Ipsa
2998 5030 3115 5082 ergo
3145 5024 3266 5077 vita,
3291 5027 3408 5082 quw
3431 5011 3513 5087 hic
3541 5013 3595 5087 in

2002 5109 2112 5158 spe.
2142 5094 2248 5145 illic
2298 5094 2350 5145 in
2381 5107 2436 5144 re
2465 5079 2772 5160 ’ρει-εἱρξιιιν,
2824 5079 2970 5160 oliva:
3023 5079 3247 5160 nomine,
3279 5079 3430 5150 quam
3461 5079 3593 5160 Z_ain

2005 5155 2170 5220 littera
2193 5165 2448 5234 designat,
2479 5155 2974 5234 exprinittttt'.__.\’am
3001 5168 3066 5234 et_
3086 5173 3135 5208 in
3167 5157 3262 5234 liae
3294 5155 3586 5234 peregrin-a-

2005 5240 2142 5289 tione
2173 5224 2462 5288 sauciorum
2513 5224 2670 5300 facies
2701 5230 3020 5282 exhilaratur
3051 5229 3102 5279 in
3146 5229 3275 5290 oleo,
3307 5235 3366 5300 et
3412 5228 3462 5276 iu
3497 5224 3589 5276 illa

2003 5309 2175 5375 patria
2229 5299 2521 5374 perfectius
2552 5301 2715 5375 sancti
2749 5303 2974 5375 Spiritus
3002 5313 3195 5375 interna
3223 5299 3412 5375 visione
3443 5303 3592 5375 atque

2003 5371 2374 5431 inltabita'tione
2406 5374 2714 5445 pinguescit.
2756 5371 2818 5423 Et
2846 5375 2967 5445 quia
3001 5371 3328 5445 septiformis
3345 5378 3417 5421 est
3446 5371 3588 5445 ejus-

2003 5453 2119 5505 dem
2149 5451 2359 5519 spiritus
2383 5438 2571 5516 grutiu,
2599 5455 2732 5519 recte
2765 5444 2980 5519 septima
3025 5439 3196 5519 littera
3226 5441 3471 5492 vocitatur
3487 5438 3597 5519 .qli-

2002 5537 2086 5576 ita.
2124 5509 2327 5573 Nomen
2357 5509 2527 5570 a'utem
2577 5509 2930 5584 fornicationis
2980 5513 3215 5586 congruit
3245 5509 3596 5584 peccatoribus

2006 5589 2472 5661 derelinquentibus
2503 5589 2662 5660 legem
2694 5587 2921 5640 Domini.

2578 5692 3007 5737 COMMENTANUS.

2079 5777 2278 5832 Memor
2301 5787 2429 5832 esto.
2481 5777 2641 5843 Quasi
2670 5753 2811 5830 dicat
2841 5793 2850 5826 :
2901 5774 3036 5836 Ouia
3069 5771 3335 5849 exercebar
3358 5770 3414 5824 in
3435 5767 3596 5849 iusti:

2003 5849 2330 5921 ﬁcationibus
2357 5850 2460 5903 tuis
2476 5840 2674 5918 ferito,
2711 5849 2956 5904 Domine.
3001 5847 3093 5918 qui
3122 5849 3406 5903 immernor
3438 5840 3594 5896 luisti
