4006 6364
515 294 655 350 1065

985 287 1190 345 BEDE
1231 282 1691 345 VENERABILIS
1723 286 1874 345 OPP.
1916 286 2095 344 PARS
2132 283 2197 342 ll.
2228 283 2420 343 SECT.
2461 282 2530 342 ll.
2562 314 2632 326 —
2659 285 2867 343 DUBIA
2908 284 2994 343 ET
3034 284 3308 344 SPURIA.

3648 284 3795 343 ιοει

506 406 683 466 liberti
715 405 812 472 tui,
845 412 952 459 esto
978 420 1169 457 memor
1206 403 1343 459 verbi
1369 405 1463 469 tui,
1495 402 1546 459 id
1578 414 1681 470 est,
1712 403 2085 474 promissionis
2110 406 2166 470 Α
2194 409 2323 469 ιειη,
2350 418 2507 472 quam
2538 404 2778 458 contraxi
2811 403 2878 458 ab
2910 404 3014 459 illis
3044 405 3230 471 primis
3258 406 3788 473 transgressoribus.

508 483 662 537 facite
692 493 834 533 servo
860 485 967 541 tuo,
1002 477 1101 530 hoc
1126 484 1228 541 est,
1285 477 1497 544 comple
1543 490 1699 531 servo
1729 485 1820 530 tuo
1856 477 2085 545 promis-

507 554 711 608 sionem
744 560 908 613 tuam,
937 562 1095 615 quam
1144 546 1313 602 fecisti
1358 546 1407 602 ei
1452 547 1676 603 dicens:
1731 545 1796 601 In
1831 550 2081 615 patientia

508 632 670 678 vestra
713 618 1035 691 possidebitis
1067 618 1517 691 animasrt'estras.
1550 616 1785 687 Capillus
1815 622 1876 673 de
1921 621 2085 691 capite

505 706 668 748 vestro
696 688 796 744 non
822 689 1020 761 peribit.
1067 689 1132 743 Et
1175 690 1340 757 fidelis
1395 688 1535 743 Deus
1556 699 1651 757 est,
1703 692 1790 761 qui
1838 708 1941 745 non
1984 688 2084 758 pa—

508 769 659 819 tietur
686 779 769 816 vos
798 762 982 815 tentari
1007 776 1163 829 supra
1206 762 1258 813 id
1286 762 1422 827 quod
1452 764 1707 831 poteritis,
1731 771 1836 817 etc.
1884 762 2085 816 Memor

507 850 610 892 esto
631 833 785 897 verbi,
812 834 865 885 iit
892 848 990 901 quo
1019 833 1178 887 verbo
1209 834 1393 885 dedisti
1414 834 1540 897 mihi
1566 850 1724 903 spem,
1763 835 1813 887 id
1836 844 1935 898 est,
1962 848 2085 902 spe-

506 922 624 962 rare
652 903 840 967 fecisti,
875 912 929 957 et
956 903 1064 956 haec
1117 918 1239 971 spes
1278 905 1539 957 consolata
1573 916 1645 958 est
1672 922 1749 959 me
1776 907 1831 959 in
1877 906 2086 959 humili-

507 988 609 1033 tate
629 994 760 1040 mea,
792 976 843 1028 id
874 986 983 1038 est,
1015 975 1065 1028 in
1089 974 1403 1043 gravissima
1437 976 1795 1040 tribulatione,
1827 992 2079 1044 persecu-

508 1052 652 1103 tione
681 1056 735 1102 et
764 1047 1081 1113 dejectione,
1124 1061 1225 1115 qua
1259 1058 1629 1114 persecutores
1658 1064 1744 1103 me
1775 1048 2080 1113 humiliare,

505 1121 557 1176 id
576 1129 677 1185 est,
699 1118 960 1173 devocare
984 1126 1317 1183 putaverunt.
1348 1117 1411 1171 Et
1434 1117 1554 1173 ideo
1573 1120 1850 1174 consolata
1868 1130 1948 1173 est
1972 1134 2079 1183 me,

503 1194 626 1263 quia
665 1192 921 1258 eloquium
962 1196 1123 1263 tuum,
1189 1187 1241 1263 id
1272 1197 1386 1263 est,
1440 1190 1807 1263 promissionis
1859 1190 2083 1263 verbum

508 1258 819 1331 prtedictum
850 1274 928 1331 me
973 1258 1258 1331 viviﬁcarit,
1292 1258 1355 1331 id
1380 1269 1465 1331 est
1489 1301 1504 1325 ,
1535 1262 1661 1315 vitae
1692 1277 1834 1317 verte
1862 1262 2083 1317 certitu-

503 1329 682 1388 dinem
728 1331 858 1385 milii
898 1330 1064 1394 dedit,
1092 1341 1145 1383 ut
1177 1330 1306 1384 illttd
1332 1348 1343 1383 :
1368 1329 1437 1385 In
1467 1333 1712 1399 patientia
1736 1343 1897 1388 vestra
1924 1335 2083 1403 possi-

508 1406 688 1459 debitis
714 1405 914 1455 animus
940 1410 1147 1455 vestras.

577 1474 801 1545 Superbi
830 1474 1019 1543 inique.
1061 1472 1219 1538 Quasi
1262 1473 1441 1545 dicat:
1487 1474 1678 1540 Quare'
1725 1473 1860 1529 dicis
1894 1484 1947 1529 te
1975 1489 2081 1530 nu-

504 1544 767 1601 miliatum
814 1554 869 1600 et
913 1544 1217 1597 universum
1252 1544 1345 1599 tibi
1382 1545 1729 1600 humiliatio?
1761 1546 2077 1614 Responsio;

501 1618 625 1674 ldeo
655 1618 860 1672 scilicet
905 1631 1022 1688 sum
1067 1614 1401 1688 humiliatus,
1453 1619 1578 1685 quia
1624 1620 1848 1688 superbi,
1883 1617 2077 1684 idest,

510 1698 882 1758 persecutores
911 1685 1013 1756 legi
1066 1685 1157 1739 Dei
1207 1702 1311 1741 non
1369 1685 1697 1743 obedientes'
1733 1703 1855 1743 esse
1900 1688 2081 1744 facere

503 1762 745 1825 vellent;
777 1773 876 1829 ego
916 1769 1092 1811 autem
1127 1759 1301 1826 (quasi
1345 1760 1510 1829 dicat)
1540 1760 1644 1815 illis
1676 1760 1854 1827 inique
1877 1760 2082 1829 agenti-

503 1832 604 1886 bus
627 1842 680 1886 et
701 1829 1081 1902 devorantibus
1106 1830 1331 1902 perstiti,
1357 1832 1481 1898 quia
1507 1848 1537 1883 a
1562 1832 1668 1901 lege
1690 1840 1779 1883 tua
1811 1841 2081 1902 transgre-

505 1902 702 1957 diendo
740 1917 842 1956 non
868 1900 1139 1953 declinavi.
1182 1901 1245 1952 lit
1270 1898 1392 1954 ideo
1422 1917 1523 1955 non
1572 1898 1842 1966 declinavi,
1874 1898 2018 1970 quia,
2055 1917 2088 1956 ο

508 1971 745 2037 Domine,
792 1972 869 2043 fui
916 1985 1105 2043 memor
1137 1971 1457 2043 judiciorum
1500 1982 1705 2025 tuorum
1734 1990 1765 2026 a
1794 1975 1981 2028 sarculo
2014 1973 2089 2026 fa-

507 2055 737 2109 ctorum,
769 2040 820 2097 id
851 2050 952 2106 est,
994 2042 1045 2095 in
1074 2040 1326 2096 memoria
1359 2044 1519 2096 habui
1548 2048 1745 2110 justam
1778 2045 2084 2099 damnatio-

513 2131 635 2170 nem
669 2124 723 2169 et
748 2112 1103 2182 dejectionem
1133 2113 1199 2166 ab
1237 2113 1411 2178 initio,
1464 2116 1515 2167 id
1541 2124 1645 2183 est,
1694 2116 1745 2168 in
1778 2117 1966 2182 primis
1995 2130 2089 2184 pa-

511 2187 752 2241 rentibus
801 2185 1018 2248 l‘actam,
1052 2184 1177 2251 quia
1208 2184 1610 2239 declinaverunt
1641 2201 1669 2239 a
1720 2186 1834 2252 lege
1879 2195 2006 2251 tua;
2039 2197 2085 2239 et

507 2262 800 2311 consolatus
830 2271 944 2308 sum
988 2256 1038 2307 in
1073 2254 1179 2307 illis
1222 2269 1316 2322 per
1342 2256 1695 2320 contrarium,
1731 2258 2084 2324 attendcndo,

510 2329 734 2394 scilicet,
766 2328 888 2396 quia
930 2326 977 2379 si
1026 2336 1289 2394 praiigepta
1324 2337 1409 2379 tua
1443 2327 1510 2382 ab
1554 2328 1661 2381 illis
1710 2331 1953 2394 neglecta
1981 2330 2080 2383 de-

507 2402 700 2453 derunt
726 2397 1195 2452 mortiﬁcationem
1259 2412 1289 2451 e
1318 2399 1590 2453 contrario
1617 2398 1905 2454 obServata
1934 2414 1964 2454 a
1996 2414 2082 2454 me

502 2471 690 2525 darent
720 2468 1147 2523 vivilicationem.

580 2541 810 2611 Defeclio
844 2540 1022 2593 tenuit.
1063 2537 1224 2593 Refer
1254 2537 1394 2593 hunc
1420 2554 1632 2595 versum
1674 2540 1741 2594 ad
1773 2542 2081 2610 prteceden-

505 2612 571 2670 tis
602 2627 791 2667 versus
819 2613 1275 2683 primainpartem
1319 2613 1387 2683 ita
1416 2629 1427 2663 :
1463 2612 1594 2678 Quia
1650 2629 1842 2667 memor
1886 2614 1961 2682 [ui
1980 2615 2078 2683 ju-

483 2687 756 2739 diciorum
798 2681 1023 2745 tuorum,
1056 2681 1178 2734 ideo
1209 2682 1369 2735 tenuit
1394 2699 1472 2735 me
1499 2683 1729 2753 defectio,
1764 2684 1815 2737 id
1844 2681 1945 2748 εει,
1980 2681 2077 2737 ta:-

505 2756 675 2818 dium,
711 2756 904 2808 timens
937 2767 1005 2807 ne
1036 2752 1353 2816 deﬁcerem;
1378 2763 1450 2825 Δει
1482 2752 1580 2808 hoc
1608 2771 1701 2824 pro
1731 2755 2077 2825 peccatoribus

504 2825 963 2895 derelinquentt‘bus
996 2824 1156 2897 legem
1183 2833 1341 2883 luant.
1376 2823 1478 2879 hoc
1517 2823 1619 2897 est,
1653 2823 1867 2893 propter
1894 2842 2077 2897 perse-

505 2894 719 2952 cutores
749 2894 1218 2962 transgredientes,
1252 2897 1342 2963 qui
1389 2910 1475 2949 me
1499 2896 1849 2963 devocabant,
1886 2894 1941 2953 et
1972 2898 2076 2954 sibi

505 2970 771 3023 associare
800 2965 1071 3037 volebant.
1094 2965 1414 3035 Sequentem
1447 2981 1657 3037 quoque
1688 2983 1903 3023 versum
1934 2972 2077 3025 rel'er

504 3041 569 3093 ad
616 3037 860 3108 ejusdem
892 3036 1128 3090 ultimam
1179 3044 1384 3106 partem
1440 3038 1563 3093 sic:
1618 3039 1751 3105 Quia
1782 3038 2073 3094 consolatus

502 3126 615 3164 sum
644 3107 696 3164 iii
738 3107 1019 3177 praeceptis
1057 3108 1183 3174 tuis,
1215 3108 1333 3161 ideo
1367 3108 1757 3176 jttsliﬁcaliones
1800 3120 1900 3165 tua:
1928 3120 2072 3165 erant

505 3182 629 3235 mihi
660 3178 957 3248 cantabiles,
990 3178 1042 3233 id
1087 3187 1189 3246 est,
1222 3178 1408 3233 dulces
1443 3189 1497 3234 et
1534 3181 1878 3235 delectabiles
1908 3184 2069 3237 etiam

502 3254 556 3306 in
592 3253 703 3306 loco
750 3250 1173 3322 peregrinationis
1210 3265 1357 3315 metu,
1389 3250 1439 3303 id
1469 3260 1569 3319 est,
1603 3252 1655 3305 in
1687 3254 1785 3307 hac
1819 3254 2071 3322 praesenti

501 3324 630 3391 vita,
661 3322 749 3376 ubi
791 3324 965 3376 omnis
997 3321 1212 3374 miseria
1243 3330 1343 3387 est,
1378 3332 1429 3377 et
1458 3324 1545 3392 vix
1591 3323 1791 3392 aliquid
1825 3321 2073 3379 delecta-

502 3394 629 3449 bile.
660 3393 840 3448 Potest
869 3394 1032 3447 etiam
1062 3406 1251 3446 versus
1297 3391 1560 3460 superior,
1595 3391 2075 3458 ubidixit,Memor

499 3475 606 3520 esto
634 3465 793 3531 verbi,
835 3464 989 3537 aliter
1017 3463 1209 3532 accipi,
1256 3472 1310 3537 et
1336 3464 1628 3520 secundum
1660 3466 1762 3521 hoc
1798 3482 1917 3537 quae
1948 3467 2073 3523 inde

507 3538 608 3592 huc
635 3551 801 3606 usque
830 3534 971 3589 dicta
1000 3546 1142 3600 sunt,
1174 3536 1367 3606 partim
1418 3538 1632 3602 mutari,
1680 3548 1733 3592 et
1770 3534 1875 3593 erit
1903 3540 2075 3594 conti-

506 3608 688 3662 nuatio
717 3604 819 3676 qua
849 3616 901 3660 et
941 3608 1108 3675 prius.
1160 3604 1321 3672 Quasi
1350 3607 1493 3663 dicat
1518 3626 1530 3661 :
1564 3608 1699 3675 Quia
1728 3612 1993 3664 exercebar
2020 3613 2076 3665 in

494 3676 948 3749 justiﬁcationibus
982 3678 1100 3744 tuis,
1132 3692 1280 3747 ergo,
1310 3676 1558 3744 Domine,
1588 3696 1777 3734 memor
1806 3691 1913 3735 esto
1958 3682 2077 3736 Ver-

506 3750 553 3802 bi
583 3747 917 3821 incantandi,
937 3750 1077 3815 quod
1109 3758 1162 3801 tu
1195 3749 1485 3817 promisisti
1516 3766 1661 3805 servo
1690 3762 1796 3819 tuo,
1841 3754 1941 3807 hoc
1967 3766 2071 3821 est,

505 3821 644 3873 mitte
672 3834 821 3889 quem
849 3819 1094 3892 missurus
1118 3833 1187 3892 es,
1242 3829 1299 3892 ut
1325 3835 1420 3887 per
1448 3836 1570 3876 eum
1599 3822 1799 3878 discam
1846 3819 2076 3892 qualiter

506 3887 728 3946 debeant
762 3888 1002 3944 exerceri
1044 3889 1097 3943 in
1138 3887 1608 3958 justilicationibus
1642 3897 1771 3959 tuis;
1806 3887 1964 3961 verbi,
1994 3898 2076 3952 in-

503 3978 688 4034 quom,
737 3976 930 4035 memor
958 3972 1088 4035 esto,
1134 3964 1340 4035 in_quo
1397 3964 1551 4035 mihi
1584 3966 1799 4032 dedisti,
1848 3969 2073 4035 scilicet,

504 4031 678 4104 spem,
709 4033 848 4103 quod
878 4047 973 4103 per
994 4031 1169 4102 ipsum
1200 4032 1505 4089 benedictio
1529 4033 1701 4090 futura
1733 4038 1800 4090 sit
1824 4031 2075 4094 omnibus

502 4107 767 4176 gentibus.
809 4105 874 4158 Et
897 4106 1005 4176 haec
1033 4118 1155 4173 spes
1185 4105 1445 4159 consolata
1475 4115 1550 4161 est
1575 4123 1657 4161 me
1701 4108 1755 4162 in
1785 4107 2077 4165 humilitate

502 4174 636 4245 mea,
672 4180 721 4231 id
749 4185 848 4241 est,
881 4176 933 4229 in
966 4174 1331 4251 buiiiiliatione
1357 4179 1697 4251 mortalitatis
1727 4189 1781 4251 et
1803 4182 2075 4251 passibili-

504 4252 647 4315 tatis,
698 4262 815 4316 qua:
854 4262 883 4300 a
922 4246 1109 4315 primis
1170 4249 1480 4316 parentibus
1530 4246 1818 4305 contraxif
1850 4254 1912 4306 lit
1958 4254 2077 4308 ideo

503 4319 674 4390 (quasi
696 4317 862 4391 dicat)
892 4320 1169 4373 consolata
1199 4328 1282 4374 est
1306 4336 1390 4375 me
1418 4335 1545 4390 spes
1564 4324 1687 4377 data
1720 4324 1848 4377 milii
1880 4325 1933 4378 in
1964 4325 2075 4391 illo,

502 4393 622 4460 quia
670 4390 925 4459 eloquium
974 4401 1116 4463 tuum
1161 4390 1227 4444 ab
1276 4392 1365 4446 illo
1405 4395 1763 4449 ministratum
1809 4390 2075 4463 viviﬁcuvit

503 4479 603 4528 tne,
637 4462 688 4517 id
716 4472 818 4526 est,
868 4461 1107 4515 doctrina
1158 4469 1243 4515 tua
1292 4477 1389 4531 per
1435 4464 1581 4518 illum
1612 4466 1811 4520 mundo
1839 4461 2073 4522 exhibita

502 4538 662 4589 vitam
688 4534 879 4588 anima:
910 4534 961 4586 in
1004 4546 1090 4587 me
1122 4533 1405 4601 reparavit.

577 4604 795 4674 Superbi
822 4604 1013 4677 inique.
1058 4605 1216 4671 Quasi
1247 4604 1439 4674 aliquis
1476 4606 1709 4663 diceret:
1744 4607 1988 4677 Nunquid
2019 4624 2077 4665 es

505 4675 853 4732 humiliatus?
881 4678 1009 4730 Sum
1035 4678 1219 4748 utique
1246 4692 1339 4744 per
1356 4680 1603 4733 traduces
1622 4683 1826 4747 peccati
1854 4675 2077 4748 primos.

505 4748 745 4822 Namque
771 4748 993 4822 superbi,
1030 4747 1081 4822 id
1111 4757 1213 4812 est,
1249 4760 1496 4816 parentes
1529 4752 1705 4817 primi,
1738 4752 1825 4821 qui
1850 4747 1953 4807 non
1986 4768 2079 4822 per

505 4819 869 4875 iniirinitatem
915 4820 993 4872 vel
1060 4818 1435 4889 ignorantiam,
1487 4823 1580 4875 sed
1635 4837 1730 4891 per
1755 4818 2077 4892 'superbfain

509 4898 826 4964 transgressi
873 4898 1000 4964 sunt
1035 4892 1342 4944 mandatum
1395 4891 1520 4959 Dei;
1572 4895 1669 4956 illi,
1707 4891 1945 4964 inquam,
1993 4911 2078 4949 su-

508 4963 658 5034 perbi
688 4962 899 5033 agebant
929 4962 1120 5029 inique,
1165 4974 1219 5034 et
1248 4978 1351 5017 non
1403 4978 1587 5033 parum
1639 4962 1838 5034 inique,
1872 4970 1963 5021 sed
1996 4983 2082 5021 us-

504 5033 816 5106 quequaque,
849 5033 897 5086 id
925 5044 1030 5100 est,
1058 5033 1387 5100 omnimodo,
1421 5034 1538 5102 quia
1581 5051 1683 5089 non
1729 5049 1931 5092 tantum
1981 5039 2079 5107 ipsi

506 5122 601 5175 per
633 5117 907 5174 peccatum
937 5120 1091 5158 suum
1139 5117 1362 5160 mortem
1410 5117 1739 5173 meruerunt,
1771 5110 1864 5164 sed
1914 5114 2079 5164 etiam

505 5179 623 5231 aliis
654 5178 897 5247 poculum
930 5178 1119 5232 mortis
1148 5179 1550 5248 posteritatibus
1598 5193 1711 5233 suae
1760 5182 2079 5249 prODillave'

502 5258 646 5303 runt.

579 5322 619 5371 Α
670 5321 775 5392 lege
827 5328 1015 5374 autem.
1060 5319 1219 5386 Quasi
1269 5319 1411 5375 dicat
1452 5340 1462 5374 ;
1500 5323 1618 5376 Illos
1661 5339 1764 5377 non
1799 5333 2082 5379 secuturus

509 5405 652 5464 sum,
682 5396 804 5461 quia
832 5396 882 5445 in
912 5402 1166 5460 quantum
1200 5397 1340 5461 potui
1371 5410 1403 5445 a
1424 5394 1530 5464 lege
1557 5404 1644 5447 tua
1673 5411 1775 5448 non
1810 5396 2077 5450 declinavi.

506 5461 577 5516 Et
608 5462 721 5515 ideo
768 5478 873 5517 non
922 5464 1211 5537 declinavi,
1254 5464 1377 5533 quia
1404 5461 1593 5519 memor
1644 5468 1718 5537 fui
1760 5467 2085 5535 judicioriim

506 5542 710 5586 tuorum
736 5536 982 5591 a‘steculo
1014 5534 1295 5599 laetorum,
1323 5545 1376 5589 et
1402 5539 1538 5591 sicut
1560 5534 1718 5607 supra
1748 5542 1949 5592 dictum
1978 5547 2079 5593 est.

505 5607 714 5674 thuia
738 5621 927 5662 memor
954 5608 1027 5678 fui
1048 5607 1361 5678 judicioruin
1394 5617 1598 5662 tuorum
1644 5626 1675 5661 a
1716 5610 1929 5676 saeculo,
1964 5611 2084 5665 ideo

504 5678 721 5751 defectio
745 5682 899 5732 tenuit
929 5696 1025 5745 me,
1061 5678 1111 5733 id
1146 5688 1249 5744 est,
1284 5679 1405 5751 ideo
1446 5680 1595 5733 timui
1630 5682 1834 5751 lapsum
1886 5692 1939 5736 et
1982 5683 2083 5737 de-

504 5748 699 5825 iectum
729 5766 823 5820 pro
847 5751 1201 5825 peccatoribus
1220 5748 1868 5825 dei‘tlinquentibuslegein
1911 5764 2081 5822 tuam,

507 5822 607 5879 hoc
638 5831 741 5889 est,
776 5833 989 5894 propter
1017 5824 1297 5880 mortalem
1345 5833 1401 5880 et
1443 5822 1773 5893 passibilcm’
1804 5828 2082 5883 iniit-inita-

2192 474 2434 545 Sequens
2465 490 2655 531 versus
2698 476 2749 529 in
2794 475 2893 529 liac
2922 476 3187 532 sententia
3226 477 3374 533 velut
3416 478 3467 532 in
3502 478 3675 547 priori
3706 480 3793 534 di-

2192 548 2350 602 citur.

2261 618 2460 672 Memor
2486 618 2564 688 fui
2590 627 2754 674 nocte.
2797 618 2959 685 Quasi
2989 619 3166 675 dicat:
3199 618 3338 675 Vere
3369 620 3423 673 in
3469 620 3590 675 loco
3644 637 3795 687 pere-

2188 692 2495 764 grinationis
2536 707 2662 764 mete
2707 691 2984 764 cantabiles
3030 691 3158 744 mihi
3185 701 3332 745 erant
3371 692 3791 764 justiﬁeatianes

2188 770 2312 828 tute,
2342 762 2485 831 quia,
2512 778 2544 816 ο
2580 762 2816 827 Domine,
2845 779 3037 815 ntemor
3060 764 3136 831 {ui
3166 762 3387 816 nominis
3416 765 3513 829 tui,
3545 763 3653 819 hoc
3686 776 3791 831 est,

2190 848 2296 888 non
2315 832 2565 903 usurpavi
2590 834 2846 895 mihimec
2870 834 3110 898 rapinam
3136 834 3425 888 arbitratus
3440 849 3561 888 sum
3586 851 3793 891 nomen

2192 914 2360 969 tuum,
2410 914 2469 959 ut
2512 904 2706 959 vellem
2746 905 2877 958 mihi
2928 905 3070 959 Deus
3112 919 3253 970 esse,
3306 914 3361 959 et
3395 906 3463 961 de
3492 919 3630 959 nutu
3667 922 3791 961 meo

2187 976 2460 1045 pendere;
2491 976 2585 1030 sed
2633 976 2808 1043 potius
2834 978 2885 1030 in
2918 977 3176 1031 memoria
3226 990 3442 1045 sei-iper
3484 977 3656 1031 habui
3692 978 3793 1033 hoc

2188 1060 2408 1113 nomen,
2439 1047 2579 1114 quod
2606 1056 2689 1101 est
2715 1048 2992 1111 Dominus,
3026 1047 3356 1102 attendendo
3382 1057 3433 1102 te
3464 1048 3786 1115 Dominum,

2188 1132 2275 1172 me
2301 1132 2537 1182 servum,
2574 1128 2625 1173 te
2649 1119 3097 1185 omnipotentem,
3126 1133 3210 1173 me
3237 1118 3597 1185 impotentem
3626 1130 3686 1173 et
3716 1122 3793 1175 la-

2187 1189 2386 1257 pidein,
2419 1198 2472 1241 et
2503 1188 2604 1245 hoc
2640 1190 2694 1242 in
2724 1198 2892 1253 nocte,
2925 1189 2976 1242 id
3007 1199 3109 1252 est,
3158 1189 3209 1242 in
3240 1191 3573 1243 adversitate
3597 1192 3791 1256 etiam,

2187 1274 2294 1314 non
2321 1270 2524 1314 tantum
2554 1260 2607 1313 in
2638 1261 3023 1329 prosperitate;
3057 1261 3143 1314 vel
3186 1261 3240 1313 in
3270 1270 3417 1314 nocte
3439 1264 3794 1318 mortalitatis

2185 1342 2242 1385 et
2272 1331 2658 1400 possibilitatis,
2692 1332 2744 1384 id
2773 1340 2875 1398 est,
2903 1331 2954 1384 in
2985 1331 3090 1384 hac
3126 1333 3377 1399 praesenti
3418 1334 3551 1395 vita,
3589 1333 3644 1387 in
3685 1348 3789 1399 qua

2184 1413 2266 1457 est
2290 1417 2393 1456 nox
2418 1404 2650 1473 Obscura
2703 1402 2818 1470 ipsa
2869 1401 3109 1455 veritatis
3160 1400 3483 1470 ignorantia.
3542 1402 3614 1456 Et
3659 1407 3823 1473 quia‘

2185 1488 2375 1527 memor
2400 1472 2477 1543 fui
2506 1473 2724 1527 nominis
2757 1473 2852 1536 tui,
2885 1474 3006 1528 ideo
3050 1474 3210 1542 legem
3240 1484 3379 1527 tuam
3427 1472 3709 1536 custodiei,
3741 1476 3793 1530 id

2188 1555 2292 1613 est,
2323 1559 2427 1599 non
2461 1546 2780 1612 apostatavi,
2824 1543 2963 1617 sicut
2994 1543 3210 1617 superbi
3236 1545 3412 1617 primi.
3451 1545 3661 1599 Mentor
3690 1547 3789 1617 fui,
3816 1558 3826 1565 '

2188 1617 2426 1684 inquam,
2455 1617 2675 1669 nominis
2726 1617 2801 1669 tui
2827 1616 2880 1668 in
2914 1626 3078 1679 nocte,
3110 1615 3161 1669 id
3193 1627 3297 1681 est,
3327 1616 3383 1669 in
3414 1615 3790 1673 tribulatiiine.

2187 1686 2255 1741 Et
2282 1687 2390 1740 liazc
2419 1701 2520 1742 nox
2554 1698 2655 1752 est,
2682 1686 2733 1740 id
2772 1697 2875 1750 εει,
2904 1688 3177 1741 tribulatio
3208 1698 3262 1740 et
3286 1688 3624 1756 persecutio,
3652 1689 3792 1757 facta

2189 1769 2261 1839 est
2286 1758 2459 1839 miliia
2482 1758 2915 1839 persecutoribus
2938 1758 3406 1839 derelinquentibus
3426 1760 3789 1839 legem‘tnuam,

2192 1829 2314 1884 ideo
2336 1830 2454 1898 quia
2472 1844 2582 1902 ego
2600 1830 3001 1902 justiﬁcationes
3029 1838 3319 1898 (prazcepta
3368 1841 3454 1883 tua
3477 1829 3790 1899 justificau-

2194 1901 2286 1966 tia)
2309 1916 2427 1970 qua:
2451 1900 2526 1954 illi
2557 1900 2913 1969 negligebant,
2938 1901 3208 1970 exquisivi,
3244 1916 3349 1954 non
3381 1902 3449 1955 ad
3478 1902 3789 1968 sciendum,

2191 1973 2284 2025 sed
2304 1973 2367 2025 ad
2384 1971 2702 2026 faciendum.
2729 1970 2822 2026 Vel
2845 1971 3024 2037 aliter,
3049 1972 3272 2036 scilicet,
3295 1971 3448 2041 juxta
3466 1972 3635 2027 aliam
3673 1990 3793 2029 sen-

2191 2044 2411 2097 tentiam
2439 2043 2505 2097 de
2528 2056 2704 2108 nocte,
2730 2044 2837 2096 haec
2869 2059 2993 2109 nox,
3013 2042 3067 2096 id
3084 2052 3189 2108 est,
3219 2045 3411 2097 nebula
3436 2046 3787 2101 mortalitatis

2189 2122 2243 2167 et
2276 2113 2664 2183 passiliilitatis,
2698 2117 2835 2184 [actu
2877 2125 2951 2168 est
3000 2114 3129 2167 milii
3161 2114 3307 2170 utilis
3353 2130 3451 2184 per
3498 2117 3632 2179 hoc,
3674 2118 3791 2185 quia

2187 2200 2290 2254 ego
2321 2185 2606 2239 attendens
2638 2186 2779 2253 quod
2813 2200 2907 2256 per
2954 2186 3331 2254 negligentiam
3382 2197 3786 2256 praeceptorum

2188 2265 2401 2310 tuorum
2454 2258 2505 2309 in
2539 2256 2677 2311 hanc
2726 2255 2997 2309 miseriam
3048 2256 3356 2323 inciderint,
3391 2272 3462 2312 eo
3492 2255 3793 2315 suidiosius

2187 2328 2439 2400 exquisivi
2459 2326 2855 2399 justi/icationes
2891 2338 3029 2400 tuas,
3061 2327 3113 2400 id
3155 2336 3256 2392 est,
3288 2340 3566 2397 praecepta
3596 2340 3689 2385 tua
3715 2335 3791 2400 ju—

2189 2397 2501 2464 stilicaiitia,
2548 2410 2604 2451 ut
2632 2413 2751 2468 quae
2781 2399 3022 2465 neglecta
3054 2397 3271 2468 fuerunt
3315 2400 3383 2453 ad
3414 2410 3687 2467 mortem,
3716 2397 3795 2457 ob-

2186 2481 2398 2523 servata
2430 2479 2614 2524 essent
2640 2467 2770 2523 mihi
2802 2472 2865 2522 ad
2895 2470 3122 2524 salutem
3144 2467 3167 2535 ξ
3192 2471 3277 2524 vel
3323 2469 3485 2525 aliter
3518 2490 3531 2525 :
3582 2472 3784 2526 Memor

2183 2540 2280 2608 fui,
2315 2541 2555 2609 inquam,
2588 2540 2809 2594 nominis
2837 2543 2947 2606 lui,
2980 2547 3036 2595 et
3065 2539 3174 2593 haec
3204 2542 3465 2595 memoria
3498 2543 3628 2598 ideo
3657 2544 3790 2611 facta

2182 2621 2257 2683 est
2286 2611 2436 2677 milii,
2469 2613 2593 2682 quia
2624 2627 2723 2682 ego
2756 2612 3001 2677 exquisivi
3041 2611 3439 2683 jusiiﬁcationes
3474 2616 3784 2682 praedictas,

2182 2682 2235 2737 id
2265 2691 2368 2749 est,
2400 2697 2466 2738 ex
2498 2692 2612 2739 toto
2640 2684 2806 2739 corde
2835 2683 2997 2738 dilexi
3020 2682 3436 2752 justilicationes
3470 2694 3596 2740 tuas

2793 2798 2929 2853 Heth
2952 2841 2967 2867 ,
3013 2799 3144 2855 vita.

2795 2922 3156 2966 EXPLANATIO.

2248 3027 2443 3101 A_g_men
2473 3025 2673 3101 beatum
2700 3026 2768 3101 ad
2814 3035 3043 3101 octavam
3086 3025 3312 3101 litteram
3364 3029 3527 3094 venit,
3578 3030 3637 3083 in
3682 3047 3781 3101 qua

2177 3096 2435 3151 desiderat
2473 3098 2640 3151 videre
2670 3099 2851 3166 [aciem
2885 3099 3115 3165 Domini,
3143 3100 3403 3153 mandatis
3427 3102 3666 3155 noscitur
3693 3096 3780 3155 ob-

2100 3166 2147 3230 C
2178 3178 2427 3224 secutum.
2482 3167 2551 3222 Et
2593 3170 2714 3237 quia
2765 3170 2859 3223 hoc
2911 3171 3225 3224 desiderium
3278 3172 3334 3224 in
3390 3174 3784 3227 resurrectionis

2176 3241 2343 3308 gloria
2369 3240 2685 3309 perﬁcietur,
2729 3252 2909 3295 octava
2949 3242 3121 3296 littera
3141 3242 3259 3296 vita:
3286 3243 3541 3298 vocabulo
3564 3246 3778 3314 gaudet.

2748 3368 3196 3411 COMMENTARIUS.

2249 3464 2431 3519 Portio
2460 3481 2591 3521 mea.
2636 3464 2868 3537 Respice
2898 3467 3040 3537 quod
3087 3468 3138 3523 in
3172 3468 3275 3521 line
3305 3465 3462 3537 hujus
3505 3466 3777 3522 octonarii

2185 3548 2291 3608 est,
2343 3538 2466 3606 quia
2527 3538 2655 3593 illuc
2702 3540 3031 3593 continuatio
3085 3538 3326 3608 respicit.
3371 3538 3538 3604 Quasi
3586 3540 3777 3594 dicat:

2181 3607 2317 3673 Quia
2343 3609 2592 3678 exquisivi
2610 3609 3006 3680 justi/icationes
3024 3620 3158 3677 tuas,
3184 3607 3333 3680 ergo,
3364 3612 3619 3677 Domine,
3644 3612 3781 3667 doce

2180 3695 2266 3734 tne
2308 3682 2458 3750 ipsas
2484 3680 2897 3750 justilicationes
2929 3692 3072 3746 tuas,
3100 3692 3159 3736 ut
3199 3684 3370 3752 magis
3403 3684 3688 3751 proficiam
3730 3687 3780 3737 in

2179 3752 2290 3815 eis;
2324 3754 2466 3820 quod
2499 3752 2663 3807 debes
2690 3752 2891 3822 facere,
2922 3755 3046 3822 quia
3092 3768 3151 3807 es
3198 3754 3367 3824 portio
3398 3758 3525 3822 (pro
3557 3758 3779 3823 partici-

2181 3824 2347 3891 patio)
2383 3838 2515 3888 mea,
2568 3825 2672 3878 hoc
2701 3835 2803 3889 est,
2851 3825 2971 3894 quia
3003 3839 3102 3894 ego
3133 3834 3187 3880 te
3216 3824 3511 3879 Dominum
3564 3826 3783 3894 partici-

2179 3907 2248 3962 po
2284 3911 2294 3945 :
2328 3896 2489 3948 homo
2519 3895 2662 3949 enim
2704 3894 2831 3949 dum
2886 3906 3183 3965 permanet,
3226 3895 3390 3950 homo
3442 3912 3553 3949 non
3604 3908 3780 3964 potest

2180 3980 2300 4019 esse
2330 3966 2471 4020 Deus
2502 3984 2513 4017 :
2546 3967 2643 4019 sed
2684 3976 2859 4021 tamen
2906 3968 3277 4037 participando
3310 3966 3482 4020 Deum
3533 3982 3642 4020 non
3693 3983 3782 4020 na-

2179 4044 2321 4102 tura,
2347 4037 2439 4108 sed
2457 4038 2646 4107 gratia,
2675 4038 2981 4108 adjungitur
3000 4040 3101 4091 dits
3122 4039 3249 4105 illis,
3268 4038 3337 4092 de
3360 4040 3564 4107 quibus
3581 4039 3781 4093 dictum

2180 4116 2299 4162 est:
2356 4107 2469 4178 Ego
2499 4108 2632 4175 dixi,
2668 4108 2742 4161 dii
2790 4107 2929 4173 estis,
2962 4119 3068 4167 etc.
3097 4109 3189 4163 Vel
3234 4110 3414 4173 aliter,
3450 4108 3642 4163 Poriio
3675 4127 3781 4165 mea

2182 4192 2262 4242 es,
2302 4178 2355 4233 id
2380 4189 2482 4247 est,
2518 4193 2639 4247 pars
2663 4194 2802 4234 mea.
2836 4181 2999 4246 Quasi
3029 4181 3173 4234 dicat
3206 4197 3219 4233 :
3249 4182 3464 4250 Eligant
3492 4181 3593 4234 alii
3623 4198 3780 4251 quam

2182 4259 2385 4316 partem
2417 4252 2583 4304 velint
2607 4251 2674 4305 de
2705 4251 3014 4317 mundanis,
3042 4266 3142 4320 ego
3186 4262 3237 4306 te
3277 4253 3453 4305 solum
3483 4253 3547 4305 in
3578 4255 3784 4308 univer-

2181 4321 2337 4375 sitate
2363 4335 2579 4375 reorum
2612 4331 2821 4391 partem
2853 4324 2984 4376 milii
3025 4326 3244 4393 eligam,
3288 4331 3345 4378 et
3370 4324 3496 4377 ideo
3539 4326 3672 4378 doce
3710 4341 3783 4377 me

2172 4393 2569 4463 justi/icationes
2601 4402 2733 4446 tuas.
2788 4393 3042 4462 Sequitur
3077 4411 3089 4445 :

2255 4463 2377 4517 Dixi
2406 4464 2680 4519 custodire.
2706 4465 2903 4519 Probat
2937 4464 3076 4533 quod
3104 4465 3368 4534 prmdixit,
3382 4463 3489 4519 hoc
3521 4476 3629 4534 at,
3661 4482 3784 4524 vere

2107 4552 2160 4613 ι)
2187 4549 2244 4613 es
2274 4538 2439 4603 portio
2465 4551 2573 4587 mea
2599 4550 2618 4588 :
2640 4536 2760 4605 quia
2793 4550 2851 4592 es
2894 4539 3063 4606 portio
3092 4538 3326 4591 omnium
3356 4538 3784 4613 custodientium

2184 4607 2354 4674 legem
2386 4615 2553 4673 tuam,
2580 4618 2710 4674 etc.,
2737 4624 2855 4677 quae
2883 4620 3177 4677 sequuntur
3198 4610 3490 4676 agentium,
3518 4621 3577 4663 et
3603 4611 3783 4733 Squasi

2184 4678 2343 4733 dicat)
2398 4692 2496 4733 eeo
2526 4693 2662 4732 unus
2690 4694 2752 4732 ex
2806 4679 2909 4733 illis
2959 4694 3096 4733 sunt.
3126 4684 3247 4733 auia
3274 4693 3373 4733 esto
3400 4680 3542 4733 dixi.
3575 4684 3608 4733 ii
3677 4692 3778 4733 est.

2183 4678 2343 4747 dicat)
2398 4692 2496 4747 ego
2526 4693 2662 4732 unus
2690 4694 2752 4732 ex
2806 4679 2909 4733 illis
2959 4694 3096 4744 sunt,
3126 4684 3247 4748 quia
3274 4693 3373 4749 ego
3400 4680 3542 4744 dixi,
3575 4678 3627 4734 id
3652 4678 3778 4745 est,

2181 4750 2409 4804 ﬁrmiter
2436 4750 2687 4805 constitui
2714 4750 2967 4803 custodire
2990 4750 3151 4819 legem
3179 4760 3357 4802 tuam:
3411 4766 3546 4818 ergo
3575 4769 3635 4806 es
3670 4768 3779 4819 pob

2184 4821 2255 4875 tio
2277 4838 2415 4887 mea,
2447 4835 2575 4890 ergo
2605 4821 2730 4874 doce
2760 4838 2836 4874 me
2852 4821 3249 4891 justi/iigaiiones
3270 4831 3401 4875 tuas.
3437 4822 3578 4889 Quia
3598 4835 3779 4878 autem

2182 4893 2268 4947 lex
2300 4892 2416 4960 ejus
2439 4908 2547 4946 non
2580 4902 2753 4959 potest
2784 4894 3065 4961 custodiri,
3102 4896 3201 4946 nisi
3230 4895 3342 4960 ipso
3365 4895 3616 4947 invocato
3643 4910 3781 4949 sein-

2183 4980 2298 5033 per,
2352 4964 2470 5018 ideo
2520 4962 2848 5017 invocandus
2894 4974 3013 5018 est:
3065 4962 3187 5033 quia
3225 4966 3301 5017 sic
3330 4964 3465 5018 ﬁdes
3494 4964 3777 5033 impetrat,

2182 5035 2321 5103 quod
2355 5038 2437 5088 lex
2469 5050 2573 5087 non
2613 5034 2880 5103 impetrat.
2936 5036 2997 5087 Et
3052 5036 3172 5089 ideo
3202 5037 3383 5088 Subdit
3409 5052 3421 5087 :
3452 5034 3782 5106 Deprecaius

2183 5123 2296 5160 sum
2318 5106 2502 5177 faciem
2545 5116 2705 5171 tuam,
2742 5109 2841 5160 hoc
2884 5116 2965 5162 est
2997 5117 3054 5160 ut
3082 5121 3173 5175 per
3199 5106 3449 5161 ellectuui
3483 5119 3781 5177 appareret

2184 5180 2238 5231 in
2272 5193 2357 5231 me
2384 5176 2543 5231 lacies
2575 5187 2681 5241 tua,
2717 5195 2820 5232 non
2844 5177 3006 5232 facies
3039 5192 3177 5242 mea,
3213 5178 3262 5231 id
3295 5190 3376 5232 est
3408 5176 3661 5234 voluntas
3687 5193 3779 5234 tua

2186 5265 2295 5302 non
2329 5263 2468 5314 mea,
2504 5261 2559 5303 ut
2589 5250 2816 5305 idoneus
2847 5265 3020 5305 essem
3052 5250 3326 5304 custodire
3376 5252 3547 5319 legem
3582 5262 3731 5305 tuam
3760 5270 3775 5304 :

2182 5330 2237 5373 et
2269 5322 2371 5373 hoc
2413 5321 2465 5372 in
2488 5330 2590 5375 toto
2618 5322 2770 5375 corde
2808 5336 2941 5386 meo,
2975 5323 3075 5375 hoc
3105 5333 3182 5375 est
3216 5337 3280 5375 ex
3314 5324 3457 5375 omni
3489 5321 3780 5378 allectione

2184 5402 2238 5446 et
2267 5407 2335 5446 ex
2362 5393 2608 5446 omnibus
2638 5393 2842 5446 viribus
2873 5393 3041 5447 meis:
3098 5405 3152 5447 et
3203 5394 3322 5447 ideo
3366 5395 3605 5445 miserere
3652 5396 3777 5460 mei,

2186 5479 2290 5517 non
2323 5473 2540 5533 propter
2570 5479 2747 5517 meum
2779 5465 3048 5531 meritum,
3078 5465 3172 5519 sed
3204 5464 3485 5518 secundum
3508 5464 3777 5533 eloquium

2186 5546 2351 5600 tuum,
2384 5536 2435 5589 id
2463 5544 2564 5601 est,
2623 5538 2915 5590 secundum
2945 5538 3261 5605 promissum
3299 5548 3446 5589 tuum
3479 5544 3537 5588 ut
3564 5539 3779 5590 scilicet

2188 5607 2559 5677 promissionis
2602 5607 2771 5673 lilius,
2824 5624 2929 5661 non
2977 5608 3242 5660 elationis.
3296 5608 3364 5660 Et
3410 5610 3561 5676 quasi
3595 5621 3777 5662 certus

2185 5676 2253 5733 dc
2273 5679 2635 5743 exauditione,
2668 5681 2847 5733 subdit
2879 5695 2893 5733 :
2925 5676 3154 5748 Cogitavi
3182 5678 3286 5732 vias
3308 5693 3468 5731 meas.
3499 5680 3663 5742 Quasi
3691 5681 3778 5733 di-

2187 5760 2272 5805 cat
2295 5767 2308 5803 :
2334 5749 2466 5816 Quia
2497 5749 2799 5817 deprecatus
2837 5765 2953 5804 sum
2977 5752 3157 5819 [aciem
3188 5760 3347 5819 tuam,
3380 5751 3501 5804 ideo
3525 5752 3775 5823 cegitavi,

2192 5824 2242 5877 id
2300 5833 2402 5888 est,
2457 5823 2657 5878 attendi
2708 5826 2814 5879 vias
2867 5838 3000 5877 meas
3043 5823 3247 5879 finitas:
3293 5835 3339 5877 et
3365 5825 3587 5876 converti
3617 5828 3781 5895 pedes
