4006 6364
310 278 457 343 1068

992 283 1061 341 IN
1098 284 1517 344 PSALMORUM
1552 283 1808 343 LIBRUM
1845 282 2206 343 EXEGESIS.
2245 313 2317 332 —-
2352 282 2602 343 PSALM.
2642 282 2876 342 CXVIII.

3436 288 3576 346 1066

308 409 498 475 ms,_
530 391 583 448 id
627 394 734 463 eet,
756 392 1083 475 affectiones
1125 412 1275 455 meas
1302 398 1355 454 in
1377 400 1662 456 testimonia
1704 411 1815 475 tua,
1843 401 1897 458 id
1920 404 1976 467 Α
2002 398 2331 475 disciplinam
2351 406 2398 475 e_t
2420 398 2704 475 scientiam3
2734 398 2876 475 Petit
2896 398 3006 475 hoc
3028 398 3133 475 sib_i
3156 399 3336 475 augeri
3365 410 3574 475 etper-

307 475 421 536 est,
450 464 564 519 vias
592 473 711 520 tuas
738 464 1011 536 pulchras.

386 535 613 591 Paratus
635 535 769 617 sum.
787 539 948 604 Quasi
976 539 1118 596 dicat
1142 557 1156 594 :
1184 541 1240 596 In
1272 551 1475 599 tantum
1500 548 1720 617 converti
1745 550 1897 617 pedes

307 624 471 681 meos,
516 608 660 679 quod
701 617 913 678 paratus
948 627 1060 665 sum
1104 620 1161 665 ut
1203 617 1505 681 custodiam,
1536 616 1676 673 sicut
1718 608 1898 675 c'usto-

310 680 510 734 dieuda
539 688 667 757 sunt
706 681 1109 757 mandatatua;
1150 694 1197 737 et
1254 686 1327 739 ita
1356 680 1591 757 paratus,
1622 690 1763 757 quod
1794 708 1897 746 non

304 766 423 804 sum
448 750 684 831 turbatus
708 752 758 807 in
788 754 1037 831 custodia
1058 754 1271 831 illorum
1292 750 1367 831 ett
1393 750 1589 814 timore
1612 750 1809 831 aliquo.
1830 763 1898 817 Et

306 821 468 893 quasi
497 822 689 893 aliquis
719 834 921 893 quazrat
947 842 961 879 :
996 824 1147 881 Unde
1175 828 1270 882 tibi
1318 829 1476 883 timor
1534 821 1897 889 turbationis?

301 892 510 966 subdit,
552 892 751 948 Funes’
784 904 1123 965 peccatorum.
1174 898 1335 966 Quasi
1380 899 1565 955 dicat:
1616 901 1742 957 Non
1782 923 1896 959 sum

304 965 567 1040 turbatus,
600 979 908 1040 quanquam,
936 967 1101 1023 multa
1126 965 1298 1039 patiar
1325 971 1728 1040 impedimenta.
1762 976 1895 1032 Nam

303 1036 455 1116 funes
483 1046 830 1116 peccatorum,
862 1039 915 1093 id
939 1048 1041 1103 est,
1073 1036 1260 1116 multa;
1283 1036 1609 1116 irretitiones
1638 1053 1694 1100 et
1720 1046 1896 1116 impe-

300 1107 548 1181 dimenta
574 1108 787 1181 illorum
817 1120 1181 1178 peccatorum,
1233 1112 1301 1167 de
1324 1114 1515 1181 quibus
1536 1114 1735 1170 dictum
1769 1107 1853 1173 est
1879 1138 1891 1173 :

313 1175 406 1261 ιζω
433 1180 513 1234 his
539 1175 1107 1261 qui-trahuntpeccata
1126 1175 1251 1261 __sua
1276 1175 1405 1261 sicut
1440 1187 1613 1239 restim
1653 1189 1896 1261 longam;

310 1250 651 1330 circumpleai
678 1261 820 1318 sunt,
836 1250 1022 1330 idest,
1039 1255 1271 1323 undique
1290 1250 1765 1330 circumveneruni
1791 1250 1891 1330 me,

313 1335 461 1375 nunc
491 1322 651 1377 minis
676 1333 730 1378 et
775 1325 1077 1392 tormentis,
1108 1322 1249 1380 nunc
1288 1326 1563 1383 blanditiis
1591 1348 1601 1381 :
1633 1338 1683 1384 et
1714 1322 1896 1387 tamen

302 1408 395 1447 me
422 1407 531 1446 non
560 1394 976 1462 devoraverunt,
1004 1396 1129 1466 quia
1156 1412 1256 1468 ego
1297 1413 1399 1452 non
1445 1416 1560 1454 sum
1605 1402 1791 1458 oblitus
1817 1404 1895 1458 le-

296 1479 414 1531 gem
444 1472 604 1518 tuum.
1074 1516 1086 1531 ,
1192 1510 1201 1517 .

379 1534 554 1589 Media
580 1545 746 1591 nocte.
773 1536 913 1594 Vere
952 1555 1053 1594 non
1074 1556 1188 1595 sum
1210 1543 1542 1599 conturbatus
1566 1544 1623 1601 in
1651 1547 1893 1602 custodia

301 1608 681 1685 mandatorum
705 1619 917 1685 tuorum
943 1612 1109 1685 :‘quia
1140 1613 1192 1666 in
1219 1615 1386 1669 media
1413 1625 1579 1682 nocte,
1618 1617 1669 1670 id
1700 1628 1805 1685 est,
1839 1620 1894 1675 in

296 1674 693 1755 ferventissima
749 1674 1089 1755 tribulatione
1138 1688 1425 1755 surgebam.
1476 1674 1594 1742 Non
1623 1674 1895 1746 enim'sic

299 1749 581 1842 tribulatio
633 1752 1125 1842 urgebatneumlut
1160 1749 1437 1837 deﬁceret,
1479 1760 1576 1842 sed
1604 1762 1894 1842 exercebat
1920 1779 1971 1842 Β

296 1834 425 1898 eum
458 1830 536 1898 ut
560 1833 845 1898 s_u_rgeret._
869 1824 1187 1898 Surgebam,
1234 1830 1468 1898 inquam,
1492 1831 1559 1883 ad
1590 1833 1894 1888 contra/ten-

294 1891 426 1972 dnm
448 1891 561 1972 tibi,
584 1894 636 1972 id
661 1891 766 1960 est,
781 1894 847 1972 ad
872 1891 1195 1951 laudandum
1215 1891 1472 1972 tecortle,
1496 1910 1551 1956 et
1570 1902 1733 1956 etiam
1764 1920 1892 1972 ore;

294 1972 358 2016 et
407 1963 515 2039 hoc
552 1965 694 2039 ideo,
722 1968 845 2035 quia
884 1982 1031 2021 eram
1076 1984 1237 2035 super
1262 1963 1481 2037 judicia,
1534 1973 1584 2026 id
1613 1982 1714 2039 est,
1748 1963 1895 2032 eram

294 2049 406 2118 non
437 2035 678 2117 inferior,
712 2038 1083 2118 sedsuperior
1128 2035 1299 2118 factus
1344 2035 1559 2110 propter
1577 2035 1783 2118 judicia
1804 2048 1896 2118 ju-

294 2106 620 2173 stiﬁcationis
659 2118 782 2180 tute,
813 2108 863 2162 id
895 2118 997 2174 est,
1031 2121 1249 2179 propter
1270 2106 1472 2180 justam
1497 2106 1894 2174 correctionem

298 2184 449 2229 tuatn
498 2193 605 2232 non
638 2179 1055 2248 depritnentem,
1110 2181 1205 2235 sed
1231 2179 1635 2251 justillcantem.
1688 2188 1896 2245 iudicia

296 2256 455 2330 vocat
506 2250 877 2330 tribulationes
922 2258 978 2306 et
1006 2250 1506 2330 patertiaﬂagella,
1549 2259 1744 2330 quibus
1792 2264 1894 2330 ﬂa-

294 2318 456 2389 gellat
501 2336 708 2395 omnem
731 2322 897 2395 ﬁlium
924 2318 1076 2392 quém
1106 2324 1279 2392 recipit
1313 2318 1443 2381 :'de
1472 2318 1665 2395 quibus
1703 2318 1893 2388 Petrus

298 2392 582 2466 apostolus
610 2393 739 2447 dicit
764 2410 774 2445 :
832 2394 1044 2466 Oportet
1072 2404 1126 2447 ut
1147 2396 1406 2464 judicium
1433 2392 1645 2466 incipiat
1684 2416 1715 2453 a
1741 2402 1893 2457 domo

303 2460 438 2536 Dei;
474 2464 517 2515 si
547 2473 716 2518 autent
752 2479 784 2516 a
812 2460 956 2536 nobis
1002 2460 1223 2530 initium,
1247 2468 1360 2536 quis
1389 2468 1508 2536 ﬁnis
1537 2460 1633 2524 erit
1686 2471 1895 2529 illorum

296 2534 393 2601 qui
423 2548 527 2586 non
556 2534 1187 2612 credider_unt_Evangelio
1205 2539 1235 2612 ξ)Δ
1258 2534 1320 2593 Si
1340 2534 1517 2612 justus
1544 2542 1628 2595 vix
1672 2545 1893 2600 salvebi-

300 2613 414 2678 tur,
437 2616 673 2678 peccator
701 2613 747 2661 et
770 2607 956 2678 impius
984 2608 1069 2661 ubi
1092 2607 1382 2678 parebunt?

372 2673 643 2756 Particeps
672 2693 788 2756 ege.
832 2673 1140 2756 surgebam,
1167 2682 1407 2752 inquam,
1440 2687 1509 2739 ad
1537 2686 1888 2756 conﬁtendum

295 2744 412 2827 tibi,
445 2744 602 2827 et_sic
632 2744 1058 2827 confitendo'tibi
1090 2744 1259 2827 lactus
1312 2744 1428 2809 sum
1480 2744 1737 2827 particeps
1782 2778 1891 2815 om-

300 2818 768 2898 niuni_tinte_ntium
823 2829 871 2873 te
902 2825 1291 2898 castotimore.
1342 2818 1520 2894 Quare
1550 2818 1779 2898 positum
1808 2842 1893 2889 est

448 2889 748 2967 humiliari,
794 2906 900 2947 non
952 2896 1197 2961 exaltari,
1230 2887 1517 2953 timentium
1545 2887 1613 2967 ie,
1641 2913 1691 2955 et
1719 2887 1889 2958 casto;

297 2959 549 3015 dientium
592 2963 837 3016 mandata
877 2974 986 3019 tua.
1036 2959 1197 3033 Quasi
1228 2969 1366 3022 dicat
1395 2986 1409 3023 :
1458 2972 1514 3024 ln
1546 2959 1646 3027 hoc
1676 2990 1789 3029 sum
1812 2976 1887 3029 fa-

295 3039 418 3085 ctus
438 3034 689 3115 particeps
716 3035 1001 3115 timentium
1025 3046 1093 3105 te,
1126 3049 1180 3092 ut
1202 3040 1486 3115 custodiam
1512 3046 1755 3099 mandata
1776 3057 1884 3115 tua,

294 3114 420 3170 qum
449 3105 551 3172 ipsi
579 3106 909 3183 custodiunt.
950 3108 1193 3183 Quorum
1239 3112 1409 3181 (quasi
1440 3116 1602 3183 dicat)
1633 3105 1889 3173 numerus

296 3178 837 3255 non_est“par_vu_lu_s_:
872 3181 996 3248 quia
1025 3190 1162 3234 terra
1206 3178 1401 3252 ubique
1422 3194 1491 3238 est
1520 3178 1672 3255 plena
1692 3190 1891 3243 miseri-

297 3246 478 3327 cordia
509 3245 741 3329 Dominni,
776 3248 831 3329 id_
858 3245 964 3329 est,
980 3255 1258 3329 reparatis
1290 3245 1343 3329 et
1368 3245 1632 3329 innovatis
1663 3275 1760 3329 per
1790 3262 1890 3315 mi-

296 3319 650 3397 sericordiam
683 3319 914 3397 Domini,
941 3324 993 3377 id
1035 3319 1134 3388 est,
1169 3339 1262 3393 per
1291 3326 1439 3381 illum
1467 3328 1560 3397 qui
1582 3319 1687 3383 non
1715 3332 1892 3386 solum

296 3387 561 3465 dicendus
579 3399 677 3465 est
706 3392 1036 3461 misericors,
1091 3387 1186 3450 sed
1228 3398 1342 3465 ipsa
1388 3387 1755 3455 misericordia
1789 3403 1893 3456 Do-

296 3460 431 3514 mini
459 3478 472 3526 ;
504 3462 625 3531 quia
656 3478 751 3531 per
774 3478 894 3519 eum
926 3465 1182 3521 Dominus
1211 3460 1425 3524 omnem
1457 3469 1889 3530 misericordiam

298 3533 539 3611 ostendit
565 3533 785 3611 mundo,
812 3545 868 3590 et
906 3536 1166 3611 exhibuit.
1199 3538 1265 3591 Et
1286 3540 1409 3609 quia
1435 3543 1688 3611 particeps
1718 3544 1891 3602 factus

295 3618 409 3656 sum
431 3604 713 3659 timentium
737 3615 804 3674 te,
823 3621 971 3677 ergo,
996 3608 1235 3675 Domine,
1252 3604 1376 3667 doce
1400 3604 1479 3667 me
1495 3604 1892 3685 justi/icationes

297 3681 432 3730 tuas.

878 3772 1011 3829 Teth
1028 3814 1042 3839 ,
1088 3773 1305 3831 bonum.

911 3904 1269 3946 EXPLANA'HO.

374 3976 608 4061 Populus
638 3980 813 4061 beatus
842 3997 1033 4061 nonam
1062 3984 1286 4061 litteram
1326 3996 1626 4044 cantaturus
1664 3990 1892 4061 ingredi-

296 4051 487 4129 tttr,__i1t
514 4067 617 4129 qua
644 4054 839 4129 gratias
876 4057 1021 4129 agit,
1052 4056 1377 4129 humiliatum
1428 4076 1480 4113 se
1518 4062 1697 4129 fuisse,
1722 4051 1799 4117 "ut
1824 4067 1892 4118 ad

297 4122 687 4200 iustiﬁcationes
734 4122 944 4179 Domini
989 4127 1337 4200 devotissimus
1384 4122 1707 4200 perveniret,
1759 4139 1895 4190 testi-

297 4196 479 4245 monia
526 4197 635 4265 ejus
680 4210 911 4276 asserens
945 4199 1049 4276 sibi
1086 4196 1466 4276 supra_omnes
1506 4220 1611 4258 esse
1668 4196 1887 4276 divitias,

300 4278 584 4345 nomenque
632 4269 900 4345 praesentis
938 4269 1349 4345 littertepariter
1376 4290 1670 4345 exponens,
1703 4269 1893 4333 bonum

298 4348 453 4389 suum
476 4336 599 4391 dicit
626 4337 829 4391 verbum
857 4338 955 4394 Dei
979 4336 1240 4397 humiliter
1265 4336 1521 4401 meditari

884 4448 1315 4493 COMMENTARIUS.

2000 469 2108 523 ﬁci.
2142 470 2423 537 Quomodo
2449 473 2592 550 enim
2615 472 2705 541 qui
2730 469 2878 550 prius
2903 470 3065 525 dixit:
3092 469 3388 550 [genitalem
3410 471 3575 550 fecisti

1996 556 2112 594 cum
2133 557 2276 595 servo
2306 550 2394 595 tuo
2413 557 2433 595 :
2453 541 2580 596 dicit
2611 557 2771 607 nunc,
2797 542 2933 596 Doce
2962 559 3059 607 me,
3099 541 3345 605 Domine,
3371 542 3573 595 bonita-

1998 622 2121 692 tem,
2148 613 2287 692 nisi,
2302 626 2360 692 ut
2382 613 2870 692 magisitinqtescat
2888 614 3068 692 divina
3097 613 3268 692 gratia
3286 613 3568 692 dulcedine

1997 682 2442 739 bonitatisiNam
2472 692 2525 739 et
2554 683 2635 737 illi
2679 684 2837 739 fidem
2886 685 3153 739 habebant
3181 682 3271 753 q'ui
3302 683 3575 750 dicebant,

1996 753 2139 824 Auge
2170 756 2225 835 i_n
2252 754 2686 835 nobits,_Domine,
2715 755 2896 835 ﬁdem.
2918 756 2985 835 Et
3006 757 3147 835 _ha:c
3183 764 3268 835 est
3293 759 3465 835 oratio
3497 758 3577 811 vel

1996 826 2234 880 cantatio
2261 826 2673 893 prolicientium,
2702 827 2935 893 quandiu
2967 826 3053 881 hic
3091 826 3306 880 vivitur.
3348 827 3576 891 Semper

1996 898 2142 949 enim
2176 899 2229 951 in
2261 896 2362 951 hac
2392 899 2496 951 vita
2531 913 2626 964 pro
2656 898 2895 968 quolibet
2924 900 3064 954 bono
3095 908 3151 951 ut
3184 907 3464 967 augeatur,
3486 909 3571 953 est

1996 968 2255 1039 orandum
2287 968 2353 1023 ad
2393 968 2705 1023 Dominum:
2743 969 2880 1023 Doce
2919 986 2997 1022 me
3023 968 3366 1039 disciplinam.
3402 969 3575 1026 Disci.»

1998 1036 2202 1120 plinam
2230 1048 2407 1120 autem
2434 1050 2588 1120 vocat
2616 1049 2895 1120 paternam
2921 1036 3573 1120 correctioitethornini,

1996 1109 2063 1162 de
2092 1124 2197 1178 qua
2243 1110 2496 1166 Salomon
2532 1111 2693 1165 dicit:
2737 1113 2898 1177 Quem
2920 1113 3055 1165 enim
3084 1111 3255 1181 diligit
3302 1111 3577 1180 Dominus,

1997 1180 2208 1253 corripit
2235 1183 2531 1253 :_ﬂagellat
2555 1192 2725 1238 autem
2756 1199 2954 1237 omnem
2983 1183 3167 1252 ﬁlium,
3198 1198 3343 1252 quem
3372 1186 3574 1252 recipit.

1997 1249 2075 1306 De
2119 1246 2232 1324 qua,
2274 1246 2480 1307 Petrus
2522 1254 2813 1323 Apostolus
2843 1255 2948 1309 ait:
2984 1246 3179 1307 'Umnis
3209 1246 3488 1324 disciplind
3525 1258 3581 1310 in

1997 1323 2234 1391 prwsenti
2259 1324 2457 1397 videtur
2479 1341 2588 1380 esse
2630 1342 2731 1379 non
2758 1326 2953 1396 gaudii,
3002 1327 3093 1379 sed
3120 1323 3361 1397 tristitire,
3402 1337 3581 1397 postea

1996 1403 2163 1447 autem
2193 1396 2361 1449 reddit
2386 1396 2766 1478 pacatissimum
2781 1396 3467 1478 fructuiujustititeqtisgui
3486 1414 3580 1478 per

1996 1479 2111 1517 eam
2141 1465 2481 1538 certaverunt.
2512 1465 2647 1522 Cum
2680 1465 2787 1536 quo
2814 1482 2941 1538 ergo
2984 1465 3238 1522 Dominus
3266 1465 3396 1522 facit
3421 1465 3579 1524 boni-

1997 1542 2186 1603 tatem,
2218 1536 2271 1592 id
2300 1548 2402 1605 est,
2436 1539 2521 1593 cui
2545 1539 2772 1607 inSpirat
2812 1536 2982 1593 bonus
3012 1538 3444 1606 delectationem,
3488 1543 3574 1595 in-

1998 1617 2203 1679 stanter
2235 1608 2395 1665 debet
2443 1624 2620 1675 orare,
2651 1626 2757 1679 quo
2787 1609 2840 1663 in
2874 1620 3077 1665 tantum
3121 1618 3379 1678 augeatur
3428 1612 3482 1666 in
3512 1628 3579 1667 eo

1998 1677 2125 1733 illud
2151 1683 2372 1745 bonum,
2402 1690 2461 1735 ut
2508 1697 2616 1736 non
2666 1677 2839 1735 solum
2868 1695 2965 1750 pro
2986 1680 3078 1735 illo
3121 1677 3424 1735 contemnat
3458 1698 3577 1738 car-

2000 1751 2150 1825 nales
2176 1750 2697 1825 dele_ctationes,qsed
2717 1755 2876 1825 etiam
2910 1767 3004 1821 pro
3022 1751 3113 1825 illo
3134 1754 3396 1825 patienter
3418 1770 3579 1825 quas-

1999 1819 2131 1893 libet
2184 1823 2417 1893 perferat
2464 1823 2764 1891 passiones.
2816 1819 3093 1878 Sic'enim
3134 1819 3363 1878 Salubris
3417 1819 3580 1880 disci-

1998 1892 2152 1960 plina
2185 1892 2493 1964 adjungitur
2520 1895 2745 1948 bonitati
2778 1908 2883 1949 non
2917 1894 3419 1963 quantulaecunque,
3483 1900 3580 1952 sed

2000 1971 2105 2047 tam
2140 1978 2347 2046 magna:
2394 1964 2641 2030 bonitati,
2674 1964 2728 2019 id
2772 1974 2876 2047 est,
2925 1964 3426 2047 sanctarcharitati,
3460 1983 3580 2035 qua:

1997 2034 2099 2088 sub
2128 2034 2244 2104 ejus
2267 2050 2514 2104 pressura
2544 2052 2649 2090 non
2680 2036 2849 2105 possit
2875 2035 3160 2105 exstingui,
3191 2051 3249 2091 se
3273 2038 3443 2106 magis
3460 2034 3576 2095 rna-

1998 2106 2186 2175 gisque
2215 2107 2457 2162 accendi.
2487 2107 2716 2176 Ideoque
2740 2107 2862 2177 quia
2891 2121 3079 2177 parum
3122 2106 3222 2160 fuit
3258 2107 3460 2164 dixisse
3482 2111 3580 2165 bo-

1996 2177 2245 2248 nitatem,
2289 2179 2468 2247 utique
2518 2185 2723 2233 tantum
2752 2194 2870 2248 qua:
2900 2177 3067 2246 possit
3103 2178 3370 2234 sustinere
3417 2182 3581 2236 disci-

1998 2246 2245 2315 plinam:
2298 2250 2511 2303 additur
2557 2250 2715 2303 tertia
2766 2246 3084 2305 sententia:
3148 2249 3281 2316 Quia
3336 2266 3457 2305 cum
3521 2254 3578 2308 in

1998 2317 2297 2392 bonitatem
2317 2329 2461 2392 tanta
2477 2321 2580 2375 erit
2594 2320 2850 2386 cbaritas,
2870 2335 2991 2390 quae
3008 2336 3111 2375 non
3129 2324 3296 2390 possit
3313 2326 3580 2392 exstingui

2005 2390 2443 2447 tribulationibus
2474 2401 2529 2447 et
2560 2392 2963 2458 tentationibus,
3009 2407 3141 2461 quas
3164 2393 3385 2448 adhibet
3413 2390 3577 2450 disci-

1995 2462 2170 2529 plina:
2194 2474 2319 2517 tunc
2346 2465 2646 2518 necessaria
2664 2465 2769 2518 erit
2796 2464 3083 2530 sententia,
3110 2464 3318 2520 scilicet
3342 2478 3397 2520 ut
3415 2466 3578 2525 homo

1993 2532 2232 2607 seipsqu
2260 2544 2549 2607 cognoscat
2576 2543 2641 2607 et
2657 2535 2792 2589 sciat
2820 2535 2947 2605 quid
2980 2537 3257 2602 meruerit,
3308 2546 3363 2591 et
3389 2539 3515 2607 quid
3547 2554 3579 2594 a

1994 2603 2223 2677 Domino
2253 2603 2488 2673 accepit:
2533 2621 2600 2661 ne
2630 2603 2868 2676 ingratus
2897 2607 2985 2671 sit,
3017 2616 3071 2661 et
3098 2607 3259 2674 dicat,
3306 2603 3447 2661 Doce
3474 2627 3575 2677 me,

1994 2673 2242 2745 Domine,
2276 2678 2572 2746 bonitatem,
2596 2673 2907 2747 inspirando
2935 2673 3251 2733 charitatein
3278 2696 3289 2731 :
3340 2682 3473 2735 doce
3497 2673 3579 2736 di;

1993 2747 2285 2815 sciplinam,
2319 2749 2495 2803 dando
2526 2751 2876 2819 patientiam:
2907 2749 3040 2804 doce
3065 2751 3348 2813 scientiam,
3382 2752 3579 2807 illumi-

1992 2820 2170 2891 nﬁando
2201 2819 2629 2891 intelligentiam.
2676 2822 2946 2890 Sequitur.
2980 2819 3114 2885 Quia
3142 2820 3338 2873 credidi
3360 2824 3580 2878 manda-

1994 2890 2059 2962 tis
2119 2892 2239 2944 tuis.
2311 2890 2711 2961 Competentius
2761 2893 2969 2947 videtur
3010 2893 3089 2962 Asi
3138 2891 3379 2957 diceret,
3445 2896 3580 2962 Quia

1996 2958 2365 3036 obtemperavi
2394 2958 2657 3019 mandatis
2685 2962 2809 3017 tuis.
2837 2960 3128 3036 Promissis
3158 2977 3284 3036 ergo
3313 2958 3574 3036 creditur,

1994 3033 2263 3107 mandatis
2300 3034 2726 3107 obtemperatur,
2754 3034 2851 3107 sed
2883 3034 3150 3088 mandatis
3197 3033 3356 3089 aliter
3379 3033 3576 3107 accipit

1996 3100 2102 3157 hic.
2138 3104 2204 3159 Et
2225 3113 2309 3160 est
2335 3100 2549 3161 dicere:
2581 3106 2706 3177 Ideo
2731 3106 2893 3161 debes
2924 3122 3011 3161 me
3033 3106 3228 3159 docere
3251 3100 3571 3177 bonitatem,

1997 3184 2129 3244 etc.,
2161 3178 2285 3245 quia
2309 3192 2410 3246 ego
2435 3176 2633 3230 credidi
2672 3178 2929 3230 mandatis
2950 3178 3051 3230 tuis
3077 3190 3097 3228 :
3116 3177 3216 3230 hoc
3246 3185 3329 3232 est
3371 3176 3575 3236 credidi

1998 3248 2267 3323 mandata
2300 3256 2385 3301 tua
2424 3263 2554 3323 esse
2599 3247 3008 3323 justih'cationes
3038 3248 3366 3323 iprtcdictas.
3435 3254 3581 3323 Ergo

1996 3316 2170 3393 (quasi
2218 3319 2383 3386 dicat)
2416 3319 2549 3393 fides
2575 3328 2684 3393 tua,
2710 3318 2764 3393 id
2790 3330 2897 3393 est,
2925 3318 3127 3393 credidi
3169 3320 3225 3375 iu
3251 3330 3420 3390 petra:
3448 3316 3569 3393 gra-

1997 3387 2144 3456 tiam,
2176 3403 2279 3459 qua
2305 3392 2444 3459 quod
2474 3391 2735 3445 mandasti
2761 3389 3053 3458 perﬁciam.

2069 3459 2375 3533 Priusquam
2405 3461 2708 3515 Itumiliarer
2762 3477 2878 3533 ego.
2931 3462 3190 3517 Dominus
3239 3463 3574 3524 dixit:Doce

1996 3545 2075 3585 me
2101 3532 2460 3603 disciplinam:
2484 3542 2539 3589 et
2562 3536 2712 3603 quasi
2743 3534 2935 3600 aliquis
2950 3535 3183 3591 diceret:
3209 3534 3384 3601 Quare
3405 3555 3461 3592 es
3480 3543 3575 3596 lla-

1994 3603 2447 3683 gellandusildeo
2467 3606 2692 3683 scilicet,
2714 3606 2832 3683 quia
2855 3605 3107 3683 delinquo
3134 3607 3276 3683 sicut
3292 3608 3453 3683 [sum]
3481 3613 3575 3666 lla-

1993 3675 2296 3747 gellandus,
2328 3677 2464 3733 sicut
2490 3676 2671 3744 prius:
2697 3677 2819 3746 quia
2849 3675 3067 3745 deliqui,
3095 3692 3217 3732 sum
3246 3675 3453 3747 ﬂagella
3466 3692 3570 3739 tus.

1993 3745 2127 3799 Nam
2157 3748 2520 3822 (quasiidicat)
2548 3763 2648 3822 ego
2677 3745 2793 3802 sum
2824 3748 3148 3822 _Iiu_miliatus
3174 3750 3228 3803 in
3262 3745 3434 3819 primo
3476 3770 3569 3822 pa-

1992 3820 2382 3893 rentemortis
2407 3820 2775 3893 mulctatione.
2813 3820 2917 3875 Sed
2946 3822 3243 3893 priusquam
3271 3820 3575 3879 humilidrer

1994 3902 2117 3958 ego,
2140 3888 2370 3965 deliqui:
2413 3890 2627 3965 hocest
2644 3891 2909 3965 delictum
2937 3888 3398 3965 transgressionis,
3427 3898 3571 3965 quod

1996 3961 2294 4031 praecessit,
2323 3977 2486 4018 causa
2516 3963 2609 4017 fuit
2642 3964 3025 4019 humiliationis
3050 3983 3065 4017 :
3090 3961 3240 4018 'haec
3268 3961 3568 4023 humiliatio

1996 4045 2140 4089 recte
2170 4035 2449 4089 referenda
2478 4043 2561 4089 est
2589 4036 2653 4086 ad
2679 4038 2870 4099 Adam,
2906 4033 2959 4087 iu
3001 4049 3107 4103 quo
3137 4038 3311 4087 omnis
3336 4037 3569 4094 humana

1996 4112 2183 4158 natura
2214 4114 2466 4174 tanquam
2511 4106 2564 4159 in
2605 4105 2783 4158 radice
2812 4115 2893 4158 est
2920 4106 3211 4159 vitiata:et
3236 4106 3359 4173 quia
3399 4112 3571 4167 noluit

1995 4176 2235 4243 subjecta
2262 4190 2382 4230 esse
2410 4175 2643 4229 veritati.
2673 4176 2741 4228 Et
2768 4176 2985 4243 prodest
3011 4177 3151 4239 vasis
3180 4176 3566 4237 misericordia:

1995 4248 2227 4319 experiri
2279 4247 2415 4319 hanc
2466 4246 2911 4319 humiliationem,
2945 4257 3001 4302 ut
3027 4247 3267 4303 damnati
3312 4254 3565 4319 superbia

1995 4318 2214 4388 diligant
2233 4318 2614 4372 obedientium.
2648 4318 2932 4388 Sequitur:

2068 4387 2347 4458 Proiiterea
2365 4390 2612 4443 custodivi
2638 4387 2891 4458 eloquium
2913 4400 3077 4447 tuum.
3100 4391 3251 4460 Quod
3269 4401 3353 4447 est
3368 4394 3565 4452 dicere:

1996 4459 2379 4534 QuiauprOpter
2410 4463 2889 4532 transgressionem
2929 4459 3152 4531 primam
3184 4476 3289 4519 tam
3332 4469 3569 4534 graviter

374 4520 669 4577 Bonitatem
698 4522 884 4604 fecisti.
933 4526 1043 4604 Ad_
1066 4529 1365 4604 prosimum
1396 4532 1735 4589 continuatur
1763 4535 1879 4590 sic:
1912 4521 1966 4585 D
1998 4520 2309 4595 l'uiiiiiliasti,
2342 4520 2624 4601 promet-Ea
2649 4548 2717 4587 ne
2746 4536 2823 4588 sic
2847 4520 3077 4604 am'plius
3108 4520 3443 4604 liutniliaFer,
3465 4520 3569 4593 ch-

298 4591 428 4673 Ideo
458 4604 582 4673 peto
612 4602 668 4648 ut
697 4591 890 4673 doceas
918 4612 1005 4653 me
1025 4591 1431 4673 justilicationes
1461 4610 1598 4669 tuas,
1628 4620 1733 4673 quo
1765 4621 1876 4660 ma-

302 4664 468 4737 gisin
505 4667 585 4719 eis
626 4668 938 4735 proﬁciam:
986 4664 1104 4737 quia
1138 4680 1262 4724 sunt
1287 4672 1415 4725 mihi
1445 4664 1710 4729 dulces'et
1737 4679 1883 4734 dele-

299 4736 525 4790 ctabiles
554 4753 566 4788 :
594 4750 645 4791 et
668 4738 771 4792 hoc
816 4755 921 4793 non
969 4736 1036 4815 ett
1061 4756 1166 4807 me,
1195 4745 1285 4815 sed
1313 4745 1435 4809 quia
1473 4753 1527 4797 tu
1551 4747 1717 4815 fecisti
1745 4749 1884 4801 boni-

301 4816 454 4879 tatem
501 4823 617 4861 cum
665 4826 807 4863 servo
838 4822 945 4876 tuo,
987 4812 1039 4865 id
1070 4822 1171 4879 est,
1198 4812 1367 4867 fecisti
1398 4825 1453 4869 ut
1477 4812 1769 4873 delectaret
1799 4835 1883 4873 me

301 4877 496 4931 bonum
511 4893 539 4957 _;
564 4889 647 4957 _et
677 4882 777 4957 hoc
805 4891 888 4936 est
917 4877 1165 4953 magnum
1210 4883 1305 4938 Dei
1354 4885 1571 4952 donum,
1619 4891 1758 4957 quod
1787 4891 1885 4945 ali-

301 4963 461 5029 quem
492 4950 723 5029 delectet
752 4952 970 5029 bonum.
1007 4950 1136 5009 Cum
1180 4966 1359 5011 autem
1390 4972 1523 5028 opus
1557 4950 1707 5029 legis,
1741 4962 1882 5029 quod

299 5029 383 5075 est
438 5022 656 5099 bonum,
691 5023 749 5077 lit
776 5027 967 5099 timore
998 5042 1203 5099 ptenai,
1237 5043 1342 5082 non
1387 5022 1572 5086 amore
1607 5022 1837 5099 iuStit'ice
1866 5051 1880 5088 :

306 5106 430 5168 cum
457 5093 596 5168 Deus
624 5096 899 5168 metuitur,
928 5093 1034 5151 non
1066 5098 1300 5167 diligitur
1326 5117 1339 5165 ;
1370 5093 1639 5157 serviliter
1668 5102 1745 5168 lit,
1776 5119 1884 5158 non

302 5164 614 5219 liberaliter.
664 5166 853 5221 Servus
884 5179 1055 5221 autem
1094 5164 1195 5223 non
1220 5164 1385 5225 manet
1406 5174 1461 5227 in
1488 5176 1637 5228 domo
1664 5177 1715 5227 in
1732 5164 1883 5229 teter-

302 5252 445 5304 num,
479 5238 615 5315 ﬁlius
658 5248 827 5315 autent
856 5250 1043 5315 manet.
1075 5241 1253 5315 Itaque
1285 5244 1557 5298 bonitatem
1580 5247 1743 5315 fecisti
1772 5264 1883 5301 cum

302 5322 445 5361 servo
471 5320 574 5386 tuo,
594 5310 835 5386 faciendo
855 5311 1015 5386 illum
1038 5315 1125 5381 qui
1152 5313 1298 5386 prius
1328 5327 1444 5386 erat
1471 5310 1657 5371 servus
1682 5317 1880 5386 lilium;

304 5389 361 5433 ut
415 5382 556 5447 quod
590 5382 736 5450 prius
768 5381 994 5436 faciebat
1042 5383 1329 5450 serviliter,
1362 5384 1520 5440 faciat
1558 5381 1878 5445 liberaliter}

303 5452 481 5505 ethoc
514 5450 678 5506 fecisti
709 5467 813 5507 non
845 5465 1059 5523 propter
1087 5470 1263 5508 meum
1288 5458 1557 5522 meritum,
1577 5461 1671 5515 sed
1699 5478 1881 5515 secun-

304 5523 429 5574 dum
458 5523 680 5589 rcrbum,
709 5524 759 5577 id
802 5535 905 5591 est,
940 5526 1257 5594 promissum
1291 5536 1454 5593 tuum,
1480 5532 1681 5585 scilicet
1707 5542 1761 5587 ut
1782 5538 1882 5588 sim

305 5608 412 5667 non
447 5594 587 5667 lilius
618 5596 885 5661 elationis,
920 5596 1014 5650 sed
1047 5598 1183 5651 lilius
1206 5602 1695 5667 promissionis,vel
1727 5618 1883 5661 servo

302 5666 446 5730 dico,
474 5666 582 5735 jam
613 5682 671 5720 se
694 5671 871 5735 agenti
891 5669 1168 5721 secundum
1192 5666 1391 5724 uerbum
1424 5683 1584 5727 tuum.

373 5736 668 5813 Bonitatem
690 5748 735 5792 et
760 5738 1107 5813 disciplinam.
1139 5743 1299 5807 Quasi
1331 5744 1505 5800 dicat:
1551 5746 1685 5813 Quia
1707 5746 1881 5805 fecisti

303 5808 435 5865 mihi
465 5824 622 5867 servo
655 5821 743 5866 tuo
765 5810 1083 5878 bonitatem,
1117 5826 1247 5882 ergo
1277 5813 1402 5869 doce
1430 5833 1508 5872 me
1530 5808 1808 5875 bonitatem
1834 5829 1883 5876 et

741 5908 1011 5970 Pauor“
1045 5908 1269 5974 XCIII.

1983 4604 2165 4675 stodivi
2191 4614 2449 4672 quantum
2470 4608 2637 4669 potui,
2658 4606 2939 4673 eloquium,
2968 4607 3017 4660 id
3036 4616 3137 4673 est,
3164 4618 3428 4675 praecepta
3456 4621 3564 4666 tua.

2052 4673 2231 4728 Bonus
2276 4692 2328 4728 es
2358 4686 2432 4750 tu.
2463 4676 2624 4750 Quasi
2653 4678 2823 4750 dicat:
2858 4678 3004 4750 Quia;
3027 4673 3269 4732 custodtvi
3317 4673 3571 4750 eloquium

1986 4755 2162 4799 tuum:
2185 4761 2332 4815 ergo,
2362 4746 2609 4813 Domine,
2632 4747 2756 4802 doce
2778 4764 2857 4801 me
2873 4748 3036 4816 magis
3062 4760 3115 4805 et
3133 4750 3299 4819 magis
3321 4746 3569 4809 insistere

1977 4819 2371 4888 justiﬁcationes
2403 4828 2556 4873 tuas:
2586 4830 2636 4873 et
2682 4820 2783 4874 hoc
2812 4821 2862 4873 in
2892 4821 3133 4887 bonitate,
3168 4825 3218 4876 id
3248 4832 3347 4888 est,
3377 4839 3480 4878 non
3513 4830 3567 4878 in

1986 4890 2215 4959 tristitia,
2246 4889 2411 4943 sedin
2435 4889 2789 4959 jucmiditatc.
2825 4890 3054 4946 Hilarem
3071 4895 3203 4946 enim
3222 4895 3451 4947 datorem
3481 4897 3567 4950 di-

1984 4959 2094 5034 ligit
2139 4958 2297 5034 Deus,
2328 4958 2559 5034 bonitate
2602 4963 2721 5016 dico
2745 4974 2854 5025 tua,
2880 4973 2932 5017 et
2960 4966 3079 5017 ideo
3105 4974 3215 5031 tua,
3249 4968 3369 5034 quia
3416 4977 3571 5021 natu-

1984 5030 2171 5105 raliter
2197 5047 2245 5085 es
2275 5031 2457 5099 bonus,
2494 5033 2547 5087 id
2570 5043 2669 5101 est,
2703 5044 2917 5089 sanctus
2946 5046 2999 5091 et
3025 5030 3306 5105 iucundus.
3338 5037 3405 5090 Et
3432 5041 3567 5095 nihil

1986 5104 2187 5174 tequius
2236 5119 2397 5173 quam
2428 5114 2483 5159 ut
2513 5105 2652 5160 illius
2695 5106 2785 5174 qui
2827 5122 2951 5161 vere
2991 5104 3160 5163 bonus
3200 5117 3282 5165 est
3325 5120 3571 5166 servetur

1984 5172 2217 5229 bonitas.

2056 5244 2431 5324 Multiplicata
2443 5255 2539 5324 est.
2589 5247 2860 5324 superiori
2907 5251 3245 5307 continuatur
3282 5256 3367 5309 ubi
3409 5254 3565 5324 dixit,

1987 5317 2224 5392 Doreme
2250 5319 2597 5392 disciplinam.
2621 5320 2797 5388 Quasi
2821 5324 2988 5376 dicat:
3020 5324 3163 5392 Opus
3188 5334 3270 5379 est
3296 5337 3349 5380 ut
3370 5317 3567 5385 doceas

1985 5404 2073 5462 nte
2095 5390 2445 5457 disciplinam,
2465 5390 2642 5446 dando
2667 5393 2963 5460 scientiam,
2983 5390 3101 5462 quia
3133 5400 3295 5452 timeo
3315 5400 3566 5456 deiicere.

1984 5461 2115 5536 Nam
2148 5463 2386 5528 iniquitas
2415 5465 2770 5531 superborum,
2804 5467 2856 5519 id
2881 5478 2981 5531 est,
3001 5461 3190 5536 iniqua
3221 5470 3491 5525 tribulatio
3512 5481 3570 5527 et

1985 5534 2262 5611 devocatio
2285 5543 2703 5611 persecuturum
2758 5548 2839 5592 est
2886 5534 3223 5611 νῃηιιὶριιὶςαια
3252 5558 3407 5611 super
3448 5558 3568 5598 me:

1986 5604 2486 5682 sed_(quasidicat)
2519 5612 2859 5682 quantumvis
2904 5604 3111 5664 ferveat
3143 5604 3415 5682 iniquitas,
3452 5631 3559 5669 non

1985 5674 2292 5753 refrigescet
2318 5676 2369 5729 in
2399 5691 2486 5731 me
2508 5680 2903 5747 c.Itaril.as,quia‘
2920 5696 3017 5751 ego
3047 5684 3098 5735 in
3120 5674 3412 5739 toto'corde'
3432 5702 3562 5753 meo,

1986 5748 2038 5801 id
2067 5755 2170 5813 est,
2202 5759 2267 5799 ex
2298 5755 2405 5800 tota
2438 5761 2635 5816 mente,
2666 5759 2719 5805 et
2764 5768 2829 5807 ex
2856 5748 3103 5809 omnibus
3135 5758 3336 5811 viribus
3360 5748 3566 5811 scruta;

1987 5820 2076 5874 bor
2097 5816 2345 5871 mandata
2374 5828 2480 5873 tua.
2534 5819 2862 5893 Mandatum,
2915 5826 3104 5897 inquit,
3138 5844 3319 5883 novum
3343 5831 3407 5884 do
3430 5832 3570 5885 vobis

3059 5925 3135 5986 3h
