  <div class='ocr_page' id='page_1' title='image "/cluster/home/n/w/nwhite01/storage/ocr_20150623/93/hvd.32044015471196/539.png"; bbox 0 0 4006 6364; ppageno 0'>
   <div class='ocr_carea' id='block_1_1' title="bbox 496 294 628 353">
    <p class='ocr_par' dir='ltr' id='par_1_1' title="bbox 496 294 628 353">
     <span class='ocr_line' id='line_1_1' title="bbox 496 294 628 353; baseline -0.015 -4"><span class='ocrx_word' id='word_1_1' title='bbox 496 294 628 353; x_wconf 74' lang='grc'><strong>106⁸7</strong></span> 
     </span>
    </p>
   </div>
   <div class='ocr_carea' id='block_1_2' title="bbox 962 257 2072 346">
    <p class='ocr_par' dir='ltr' id='par_1_2' title="bbox 962 257 2052 346">
     <span class='ocr_line' id='line_1_2' title="bbox 962 257 2052 346; baseline -0.003 0"><span class='ocrx_word' id='word_1_2' title='bbox 962 257 1648 346; x_wconf 58' lang='grc' dir='ltr'>υεύΑίνεΝεηΑειιιιε</span> <span class='ocrx_word' id='word_1_3' title='bbox 1686 285 1834 342; x_wconf 72' lang='lat' dir='ltr'><strong>ore.</strong></span> <span class='ocrx_word' id='word_1_4' title='bbox 1879 279 2052 343; x_wconf 71' lang='lat' dir='ltr'><strong>rans</strong></span> 
     </span>
    </p>
   </div>
   <div class='ocr_carea' id='block_1_3' title="bbox 2186 257 3282 346">
    <p class='ocr_par' dir='ltr' id='par_1_3' title="bbox 2200 277 3282 339">
     <span class='ocr_line' id='line_1_3' title="bbox 2200 277 3282 339; baseline -0.001 -1"><span class='ocrx_word' id='word_1_5' title='bbox 2200 279 2391 339; x_wconf 79' lang='lat' dir='ltr'><strong>BECT.</strong></span> <span class='ocrx_word' id='word_1_6' title='bbox 2433 279 2495 336; x_wconf 88' lang='lat' dir='ltr'><strong>ll.</strong></span> <span class='ocrx_word' id='word_1_7' title='bbox 2531 307 2598 322; x_wconf 90' lang='lat'><strong><em>—</em></strong></span> <span class='ocrx_word' id='word_1_8' title='bbox 2628 277 2838 338; x_wconf 78' lang='lat' dir='ltr'><strong>DUBIA</strong></span> <span class='ocrx_word' id='word_1_9' title='bbox 2878 278 2966 337; x_wconf 85' lang='grc' dir='ltr'><strong>ΕΤ</strong></span> <span class='ocrx_word' id='word_1_10' title='bbox 3006 278 3282 337; x_wconf 67' lang='grc' dir='ltr'><strong>ερυῐιιΑ.</strong></span> 
     </span>
    </p>
   </div>
   <div class='ocr_carea' id='block_1_4' title="bbox 3631 281 3784 341">
    <p class='ocr_par' dir='ltr' id='par_1_4' title="bbox 3631 281 3784 341">
     <span class='ocr_line' id='line_1_4' title="bbox 3631 281 3784 341; baseline 0.007 -1"><span class='ocrx_word' id='word_1_11' title='bbox 3631 281 3784 341; x_wconf 71' lang='grc'><strong>106³</strong></span> 
     </span>
    </p>
   </div>
   <div class='ocr_carea' id='block_1_5' title="bbox 495 392 3784 475">
    <p class='ocr_par' dir='ltr' id='par_1_5' title="bbox 495 392 3784 475">
     <span class='ocr_line' id='line_1_5' title="bbox 495 392 3784 475; baseline 0.005 -13"><span class='ocrx_word' id='word_1_12' title='bbox 495 418 550 462; x_wconf 87' lang='lat' dir='ltr'><strong>ut</strong></span> <span class='ocrx_word' id='word_1_13' title='bbox 585 405 819 475; x_wconf 67' lang='lat' dir='ltr'><strong>diligatis</strong></span> <span class='ocrx_word' id='word_1_14' title='bbox 845 405 1080 475; x_wconf 78' lang='lat' dir='ltr'><strong>invicem.</strong></span> <span class='ocrx_word' id='word_1_15' title='bbox 1114 402 1209 458; x_wconf 87' lang='lat' dir='ltr'><strong>Vel</strong></span> <span class='ocrx_word' id='word_1_16' title='bbox 1242 403 1414 468; x_wconf 79' lang='lat' dir='ltr'><strong>aliter,</strong></span> <span class='ocrx_word' id='word_1_17' title='bbox 1445 399 1700 473; x_wconf 82' lang='lat' dir='ltr'><strong>Iniquitas</strong></span> <span class='ocrx_word' id='word_1_18' title='bbox 1726 399 2079 468; x_wconf 82' lang='lat' dir='ltr'><strong>superborum,</strong></span> <span class='ocrx_word' id='word_1_19' title='bbox 2113 401 2162 458; x_wconf 73' lang='grc' dir='ltr'><strong>Α</strong></span> <span class='ocrx_word' id='word_1_20' title='bbox 2194 394 2498 475; x_wconf 70' lang='lat' dir='ltr'><strong>telligimus.</strong></span> <span class='ocrx_word' id='word_1_21' title='bbox 2526 393 2648 475; x_wconf 76' lang='lat' dir='ltr'><strong>Plus</strong></span> <span class='ocrx_word' id='word_1_22' title='bbox 2677 392 2818 448; x_wconf 88' lang='lat' dir='ltr'><strong>enim</strong></span> <span class='ocrx_word' id='word_1_23' title='bbox 2860 393 3274 475; x_wconf 61' lang='lat' dir='ltr'><strong>nobisfuturum</strong></span> <span class='ocrx_word' id='word_1_24' title='bbox 3301 405 3387 452; x_wconf 85' lang='lat' dir='ltr'><strong>est</strong></span> <span class='ocrx_word' id='word_1_25' title='bbox 3427 395 3576 461; x_wconf 87' lang='lat' dir='ltr'><strong>boni,</strong></span> <span class='ocrx_word' id='word_1_26' title='bbox 3613 412 3784 475; x_wconf 56' lang='lat'><strong>1‘13!&quot;</strong></span> 
     </span>
    </p>
   </div>
   <div class='ocr_carea' id='block_1_6' title="bbox 492 474 2083 547">
    <p class='ocr_par' dir='ltr' id='par_1_6' title="bbox 492 474 2083 547">
     <span class='ocr_line' id='line_1_6' title="bbox 492 474 2083 547; baseline -0.005 -15"><span class='ocrx_word' id='word_1_27' title='bbox 492 479 542 532; x_wconf 91' lang='lat' dir='ltr'><strong>id</strong></span> <span class='ocrx_word' id='word_1_28' title='bbox 577 474 975 547; x_wconf 33' lang='lat' dir='ltr'><strong>est,’peccatum</strong></span> <span class='ocrx_word' id='word_1_29' title='bbox 1004 474 1293 543; x_wconf 90' lang='lat' dir='ltr'><strong>primorum</strong></span> <span class='ocrx_word' id='word_1_30' title='bbox 1328 481 1627 547; x_wconf 85' lang='lat' dir='ltr'><strong>parentum,</strong></span> <span class='ocrx_word' id='word_1_31' title='bbox 1653 475 1742 547; x_wconf 85' lang='lat' dir='ltr'><strong>qui</strong></span> <span class='ocrx_word' id='word_1_32' title='bbox 1773 487 1864 542; x_wconf 87' lang='lat' dir='ltr'><strong>per</strong></span> <span class='ocrx_word' id='word_1_33' title='bbox 1896 485 2083 547; x_wconf 82' lang='lat' dir='ltr'><strong>super-</strong></span> 
     </span>
    </p>
   </div>
   <div class='ocr_carea' id='block_1_7' title="bbox 492 544 2083 618">
    <p class='ocr_par' dir='ltr' id='par_1_7' title="bbox 492 544 2083 618">
     <span class='ocr_line' id='line_1_7' title="bbox 492 544 2083 618; baseline -0.006 -13"><span class='ocrx_word' id='word_1_34' title='bbox 492 550 660 618; x_wconf 84' lang='lat' dir='ltr'><strong>biam,</strong></span> <span class='ocrx_word' id='word_1_35' title='bbox 681 544 783 602; x_wconf 85' lang='lat' dir='ltr'><strong>non</strong></span> <span class='ocrx_word' id='word_1_36' title='bbox 816 563 908 616; x_wconf 91' lang='lat' dir='ltr'><strong>per</strong></span> <span class='ocrx_word' id='word_1_37' title='bbox 940 546 1301 601; x_wconf 91' lang='lat' dir='ltr'><strong>inlirmitatem</strong></span> <span class='ocrx_word' id='word_1_38' title='bbox 1326 545 1810 616; x_wconf 78' lang='lat' dir='ltr'><strong>vel&#39;iguorantlam,</strong></span> <span class='ocrx_word' id='word_1_39' title='bbox 1839 544 2083 597; x_wconf 90' lang='lat' dir='ltr'><strong>mandata</strong></span> 
     </span>
    </p>
   </div>
   <div class='ocr_carea' id='block_1_8' title="bbox 494 618 2083 691">
    <p class='ocr_par' dir='ltr' id='par_1_8' title="bbox 494 618 2083 691">
     <span class='ocr_line' id='line_1_8' title="bbox 494 618 2083 691; baseline -0.006 -15"><span class='ocrx_word' id='word_1_40' title='bbox 494 621 589 676; x_wconf 84' lang='lat' dir='ltr'><strong>Dei</strong></span> <span class='ocrx_word' id='word_1_41' title='bbox 619 620 988 691; x_wconf 80' lang='lat' dir='ltr'><strong>neglexerunt,</strong></span> <span class='ocrx_word' id='word_1_42' title='bbox 1015 628 1088 671; x_wconf 88' lang='lat' dir='ltr'><strong>est</strong></span> <span class='ocrx_word' id='word_1_43' title='bbox 1126 618 1463 691; x_wconf 74' lang='lat' dir='ltr'><strong>multiplicata</strong></span> <span class='ocrx_word' id='word_1_44' title='bbox 1489 631 1641 688; x_wconf 78' lang='lat' dir='ltr'><strong>super</strong></span> <span class='ocrx_word' id='word_1_45' title='bbox 1674 632 1775 691; x_wconf 75' lang='lat' dir='ltr'><strong>me,</strong></span> <span class='ocrx_word' id='word_1_46' title='bbox 1823 624 2083 691; x_wconf 76' lang='lat' dir='ltr'><strong>quantum</strong></span> 
     </span>
    </p>
   </div>
   <div class='ocr_carea' id='block_1_9' title="bbox 491 686 2084 762">
    <p class='ocr_par' dir='ltr' id='par_1_9' title="bbox 491 686 2084 762">
     <span class='ocr_line' id='line_1_9' title="bbox 491 686 2084 762; baseline -0.004 -16"><span class='ocrx_word' id='word_1_47' title='bbox 491 693 557 746; x_wconf 88' lang='lat' dir='ltr'><strong>ad</strong></span> <span class='ocrx_word' id='word_1_48' title='bbox 593 686 842 762; x_wconf 62' lang='lat' dir='ltr'><strong>poenam;</strong></span> <span class='ocrx_word' id='word_1_49' title='bbox 875 691 997 758; x_wconf 90' lang='lat' dir='ltr'><strong>quia</strong></span> <span class='ocrx_word' id='word_1_50' title='bbox 1031 686 2084 762; x_wconf 9' lang='lat' dir='ltr'><strong>perilluduinllrmusmultimodelactus</strong></span> 
     </span>
    </p>
   </div>
   <div class='ocr_carea' id='block_1_10' title="bbox 492 757 2086 842">
    <p class='ocr_par' dir='ltr' id='par_1_10' title="bbox 492 757 2086 842">
     <span class='ocr_line' id='line_1_10' title="bbox 492 757 2086 842; baseline -0.002 -27"><span class='ocrx_word' id='word_1_51' title='bbox 492 757 612 842; x_wconf 82' lang='lat' dir='ltr'><strong>sum</strong></span> <span class='ocrx_word' id='word_1_52' title='bbox 647 762 871 842; x_wconf 77' lang='lat' dir='ltr'><strong>interius</strong></span> <span class='ocrx_word' id='word_1_53' title='bbox 892 757 946 815; x_wconf 86' lang='lat' dir='ltr'><strong>et</strong></span> <span class='ocrx_word' id='word_1_54' title='bbox 975 761 1230 842; x_wconf 68' lang='lat' dir='ltr'><strong>exterius.</strong></span> <span class='ocrx_word' id='word_1_55' title='bbox 1257 759 1332 842; x_wconf 61' lang='lat' dir='ltr'><strong>lit</strong></span> <span class='ocrx_word' id='word_1_56' title='bbox 1359 769 1535 842; x_wconf 83' lang='lat' dir='ltr'><strong>autem</strong></span> <span class='ocrx_word' id='word_1_57' title='bbox 1565 759 1735 842; x_wconf 80' lang='lat' dir='ltr'><strong>(quasi</strong></span> <span class='ocrx_word' id='word_1_58' title='bbox 1766 757 2086 842; x_wconf 41' lang='lat' dir='ltr'><strong>tlic‘at)pus-</strong></span> 
     </span>
    </p>
   </div>
   <div class='ocr_carea' id='block_1_11' title="bbox 493 829 2086 902">
    <p class='ocr_par' dir='ltr' id='par_1_11' title="bbox 493 829 2086 902">
     <span class='ocr_line' id='line_1_11' title="bbox 493 829 2086 902; baseline -0.003 -15"><span class='ocrx_word' id='word_1_59' title='bbox 493 834 594 887; x_wconf 90' lang='lat' dir='ltr'><strong>sim</strong></span> <span class='ocrx_word' id='word_1_60' title='bbox 625 833 877 897; x_wconf 81' lang='lat' dir='ltr'><strong>evadere,</strong></span> <span class='ocrx_word' id='word_1_61' title='bbox 911 846 1011 901; x_wconf 79' lang='lat' dir='ltr'><strong>ego</strong></span> <span class='ocrx_word' id='word_1_62' title='bbox 1050 831 1305 902; x_wconf 82' lang='lat' dir='ltr'><strong>quidquid</strong></span> <span class='ocrx_word' id='word_1_63' title='bbox 1347 839 1505 902; x_wconf 78' lang='lat' dir='ltr'><strong>agant</strong></span> <span class='ocrx_word' id='word_1_64' title='bbox 1553 829 1664 894; x_wconf 85' lang='lat' dir='ltr'><strong>alii,</strong></span> <span class='ocrx_word' id='word_1_65' title='bbox 1698 845 1803 884; x_wconf 92' lang='lat' dir='ltr'><strong>non</strong></span> <span class='ocrx_word' id='word_1_66' title='bbox 1837 829 2086 902; x_wconf 77' lang='lat' dir='ltr'><strong>imitabor</strong></span> 
     </span>
    </p>
   </div>
   <div class='ocr_carea' id='block_1_12' title="bbox 492 899 2084 972">
    <p class='ocr_par' dir='ltr' id='par_1_12' title="bbox 492 899 2084 972">
     <span class='ocr_line' id='line_1_12' title="bbox 492 899 2084 972; baseline -0.001 -16"><span class='ocrx_word' id='word_1_67' title='bbox 492 905 800 972; x_wconf 76' lang='lat' dir='ltr'><strong>superbiam</strong></span> <span class='ocrx_word' id='word_1_68' title='bbox 831 899 1040 970; x_wconf 81' lang='lat' dir='ltr'><strong>eorum,</strong></span> <span class='ocrx_word' id='word_1_69' title='bbox 1068 899 1166 958; x_wconf 82' lang='lat' dir='ltr'><strong>sed</strong></span> <span class='ocrx_word' id='word_1_70' title='bbox 1193 909 1242 956; x_wconf 85' lang='lat' dir='ltr'><strong>in</strong></span> <span class='ocrx_word' id='word_1_71' title='bbox 1269 899 1548 958; x_wconf 43' lang='lat' dir='ltr'><strong>toto‘corde</strong></span> <span class='ocrx_word' id='word_1_72' title='bbox 1581 902 1847 956; x_wconf 73' lang='lat' dir='ltr'><strong>scrutabor</strong></span> <span class='ocrx_word' id='word_1_73' title='bbox 1868 916 1988 972; x_wconf 82' lang='lat' dir='ltr'><strong>non</strong></span> <span class='ocrx_word' id='word_1_74' title='bbox 2017 899 2084 954; x_wconf 92' lang='lat' dir='ltr'><strong>ad</strong></span> 
     </span>
    </p>
   </div>
   <div class='ocr_carea' id='block_1_13' title="bbox 491 971 2084 1042">
    <p class='ocr_par' dir='ltr' id='par_1_13' title="bbox 491 971 2084 1042">
     <span class='ocr_line' id='line_1_13' title="bbox 491 971 2084 1042; baseline -0.003 -13"><span class='ocrx_word' id='word_1_75' title='bbox 491 971 797 1042; x_wconf 88' lang='lat' dir='ltr'><strong>sciendum,</strong></span> <span class='ocrx_word' id='word_1_76' title='bbox 831 974 924 1029; x_wconf 90' lang='lat' dir='ltr'><strong>sed</strong></span> <span class='ocrx_word' id='word_1_77' title='bbox 977 975 1040 1028; x_wconf 92' lang='lat' dir='ltr'><strong>ad</strong></span> <span class='ocrx_word' id='word_1_78' title='bbox 1089 974 1389 1029; x_wconf 80' lang='lat' dir='ltr'><strong>faciendum</strong></span> <span class='ocrx_word' id='word_1_79' title='bbox 1422 975 1665 1026; x_wconf 87' lang='lat' dir='ltr'><strong>mandata</strong></span> <span class='ocrx_word' id='word_1_80' title='bbox 1696 981 1806 1026; x_wconf 91' lang='lat' dir='ltr'><strong>tua.</strong></span> <span class='ocrx_word' id='word_1_81' title='bbox 1837 971 2084 1026; x_wconf 82' lang='lat' dir='ltr'><strong>Mandata</strong></span> 
     </span>
    </p>
   </div>
   <div class='ocr_carea' id='block_1_14' title="bbox 491 1043 2118 1116">
    <p class='ocr_par' dir='ltr' id='par_1_14' title="bbox 491 1043 2118 1116">
     <span class='ocr_line' id='line_1_14' title="bbox 491 1043 2118 1116; baseline -0.003 -14"><span class='ocrx_word' id='word_1_82' title='bbox 491 1045 821 1116; x_wconf 77' lang='lat' dir='ltr'><strong>generaliter</strong></span> <span class='ocrx_word' id='word_1_83' title='bbox 849 1045 934 1116; x_wconf 85' lang='lat' dir='ltr'><strong>hic</strong></span> <span class='ocrx_word' id='word_1_84' title='bbox 957 1044 1288 1116; x_wconf 82' lang='lat' dir='ltr'><strong>accipiuntur</strong></span> <span class='ocrx_word' id='word_1_85' title='bbox 1313 1054 1576 1114; x_wconf 84' lang='lat' dir='ltr'><strong>praecepta</strong></span> <span class='ocrx_word' id='word_1_86' title='bbox 1598 1043 1775 1116; x_wconf 86' lang='lat' dir='ltr'><strong>divina</strong></span> <span class='ocrx_word' id='word_1_87' title='bbox 1799 1061 1810 1096; x_wconf 89' lang='lat'>:</span> <span class='ocrx_word' id='word_1_88' title='bbox 1841 1044 1892 1098; x_wconf 92' lang='lat' dir='ltr'><strong>in</strong></span> <span class='ocrx_word' id='word_1_89' title='bbox 1921 1043 2084 1112; x_wconf 89' lang='lat' dir='ltr'><strong>priori</strong></span> <span class='ocrx_word' id='word_1_90' title='bbox 2113 1067 2118 1072; x_wconf 88' lang='lat'><strong><em>-</em></strong></span> 
     </span>
    </p>
   </div>
   <div class='ocr_carea' id='block_1_15' title="bbox 488 1114 2083 1174">
    <p class='ocr_par' dir='ltr' id='par_1_15' title="bbox 488 1114 2083 1174">
     <span class='ocr_line' id='line_1_15' title="bbox 488 1114 2083 1174; baseline -0.002 -3"><span class='ocrx_word' id='word_1_91' title='bbox 488 1114 616 1172; x_wconf 67' lang='lat' dir='ltr'><strong>iero</strong></span> <span class='ocrx_word' id='word_1_92' title='bbox 650 1115 918 1174; x_wconf 86' lang='lat' dir='ltr'><strong>sententia</strong></span> <span class='ocrx_word' id='word_1_93' title='bbox 959 1114 1311 1172; x_wconf 89' lang='lat' dir='ltr'><strong>determinate</strong></span> <span class='ocrx_word' id='word_1_94' title='bbox 1344 1125 1546 1170; x_wconf 91' lang='lat' dir='ltr'><strong>tantum</strong></span> <span class='ocrx_word' id='word_1_95' title='bbox 1594 1115 1898 1171; x_wconf 86' lang='lat' dir='ltr'><strong>dilectionis</strong></span> <span class='ocrx_word' id='word_1_96' title='bbox 1929 1129 2083 1168; x_wconf 92' lang='lat' dir='ltr'><strong>man-</strong></span> 
     </span>
    </p>
   </div>
   <div class='ocr_carea' id='block_1_16' title="bbox 487 1190 631 1246">
    <p class='ocr_par' dir='ltr' id='par_1_16' title="bbox 487 1190 631 1246">
     <span class='ocr_line' id='line_1_16' title="bbox 487 1190 631 1246; baseline 0.028 -4"><span class='ocrx_word' id='word_1_97' title='bbox 487 1190 631 1246; x_wconf 89' lang='lat' dir='ltr'><strong>data.</strong></span> 
     </span>
    </p>
   </div>
   <div class='ocr_carea' id='block_1_17' title="bbox 563 1257 2084 1332">
    <p class='ocr_par' dir='ltr' id='par_1_17' title="bbox 563 1257 2084 1332">
     <span class='ocr_line' id='line_1_17' title="bbox 563 1257 2084 1332; baseline -0.002 -17"><span class='ocrx_word' id='word_1_98' title='bbox 563 1259 905 1332; x_wconf 83' lang='lat' dir='ltr'><strong>Coagulatum</strong></span> <span class='ocrx_word' id='word_1_99' title='bbox 927 1268 1020 1314; x_wconf 84' lang='lat' dir='ltr'><strong>est.</strong></span> <span class='ocrx_word' id='word_1_100' title='bbox 1047 1260 1136 1332; x_wconf 85' lang='lat' dir='ltr'><strong>Sic</strong></span> <span class='ocrx_word' id='word_1_101' title='bbox 1153 1258 1678 1332; x_wconf 88' lang='lat' dir='ltr'><strong>continuatur,quasi</strong></span> <span class='ocrx_word' id='word_1_102' title='bbox 1706 1258 1880 1312; x_wconf 85' lang='lat' dir='ltr'><strong>dicat:</strong></span> <span class='ocrx_word' id='word_1_103' title='bbox 1915 1257 2084 1312; x_wconf 81' lang='lat' dir='ltr'><strong>Nimi-</strong></span> 
     </span>
    </p>
   </div>
   <div class='ocr_carea' id='block_1_18' title="bbox 491 1330 2086 1404">
    <p class='ocr_par' dir='ltr' id='par_1_18' title="bbox 491 1330 2086 1404">
     <span class='ocr_line' id='line_1_18' title="bbox 491 1330 2086 1404; baseline -0.002 -17"><span class='ocrx_word' id='word_1_104' title='bbox 491 1347 608 1387; x_wconf 93' lang='lat' dir='ltr'><strong>rum</strong></span> <span class='ocrx_word' id='word_1_105' title='bbox 665 1330 910 1404; x_wconf 78' lang='lat' dir='ltr'><strong>iniquitas</strong></span> <span class='ocrx_word' id='word_1_106' title='bbox 965 1330 1297 1404; x_wconf 83' lang='lat' dir='ltr'><strong>superborum</strong></span> <span class='ocrx_word' id='word_1_107' title='bbox 1326 1331 1438 1384; x_wconf 80' lang='lat' dir='ltr'><strong>sive</strong></span> <span class='ocrx_word' id='word_1_108' title='bbox 1488 1339 1915 1404; x_wconf 82' lang='lat' dir='ltr'><strong>persecuturum,</strong></span> <span class='ocrx_word' id='word_1_109' title='bbox 1964 1331 2086 1404; x_wconf 75' lang='lat' dir='ltr'><strong>sive</strong></span> 
     </span>
    </p>
   </div>
   <div class='ocr_carea' id='block_1_19' title="bbox 494 1400 2087 1475">
    <p class='ocr_par' dir='ltr' id='par_1_19' title="bbox 494 1400 2087 1475">
     <span class='ocr_line' id='line_1_19' title="bbox 494 1400 2087 1475; baseline -0.001 -19"><span class='ocrx_word' id='word_1_110' title='bbox 494 1400 776 1475; x_wconf 84' lang='lat' dir='ltr'><strong>parentum</strong></span> <span class='ocrx_word' id='word_1_111' title='bbox 801 1400 1081 1475; x_wconf 75' lang='lat' dir='ltr'><strong>priorum,</strong></span> <span class='ocrx_word' id='word_1_112' title='bbox 1117 1402 1235 1475; x_wconf 85' lang='lat' dir='ltr'><strong>quia</strong></span> <span class='ocrx_word' id='word_1_113' title='bbox 1265 1417 1352 1475; x_wconf 80' lang='lat' dir='ltr'><strong>cor</strong></span> <span class='ocrx_word' id='word_1_114' title='bbox 1373 1415 1549 1454; x_wconf 89' lang='lat' dir='ltr'><strong>eorum</strong></span> <span class='ocrx_word' id='word_1_115' title='bbox 1578 1401 1716 1475; x_wconf 83' lang='lat' dir='ltr'><strong>quod</strong></span> <span class='ocrx_word' id='word_1_116' title='bbox 1769 1400 2087 1475; x_wconf 77' lang='lat' dir='ltr'><strong>naturaliter</strong></span> 
     </span>
    </p>
   </div>
   <div class='ocr_carea' id='block_1_20' title="bbox 492 1471 2085 1542">
    <p class='ocr_par' dir='ltr' id='par_1_20' title="bbox 492 1471 2085 1542">
     <span class='ocr_line' id='line_1_20' title="bbox 492 1471 2085 1542; baseline 0 -14"><span class='ocrx_word' id='word_1_117' title='bbox 492 1471 756 1530; x_wconf 77' lang='lat' dir='ltr'><strong>mollitum</strong></span> <span class='ocrx_word' id='word_1_118' title='bbox 791 1473 889 1528; x_wconf 78' lang='lat' dir='ltr'><strong>fuit</strong></span> <span class='ocrx_word' id='word_1_119' title='bbox 921 1488 1013 1542; x_wconf 88' lang='lat' dir='ltr'><strong>per</strong></span> <span class='ocrx_word' id='word_1_120' title='bbox 1045 1473 1442 1542; x_wconf 81' lang='lat' dir='ltr'><strong>gratiam,sicut</strong></span> <span class='ocrx_word' id='word_1_121' title='bbox 1471 1473 1784 1526; x_wconf 83' lang='lat' dir='ltr'><strong>naturaliter</strong></span> <span class='ocrx_word' id='word_1_122' title='bbox 1813 1474 1892 1525; x_wconf 87' lang='lat' dir='ltr'><strong>lac</strong></span> <span class='ocrx_word' id='word_1_123' title='bbox 1923 1471 2085 1528; x_wconf 89' lang='lat' dir='ltr'><strong>molle</strong></span> 
     </span>
    </p>
   </div>
   <div class='ocr_carea' id='block_1_21' title="bbox 491 1542 2082 1615">
    <p class='ocr_par' dir='ltr' id='par_1_21' title="bbox 491 1542 2082 1615">
     <span class='ocr_line' id='line_1_21' title="bbox 491 1542 2082 1615; baseline -0.002 -15"><span class='ocrx_word' id='word_1_124' title='bbox 491 1555 595 1611; x_wconf 83' lang='lat' dir='ltr'><strong>est,</strong></span> <span class='ocrx_word' id='word_1_125' title='bbox 632 1561 727 1615; x_wconf 86' lang='lat' dir='ltr'><strong>per</strong></span> <span class='ocrx_word' id='word_1_126' title='bbox 759 1546 1030 1614; x_wconf 79' lang='lat' dir='ltr'><strong>prOpriam</strong></span> <span class='ocrx_word' id='word_1_127' title='bbox 1064 1557 1248 1598; x_wconf 89' lang='lat' dir='ltr'><strong>eorum</strong></span> <span class='ocrx_word' id='word_1_128' title='bbox 1282 1544 1574 1614; x_wconf 81' lang='lat' dir='ltr'><strong>nequitiam</strong></span> <span class='ocrx_word' id='word_1_129' title='bbox 1619 1550 1694 1615; x_wconf 86' lang='lat' dir='ltr'><strong>est</strong></span> <span class='ocrx_word' id='word_1_130' title='bbox 1737 1542 2082 1612; x_wconf 81' lang='lat' dir='ltr'><strong>coagulatum,</strong></span> 
     </span>
    </p>
   </div>
   <div class='ocr_carea' id='block_1_22' title="bbox 487 1614 2086 1685">
    <p class='ocr_par' dir='ltr' id='par_1_22' title="bbox 487 1614 2086 1685">
     <span class='ocr_line' id='line_1_22' title="bbox 487 1614 2086 1685; baseline -0.001 -16"><span class='ocrx_word' id='word_1_131' title='bbox 487 1616 538 1671; x_wconf 92' lang='lat' dir='ltr'><strong>id</strong></span> <span class='ocrx_word' id='word_1_132' title='bbox 566 1614 670 1684; x_wconf 86' lang='lat' dir='ltr'><strong>est,</strong></span> <span class='ocrx_word' id='word_1_133' title='bbox 703 1615 1044 1671; x_wconf 86' lang='lat' dir='ltr'><strong>induratum:</strong></span> <span class='ocrx_word' id='word_1_134' title='bbox 1081 1631 1256 1669; x_wconf 89' lang='lat' dir='ltr'><strong>meum</strong></span> <span class='ocrx_word' id='word_1_135' title='bbox 1300 1630 1428 1668; x_wconf 74' lang='lat' dir='ltr'><strong>vero</strong></span> <span class='ocrx_word' id='word_1_136' title='bbox 1462 1615 1636 1684; x_wconf 85' lang='lat' dir='ltr'><strong>(quasi</strong></span> <span class='ocrx_word' id='word_1_137' title='bbox 1669 1614 1832 1685; x_wconf 87' lang='lat' dir='ltr'><strong>dicat)</strong></span> <span class='ocrx_word' id='word_1_138' title='bbox 1865 1631 1958 1670; x_wconf 69' lang='lat' dir='ltr'><strong>cur</strong></span> <span class='ocrx_word' id='word_1_139' title='bbox 2003 1621 2086 1669; x_wconf 85' lang='lat' dir='ltr'><strong>est</strong></span> 
     </span>
    </p>
   </div>
   <div class='ocr_carea' id='block_1_23' title="bbox 487 1685 2084 1768">
    <p class='ocr_par' dir='ltr' id='par_1_23' title="bbox 487 1685 2084 1768">
     <span class='ocr_line' id='line_1_23' title="bbox 487 1685 2084 1768; baseline 0 -28"><span class='ocrx_word' id='word_1_140' title='bbox 487 1688 771 1768; x_wconf 81' lang='lat' dir='ltr'><strong>mollitum,</strong></span> <span class='ocrx_word' id='word_1_141' title='bbox 817 1688 941 1768; x_wconf 72' lang='lat' dir='ltr'><strong>quia</strong></span> <span class='ocrx_word' id='word_1_142' title='bbox 995 1686 1136 1768; x_wconf 74' lang='lat' dir='ltr'><strong>Deus</strong></span> <span class='ocrx_word' id='word_1_143' title='bbox 1187 1686 1460 1768; x_wconf 56' lang='lat' dir='ltr'><strong>monilibus</strong></span> <span class='ocrx_word' id='word_1_144' title='bbox 1487 1687 1573 1768; x_wconf 86' lang='lat' dir='ltr'><strong>dat</strong></span> <span class='ocrx_word' id='word_1_145' title='bbox 1604 1686 1846 1768; x_wconf 73' lang='lat' dir='ltr'><strong>gratiam,</strong></span> <span class='ocrx_word' id='word_1_146' title='bbox 1878 1685 2084 1768; x_wconf 76' lang='lat' dir='ltr'><strong>scilicet</strong></span> 
     </span>
    </p>
   </div>
   <div class='ocr_carea' id='block_1_24' title="bbox 2192 465 3791 538">
    <p class='ocr_par' dir='ltr' id='par_1_24' title="bbox 2192 465 3791 538">
     <span class='ocr_line' id='line_1_24' title="bbox 2192 465 3791 538; baseline 0.004 -20"><span class='ocrx_word' id='word_1_147' title='bbox 2192 468 2275 521; x_wconf 84' lang='lat' dir='ltr'><strong>vel</strong></span> <span class='ocrx_word' id='word_1_148' title='bbox 2313 475 2454 534; x_wconf 81' lang='lat' dir='ltr'><strong>petat</strong></span> <span class='ocrx_word' id='word_1_149' title='bbox 2482 466 2618 538; x_wconf 81' lang='lat' dir='ltr'><strong>ratio</strong></span> <span class='ocrx_word' id='word_1_150' title='bbox 2645 475 2873 538; x_wconf 80' lang='lat' dir='ltr'><strong>nostra,</strong></span> <span class='ocrx_word' id='word_1_151' title='bbox 2907 467 2995 538; x_wconf 80' lang='lat' dir='ltr'><strong>vel</strong></span> <span class='ocrx_word' id='word_1_152' title='bbox 3022 465 3289 538; x_wconf 78' lang='lat' dir='ltr'><strong>intelligat</strong></span> <span class='ocrx_word' id='word_1_153' title='bbox 3336 483 3610 524; x_wconf 82' lang='lat' dir='ltr'><strong>mensura.</strong></span> <span class='ocrx_word' id='word_1_154' title='bbox 3635 465 3791 525; x_wconf 30' lang='lat' dir='ltr'><strong>’Tale</strong></span> 
     </span>
    </p>
   </div>
   <div class='ocr_carea' id='block_1_25' title="bbox 2185 536 3783 608">
    <p class='ocr_par' dir='ltr' id='par_1_25' title="bbox 2185 536 3783 608">
     <span class='ocr_line' id='line_1_25' title="bbox 2185 536 3783 608; baseline 0 -14"><span class='ocrx_word' id='word_1_155' title='bbox 2185 549 2268 594; x_wconf 86' lang='lat' dir='ltr'><strong>est</strong></span> <span class='ocrx_word' id='word_1_156' title='bbox 2301 539 2427 593; x_wconf 89' lang='lat' dir='ltr'><strong>illud</strong></span> <span class='ocrx_word' id='word_1_157' title='bbox 2453 536 2594 606; x_wconf 89' lang='lat' dir='ltr'><strong>quod</strong></span> <span class='ocrx_word' id='word_1_158' title='bbox 2622 536 2912 606; x_wconf 80' lang='lat' dir='ltr'><strong>Apostolus</strong></span> <span class='ocrx_word' id='word_1_159' title='bbox 2940 537 3072 592; x_wconf 89' lang='lat' dir='ltr'><strong>dicit</strong></span> <span class='ocrx_word' id='word_1_160' title='bbox 3110 536 3436 596; x_wconf 82' lang='lat' dir='ltr'><strong>:Imitatom</strong></span> <span class='ocrx_word' id='word_1_161' title='bbox 3466 541 3566 593; x_wconf 81' lang='lat' dir='ltr'><strong>mei</strong></span> <span class='ocrx_word' id='word_1_162' title='bbox 3593 547 3783 608; x_wconf 82' lang='lat' dir='ltr'><strong>estote,</strong></span> 
     </span>
    </p>
   </div>
   <div class='ocr_carea' id='block_1_26' title="bbox 2187 609 3784 681">
    <p class='ocr_par' dir='ltr' id='par_1_26' title="bbox 2187 609 3784 681">
     <span class='ocr_line' id='line_1_26' title="bbox 2187 609 3784 681; baseline 0.003 -18"><span class='ocrx_word' id='word_1_163' title='bbox 2187 611 2286 679; x_wconf 78' lang='lat' dir='ltr'><strong>ﬁlii</strong></span> <span class='ocrx_word' id='word_1_164' title='bbox 2318 609 2624 675; x_wconf 81' lang='lat' dir='ltr'><strong>charissimi,</strong></span> <span class='ocrx_word' id='word_1_165' title='bbox 2660 610 2762 664; x_wconf 88' lang='lat' dir='ltr'><strong>hoc</strong></span> <span class='ocrx_word' id='word_1_166' title='bbox 2791 617 2878 663; x_wconf 85' lang='lat' dir='ltr'><strong>est</strong></span> <span class='ocrx_word' id='word_1_167' title='bbox 2899 623 3008 681; x_wconf 81' lang='lat' dir='ltr'><strong>non</strong></span> <span class='ocrx_word' id='word_1_168' title='bbox 3047 609 3386 681; x_wconf 87' lang='lat' dir='ltr'><strong>inquantum</strong></span> <span class='ocrx_word' id='word_1_169' title='bbox 3410 628 3472 667; x_wconf 77' lang='lat' dir='ltr'><strong>ex</strong></span> <span class='ocrx_word' id='word_1_170' title='bbox 3504 627 3592 668; x_wconf 89' lang='lat' dir='ltr'><strong>me</strong></span> <span class='ocrx_word' id='word_1_171' title='bbox 3636 627 3784 679; x_wconf 83' lang='lat' dir='ltr'><strong>sum,</strong></span> 
     </span>
    </p>
   </div>
   <div class='ocr_carea' id='block_1_27' title="bbox 2187 679 3178 751">
    <p class='ocr_par' dir='ltr' id='par_1_27' title="bbox 2187 679 3178 751">
     <span class='ocr_line' id='line_1_27' title="bbox 2187 679 3178 751; baseline 0 -15"><span class='ocrx_word' id='word_1_172' title='bbox 2187 682 2284 738; x_wconf 83' lang='lat' dir='ltr'><strong>sed</strong></span> <span class='ocrx_word' id='word_1_173' title='bbox 2315 684 2367 735; x_wconf 89' lang='lat' dir='ltr'><strong>in</strong></span> <span class='ocrx_word' id='word_1_174' title='bbox 2396 691 2650 751; x_wconf 89' lang='lat' dir='ltr'><strong>quantum</strong></span> <span class='ocrx_word' id='word_1_175' title='bbox 2677 681 2856 735; x_wconf 87' lang='lat' dir='ltr'><strong>imitor</strong></span> <span class='ocrx_word' id='word_1_176' title='bbox 2886 679 3178 736; x_wconf 74' lang='lat' dir='ltr'><strong>Christum.</strong></span> 
     </span>
    </p>
   </div>
   <div class='ocr_carea' id='block_1_28' title="bbox 2259 751 3791 823">
    <p class='ocr_par' dir='ltr' id='par_1_28' title="bbox 2259 751 3791 823">
     <span class='ocr_line' id='line_1_28' title="bbox 2259 751 3791 823; baseline 0.001 -15"><span class='ocrx_word' id='word_1_177' title='bbox 2259 753 2504 822; x_wconf 81' lang='lat' dir='ltr'><strong>Cognovi,</strong></span> <span class='ocrx_word' id='word_1_178' title='bbox 2534 751 2776 819; x_wconf 80' lang='lat' dir='ltr'><strong>Domine,</strong></span> <span class='ocrx_word' id='word_1_179' title='bbox 2803 752 2949 822; x_wconf 89' lang='lat' dir='ltr'><strong>quia.</strong></span> <span class='ocrx_word' id='word_1_180' title='bbox 2979 752 3140 820; x_wconf 82' lang='lat' dir='ltr'><strong>Quasi</strong></span> <span class='ocrx_word' id='word_1_181' title='bbox 3184 755 3328 810; x_wconf 84' lang='lat' dir='ltr'><strong>dicat</strong></span> <span class='ocrx_word' id='word_1_182' title='bbox 3353 772 3366 810; x_wconf 92' lang='lat'><strong>:</strong></span> <span class='ocrx_word' id='word_1_183' title='bbox 3399 755 3525 810; x_wconf 82' lang='lat' dir='ltr'><strong>Ideo</strong></span> <span class='ocrx_word' id='word_1_184' title='bbox 3575 756 3791 823; x_wconf 70' lang='lat' dir='ltr'><strong>sperni</strong></span> 
     </span>
    </p>
   </div>
   <div class='ocr_carea' id='block_1_29' title="bbox 2189 823 3787 896">
    <p class='ocr_par' dir='ltr' id='par_1_29' title="bbox 2189 823 3787 896">
     <span class='ocr_line' id='line_1_29' title="bbox 2189 823 3787 896; baseline -0.001 -15"><span class='ocrx_word' id='word_1_185' title='bbox 2189 826 2369 881; x_wconf 92' lang='lat' dir='ltr'><strong>nonin</strong></span> <span class='ocrx_word' id='word_1_186' title='bbox 2393 841 2497 892; x_wconf 91' lang='lat' dir='ltr'><strong>me,</strong></span> <span class='ocrx_word' id='word_1_187' title='bbox 2523 824 2616 879; x_wconf 90' lang='lat' dir='ltr'><strong>sed</strong></span> <span class='ocrx_word' id='word_1_188' title='bbox 2659 825 2714 879; x_wconf 88' lang='lat' dir='ltr'><strong>in</strong></span> <span class='ocrx_word' id='word_1_189' title='bbox 2740 823 2888 880; x_wconf 75' lang='lat' dir='ltr'><strong>verba</strong></span> <span class='ocrx_word' id='word_1_190' title='bbox 2910 834 2998 879; x_wconf 85' lang='lat' dir='ltr'><strong>tuo</strong></span> <span class='ocrx_word' id='word_1_191' title='bbox 3028 840 3044 878; x_wconf 87' lang='lat'><strong><em>:</em></strong></span> <span class='ocrx_word' id='word_1_192' title='bbox 3077 825 3202 896; x_wconf 82' lang='lat' dir='ltr'><strong>quia</strong></span> <span class='ocrx_word' id='word_1_193' title='bbox 3229 841 3356 885; x_wconf 78' lang='lat' dir='ltr'><strong>vers</strong></span> <span class='ocrx_word' id='word_1_194' title='bbox 3390 829 3607 896; x_wconf 75' lang='lat' dir='ltr'><strong>cognovi</strong></span> <span class='ocrx_word' id='word_1_195' title='bbox 3639 828 3787 895; x_wconf 82' lang='lat' dir='ltr'><strong>quod</strong></span> 
     </span>
    </p>
   </div>
   <div class='ocr_carea' id='block_1_30' title="bbox 2188 897 3788 969">
    <p class='ocr_par' dir='ltr' id='par_1_30' title="bbox 2188 897 3788 969">
     <span class='ocr_line' id='line_1_30' title="bbox 2188 897 3788 969; baseline 0 -17"><span class='ocrx_word' id='word_1_196' title='bbox 2188 907 2275 952; x_wconf 86' lang='lat' dir='ltr'><strong>tua</strong></span> <span class='ocrx_word' id='word_1_197' title='bbox 2292 899 2516 969; x_wconf 84' lang='lat' dir='ltr'><strong>judicia,</strong></span> <span class='ocrx_word' id='word_1_198' title='bbox 2542 897 2592 952; x_wconf 91' lang='lat' dir='ltr'><strong>id</strong></span> <span class='ocrx_word' id='word_1_199' title='bbox 2614 904 2717 963; x_wconf 85' lang='lat' dir='ltr'><strong>est,</strong></span> <span class='ocrx_word' id='word_1_200' title='bbox 2744 906 3009 967; x_wconf 68' lang='lat' dir='ltr'><strong>praecepta</strong></span> <span class='ocrx_word' id='word_1_201' title='bbox 3034 906 3120 950; x_wconf 90' lang='lat' dir='ltr'><strong>tua</strong></span> <span class='ocrx_word' id='word_1_202' title='bbox 3147 913 3304 969; x_wconf 73' lang='lat' dir='ltr'><strong>,quse</strong></span> <span class='ocrx_word' id='word_1_203' title='bbox 3347 908 3400 954; x_wconf 89' lang='lat' dir='ltr'><strong>tu</strong></span> <span class='ocrx_word' id='word_1_204' title='bbox 3425 900 3642 968; x_wconf 85' lang='lat' dir='ltr'><strong>judicas</strong></span> <span class='ocrx_word' id='word_1_205' title='bbox 3668 914 3788 952; x_wconf 83' lang='lat' dir='ltr'><strong>scr-</strong></span> 
     </span>
    </p>
   </div>
   <div class='ocr_carea' id='block_1_31' title="bbox 2188 968 3786 1039">
    <p class='ocr_par' dir='ltr' id='par_1_31' title="bbox 2188 968 3786 1039">
     <span class='ocr_line' id='line_1_31' title="bbox 2188 968 3786 1039; baseline 0 -16"><span class='ocrx_word' id='word_1_206' title='bbox 2188 968 2382 1034; x_wconf 85' lang='lat' dir='ltr'><strong>vanda,</strong></span> <span class='ocrx_word' id='word_1_207' title='bbox 2412 978 2534 1024; x_wconf 88' lang='lat' dir='ltr'><strong>sunt</strong></span> <span class='ocrx_word' id='word_1_208' title='bbox 2562 983 2666 1022; x_wconf 89' lang='lat' dir='ltr'><strong>non</strong></span> <span class='ocrx_word' id='word_1_209' title='bbox 2696 969 2873 1024; x_wconf 88' lang='lat' dir='ltr'><strong>solum</strong></span> <span class='ocrx_word' id='word_1_210' title='bbox 2896 983 3066 1038; x_wconf 63' lang='lat' dir='ltr'><strong>aequa,</strong></span> <span class='ocrx_word' id='word_1_211' title='bbox 3094 968 3190 1023; x_wconf 81' lang='lat' dir='ltr'><strong>sed</strong></span> <span class='ocrx_word' id='word_1_212' title='bbox 3227 970 3340 1039; x_wconf 85' lang='lat' dir='ltr'><strong>ipsa</strong></span> <span class='ocrx_word' id='word_1_213' title='bbox 3362 972 3584 1038; x_wconf 74' lang='lat' dir='ltr'><strong>tequitas</strong></span> <span class='ocrx_word' id='word_1_214' title='bbox 3602 983 3624 1024; x_wconf 74' lang='grc' dir='ltr'><strong>ι</strong></span> <span class='ocrx_word' id='word_1_215' title='bbox 3651 972 3786 1039; x_wconf 81' lang='lat' dir='ltr'><strong>quia</strong></span> 
     </span>
    </p>
   </div>
   <div class='ocr_carea' id='block_1_32' title="bbox 2187 1039 3786 1111">
    <p class='ocr_par' dir='ltr' id='par_1_32' title="bbox 2187 1039 3786 1111">
     <span class='ocr_line' id='line_1_32' title="bbox 2187 1039 3786 1111; baseline -0.001 -16"><span class='ocrx_word' id='word_1_216' title='bbox 2187 1051 2465 1096; x_wconf 79' lang='lat' dir='ltr'><strong>servantes</strong></span> <span class='ocrx_word' id='word_1_217' title='bbox 2487 1055 2545 1095; x_wconf 85' lang='lat' dir='ltr'><strong>se</strong></span> <span class='ocrx_word' id='word_1_218' title='bbox 2570 1041 2770 1095; x_wconf 79' lang='lat' dir='ltr'><strong>iaciunt</strong></span> <span class='ocrx_word' id='word_1_219' title='bbox 2799 1054 2984 1111; x_wconf 57' lang='lat' dir='ltr'><strong>mquos</strong></span> <span class='ocrx_word' id='word_1_220' title='bbox 3021 1039 3288 1109; x_wconf 86' lang='lat' dir='ltr'><strong>etjustos,</strong></span> <span class='ocrx_word' id='word_1_221' title='bbox 3334 1055 3503 1111; x_wconf 83' lang='lat' dir='ltr'><strong>quare</strong></span> <span class='ocrx_word' id='word_1_222' title='bbox 3543 1041 3786 1097; x_wconf 76' lang='lat' dir='ltr'><strong>tenenda</strong></span> 
     </span>
    </p>
   </div>
   <div class='ocr_carea' id='block_1_33' title="bbox 2188 1109 3788 1183">
    <p class='ocr_par' dir='ltr' id='par_1_33' title="bbox 2188 1109 3788 1183">
     <span class='ocr_line' id='line_1_33' title="bbox 2188 1109 3788 1183; baseline -0.001 -15"><span class='ocrx_word' id='word_1_223' title='bbox 2188 1120 2243 1168; x_wconf 89' lang='lat' dir='ltr'><strong>et</strong></span> <span class='ocrx_word' id='word_1_224' title='bbox 2287 1111 2554 1183; x_wconf 81' lang='lat' dir='ltr'><strong>diligenda</strong></span> <span class='ocrx_word' id='word_1_225' title='bbox 2602 1119 2744 1166; x_wconf 90' lang='lat' dir='ltr'><strong>sunt.</strong></span> <span class='ocrx_word' id='word_1_226' title='bbox 2795 1109 2908 1183; x_wconf 75' lang='lat' dir='ltr'><strong>Ego</strong></span> <span class='ocrx_word' id='word_1_227' title='bbox 2952 1126 3080 1167; x_wconf 70' lang='lat' dir='ltr'><strong>vero</strong></span> <span class='ocrx_word' id='word_1_228' title='bbox 3126 1109 3512 1182; x_wconf 25' lang='lat' dir='ltr'><strong>neglexl‘eam,</strong></span> <span class='ocrx_word' id='word_1_229' title='bbox 3561 1125 3617 1169; x_wconf 86' lang='lat' dir='ltr'><strong>et</strong></span> <span class='ocrx_word' id='word_1_230' title='bbox 3663 1113 3788 1167; x_wconf 81' lang='lat' dir='ltr'><strong>ideo</strong></span> 
     </span>
    </p>
   </div>
   <div class='ocr_carea' id='block_1_34' title="bbox 2188 1182 3787 1252">
    <p class='ocr_par' dir='ltr' id='par_1_34' title="bbox 2188 1182 3787 1252">
     <span class='ocr_line' id='line_1_34' title="bbox 2188 1182 3787 1252; baseline 0.003 -17"><span class='ocrx_word' id='word_1_231' title='bbox 2188 1182 2472 1237; x_wconf 86' lang='lat' dir='ltr'><strong>humiliasti</strong></span> <span class='ocrx_word' id='word_1_232' title='bbox 2501 1193 2579 1238; x_wconf 79' lang='lat' dir='ltr'><strong>me</strong></span> <span class='ocrx_word' id='word_1_233' title='bbox 2607 1197 2701 1252; x_wconf 86' lang='lat' dir='ltr'><strong>per</strong></span> <span class='ocrx_word' id='word_1_234' title='bbox 2723 1182 3078 1238; x_wconf 85' lang='lat' dir='ltr'><strong>humilitatem</strong></span> <span class='ocrx_word' id='word_1_235' title='bbox 3105 1183 3388 1240; x_wconf 84' lang='lat' dir='ltr'><strong>mortalem</strong></span> <span class='ocrx_word' id='word_1_236' title='bbox 3413 1185 3466 1239; x_wconf 92' lang='lat' dir='ltr'><strong>in</strong></span> <span class='ocrx_word' id='word_1_237' title='bbox 3492 1184 3703 1250; x_wconf 77' lang='lat' dir='ltr'><strong>radice,</strong></span> <span class='ocrx_word' id='word_1_238' title='bbox 3731 1192 3787 1239; x_wconf 79' lang='lat' dir='ltr'><strong>et</strong></span> 
     </span>
    </p>
   </div>
   <div class='ocr_carea' id='block_1_35' title="bbox 2191 1253 3428 1324">
    <p class='ocr_par' dir='ltr' id='par_1_35' title="bbox 2191 1253 3428 1324">
     <span class='ocr_line' id='line_1_35' title="bbox 2191 1253 3428 1324; baseline 0.002 -16"><span class='ocrx_word' id='word_1_239' title='bbox 2191 1253 2291 1308; x_wconf 92' lang='lat' dir='ltr'><strong>hoc</strong></span> <span class='ocrx_word' id='word_1_240' title='bbox 2315 1255 2366 1308; x_wconf 91' lang='lat' dir='ltr'><strong>in</strong></span> <span class='ocrx_word' id='word_1_241' title='bbox 2388 1256 2616 1319; x_wconf 69' lang='lat' dir='ltr'><strong>veritate,</strong></span> <span class='ocrx_word' id='word_1_242' title='bbox 2641 1253 2692 1308; x_wconf 93' lang='lat' dir='ltr'><strong>id</strong></span> <span class='ocrx_word' id='word_1_243' title='bbox 2721 1263 2825 1320; x_wconf 89' lang='lat' dir='ltr'><strong>est,</strong></span> <span class='ocrx_word' id='word_1_244' title='bbox 2856 1256 2908 1308; x_wconf 91' lang='lat' dir='ltr'><strong>in</strong></span> <span class='ocrx_word' id='word_1_245' title='bbox 2937 1268 3065 1308; x_wconf 81' lang='lat' dir='ltr'><strong>vero</strong></span> <span class='ocrx_word' id='word_1_246' title='bbox 3089 1254 3292 1324; x_wconf 85' lang='lat' dir='ltr'><strong>judicio</strong></span> <span class='ocrx_word' id='word_1_247' title='bbox 3319 1264 3428 1310; x_wconf 88' lang='lat' dir='ltr'><strong>tuo.</strong></span> 
     </span>
    </p>
   </div>
   <div class='ocr_carea' id='block_1_36' title="bbox 2263 1323 3786 1398">
    <p class='ocr_par' dir='ltr' id='par_1_36' title="bbox 2263 1323 3786 1398">
     <span class='ocr_line' id='line_1_36' title="bbox 2263 1323 3786 1398; baseline 0.004 -21"><span class='ocrx_word' id='word_1_248' title='bbox 2263 1324 2385 1380; x_wconf 81' lang='lat' dir='ltr'><strong>Fiat</strong></span> <span class='ocrx_word' id='word_1_249' title='bbox 2414 1326 2787 1380; x_wconf 77' lang='lat' dir='ltr'><strong>misericordia.</strong></span> <span class='ocrx_word' id='word_1_250' title='bbox 2812 1325 2974 1392; x_wconf 81' lang='lat' dir='ltr'><strong>Quasi</strong></span> <span class='ocrx_word' id='word_1_251' title='bbox 2996 1323 3139 1382; x_wconf 82' lang='lat' dir='ltr'><strong>dicat</strong></span> <span class='ocrx_word' id='word_1_252' title='bbox 3167 1323 3666 1398; x_wconf 74' lang='lat' dir='ltr'><strong>:Quandoquidcm</strong></span> <span class='ocrx_word' id='word_1_253' title='bbox 3697 1342 3786 1383; x_wconf 76' lang='grc' dir='ltr'><strong>τε-</strong></span> 
     </span>
    </p>
   </div>
   <div class='ocr_carea' id='block_1_37' title="bbox 2189 1397 3783 1469">
    <p class='ocr_par' dir='ltr' id='par_1_37' title="bbox 2189 1397 3783 1469">
     <span class='ocr_line' id='line_1_37' title="bbox 2189 1397 3783 1469; baseline -0.001 -15"><span class='ocrx_word' id='word_1_254' title='bbox 2189 1398 2398 1469; x_wconf 82' lang='lat' dir='ltr'><strong>cedenti</strong></span> <span class='ocrx_word' id='word_1_255' title='bbox 2432 1398 2575 1465; x_wconf 87' lang='lat' dir='ltr'><strong>prius</strong></span> <span class='ocrx_word' id='word_1_256' title='bbox 2597 1412 2627 1451; x_wconf 90' lang='lat' dir='ltr'><strong>a</strong></span> <span class='ocrx_word' id='word_1_257' title='bbox 2655 1397 2921 1469; x_wconf 79' lang='lat' dir='ltr'><strong>mandatis</strong></span> <span class='ocrx_word' id='word_1_258' title='bbox 2965 1398 3072 1453; x_wconf 83' lang='lat' dir='ltr'><strong>tuis</strong></span> <span class='ocrx_word' id='word_1_259' title='bbox 3099 1399 3236 1452; x_wconf 84' lang='lat' dir='ltr'><strong>tacta</strong></span> <span class='ocrx_word' id='word_1_260' title='bbox 3259 1407 3343 1454; x_wconf 83' lang='lat' dir='ltr'><strong>est</strong></span> <span class='ocrx_word' id='word_1_261' title='bbox 3367 1397 3594 1461; x_wconf 38' lang='lat' dir='ltr'><strong>ira’tua,</strong></span> <span class='ocrx_word' id='word_1_262' title='bbox 3628 1414 3783 1469; x_wconf 78' lang='lat' dir='ltr'><strong>ergo,</strong></span> 
     </span>
    </p>
   </div>
   <div class='ocr_carea' id='block_1_38' title="bbox 2190 1467 3782 1537">
    <p class='ocr_par' dir='ltr' id='par_1_38' title="bbox 2190 1467 3782 1537">
     <span class='ocr_line' id='line_1_38' title="bbox 2190 1467 3782 1537; baseline 0 -13"><span class='ocrx_word' id='word_1_263' title='bbox 2190 1467 2440 1534; x_wconf 87' lang='lat' dir='ltr'><strong>Domine,</strong></span> <span class='ocrx_word' id='word_1_264' title='bbox 2488 1483 2646 1525; x_wconf 87' lang='lat' dir='ltr'><strong>servo</strong></span> <span class='ocrx_word' id='word_1_265' title='bbox 2685 1477 2777 1523; x_wconf 94' lang='lat' dir='ltr'><strong>tuo</strong></span> <span class='ocrx_word' id='word_1_266' title='bbox 2806 1468 3052 1524; x_wconf 89' lang='lat' dir='ltr'><strong>redeunti</strong></span> <span class='ocrx_word' id='word_1_267' title='bbox 3096 1480 3286 1537; x_wconf 69' lang='lat' dir='ltr'><strong>praesta</strong></span> <span class='ocrx_word' id='word_1_268' title='bbox 3340 1467 3782 1525; x_wconf 76' lang='lat' dir='ltr'><strong>misericordiam</strong></span> 
     </span>
    </p>
   </div>
   <div class='ocr_carea' id='block_1_39' title="bbox 2188 1540 3782 1610">
    <p class='ocr_par' dir='ltr' id='par_1_39' title="bbox 2188 1540 3782 1610">
     <span class='ocr_line' id='line_1_39' title="bbox 2188 1540 3782 1610; baseline 0 -15"><span class='ocrx_word' id='word_1_269' title='bbox 2188 1548 2356 1606; x_wconf 85' lang='lat' dir='ltr'><strong>tuam,</strong></span> <span class='ocrx_word' id='word_1_270' title='bbox 2387 1553 2510 1593; x_wconf 92' lang='lat' dir='ltr'><strong>nam</strong></span> <span class='ocrx_word' id='word_1_271' title='bbox 2535 1540 2714 1610; x_wconf 78' lang='lat' dir='ltr'><strong>agenti</strong></span> <span class='ocrx_word' id='word_1_272' title='bbox 2743 1542 3042 1595; x_wconf 83' lang='lat' dir='ltr'><strong>secundum</strong></span> <span class='ocrx_word' id='word_1_273' title='bbox 3072 1541 3345 1609; x_wconf 80' lang='lat' dir='ltr'><strong>eloquium</strong></span> <span class='ocrx_word' id='word_1_274' title='bbox 3375 1549 3553 1606; x_wconf 86' lang='lat' dir='ltr'><strong>tuum,</strong></span> <span class='ocrx_word' id='word_1_275' title='bbox 3592 1541 3644 1595; x_wconf 91' lang='lat' dir='ltr'><strong>id</strong></span> <span class='ocrx_word' id='word_1_276' title='bbox 3678 1551 3782 1606; x_wconf 81' lang='lat' dir='ltr'><strong>est,</strong></span> 
     </span>
    </p>
   </div>
   <div class='ocr_carea' id='block_1_40' title="bbox 2187 1611 3781 1678">
    <p class='ocr_par' dir='ltr' id='par_1_40' title="bbox 2187 1611 3781 1678">
     <span class='ocr_line' id='line_1_40' title="bbox 2187 1611 3781 1678; baseline -0.001 -11"><span class='ocrx_word' id='word_1_277' title='bbox 2187 1611 2478 1667; x_wconf 86' lang='lat' dir='ltr'><strong>secundum</strong></span> <span class='ocrx_word' id='word_1_278' title='bbox 2512 1612 2761 1666; x_wconf 87' lang='lat' dir='ltr'><strong>mandata</strong></span> <span class='ocrx_word' id='word_1_279' title='bbox 2793 1620 2903 1678; x_wconf 91' lang='lat' dir='ltr'><strong>tua,</strong></span> <span class='ocrx_word' id='word_1_280' title='bbox 2936 1612 3026 1675; x_wconf 84' lang='lat' dir='ltr'><strong>ﬁat</strong></span> <span class='ocrx_word' id='word_1_281' title='bbox 3054 1613 3404 1666; x_wconf 70' lang='lat' dir='ltr'><strong>misericordia</strong></span> <span class='ocrx_word' id='word_1_282' title='bbox 3433 1624 3546 1677; x_wconf 80' lang='lat' dir='ltr'><strong>tua,</strong></span> <span class='ocrx_word' id='word_1_283' title='bbox 3579 1613 3634 1666; x_wconf 88' lang='lat' dir='ltr'><strong>id</strong></span> <span class='ocrx_word' id='word_1_284' title='bbox 3657 1625 3744 1668; x_wconf 80' lang='lat' dir='ltr'><strong>est</strong></span> <span class='ocrx_word' id='word_1_285' title='bbox 3767 1653 3781 1675; x_wconf 85' lang='lat'><strong>,</strong></span> 
     </span>
    </p>
   </div>
   <div class='ocr_carea' id='block_1_41' title="bbox 2188 1682 3786 1748">
    <p class='ocr_par' dir='ltr' id='par_1_41' title="bbox 2188 1682 3786 1748">
     <span class='ocr_line' id='line_1_41' title="bbox 2188 1682 3786 1748; baseline 0.001 -12"><span class='ocrx_word' id='word_1_286' title='bbox 2188 1682 2510 1738; x_wconf 85' lang='lat' dir='ltr'><strong>adhibeatur</strong></span> <span class='ocrx_word' id='word_1_287' title='bbox 2539 1683 2842 1738; x_wconf 82' lang='lat' dir='ltr'><strong>misericors</strong></span> <span class='ocrx_word' id='word_1_288' title='bbox 2868 1682 3083 1738; x_wconf 80' lang='lat' dir='ltr'><strong>aﬂ‘ectio</strong></span> <span class='ocrx_word' id='word_1_289' title='bbox 3129 1693 3217 1738; x_wconf 87' lang='lat' dir='ltr'><strong>tua</strong></span> <span class='ocrx_word' id='word_1_290' title='bbox 3243 1725 3256 1748; x_wconf 89' lang='lat'><strong>,</strong></span> <span class='ocrx_word' id='word_1_291' title='bbox 3290 1685 3357 1738; x_wconf 86' lang='lat' dir='ltr'><strong>ad</strong></span> <span class='ocrx_word' id='word_1_292' title='bbox 3387 1687 3494 1739; x_wconf 83' lang='lat' dir='ltr'><strong>hoc</strong></span> <span class='ocrx_word' id='word_1_293' title='bbox 3515 1697 3574 1738; x_wconf 89' lang='lat' dir='ltr'><strong>ut</strong></span> <span class='ocrx_word' id='word_1_294' title='bbox 3603 1685 3656 1739; x_wconf 92' lang='lat' dir='ltr'><strong>in</strong></span> <span class='ocrx_word' id='word_1_295' title='bbox 3686 1687 3786 1738; x_wconf 83' lang='lat' dir='ltr'><strong>hac</strong></span> 
     </span>
    </p>
   </div>
   <div class='ocr_carea' id='block_1_42' title="bbox 486 1752 3782 1829">
    <p class='ocr_par' dir='ltr' id='par_1_42' title="bbox 486 1752 3782 1829">
     <span class='ocr_line' id='line_1_42' title="bbox 486 1752 3782 1829; baseline -0 -17"><span class='ocrx_word' id='word_1_296' title='bbox 486 1765 545 1812; x_wconf 92' lang='lat' dir='ltr'><strong>ut</strong></span> <span class='ocrx_word' id='word_1_297' title='bbox 601 1752 765 1814; x_wconf 82' lang='lat' dir='ltr'><strong>nunc</strong></span> <span class='ocrx_word' id='word_1_298' title='bbox 797 1752 1026 1828; x_wconf 81' lang='lat' dir='ltr'><strong>diligant</strong></span> <span class='ocrx_word' id='word_1_299' title='bbox 1078 1755 1434 1812; x_wconf 87' lang='lat' dir='ltr'><strong>obedientiam</strong></span> <span class='ocrx_word' id='word_1_300' title='bbox 1468 1799 1482 1825; x_wconf 94' lang='lat'><strong>,</strong></span> <span class='ocrx_word' id='word_1_301' title='bbox 1543 1752 1755 1812; x_wconf 79' lang='lat' dir='ltr'><strong>tandem</strong></span> <span class='ocrx_word' id='word_1_302' title='bbox 1815 1752 2080 1827; x_wconf 85' lang='lat' dir='ltr'><strong>recipiant</strong></span> <span class='ocrx_word' id='word_1_303' title='bbox 2111 1767 2159 1829; x_wconf 70' lang='grc' dir='ltr'><strong>ι</strong></span> <span class='ocrx_word' id='word_1_304' title='bbox 2187 1755 2482 1826; x_wconf 86' lang='lat' dir='ltr'><strong>procellosa</strong></span> <span class='ocrx_word' id='word_1_305' title='bbox 2512 1752 2826 1829; x_wconf 75' lang='lat' dir='ltr'><strong>tentationis</strong></span> <span class='ocrx_word' id='word_1_306' title='bbox 2852 1754 2960 1809; x_wconf 77' lang='lat' dir='ltr'><strong>vita</strong></span> <span class='ocrx_word' id='word_1_307' title='bbox 2993 1754 3282 1829; x_wconf 72' lang='lat' dir='ltr'><strong>consoletur</strong></span> <span class='ocrx_word' id='word_1_308' title='bbox 3318 1771 3415 1811; x_wconf 83' lang='lat' dir='ltr'><strong>me.</strong></span> <span class='ocrx_word' id='word_1_309' title='bbox 3453 1755 3615 1812; x_wconf 84' lang='lat' dir='ltr'><strong>Nunc</strong></span> <span class='ocrx_word' id='word_1_310' title='bbox 3638 1757 3782 1811; x_wconf 81' lang='lat' dir='ltr'><strong>enim</strong></span> 
     </span>
    </p>
   </div>
   <div class='ocr_carea' id='block_1_43' title="bbox 485 1830 876 1884">
    <p class='ocr_par' dir='ltr' id='par_1_43' title="bbox 485 1830 876 1884">
     <span class='ocr_line' id='line_1_43' title="bbox 485 1830 876 1884; baseline -0.013 0"><span class='ocrx_word' id='word_1_311' title='bbox 485 1830 876 1884; x_wconf 84' lang='lat' dir='ltr'><strong>excellentiam.</strong></span> 
     </span>
    </p>
   </div>
   <div class='ocr_carea' id='block_1_44' title="bbox 561 1896 2076 1969">
    <p class='ocr_par' dir='ltr' id='par_1_44' title="bbox 561 1896 2076 1969">
     <span class='ocr_line' id='line_1_44' title="bbox 561 1896 2076 1969; baseline 0 -15"><span class='ocrx_word' id='word_1_312' title='bbox 561 1899 763 1954; x_wconf 90' lang='lat' dir='ltr'><strong>Bonum</strong></span> <span class='ocrx_word' id='word_1_313' title='bbox 793 1899 940 1964; x_wconf 88' lang='lat' dir='ltr'><strong>milti,</strong></span> <span class='ocrx_word' id='word_1_314' title='bbox 971 1901 1110 1969; x_wconf 86' lang='lat' dir='ltr'><strong>quia.</strong></span> <span class='ocrx_word' id='word_1_315' title='bbox 1143 1899 1285 1952; x_wconf 81' lang='lat' dir='ltr'><strong>Dixit</strong></span> <span class='ocrx_word' id='word_1_316' title='bbox 1307 1901 1575 1967; x_wconf 87' lang='lat' dir='ltr'><strong>superius,</strong></span> <span class='ocrx_word' id='word_1_317' title='bbox 1611 1896 1957 1968; x_wconf 77' lang='lat' dir='ltr'><strong>Multiplicata</strong></span> <span class='ocrx_word' id='word_1_318' title='bbox 1987 1916 2076 1954; x_wconf 85' lang='lat' dir='ltr'><strong>su-</strong></span> 
     </span>
    </p>
   </div>
   <div class='ocr_carea' id='block_1_45' title="bbox 488 1970 2074 2040">
    <p class='ocr_par' dir='ltr' id='par_1_45' title="bbox 488 1970 2074 2040">
     <span class='ocr_line' id='line_1_45' title="bbox 488 1970 2074 2040; baseline 0.001 -15"><span class='ocrx_word' id='word_1_319' title='bbox 488 1989 576 2036; x_wconf 88' lang='lat' dir='ltr'><strong>per</strong></span> <span class='ocrx_word' id='word_1_320' title='bbox 599 1989 676 2024; x_wconf 88' lang='lat' dir='ltr'><strong>me</strong></span> <span class='ocrx_word' id='word_1_321' title='bbox 697 1970 938 2039; x_wconf 78' lang='lat' dir='ltr'><strong>iniquitas</strong></span> <span class='ocrx_word' id='word_1_322' title='bbox 962 1981 1032 2022; x_wconf 82' lang='lat' dir='ltr'><strong>est</strong></span> <span class='ocrx_word' id='word_1_323' title='bbox 1054 1971 1414 2039; x_wconf 85' lang='lat' dir='ltr'><strong>superborum,</strong></span> <span class='ocrx_word' id='word_1_324' title='bbox 1438 1971 1488 2023; x_wconf 89' lang='lat' dir='ltr'><strong>id</strong></span> <span class='ocrx_word' id='word_1_325' title='bbox 1515 1978 1618 2036; x_wconf 90' lang='grc' dir='ltr'>εει,</span> <span class='ocrx_word' id='word_1_326' title='bbox 1651 1979 2074 2040; x_wconf 83' lang='lat' dir='ltr'><strong>perseeutcrum.</strong></span> 
     </span>
    </p>
   </div>
   <div class='ocr_carea' id='block_1_46' title="bbox 489 2041 2070 2111">
    <p class='ocr_par' dir='ltr' id='par_1_46' title="bbox 489 2041 2070 2111">
     <span class='ocr_line' id='line_1_46' title="bbox 489 2041 2070 2111; baseline -0.001 -14"><span class='ocrx_word' id='word_1_327' title='bbox 489 2046 554 2097; x_wconf 80' lang='lat' dir='ltr'><strong>Et</strong></span> <span class='ocrx_word' id='word_1_328' title='bbox 580 2041 680 2096; x_wconf 88' lang='lat' dir='ltr'><strong>hoc</strong></span> <span class='ocrx_word' id='word_1_329' title='bbox 714 2041 886 2111; x_wconf 87' lang='lat' dir='ltr'><strong>(quasi</strong></span> <span class='ocrx_word' id='word_1_330' title='bbox 911 2041 1073 2108; x_wconf 89' lang='lat' dir='ltr'><strong>dicat)</strong></span> <span class='ocrx_word' id='word_1_331' title='bbox 1103 2041 1284 2094; x_wconf 82' lang='lat' dir='ltr'><strong>bonum</strong></span> <span class='ocrx_word' id='word_1_332' title='bbox 1311 2041 1471 2102; x_wconf 86' lang='lat' dir='ltr'><strong>est,id</strong></span> <span class='ocrx_word' id='word_1_333' title='bbox 1506 2051 1608 2100; x_wconf 89' lang='lat' dir='ltr'><strong>est.</strong></span> <span class='ocrx_word' id='word_1_334' title='bbox 1630 2041 1755 2094; x_wconf 87' lang='lat' dir='ltr'><strong>mihi</strong></span> <span class='ocrx_word' id='word_1_335' title='bbox 1786 2043 1917 2096; x_wconf 84' lang='lat' dir='ltr'><strong>utile</strong></span> <span class='ocrx_word' id='word_1_336' title='bbox 1946 2053 2030 2098; x_wconf 89' lang='lat' dir='ltr'><strong>est</strong></span> <span class='ocrx_word' id='word_1_337' title='bbox 2056 2061 2070 2106; x_wconf 83' lang='lat'><strong>;</strong></span> 
     </span>
    </p>
   </div>
   <div class='ocr_carea' id='block_1_47' title="bbox 489 2111 2076 2183">
    <p class='ocr_par' dir='ltr' id='par_1_47' title="bbox 489 2111 2076 2183">
     <span class='ocr_line' id='line_1_47' title="bbox 489 2111 2076 2183; baseline 0.004 -19"><span class='ocrx_word' id='word_1_338' title='bbox 489 2115 610 2183; x_wconf 87' lang='lat' dir='ltr'><strong>quia</strong></span> <span class='ocrx_word' id='word_1_339' title='bbox 641 2122 721 2168; x_wconf 89' lang='lat' dir='ltr'><strong>est</strong></span> <span class='ocrx_word' id='word_1_340' title='bbox 752 2112 879 2166; x_wconf 85' lang='lat' dir='ltr'><strong>mihi</strong></span> <span class='ocrx_word' id='word_1_341' title='bbox 904 2113 968 2165; x_wconf 90' lang='lat' dir='ltr'><strong>ad</strong></span> <span class='ocrx_word' id='word_1_342' title='bbox 996 2115 1408 2183; x_wconf 83' lang='lat' dir='ltr'><strong>correctionem.</strong></span> <span class='ocrx_word' id='word_1_343' title='bbox 1430 2111 1562 2165; x_wconf 82' lang='lat' dir='ltr'><strong>Nam</strong></span> <span class='ocrx_word' id='word_1_344' title='bbox 1595 2112 2076 2180; x_wconf 86' lang='lat' dir='ltr'><strong>pertribulationcs</strong></span> 
     </span>
    </p>
   </div>
   <div class='ocr_carea' id='block_1_48' title="bbox 489 2182 2077 2254">
    <p class='ocr_par' dir='ltr' id='par_1_48' title="bbox 489 2182 2077 2254">
     <span class='ocr_line' id='line_1_48' title="bbox 489 2182 2077 2254; baseline 0.001 -15"><span class='ocrx_word' id='word_1_345' title='bbox 489 2182 608 2240; x_wconf 86' lang='lat' dir='ltr'><strong>illas</strong></span> <span class='ocrx_word' id='word_1_346' title='bbox 653 2183 938 2239; x_wconf 79' lang='lat' dir='ltr'><strong>ltumiliasti</strong></span> <span class='ocrx_word' id='word_1_347' title='bbox 970 2199 1068 2249; x_wconf 90' lang='lat' dir='ltr'><strong>me,</strong></span> <span class='ocrx_word' id='word_1_348' title='bbox 1100 2182 1166 2237; x_wconf 90' lang='lat' dir='ltr'><strong>ad</strong></span> <span class='ocrx_word' id='word_1_349' title='bbox 1191 2185 1311 2254; x_wconf 86' lang='lat' dir='ltr'><strong>hoc</strong></span> <span class='ocrx_word' id='word_1_350' title='bbox 1340 2191 1395 2237; x_wconf 92' lang='lat' dir='ltr'><strong>ut</strong></span> <span class='ocrx_word' id='word_1_351' title='bbox 1443 2184 1637 2237; x_wconf 86' lang='lat' dir='ltr'><strong>discant</strong></span> <span class='ocrx_word' id='word_1_352' title='bbox 1679 2184 2077 2254; x_wconf 78' lang='lat' dir='ltr'><strong>justiﬁcationes</strong></span> 
     </span>
    </p>
   </div>
   <div class='ocr_carea' id='block_1_49' title="bbox 484 2253 2074 2325">
    <p class='ocr_par' dir='ltr' id='par_1_49' title="bbox 484 2253 2074 2325">
     <span class='ocr_line' id='line_1_49' title="bbox 484 2253 2074 2325; baseline 0.003 -17"><span class='ocrx_word' id='word_1_353' title='bbox 484 2268 618 2321; x_wconf 84' lang='lat' dir='ltr'><strong>tuas,</strong></span> <span class='ocrx_word' id='word_1_354' title='bbox 637 2255 688 2310; x_wconf 91' lang='lat' dir='ltr'><strong>id</strong></span> <span class='ocrx_word' id='word_1_355' title='bbox 714 2264 818 2318; x_wconf 90' lang='lat' dir='ltr'><strong>est,</strong></span> <span class='ocrx_word' id='word_1_356' title='bbox 841 2262 895 2308; x_wconf 93' lang='lat' dir='ltr'><strong>ut</strong></span> <span class='ocrx_word' id='word_1_357' title='bbox 917 2253 1341 2323; x_wconf 75' lang='lat' dir='ltr'><strong>magisinsiStam</strong></span> <span class='ocrx_word' id='word_1_358' title='bbox 1364 2254 1648 2324; x_wconf 82' lang='lat' dir='ltr'><strong>etdiligam</strong></span> <span class='ocrx_word' id='word_1_359' title='bbox 1678 2253 1940 2325; x_wconf 72' lang='lat' dir='ltr'><strong>prtecepta</strong></span> <span class='ocrx_word' id='word_1_360' title='bbox 1967 2267 2074 2313; x_wconf 90' lang='lat' dir='ltr'><strong>tua.</strong></span> 
     </span>
    </p>
   </div>
   <div class='ocr_carea' id='block_1_50' title="bbox 486 2325 2076 2396">
    <p class='ocr_par' dir='ltr' id='par_1_50' title="bbox 486 2325 2076 2396">
     <span class='ocr_line' id='line_1_50' title="bbox 486 2325 2076 2396; baseline 0.003 -18"><span class='ocrx_word' id='word_1_361' title='bbox 486 2326 644 2394; x_wconf 87' lang='lat' dir='ltr'><strong>Quia,</strong></span> <span class='ocrx_word' id='word_1_362' title='bbox 665 2326 990 2396; x_wconf 83' lang='lat' dir='ltr'><strong>utSalomon</strong></span> <span class='ocrx_word' id='word_1_363' title='bbox 1013 2325 1086 2396; x_wconf 85' lang='lat' dir='ltr'><strong>ait</strong></span> <span class='ocrx_word' id='word_1_364' title='bbox 1113 2343 1124 2378; x_wconf 88' lang='lat'>:</span> <span class='ocrx_word' id='word_1_365' title='bbox 1163 2325 1486 2396; x_wconf 80' lang='lat' dir='ltr'><strong>Prosperitas</strong></span> <span class='ocrx_word' id='word_1_366' title='bbox 1512 2327 1782 2380; x_wconf 79' lang='lat' dir='ltr'><strong>stultorum</strong></span> <span class='ocrx_word' id='word_1_367' title='bbox 1816 2327 1989 2395; x_wconf 88' lang='lat' dir='ltr'><strong>perdet</strong></span> <span class='ocrx_word' id='word_1_368' title='bbox 2011 2329 2076 2382; x_wconf 86' lang='lat' dir='ltr'><strong>il-</strong></span> 
     </span>
    </p>
   </div>
   <div class='ocr_carea' id='block_1_51' title="bbox 485 2395 2077 2468">
    <p class='ocr_par' dir='ltr' id='par_1_51' title="bbox 485 2395 2077 2468">
     <span class='ocr_line' id='line_1_51' title="bbox 485 2395 2077 2468; baseline 0 -16"><span class='ocrx_word' id='word_1_369' title='bbox 485 2399 588 2465; x_wconf 87' lang='lat' dir='ltr'><strong>los,</strong></span> <span class='ocrx_word' id='word_1_370' title='bbox 616 2398 699 2452; x_wconf 79' lang='lat' dir='ltr'><strong>vel</strong></span> <span class='ocrx_word' id='word_1_371' title='bbox 729 2399 884 2452; x_wconf 86' lang='lat' dir='ltr'><strong>aliter</strong></span> <span class='ocrx_word' id='word_1_372' title='bbox 913 2415 924 2451; x_wconf 88' lang='lat'>:</span> <span class='ocrx_word' id='word_1_373' title='bbox 963 2395 1312 2468; x_wconf 83' lang='lat' dir='ltr'><strong>Multiplicata</strong></span> <span class='ocrx_word' id='word_1_374' title='bbox 1337 2406 1412 2451; x_wconf 88' lang='lat' dir='ltr'><strong>est</strong></span> <span class='ocrx_word' id='word_1_375' title='bbox 1433 2413 1587 2467; x_wconf 89' lang='lat' dir='ltr'><strong>super</strong></span> <span class='ocrx_word' id='word_1_376' title='bbox 1619 2414 1696 2451; x_wconf 86' lang='lat' dir='ltr'><strong>me</strong></span> <span class='ocrx_word' id='word_1_377' title='bbox 1717 2397 1958 2468; x_wconf 84' lang='lat' dir='ltr'><strong>iniquitas</strong></span> <span class='ocrx_word' id='word_1_378' title='bbox 1992 2416 2077 2454; x_wconf 86' lang='lat' dir='ltr'><strong>stt-</strong></span> 
     </span>
    </p>
   </div>
   <div class='ocr_carea' id='block_1_52' title="bbox 489 2468 2076 2540">
    <p class='ocr_par' dir='ltr' id='par_1_52' title="bbox 489 2468 2076 2540">
     <span class='ocr_line' id='line_1_52' title="bbox 489 2468 2076 2540; baseline 0.003 -19"><span class='ocrx_word' id='word_1_379' title='bbox 489 2469 761 2540; x_wconf 86' lang='lat' dir='ltr'><strong>perborum</strong></span> <span class='ocrx_word' id='word_1_380' title='bbox 813 2468 1466 2540; x_wconf 84' lang='lat' dir='ltr'><strong>primormnparentum;</strong></span> <span class='ocrx_word' id='word_1_381' title='bbox 1501 2478 1554 2523; x_wconf 91' lang='lat' dir='ltr'><strong>et</strong></span> <span class='ocrx_word' id='word_1_382' title='bbox 1585 2469 1684 2524; x_wconf 87' lang='lat' dir='ltr'><strong>hoc</strong></span> <span class='ocrx_word' id='word_1_383' title='bbox 1714 2479 1785 2522; x_wconf 87' lang='lat' dir='ltr'><strong>est</strong></span> <span class='ocrx_word' id='word_1_384' title='bbox 1818 2470 1941 2524; x_wconf 80' lang='lat' dir='ltr'><strong>mihi</strong></span> <span class='ocrx_word' id='word_1_385' title='bbox 1989 2471 2076 2526; x_wconf 56' lang='lat' dir='ltr'><strong>bo.</strong></span> 
     </span>
    </p>
   </div>
   <div class='ocr_carea' id='block_1_53' title="bbox 487 2539 2076 2612">
    <p class='ocr_par' dir='ltr' id='par_1_53' title="bbox 487 2539 2076 2612">
     <span class='ocr_line' id='line_1_53' title="bbox 487 2539 2076 2612; baseline 0.003 -20"><span class='ocrx_word' id='word_1_386' title='bbox 487 2539 631 2612; x_wconf 79' lang='lat' dir='ltr'><strong>itum,</strong></span> <span class='ocrx_word' id='word_1_387' title='bbox 661 2541 710 2593; x_wconf 93' lang='lat' dir='ltr'><strong>id</strong></span> <span class='ocrx_word' id='word_1_388' title='bbox 741 2547 843 2606; x_wconf 83' lang='lat' dir='ltr'><strong>est,</strong></span> <span class='ocrx_word' id='word_1_389' title='bbox 878 2539 1022 2603; x_wconf 88' lang='lat' dir='ltr'><strong>utile,</strong></span> <span class='ocrx_word' id='word_1_390' title='bbox 1053 2539 1169 2612; x_wconf 81' lang='lat' dir='ltr'><strong>quia</strong></span> <span class='ocrx_word' id='word_1_391' title='bbox 1199 2542 1318 2594; x_wconf 88' lang='lat' dir='ltr'><strong>ideo</strong></span> <span class='ocrx_word' id='word_1_392' title='bbox 1361 2540 1440 2594; x_wconf 89' lang='lat' dir='ltr'><strong>sic</strong></span> <span class='ocrx_word' id='word_1_393' title='bbox 1472 2541 1755 2594; x_wconf 82' lang='lat' dir='ltr'><strong>humiliasti</strong></span> <span class='ocrx_word' id='word_1_394' title='bbox 1785 2557 1879 2607; x_wconf 88' lang='lat' dir='ltr'><strong>me,</strong></span> <span class='ocrx_word' id='word_1_395' title='bbox 1909 2551 1963 2595; x_wconf 90' lang='lat' dir='ltr'><strong>ut</strong></span> <span class='ocrx_word' id='word_1_396' title='bbox 1983 2545 2076 2612; x_wconf 86' lang='lat' dir='ltr'><strong>ju-</strong></span> 
     </span>
    </p>
   </div>
   <div class='ocr_carea' id='block_1_54' title="bbox 483 2610 2074 2681">
    <p class='ocr_par' dir='ltr' id='par_1_54' title="bbox 483 2610 2074 2681">
     <span class='ocr_line' id='line_1_54' title="bbox 483 2610 2074 2681; baseline 0.002 -16"><span class='ocrx_word' id='word_1_397' title='bbox 483 2610 818 2680; x_wconf 83' lang='lat' dir='ltr'><strong>stificationes</strong></span> <span class='ocrx_word' id='word_1_398' title='bbox 841 2622 974 2676; x_wconf 85' lang='lat' dir='ltr'><strong>tuas,</strong></span> <span class='ocrx_word' id='word_1_399' title='bbox 1005 2624 1032 2661; x_wconf 89' lang='lat' dir='ltr'><strong>a</strong></span> <span class='ocrx_word' id='word_1_400' title='bbox 1065 2610 1256 2679; x_wconf 81' lang='lat' dir='ltr'><strong>quibus</strong></span> <span class='ocrx_word' id='word_1_401' title='bbox 1290 2612 1453 2678; x_wconf 62' lang='lat' dir='ltr'><strong>prius;</strong></span> <span class='ocrx_word' id='word_1_402' title='bbox 1486 2613 1682 2667; x_wconf 89' lang='lat' dir='ltr'><strong>recessi</strong></span> <span class='ocrx_word' id='word_1_403' title='bbox 1741 2627 1835 2680; x_wconf 79' lang='lat' dir='ltr'><strong>per</strong></span> <span class='ocrx_word' id='word_1_404' title='bbox 1888 2610 2074 2681; x_wconf 77' lang='lat' dir='ltr'><strong>supcr-</strong></span> 
     </span>
    </p>
   </div>
   <div class='ocr_carea' id='block_1_55' title="bbox 490 2681 2072 2752">
    <p class='ocr_par' dir='ltr' id='par_1_55' title="bbox 490 2681 2072 2752">
     <span class='ocr_line' id='line_1_55' title="bbox 490 2681 2072 2752; baseline 0.003 -17"><span class='ocrx_word' id='word_1_405' title='bbox 490 2683 653 2747; x_wconf 66' lang='lat' dir='ltr'><strong>Iliam,</strong></span> <span class='ocrx_word' id='word_1_406' title='bbox 677 2681 869 2736; x_wconf 80' lang='lat' dir='ltr'><strong>discam</strong></span> <span class='ocrx_word' id='word_1_407' title='bbox 893 2682 1143 2752; x_wconf 76' lang='lat' dir='ltr'><strong>insistere</strong></span> <span class='ocrx_word' id='word_1_408' title='bbox 1171 2693 1220 2734; x_wconf 84' lang='lat' dir='ltr'><strong>et</strong></span> <span class='ocrx_word' id='word_1_409' title='bbox 1248 2681 1544 2738; x_wconf 84' lang='lat' dir='ltr'><strong>observare</strong></span> <span class='ocrx_word' id='word_1_410' title='bbox 1576 2698 1668 2752; x_wconf 86' lang='lat' dir='ltr'><strong>per</strong></span> <span class='ocrx_word' id='word_1_411' title='bbox 1687 2683 2072 2740; x_wconf 81' lang='lat' dir='ltr'><strong>obedientiam.</strong></span> 
     </span>
    </p>
   </div>
   <div class='ocr_carea' id='block_1_56' title="bbox 483 2751 2069 2824">
    <p class='ocr_par' dir='ltr' id='par_1_56' title="bbox 483 2751 2069 2824">
     <span class='ocr_line' id='line_1_56' title="bbox 483 2751 2069 2824; baseline 0.003 -18"><span class='ocrx_word' id='word_1_412' title='bbox 483 2753 620 2820; x_wconf 87' lang='lat' dir='ltr'><strong>Quia</strong></span> <span class='ocrx_word' id='word_1_413' title='bbox 659 2768 789 2824; x_wconf 80' lang='lat' dir='ltr'><strong>vero</strong></span> <span class='ocrx_word' id='word_1_414' title='bbox 829 2753 912 2806; x_wconf 74' lang='lat' dir='ltr'><strong>ha:</strong></span> <span class='ocrx_word' id='word_1_415' title='bbox 959 2751 1372 2824; x_wconf 74' lang='lat' dir='ltr'><strong>jusdticationes</strong></span> <span class='ocrx_word' id='word_1_416' title='bbox 1415 2768 1520 2807; x_wconf 89' lang='lat' dir='ltr'><strong>non</strong></span> <span class='ocrx_word' id='word_1_417' title='bbox 1571 2751 1794 2822; x_wconf 76' lang='lat' dir='ltr'><strong>possunt</strong></span> <span class='ocrx_word' id='word_1_418' title='bbox 1823 2755 2026 2810; x_wconf 90' lang='lat' dir='ltr'><strong>addisci</strong></span> <span class='ocrx_word' id='word_1_419' title='bbox 2054 2800 2069 2823; x_wconf 92' lang='lat'><strong>,</strong></span> 
     </span>
    </p>
   </div>
   <div class='ocr_carea' id='block_1_57' title="bbox 487 2823 2073 2882">
    <p class='ocr_par' dir='ltr' id='par_1_57' title="bbox 487 2823 2073 2882">
     <span class='ocr_line' id='line_1_57' title="bbox 487 2823 2073 2882; baseline 0.003 -4"><span class='ocrx_word' id='word_1_420' title='bbox 487 2827 592 2878; x_wconf 89' lang='lat' dir='ltr'><strong>nisi</strong></span> <span class='ocrx_word' id='word_1_421' title='bbox 623 2824 688 2877; x_wconf 84' lang='lat' dir='ltr'><strong>ab</strong></span> <span class='ocrx_word' id='word_1_422' title='bbox 737 2823 828 2877; x_wconf 91' lang='lat' dir='ltr'><strong>illo</strong></span> <span class='ocrx_word' id='word_1_423' title='bbox 884 2825 968 2877; x_wconf 89' lang='lat' dir='ltr'><strong>cui</strong></span> <span class='ocrx_word' id='word_1_424' title='bbox 1022 2823 1219 2878; x_wconf 84' lang='lat' dir='ltr'><strong>dulces</strong></span> <span class='ocrx_word' id='word_1_425' title='bbox 1258 2834 1314 2879; x_wconf 89' lang='lat' dir='ltr'><strong>et</strong></span> <span class='ocrx_word' id='word_1_426' title='bbox 1362 2825 1704 2880; x_wconf 84' lang='lat' dir='ltr'><strong>deicctabiles</strong></span> <span class='ocrx_word' id='word_1_427' title='bbox 1751 2836 1916 2881; x_wconf 87' lang='lat' dir='ltr'><strong>sunt:</strong></span> <span class='ocrx_word' id='word_1_428' title='bbox 1955 2829 2073 2882; x_wconf 89' lang='lat' dir='ltr'><strong>ideo</strong></span> 
     </span>
    </p>
   </div>
   <div class='ocr_carea' id='block_1_58' title="bbox 483 2892 2072 2963">
    <p class='ocr_par' dir='ltr' id='par_1_58' title="bbox 483 2892 2072 2963">
     <span class='ocr_line' id='line_1_58' title="bbox 483 2892 2072 2963; baseline 0.003 -14"><span class='ocrx_word' id='word_1_429' title='bbox 483 2894 706 2958; x_wconf 90' lang='lat' dir='ltr'><strong>subdit,</strong></span> <span class='ocrx_word' id='word_1_430' title='bbox 742 2892 942 2946; x_wconf 89' lang='lat' dir='ltr'><strong>Bonum</strong></span> <span class='ocrx_word' id='word_1_431' title='bbox 971 2894 1095 2946; x_wconf 80' lang='lat' dir='ltr'><strong>mihi</strong></span> <span class='ocrx_word' id='word_1_432' title='bbox 1145 2893 1230 2948; x_wconf 77' lang='lat' dir='ltr'><strong>lea:</strong></span> <span class='ocrx_word' id='word_1_433' title='bbox 1267 2895 1369 2948; x_wconf 88' lang='lat' dir='ltr'><strong>oris</strong></span> <span class='ocrx_word' id='word_1_434' title='bbox 1400 2897 1491 2948; x_wconf 89' lang='lat' dir='ltr'><strong>tui.</strong></span> <span class='ocrx_word' id='word_1_435' title='bbox 1529 2899 1688 2963; x_wconf 84' lang='lat' dir='ltr'><strong>Quasi</strong></span> <span class='ocrx_word' id='word_1_436' title='bbox 1721 2898 1863 2951; x_wconf 90' lang='lat' dir='ltr'><strong>dicat</strong></span> <span class='ocrx_word' id='word_1_437' title='bbox 1895 2909 1909 2949; x_wconf 90' lang='lat'>:</span> <span class='ocrx_word' id='word_1_438' title='bbox 1947 2899 2072 2954; x_wconf 90' lang='lat' dir='ltr'><strong>Dico</strong></span> 
     </span>
    </p>
   </div>
   <div class='ocr_carea' id='block_1_59' title="bbox 487 2965 2073 3035">
    <p class='ocr_par' dir='ltr' id='par_1_59' title="bbox 487 2965 2073 3035">
     <span class='ocr_line' id='line_1_59' title="bbox 487 2965 2073 3035; baseline 0.003 -16"><span class='ocrx_word' id='word_1_439' title='bbox 487 2976 544 3019; x_wconf 90' lang='lat' dir='ltr'><strong>ut</strong></span> <span class='ocrx_word' id='word_1_440' title='bbox 601 2966 797 3019; x_wconf 78' lang='lat' dir='ltr'><strong>discam</strong></span> <span class='ocrx_word' id='word_1_441' title='bbox 837 2965 1237 3035; x_wconf 81' lang='lat' dir='ltr'><strong>justiﬁt&#39;ationes</strong></span> <span class='ocrx_word' id='word_1_442' title='bbox 1295 2976 1408 3018; x_wconf 87' lang='lat' dir='ltr'><strong>tuas</strong></span> <span class='ocrx_word' id='word_1_443' title='bbox 1435 2981 1454 3019; x_wconf 88' lang='lat'><strong><em>:</em></strong></span> <span class='ocrx_word' id='word_1_444' title='bbox 1483 2981 1614 3034; x_wconf 87' lang='lat' dir='ltr'><strong>quas</strong></span> <span class='ocrx_word' id='word_1_445' title='bbox 1653 2968 1772 3023; x_wconf 92' lang='lat' dir='ltr'><strong>ideo</strong></span> <span class='ocrx_word' id='word_1_446' title='bbox 1796 2968 1959 3024; x_wconf 85' lang='lat' dir='ltr'><strong>debes</strong></span> <span class='ocrx_word' id='word_1_447' title='bbox 1988 2985 2073 3024; x_wconf 88' lang='lat' dir='ltr'><strong>me</strong></span> 
     </span>
    </p>
   </div>
   <div class='ocr_carea' id='block_1_60' title="bbox 482 3035 2069 3109">
    <p class='ocr_par' dir='ltr' id='par_1_60' title="bbox 482 3035 2069 3109">
     <span class='ocr_line' id='line_1_60' title="bbox 482 3035 2069 3109; baseline 0.003 -18"><span class='ocrx_word' id='word_1_448' title='bbox 482 3036 680 3092; x_wconf 89' lang='lat' dir='ltr'><strong>docere</strong></span> <span class='ocrx_word' id='word_1_449' title='bbox 705 3037 825 3106; x_wconf 89' lang='lat' dir='ltr'><strong>quia</strong></span> <span class='ocrx_word' id='word_1_450' title='bbox 850 3035 934 3090; x_wconf 81' lang='lat' dir='ltr'><strong>lea:</strong></span> <span class='ocrx_word' id='word_1_451' title='bbox 961 3036 1059 3089; x_wconf 88' lang='lat' dir='ltr'><strong>oris</strong></span> <span class='ocrx_word' id='word_1_452' title='bbox 1089 3036 1162 3109; x_wconf 82' lang='lat' dir='ltr'><strong>tui</strong></span> <span class='ocrx_word' id='word_1_453' title='bbox 1191 3044 1273 3091; x_wconf 87' lang='lat' dir='ltr'><strong>est</strong></span> <span class='ocrx_word' id='word_1_454' title='bbox 1302 3036 1423 3109; x_wconf 79' lang='lat' dir='ltr'><strong>mihi</strong></span> <span class='ocrx_word' id='word_1_455' title='bbox 1457 3036 1642 3090; x_wconf 84' lang='lat' dir='ltr'><strong>bonum</strong></span> <span class='ocrx_word' id='word_1_456' title='bbox 1672 3080 1686 3104; x_wconf 93' lang='lat'><strong>,</strong></span> <span class='ocrx_word' id='word_1_457' title='bbox 1718 3039 1768 3092; x_wconf 92' lang='lat' dir='ltr'><strong>id</strong></span> <span class='ocrx_word' id='word_1_458' title='bbox 1801 3048 1882 3093; x_wconf 86' lang='lat' dir='ltr'><strong>est</strong></span> <span class='ocrx_word' id='word_1_459' title='bbox 1907 3081 1920 3106; x_wconf 94' lang='lat'><strong>,</strong></span> <span class='ocrx_word' id='word_1_460' title='bbox 1953 3043 2069 3109; x_wconf 82' lang='lat' dir='ltr'><strong>quia</strong></span> 
     </span>
    </p>
   </div>
   <div class='ocr_carea' id='block_1_61' title="bbox 487 3107 2069 3179">
    <p class='ocr_par' dir='ltr' id='par_1_61' title="bbox 487 3107 2069 3179">
     <span class='ocr_line' id='line_1_61' title="bbox 487 3107 2069 3179; baseline 0.003 -17"><span class='ocrx_word' id='word_1_461' title='bbox 487 3117 754 3179; x_wconf 71' lang='lat' dir='ltr'><strong>praecepta</strong></span> <span class='ocrx_word' id='word_1_462' title='bbox 786 3115 872 3179; x_wconf 81' lang='lat' dir='ltr'><strong>tua</strong></span> <span class='ocrx_word' id='word_1_463' title='bbox 893 3115 1017 3162; x_wconf 89' lang='lat' dir='ltr'><strong>sunt</strong></span> <span class='ocrx_word' id='word_1_464' title='bbox 1048 3107 1176 3162; x_wconf 89' lang='lat' dir='ltr'><strong>mihi</strong></span> <span class='ocrx_word' id='word_1_465' title='bbox 1227 3108 1462 3176; x_wconf 87' lang='lat' dir='ltr'><strong>jucunda</strong></span> <span class='ocrx_word' id='word_1_466' title='bbox 1508 3117 1563 3162; x_wconf 88' lang='lat' dir='ltr'><strong>et</strong></span> <span class='ocrx_word' id='word_1_467' title='bbox 1591 3109 1817 3179; x_wconf 81' lang='lat' dir='ltr'><strong>suavia;</strong></span> <span class='ocrx_word' id='word_1_468' title='bbox 1862 3122 1915 3165; x_wconf 87' lang='lat' dir='ltr'><strong>et</strong></span> <span class='ocrx_word' id='word_1_469' title='bbox 1964 3107 2069 3166; x_wconf 88' lang='lat' dir='ltr'><strong>non</strong></span> 
     </span>
    </p>
   </div>
   <div class='ocr_carea' id='block_1_62' title="bbox 488 3178 2070 3252">
    <p class='ocr_par' dir='ltr' id='par_1_62' title="bbox 488 3178 2070 3252">
     <span class='ocr_line' id='line_1_62' title="bbox 488 3178 2070 3252; baseline 0.004 -20"><span class='ocrx_word' id='word_1_470' title='bbox 488 3178 827 3252; x_wconf 76' lang='lat' dir='ltr'><strong>parum,_sed</strong></span> <span class='ocrx_word' id='word_1_471' title='bbox 857 3194 1008 3252; x_wconf 82' lang='lat' dir='ltr'><strong>super</strong></span> <span class='ocrx_word' id='word_1_472' title='bbox 1049 3180 1214 3252; x_wconf 68' lang='lat' dir='ltr'><strong>millia</strong></span> <span class='ocrx_word' id='word_1_473' title='bbox 1243 3180 1358 3252; x_wconf 84' lang='lat' dir='ltr'><strong>auri</strong></span> <span class='ocrx_word' id='word_1_474' title='bbox 1397 3189 1444 3232; x_wconf 90' lang='lat' dir='ltr'><strong>et</strong></span> <span class='ocrx_word' id='word_1_475' title='bbox 1483 3181 1701 3252; x_wconf 85' lang='lat' dir='ltr'><strong>argenti.</strong></span> <span class='ocrx_word' id='word_1_476' title='bbox 1743 3178 1870 3236; x_wconf 86' lang='lat' dir='ltr'><strong>Plus</strong></span> <span class='ocrx_word' id='word_1_477' title='bbox 1928 3183 2070 3238; x_wconf 90' lang='lat' dir='ltr'><strong>enim</strong></span> 
     </span>
    </p>
   </div>
   <div class='ocr_carea' id='block_1_63' title="bbox 484 3250 2073 3323">
    <p class='ocr_par' dir='ltr' id='par_1_63' title="bbox 484 3250 2073 3323">
     <span class='ocr_line' id='line_1_63' title="bbox 484 3250 2073 3323; baseline 0.003 -18"><span class='ocrx_word' id='word_1_478' title='bbox 484 3251 656 3323; x_wconf 76' lang='lat' dir='ltr'><strong>diligit</strong></span> <span class='ocrx_word' id='word_1_479' title='bbox 683 3250 918 3323; x_wconf 83' lang='lat' dir='ltr'><strong>charitas</strong></span> <span class='ocrx_word' id='word_1_480' title='bbox 963 3251 1134 3319; x_wconf 81' lang='lat' dir='ltr'><strong>legem</strong></span> <span class='ocrx_word' id='word_1_481' title='bbox 1172 3251 1417 3318; x_wconf 89' lang='lat' dir='ltr'><strong>Domini,</strong></span> <span class='ocrx_word' id='word_1_482' title='bbox 1448 3250 1606 3322; x_wconf 80' lang='lat' dir='ltr'><strong>quam</strong></span> <span class='ocrx_word' id='word_1_483' title='bbox 1638 3253 1903 3323; x_wconf 86' lang='lat' dir='ltr'><strong>cupiditas</strong></span> <span class='ocrx_word' id='word_1_484' title='bbox 1928 3257 2073 3310; x_wconf 81' lang='lat' dir='ltr'><strong>avari</strong></span> 
     </span>
    </p>
   </div>
   <div class='ocr_carea' id='block_1_64' title="bbox 484 3322 1335 3393">
    <p class='ocr_par' dir='ltr' id='par_1_64' title="bbox 484 3322 1335 3393">
     <span class='ocr_line' id='line_1_64' title="bbox 484 3322 1335 3393; baseline -0.004 -15"><span class='ocrx_word' id='word_1_485' title='bbox 484 3322 653 3378; x_wconf 89' lang='lat' dir='ltr'><strong>multa</strong></span> <span class='ocrx_word' id='word_1_486' title='bbox 677 3322 848 3378; x_wconf 85' lang='lat' dir='ltr'><strong>millia</strong></span> <span class='ocrx_word' id='word_1_487' title='bbox 878 3323 995 3375; x_wconf 90' lang='lat' dir='ltr'><strong>auri</strong></span> <span class='ocrx_word' id='word_1_488' title='bbox 1025 3329 1080 3376; x_wconf 90' lang='lat' dir='ltr'><strong>et</strong></span> <span class='ocrx_word' id='word_1_489' title='bbox 1107 3325 1335 3393; x_wconf 79' lang='lat' dir='ltr'><strong>argenti.</strong></span> 
     </span>
    </p>
   </div>
   <div class='ocr_carea' id='block_1_65' title="bbox 764 3436 1718 3510">
    <p class='ocr_par' dir='ltr' id='par_1_65' title="bbox 764 3436 1718 3510">
     <span class='ocr_line' id='line_1_65' title="bbox 764 3436 1718 3510; baseline 0.003 -16"><span class='ocrx_word' id='word_1_490' title='bbox 764 3488 777 3503; x_wconf 85' lang='lat'><strong>,</strong></span> <span class='ocrx_word' id='word_1_491' title='bbox 830 3436 969 3505; x_wconf 85' lang='lat' dir='ltr'><strong>10th,</strong></span> <span class='ocrx_word' id='word_1_492' title='bbox 1000 3438 1226 3493; x_wconf 81' lang='lat' dir='ltr'><strong>scicntia</strong></span> <span class='ocrx_word' id='word_1_493' title='bbox 1259 3439 1338 3494; x_wconf 81' lang='lat' dir='ltr'><strong>vel</strong></span> <span class='ocrx_word' id='word_1_494' title='bbox 1372 3439 1718 3510; x_wconf 88' lang='lat' dir='ltr'><strong>principium.</strong></span> 
     </span>
    </p>
   </div>
   <div class='ocr_carea' id='block_1_66' title="bbox 1109 3546 1463 3588">
    <p class='ocr_par' dir='ltr' id='par_1_66' title="bbox 1109 3546 1463 3588">
     <span class='ocr_line' id='line_1_66' title="bbox 1109 3546 1463 3588; baseline -0.006 0"><span class='ocrx_word' id='word_1_495' title='bbox 1109 3546 1463 3588; x_wconf 70' lang='lat' dir='ltr'><strong>EXPLANATIO.</strong></span> 
     </span>
    </p>
   </div>
   <div class='ocr_carea' id='block_1_67' title="bbox 557 3626 2068 3701">
    <p class='ocr_par' dir='ltr' id='par_1_67' title="bbox 557 3626 2068 3701">
     <span class='ocr_line' id='line_1_67' title="bbox 557 3626 2068 3701; baseline 0.003 -21"><span class='ocrx_word' id='word_1_496' title='bbox 557 3627 638 3680; x_wconf 83' lang='lat' dir='ltr'><strong>Ad</strong></span> <span class='ocrx_word' id='word_1_497' title='bbox 665 3627 912 3701; x_wconf 78' lang='lat' dir='ltr'><strong>decimam</strong></span> <span class='ocrx_word' id='word_1_498' title='bbox 946 3626 1164 3701; x_wconf 76' lang='lat' dir='ltr'><strong>litteram</strong></span> <span class='ocrx_word' id='word_1_499' title='bbox 1221 3627 1408 3701; x_wconf 76' lang='lat' dir='ltr'><strong>cohors</strong></span> <span class='ocrx_word' id='word_1_500' title='bbox 1451 3628 1675 3697; x_wconf 85' lang='lat' dir='ltr'><strong>glcriosa</strong></span> <span class='ocrx_word' id='word_1_501' title='bbox 1722 3631 2068 3701; x_wconf 56' lang='lat' dir='ltr'><strong>progreditur,</strong></span> 
     </span>
    </p>
   </div>
   <div class='ocr_carea' id='block_1_68' title="bbox 483 3698 2075 3766">
    <p class='ocr_par' dir='ltr' id='par_1_68' title="bbox 483 3698 2075 3766">
     <span class='ocr_line' id='line_1_68' title="bbox 483 3698 2075 3766; baseline 0.004 -15"><span class='ocrx_word' id='word_1_502' title='bbox 483 3698 539 3752; x_wconf 89' lang='lat' dir='ltr'><strong>in</strong></span> <span class='ocrx_word' id='word_1_503' title='bbox 589 3714 691 3764; x_wconf 89' lang='lat' dir='ltr'><strong>qua</strong></span> <span class='ocrx_word' id='word_1_504' title='bbox 735 3700 860 3766; x_wconf 86' lang='lat' dir='ltr'><strong>petit</strong></span> <span class='ocrx_word' id='word_1_505' title='bbox 891 3698 1206 3752; x_wconf 86' lang='lat' dir='ltr'><strong>intellectum</strong></span> <span class='ocrx_word' id='word_1_506' title='bbox 1254 3700 1611 3753; x_wconf 83' lang='lat' dir='ltr'><strong>mandatorum</strong></span> <span class='ocrx_word' id='word_1_507' title='bbox 1659 3698 1855 3756; x_wconf 75' lang='lat' dir='ltr'><strong>sibimet</strong></span> <span class='ocrx_word' id='word_1_508' title='bbox 1895 3698 2075 3758; x_wconf 80' lang='lat' dir='ltr'><strong>debere</strong></span> 
     </span>
    </p>
   </div>
   <div class='ocr_carea' id='block_1_69' title="bbox 485 3767 2072 3844">
    <p class='ocr_par' dir='ltr' id='par_1_69' title="bbox 485 3767 2072 3844">
     <span class='ocr_line' id='line_1_69' title="bbox 485 3767 2072 3844; baseline 0.004 -23"><span class='ocrx_word' id='word_1_509' title='bbox 485 3767 716 3844; x_wconf 65' lang='lat' dir='ltr'><strong>concedi,</strong></span> <span class='ocrx_word' id='word_1_510' title='bbox 752 3785 789 3844; x_wconf 85' lang='lat' dir='ltr'><strong>_a</strong></span> <span class='ocrx_word' id='word_1_511' title='bbox 810 3783 944 3844; x_wconf 80' lang='lat' dir='ltr'><strong>_vere</strong></span> <span class='ocrx_word' id='word_1_512' title='bbox 983 3770 1096 3844; x_wconf 75' lang='lat' dir='ltr'><strong>vita:</strong></span> <span class='ocrx_word' id='word_1_513' title='bbox 1139 3785 1346 3844; x_wconf 74' lang='lat' dir='ltr'><strong>munere</strong></span> <span class='ocrx_word' id='word_1_514' title='bbox 1379 3771 1711 3844; x_wconf 77' lang='lat' dir='ltr'><strong>perfruatur:</strong></span> <span class='ocrx_word' id='word_1_515' title='bbox 1745 3783 1792 3828; x_wconf 88' lang='lat' dir='ltr'><strong>et</strong></span> <span class='ocrx_word' id='word_1_516' title='bbox 1823 3784 1992 3844; x_wconf 78' lang='lat' dir='ltr'><strong>petens</strong></span> <span class='ocrx_word' id='word_1_517' title='bbox 2017 3782 2072 3827; x_wconf 89' lang='lat' dir='ltr'><strong>ut</strong></span> 
     </span>
    </p>
   </div>
   <div class='ocr_carea' id='block_1_70' title="bbox 485 3837 2072 3924">
    <p class='ocr_par' dir='ltr' id='par_1_70' title="bbox 485 3837 2072 3924">
     <span class='ocr_line' id='line_1_70' title="bbox 485 3837 2072 3924; baseline 0.001 -29"><span class='ocrx_word' id='word_1_518' title='bbox 485 3837 821 3924; x_wconf 41' lang='lat' dir='ltr'><strong>per‘po&#39;mi&#39;ni</strong></span> <span class='ocrx_word' id='word_1_519' title='bbox 867 3839 1273 3924; x_wconf 66' lang='lat' dir='ltr'><strong>miscricordiam</strong></span> <span class='ocrx_word' id='word_1_520' title='bbox 1302 3842 1393 3924; x_wconf 52' lang='lat' dir='ltr'><strong>ﬁ&#39;ut</strong></span> <span class='ocrx_word' id='word_1_521' title='bbox 1422 3837 1756 3924; x_wconf 74' lang='lat' dir='ltr'><strong>immaculata</strong></span> <span class='ocrx_word' id='word_1_522' title='bbox 1773 3888 1800 3924; x_wconf 34' lang='grc' dir='ltr'>,Ι</span> <span class='ocrx_word' id='word_1_523' title='bbox 1823 3837 2072 3924; x_wconf 50' lang='grc' dir='ltr'>ἠεροεδᾷ</span> 
     </span>
    </p>
   </div>
   <div class='ocr_carea' id='block_1_71' title="bbox 482 3909 2072 3983">
    <p class='ocr_par' dir='ltr' id='par_1_71' title="bbox 482 3909 2072 3983">
     <span class='ocr_line' id='line_1_71' title="bbox 482 3909 2072 3983; baseline 0.004 -19"><span class='ocrx_word' id='word_1_524' title='bbox 482 3909 538 3964; x_wconf 82' lang='lat' dir='ltr'><strong>in</strong></span> <span class='ocrx_word' id='word_1_525' title='bbox 564 3911 655 3983; x_wconf 80' lang='lat' dir='ltr'><strong>illa</strong></span> <span class='ocrx_word' id='word_1_526' title='bbox 676 3909 996 3979; x_wconf 80' lang='lat' dir='ltr'><strong>iudicatione</strong></span> <span class='ocrx_word' id='word_1_527' title='bbox 1016 3911 1284 3983; x_wconf 87' lang='lat' dir='ltr'><strong>confundi.</strong></span> <span class='ocrx_word' id='word_1_528' title='bbox 1319 3909 1470 3965; x_wconf 85' lang='lat' dir='ltr'><strong>Recte</strong></span> <span class='ocrx_word' id='word_1_529' title='bbox 1514 3914 1674 3983; x_wconf 83' lang='lat' dir='ltr'><strong>igitur</strong></span> <span class='ocrx_word' id='word_1_530' title='bbox 1727 3909 1938 3968; x_wconf 84' lang='lat' dir='ltr'><strong>scientia</strong></span> <span class='ocrx_word' id='word_1_531' title='bbox 1995 3917 2072 3971; x_wconf 80' lang='lat' dir='ltr'><strong>vel</strong></span> 
     </span>
    </p>
   </div>
   <div class='ocr_carea' id='block_1_72' title="bbox 483 3981 2069 4054">
    <p class='ocr_par' dir='ltr' id='par_1_72' title="bbox 483 3981 2069 4054">
     <span class='ocr_line' id='line_1_72' title="bbox 483 3981 2069 4054; baseline 0.005 -21"><span class='ocrx_word' id='word_1_532' title='bbox 483 3981 804 4054; x_wconf 15' lang='lat' dir='ltr'><strong>principium,</strong></span> <span class='ocrx_word' id='word_1_533' title='bbox 823 3991 1150 4054; x_wconf 83' lang='lat' dir='ltr'><strong>nuncupatur</strong></span> <span class='ocrx_word' id='word_1_534' title='bbox 1177 3982 1364 4054; x_wconf 81' lang='lat' dir='ltr'><strong>littera,</strong></span> <span class='ocrx_word' id='word_1_535' title='bbox 1407 3986 1458 4036; x_wconf 88' lang='lat' dir='ltr'><strong>in</strong></span> <span class='ocrx_word' id='word_1_536' title='bbox 1499 3981 1596 4054; x_wconf 80' lang='lat' dir='ltr'><strong>qua</strong></span> <span class='ocrx_word' id='word_1_537' title='bbox 1629 3986 1848 4053; x_wconf 79' lang='lat' dir='ltr'><strong>papulas</strong></span> <span class='ocrx_word' id='word_1_538' title='bbox 1899 3987 2069 4054; x_wconf 80' lang='lat' dir='ltr'><strong>ﬁdelis</strong></span> 
     </span>
    </p>
   </div>
   <div class='ocr_carea' id='block_1_73' title="bbox 483 4051 2066 4125">
    <p class='ocr_par' dir='ltr' id='par_1_73' title="bbox 483 4051 2066 4125">
     <span class='ocr_line' id='line_1_73' title="bbox 483 4051 2066 4125; baseline 0.002 -18"><span class='ocrx_word' id='word_1_539' title='bbox 483 4051 662 4125; x_wconf 81' lang='lat' dir='ltr'><strong>abillo</strong></span> <span class='ocrx_word' id='word_1_540' title='bbox 693 4052 928 4125; x_wconf 87' lang='lat' dir='ltr'><strong>capiendi</strong></span> <span class='ocrx_word' id='word_1_541' title='bbox 949 4053 1129 4125; x_wconf 76' lang='lat' dir='ltr'><strong>guwrit</strong></span> <span class='ocrx_word' id='word_1_542' title='bbox 1155 4053 1482 4116; x_wconf 86' lang='lat' dir='ltr'><strong>intellectum,</strong></span> <span class='ocrx_word' id='word_1_543' title='bbox 1507 4051 1536 4107; x_wconf 71' lang='grc' dir='ltr'>ξι</span> <span class='ocrx_word' id='word_1_544' title='bbox 1564 4051 1666 4125; x_wconf 85' lang='lat' dir='ltr'><strong>quo</strong></span> <span class='ocrx_word' id='word_1_545' title='bbox 1689 4051 1907 4109; x_wconf 65' lang='lat' dir='ltr'><strong>uiuendi</strong></span> <span class='ocrx_word' id='word_1_546' title='bbox 1925 4075 2066 4112; x_wconf 60' lang='lat' dir='ltr'><strong>sum.</strong></span> 
     </span>
    </p>
   </div>
   <div class='ocr_carea' id='block_1_74' title="bbox 482 4123 2068 4196">
    <p class='ocr_par' dir='ltr' id='par_1_74' title="bbox 482 4123 2068 4196">
     <span class='ocr_line' id='line_1_74' title="bbox 482 4123 2068 4196; baseline 0.004 -19"><span class='ocrx_word' id='word_1_547' title='bbox 482 4124 584 4196; x_wconf 82' lang='lat' dir='ltr'><strong>psit</strong></span> <span class='ocrx_word' id='word_1_548' title='bbox 612 4123 902 4178; x_wconf 70' lang='lat' dir='ltr'><strong>exordium.</strong></span> <span class='ocrx_word' id='word_1_549' title='bbox 938 4123 1126 4177; x_wconf 82' lang='lat' dir='ltr'><strong>Manus</strong></span> <span class='ocrx_word' id='word_1_550' title='bbox 1155 4136 1274 4191; x_wconf 79' lang='lat' dir='ltr'><strong>tute,</strong></span> <span class='ocrx_word' id='word_1_551' title='bbox 1306 4126 1537 4195; x_wconf 83' lang='lat' dir='ltr'><strong>inquiens</strong></span> <span class='ocrx_word' id='word_1_552' title='bbox 1556 4123 1582 4192; x_wconf 52' lang='grc'>,⁷</span> <span class='ocrx_word' id='word_1_553' title='bbox 1607 4128 1835 4196; x_wconf 86' lang='lat' dir='ltr'><strong>fecerunt</strong></span> <span class='ocrx_word' id='word_1_554' title='bbox 1879 4145 1974 4194; x_wconf 87' lang='lat' dir='ltr'><strong>me,</strong></span> <span class='ocrx_word' id='word_1_555' title='bbox 2021 4139 2068 4184; x_wconf 92' lang='lat' dir='ltr'><strong>et</strong></span> 
     </span>
    </p>
   </div>
   <div class='ocr_carea' id='block_1_75' title="bbox 484 4194 2068 4265">
    <p class='ocr_par' dir='ltr' id='par_1_75' title="bbox 484 4194 2068 4265">
     <span class='ocr_line' id='line_1_75' title="bbox 484 4194 2068 4265; baseline 0.005 -17"><span class='ocrx_word' id='word_1_556' title='bbox 484 4194 866 4260; x_wconf 83' lang='lat' dir='ltr'><strong>plasmaverunt</strong></span> <span class='ocrx_word' id='word_1_557' title='bbox 895 4211 912 4248; x_wconf 92' lang='lat'><strong><em>:</em></strong></span> <span class='ocrx_word' id='word_1_558' title='bbox 942 4196 1008 4249; x_wconf 88' lang='lat' dir='ltr'><strong>da</strong></span> <span class='ocrx_word' id='word_1_559' title='bbox 1035 4196 1161 4248; x_wconf 88' lang='lat' dir='ltr'><strong>mihi</strong></span> <span class='ocrx_word' id='word_1_560' title='bbox 1188 4194 1495 4250; x_wconf 84' lang='lat' dir='ltr'><strong>intellectum</strong></span> <span class='ocrx_word' id='word_1_561' title='bbox 1521 4239 1536 4265; x_wconf 95' lang='lat'><strong>,</strong></span> <span class='ocrx_word' id='word_1_562' title='bbox 1571 4194 1674 4253; x_wconf 88' lang='lat' dir='ltr'><strong>etc.</strong></span> <span class='ocrx_word' id='word_1_563' title='bbox 1713 4198 1886 4254; x_wconf 86' lang='lat' dir='ltr'><strong>Potest</strong></span> <span class='ocrx_word' id='word_1_564' title='bbox 1915 4202 2068 4256; x_wconf 89' lang='lat' dir='ltr'><strong>etiam</strong></span> 
     </span>
    </p>
   </div>
   <div class='ocr_carea' id='block_1_76' title="bbox 482 4267 2065 4340">
    <p class='ocr_par' dir='ltr' id='par_1_76' title="bbox 482 4267 2065 4340">
     <span class='ocr_line' id='line_1_76' title="bbox 482 4267 2065 4340; baseline 0.004 -21"><span class='ocrx_word' id='word_1_565' title='bbox 482 4267 736 4340; x_wconf 70' lang='lat' dir='ltr'><strong>scientia,</strong></span> <span class='ocrx_word' id='word_1_566' title='bbox 768 4267 846 4318; x_wconf 84' lang='lat' dir='ltr'><strong>vel</strong></span> <span class='ocrx_word' id='word_1_567' title='bbox 873 4267 1180 4340; x_wconf 68' lang='lat' dir='ltr'><strong>principium</strong></span> <span class='ocrx_word' id='word_1_568' title='bbox 1207 4269 1276 4340; x_wconf 87' lang='lat' dir='ltr'><strong>ad</strong></span> <span class='ocrx_word' id='word_1_569' title='bbox 1303 4271 1396 4322; x_wconf 81' lang='lat' dir='ltr'><strong>hoc</strong></span> <span class='ocrx_word' id='word_1_570' title='bbox 1425 4270 1750 4337; x_wconf 84' lang='lat' dir='ltr'><strong>interpretari</strong></span> <span class='ocrx_word' id='word_1_571' title='bbox 1774 4312 1787 4336; x_wconf 94' lang='lat'><strong>,</strong></span> <span class='ocrx_word' id='word_1_572' title='bbox 1816 4274 1953 4340; x_wconf 88' lang='lat' dir='ltr'><strong>quod</strong></span> <span class='ocrx_word' id='word_1_573' title='bbox 1984 4274 2065 4326; x_wconf 85' lang='lat' dir='ltr'><strong>di-</strong></span> 
     </span>
    </p>
   </div>
   <div class='ocr_carea' id='block_1_77' title="bbox 486 4335 2067 4413">
    <p class='ocr_par' dir='ltr' id='par_1_77' title="bbox 486 4335 2067 4413">
     <span class='ocr_line' id='line_1_77' title="bbox 486 4335 2067 4413; baseline 0.004 -22"><span class='ocrx_word' id='word_1_574' title='bbox 486 4337 658 4413; x_wconf 40' lang='grc' dir='ltr'>ρειαί-ἐ</span> <span class='ocrx_word' id='word_1_575' title='bbox 672 4335 920 4413; x_wconf 60' lang='lat' dir='ltr'><strong>(lognovi,</strong></span> <span class='ocrx_word' id='word_1_576' title='bbox 939 4336 1175 4413; x_wconf 77' lang='lat' dir='ltr'><strong>Domine,</strong></span> <span class='ocrx_word' id='word_1_577' title='bbox 1197 4339 1326 4413; x_wconf 83' lang='lat' dir='ltr'><strong>quia</strong></span> <span class='ocrx_word' id='word_1_578' title='bbox 1343 4335 1568 4413; x_wconf 63' lang='lat' dir='ltr'><strong>(equites</strong></span> <span class='ocrx_word' id='word_1_579' title='bbox 1579 4335 1783 4413; x_wconf 72' lang='lat' dir='ltr'><strong>judicia</strong></span> <span class='ocrx_word' id='word_1_580' title='bbox 1810 4335 2067 4413; x_wconf 81' lang='lat' dir='ltr'><strong>tua,quod</strong></span> 
     </span>
    </p>
   </div>
   <div class='ocr_carea' id='block_1_78' title="bbox 483 4405 2067 4485">
    <p class='ocr_par' dir='ltr' id='par_1_78' title="bbox 483 4405 2067 4485">
     <span class='ocr_line' id='line_1_78' title="bbox 483 4405 2067 4485; baseline 0.004 -23"><span class='ocrx_word' id='word_1_581' title='bbox 483 4408 539 4485; x_wconf 67' lang='lat' dir='ltr'><strong>in</strong></span> <span class='ocrx_word' id='word_1_582' title='bbox 589 4405 861 4485; x_wconf 69' lang='lat' dir='ltr'><strong>Ilebraiea</strong></span> <span class='ocrx_word' id='word_1_583' title='bbox 887 4407 1096 4462; x_wconf 81' lang='lat' dir='ltr'><strong>veritate</strong></span> <span class='ocrx_word' id='word_1_584' title='bbox 1126 4410 1196 4461; x_wconf 90' lang='lat' dir='ltr'><strong>ita</strong></span> <span class='ocrx_word' id='word_1_585' title='bbox 1229 4405 1413 4485; x_wconf 76' lang='lat' dir='ltr'><strong>legitur</strong></span> <span class='ocrx_word' id='word_1_586' title='bbox 1446 4426 1463 4464; x_wconf 87' lang='lat'><em>:</em></span> <span class='ocrx_word' id='word_1_587' title='bbox 1496 4405 1640 4485; x_wconf 73' lang='lat' dir='ltr'><strong>Scio,</strong></span> <span class='ocrx_word' id='word_1_588' title='bbox 1673 4405 1916 4485; x_wconf 73' lang='lat' dir='ltr'><strong>Domine,</strong></span> <span class='ocrx_word' id='word_1_589' title='bbox 1939 4405 2067 4485; x_wconf 72' lang='lat' dir='ltr'><strong>quia</strong></span> 
     </span>
    </p>
   </div>
   <div class='ocr_carea' id='block_1_79' title="bbox 476 4477 2063 4556">
    <p class='ocr_par' dir='ltr' id='par_1_79' title="bbox 476 4477 2063 4556">
     <span class='ocr_line' id='line_1_79' title="bbox 476 4477 2063 4556; baseline 0.006 -25"><span class='ocrx_word' id='word_1_590' title='bbox 476 4477 684 4556; x_wconf 75' lang='lat' dir='ltr'><strong>justum</strong></span> <span class='ocrx_word' id='word_1_591' title='bbox 697 4479 955 4556; x_wconf 78' lang='lat' dir='ltr'><strong>judicium</strong></span> <span class='ocrx_word' id='word_1_592' title='bbox 978 4488 1145 4556; x_wconf 76' lang='lat' dir='ltr'><strong>tuum,</strong></span> <span class='ocrx_word' id='word_1_593' title='bbox 1163 4488 1207 4532; x_wconf 91' lang='lat' dir='ltr'><strong>et</strong></span> <span class='ocrx_word' id='word_1_594' title='bbox 1233 4477 1324 4532; x_wconf 81' lang='lat' dir='ltr'><strong>hoc</strong></span> <span class='ocrx_word' id='word_1_595' title='bbox 1339 4483 1563 4556; x_wconf 76' lang='lat' dir='ltr'><strong>scientia:</strong></span> <span class='ocrx_word' id='word_1_596' title='bbox 1590 4477 1929 4553; x_wconf 77' lang='lat' dir='ltr'><strong>perfectioris,</strong></span> <span class='ocrx_word' id='word_1_597' title='bbox 1949 4477 2063 4556; x_wconf 71' lang='lat' dir='ltr'><strong>quas</strong></span> 
     </span>
    </p>
   </div>
   <div class='ocr_carea' id='block_1_80' title="bbox 482 4549 2062 4623">
    <p class='ocr_par' dir='ltr' id='par_1_80' title="bbox 482 4549 2062 4623">
     <span class='ocr_line' id='line_1_80' title="bbox 482 4549 2062 4623; baseline 0.005 -20"><span class='ocrx_word' id='word_1_598' title='bbox 482 4549 537 4603; x_wconf 82' lang='lat' dir='ltr'><strong>in</strong></span> <span class='ocrx_word' id='word_1_599' title='bbox 571 4552 743 4620; x_wconf 86' lang='lat' dir='ltr'><strong>futuro</strong></span> <span class='ocrx_word' id='word_1_600' title='bbox 772 4549 1042 4623; x_wconf 85' lang='lat' dir='ltr'><strong>revelanda</strong></span> <span class='ocrx_word' id='word_1_601' title='bbox 1068 4560 1162 4613; x_wconf 88' lang='lat' dir='ltr'><strong>est,</strong></span> <span class='ocrx_word' id='word_1_602' title='bbox 1192 4565 1297 4604; x_wconf 86' lang='lat' dir='ltr'><strong>esse</strong></span> <span class='ocrx_word' id='word_1_603' title='bbox 1325 4549 1808 4623; x_wconf 46' lang='lat' dir='ltr'><strong>principiuquuia</strong></span> <span class='ocrx_word' id='word_1_604' title='bbox 1837 4549 1972 4610; x_wconf 80' lang='lat' dir='ltr'><strong>nunc</strong></span> <span class='ocrx_word' id='word_1_605' title='bbox 1999 4573 2062 4611; x_wconf 77' lang='lat' dir='ltr'><strong>ea:</strong></span> 
     </span>
    </p>
   </div>
   <div class='ocr_carea' id='block_1_81' title="bbox 485 4621 1793 4694">
    <p class='ocr_par' dir='ltr' id='par_1_81' title="bbox 485 4621 1793 4694">
     <span class='ocr_line' id='line_1_81' title="bbox 485 4621 1793 4694; baseline 0.005 -21"><span class='ocrx_word' id='word_1_606' title='bbox 485 4629 634 4690; x_wconf 84' lang='lat' dir='ltr'><strong>parte</strong></span> <span class='ocrx_word' id='word_1_607' title='bbox 663 4621 1040 4689; x_wconf 82' lang='lat' dir='ltr'><strong>cognoscimus,</strong></span> <span class='ocrx_word' id='word_1_608' title='bbox 1075 4630 1120 4674; x_wconf 90' lang='lat' dir='ltr'><strong>et</strong></span> <span class='ocrx_word' id='word_1_609' title='bbox 1148 4635 1210 4674; x_wconf 76' lang='lat' dir='ltr'><strong>ea:</strong></span> <span class='ocrx_word' id='word_1_610' title='bbox 1242 4631 1381 4689; x_wconf 90' lang='lat' dir='ltr'><strong>parte</strong></span> <span class='ocrx_word' id='word_1_611' title='bbox 1413 4621 1793 4694; x_wconf 77' lang='lat' dir='ltr'><strong>prop/tetanius.</strong></span> 
     </span>
    </p>
   </div>
   <div class='ocr_carea' id='block_1_82' title="bbox 1059 4726 1486 4769">
    <p class='ocr_par' dir='ltr' id='par_1_82' title="bbox 1059 4726 1486 4769">
     <span class='ocr_line' id='line_1_82' title="bbox 1059 4726 1486 4769; baseline 0 -3"><span class='ocrx_word' id='word_1_612' title='bbox 1059 4726 1486 4769; x_wconf 68' lang='lat' dir='ltr'><strong>COMMENTARIUS.</strong></span> 
     </span>
    </p>
   </div>
   <div class='ocr_carea' id='block_1_83' title="bbox 559 4800 2068 4878">
    <p class='ocr_par' dir='ltr' id='par_1_83' title="bbox 559 4800 2068 4878">
     <span class='ocr_line' id='line_1_83' title="bbox 559 4800 2068 4878; baseline 0.007 -23"><span class='ocrx_word' id='word_1_613' title='bbox 559 4800 882 4878; x_wconf 52' lang='lat' dir='ltr'><strong>Magnetum</strong></span> <span class='ocrx_word' id='word_1_614' title='bbox 907 4803 1154 4878; x_wconf 76' lang='lat' dir='ltr'><strong>fecerunt.</strong></span> <span class='ocrx_word' id='word_1_615' title='bbox 1203 4803 1645 4878; x_wconf 71' lang='lat' dir='ltr'><strong>Quandoquidem</strong></span> <span class='ocrx_word' id='word_1_616' title='bbox 1676 4808 1810 4864; x_wconf 87' lang='lat' dir='ltr'><strong>adeo</strong></span> <span class='ocrx_word' id='word_1_617' title='bbox 1834 4810 2068 4878; x_wconf 88' lang='lat' dir='ltr'><strong>jucunda</strong></span> 
     </span>
    </p>
   </div>
   <div class='ocr_carea' id='block_1_84' title="bbox 482 4873 2068 4943">
    <p class='ocr_par' dir='ltr' id='par_1_84' title="bbox 482 4873 2068 4943">
     <span class='ocr_line' id='line_1_84' title="bbox 482 4873 2068 4943; baseline 0.004 -14"><span class='ocrx_word' id='word_1_618' title='bbox 482 4881 566 4929; x_wconf 81' lang='lat' dir='ltr'><strong>est</strong></span> <span class='ocrx_word' id='word_1_619' title='bbox 594 4873 723 4926; x_wconf 82' lang='lat' dir='ltr'><strong>mihi</strong></span> <span class='ocrx_word' id='word_1_620' title='bbox 755 4873 838 4928; x_wconf 78' lang='lat' dir='ltr'><strong>lex</strong></span> <span class='ocrx_word' id='word_1_621' title='bbox 870 4875 980 4927; x_wconf 85' lang='lat' dir='ltr'><strong>oris</strong></span> <span class='ocrx_word' id='word_1_622' title='bbox 1009 4875 1104 4938; x_wconf 86' lang='lat' dir='ltr'><strong>tui,</strong></span> <span class='ocrx_word' id='word_1_623' title='bbox 1129 4888 1280 4942; x_wconf 81' lang='lat' dir='ltr'><strong>ergo,</strong></span> <span class='ocrx_word' id='word_1_624' title='bbox 1313 4876 1553 4943; x_wconf 87' lang='lat' dir='ltr'><strong>Domine,</strong></span> <span class='ocrx_word' id='word_1_625' title='bbox 1599 4879 1666 4931; x_wconf 88' lang='lat' dir='ltr'><strong>da</strong></span> <span class='ocrx_word' id='word_1_626' title='bbox 1706 4873 1850 4934; x_wconf 44' lang='lat' dir='ltr'><strong>nti/tt&quot;</strong></span> <span class='ocrx_word' id='word_1_627' title='bbox 1870 4882 2068 4937; x_wconf 86' lang='lat' dir='ltr'><strong>intelle-</strong></span> 
     </span>
    </p>
   </div>
   <div class='ocr_carea' id='block_1_85' title="bbox 486 4944 2066 5009">
    <p class='ocr_par' dir='ltr' id='par_1_85' title="bbox 486 4944 2066 5009">
     <span class='ocr_line' id='line_1_85' title="bbox 486 4944 2066 5009; baseline 0.006 -11"><span class='ocrx_word' id='word_1_628' title='bbox 486 4955 648 5009; x_wconf 79' lang='lat' dir='ltr'><strong>ctum,</strong></span> <span class='ocrx_word' id='word_1_629' title='bbox 682 4944 730 4998; x_wconf 90' lang='lat' dir='ltr'><strong>id</strong></span> <span class='ocrx_word' id='word_1_630' title='bbox 759 4954 862 5008; x_wconf 78' lang='lat' dir='ltr'><strong>est,</strong></span> <span class='ocrx_word' id='word_1_631' title='bbox 881 4959 1060 4999; x_wconf 83' lang='lat' dir='ltr'><strong>recrea</strong></span> <span class='ocrx_word' id='word_1_632' title='bbox 1087 4947 1138 4999; x_wconf 91' lang='lat' dir='ltr'><strong>in</strong></span> <span class='ocrx_word' id='word_1_633' title='bbox 1166 4962 1251 5000; x_wconf 91' lang='lat' dir='ltr'><strong>me</strong></span> <span class='ocrx_word' id='word_1_634' title='bbox 1275 4948 1642 5002; x_wconf 84' lang='lat' dir='ltr'><strong>rationalitatis</strong></span> <span class='ocrx_word' id='word_1_635' title='bbox 1663 4959 1717 5004; x_wconf 91' lang='lat' dir='ltr'><strong>et</strong></span> <span class='ocrx_word' id='word_1_636' title='bbox 1737 4951 2066 5008; x_wconf 79' lang='lat' dir='ltr'><strong>intellectua-</strong></span> 
     </span>
    </p>
   </div>
   <div class='ocr_carea' id='block_1_86' title="bbox 487 5016 2066 5092">
    <p class='ocr_par' dir='ltr' id='par_1_86' title="bbox 487 5016 2066 5092">
     <span class='ocr_line' id='line_1_86' title="bbox 487 5016 2066 5092; baseline 0.006 -23"><span class='ocrx_word' id='word_1_637' title='bbox 487 5016 672 5092; x_wconf 80' lang='lat' dir='ltr'><strong>litatis,</strong></span> <span class='ocrx_word' id='word_1_638' title='bbox 705 5030 863 5092; x_wconf 81' lang='lat' dir='ltr'><strong>quam</strong></span> <span class='ocrx_word' id='word_1_639' title='bbox 887 5018 1110 5092; x_wconf 82' lang='lat' dir='ltr'><strong>posuisti</strong></span> <span class='ocrx_word' id='word_1_640' title='bbox 1133 5020 1208 5092; x_wconf 90' lang='lat' dir='ltr'><strong>_in</strong></span> <span class='ocrx_word' id='word_1_641' title='bbox 1248 5033 1334 5073; x_wconf 90' lang='lat' dir='ltr'><strong>me</strong></span> <span class='ocrx_word' id='word_1_642' title='bbox 1377 5027 1499 5092; x_wconf 86' lang='lat' dir='ltr'><strong>ante</strong></span> <span class='ocrx_word' id='word_1_643' title='bbox 1527 5022 2021 5088; x_wconf 70' lang='lat' dir='ltr'><strong>praevaricatioitem</strong></span> <span class='ocrx_word' id='word_1_644' title='bbox 2048 5064 2066 5092; x_wconf 93' lang='lat'><strong>,</strong></span> 
     </span>
    </p>
   </div>
   <div class='ocr_carea' id='block_1_87' title="bbox 487 5087 2066 5151">
    <p class='ocr_par' dir='ltr' id='par_1_87' title="bbox 487 5087 2066 5151">
     <span class='ocr_line' id='line_1_87' title="bbox 487 5087 2066 5151; baseline 0.006 -11"><span class='ocrx_word' id='word_1_645' title='bbox 487 5099 612 5140; x_wconf 84' lang='lat' dir='ltr'><strong>cum</strong></span> <span class='ocrx_word' id='word_1_646' title='bbox 639 5089 690 5140; x_wconf 91' lang='lat' dir='ltr'><strong>in</strong></span> <span class='ocrx_word' id='word_1_647' title='bbox 723 5087 1046 5142; x_wconf 77' lang='lat' dir='ltr'><strong>abundantia</strong></span> <span class='ocrx_word' id='word_1_648' title='bbox 1098 5090 1349 5143; x_wconf 80' lang='lat' dir='ltr'><strong>virtutum</strong></span> <span class='ocrx_word' id='word_1_649' title='bbox 1402 5087 1708 5146; x_wconf 82' lang='lat' dir='ltr'><strong>existerent.</strong></span> <span class='ocrx_word' id='word_1_650' title='bbox 1763 5096 1826 5148; x_wconf 84' lang='lat' dir='ltr'><strong>Et</strong></span> <span class='ocrx_word' id='word_1_651' title='bbox 1874 5087 2066 5151; x_wconf 86' lang='lat' dir='ltr'><strong>merito</strong></span> 
     </span>
    </p>
   </div>
   <div class='ocr_carea' id='block_1_88' title="bbox 513 5157 2060 5231">
    <p class='ocr_par' dir='ltr' id='par_1_88' title="bbox 513 5157 2060 5231">
     <span class='ocr_line' id='line_1_88' title="bbox 513 5157 2060 5231; baseline 0.008 -21"><span class='ocrx_word' id='word_1_652' title='bbox 513 5158 662 5231; x_wconf 82' lang='lat' dir='ltr'><strong>quasi</strong></span> <span class='ocrx_word' id='word_1_653' title='bbox 691 5157 854 5227; x_wconf 89' lang='lat' dir='ltr'><strong>dicat)</strong></span> <span class='ocrx_word' id='word_1_654' title='bbox 881 5168 1000 5231; x_wconf 85' lang='lat' dir='ltr'><strong>peto</strong></span> <span class='ocrx_word' id='word_1_655' title='bbox 1025 5173 1058 5231; x_wconf 83' lang='lat' dir='ltr'><strong>a</strong></span> <span class='ocrx_word' id='word_1_656' title='bbox 1092 5167 1142 5213; x_wconf 88' lang='lat' dir='ltr'><strong>te</strong></span> <span class='ocrx_word' id='word_1_657' title='bbox 1169 5161 1424 5226; x_wconf 86' lang='lat' dir='ltr'><strong>recreari,</strong></span> <span class='ocrx_word' id='word_1_658' title='bbox 1457 5162 1575 5231; x_wconf 91' lang='lat' dir='ltr'><strong>quia</strong></span> <span class='ocrx_word' id='word_1_659' title='bbox 1631 5174 1682 5216; x_wconf 89' lang='lat' dir='ltr'><strong>tu</strong></span> <span class='ocrx_word' id='word_1_660' title='bbox 1733 5181 1818 5220; x_wconf 88' lang='lat' dir='ltr'><strong>me</strong></span> <span class='ocrx_word' id='word_1_661' title='bbox 1847 5167 2060 5222; x_wconf 89' lang='lat' dir='ltr'><strong>creasti.</strong></span> 
     </span>
    </p>
   </div>
   <div class='ocr_carea' id='block_1_89' title="bbox 554 5229 2064 5305">
    <p class='ocr_par' dir='ltr' id='par_1_89' title="bbox 554 5229 2064 5305">
     <span class='ocr_line' id='line_1_89' title="bbox 554 5229 2064 5305; baseline 0.009 -26"><span class='ocrx_word' id='word_1_662' title='bbox 554 5243 686 5282; x_wconf 78' lang='lat' dir='ltr'><strong>anus</strong></span> <span class='ocrx_word' id='word_1_663' title='bbox 717 5238 818 5283; x_wconf 72' lang='lat' dir='ltr'><strong>tua:</strong></span> <span class='ocrx_word' id='word_1_664' title='bbox 846 5229 991 5284; x_wconf 86' lang='lat' dir='ltr'><strong>enim</strong></span> <span class='ocrx_word' id='word_1_665' title='bbox 1022 5229 1248 5305; x_wconf 80' lang='lat' dir='ltr'><strong>interius</strong></span> <span class='ocrx_word' id='word_1_666' title='bbox 1272 5231 1334 5305; x_wconf 90' lang='lat' dir='ltr'><strong>_in</strong></span> <span class='ocrx_word' id='word_1_667' title='bbox 1369 5229 1542 5286; x_wconf 83' lang='lat' dir='ltr'><strong>anima</strong></span> <span class='ocrx_word' id='word_1_668' title='bbox 1594 5238 1822 5305; x_wconf 86' lang='lat' dir='ltr'><strong>fecerunt</strong></span> <span class='ocrx_word' id='word_1_669' title='bbox 1868 5253 1948 5290; x_wconf 88' lang='lat' dir='ltr'><strong>me</strong></span> <span class='ocrx_word' id='word_1_670' title='bbox 1971 5278 1985 5301; x_wconf 94' lang='lat'><strong>,</strong></span> <span class='ocrx_word' id='word_1_671' title='bbox 2017 5249 2064 5292; x_wconf 86' lang='lat' dir='ltr'><strong>et</strong></span> 
     </span>
    </p>
   </div>
   <div class='ocr_carea' id='block_1_90' title="bbox 484 5297 2060 5374">
    <p class='ocr_par' dir='ltr' id='par_1_90' title="bbox 484 5297 2060 5374">
     <span class='ocr_line' id='line_1_90' title="bbox 484 5297 2060 5374; baseline 0.008 -23"><span class='ocrx_word' id='word_1_672' title='bbox 484 5297 864 5368; x_wconf 77' lang='lat' dir='ltr'><strong>plassnaoerssnt</strong></span> <span class='ocrx_word' id='word_1_673' title='bbox 893 5317 974 5374; x_wconf 81' lang='lat' dir='ltr'><strong>me</strong></span> <span class='ocrx_word' id='word_1_674' title='bbox 1003 5303 1237 5374; x_wconf 78' lang='lat' dir='ltr'><strong>exterius</strong></span> <span class='ocrx_word' id='word_1_675' title='bbox 1269 5303 1321 5356; x_wconf 92' lang='lat' dir='ltr'><strong>in</strong></span> <span class='ocrx_word' id='word_1_676' title='bbox 1353 5297 1610 5372; x_wconf 59' lang='lat' dir='ltr'><strong>corpore}</strong></span> <span class='ocrx_word' id='word_1_677' title='bbox 1658 5315 1711 5361; x_wconf 91' lang='lat' dir='ltr'><strong>et</strong></span> <span class='ocrx_word' id='word_1_678' title='bbox 1736 5309 1885 5374; x_wconf 90' lang='lat' dir='ltr'><strong>quasi</strong></span> <span class='ocrx_word' id='word_1_679' title='bbox 1915 5297 2060 5364; x_wconf 81' lang='lat' dir='ltr'><strong>dlce-</strong></span> 
     </span>
    </p>
   </div>
   <div class='ocr_carea' id='block_1_91' title="bbox 485 5372 2063 5445">
    <p class='ocr_par' dir='ltr' id='par_1_91' title="bbox 485 5372 2063 5445">
     <span class='ocr_line' id='line_1_91' title="bbox 485 5372 2063 5445; baseline 0.008 -23"><span class='ocrx_word' id='word_1_680' title='bbox 485 5377 671 5445; x_wconf 85' lang='lat' dir='ltr'><strong>retur,</strong></span> <span class='ocrx_word' id='word_1_681' title='bbox 702 5380 812 5426; x_wconf 85' lang='lat' dir='ltr'><strong>eta</strong></span> <span class='ocrx_word' id='word_1_682' title='bbox 841 5373 1028 5440; x_wconf 89' lang='lat' dir='ltr'><strong>spiritu</strong></span> <span class='ocrx_word' id='word_1_683' title='bbox 1074 5372 1296 5428; x_wconf 86' lang='lat' dir='ltr'><strong>interius</strong></span> <span class='ocrx_word' id='word_1_684' title='bbox 1344 5375 1682 5442; x_wconf 69' lang='lat' dir='ltr'><strong>praesidente.</strong></span> <span class='ocrx_word' id='word_1_685' title='bbox 1733 5372 1850 5445; x_wconf 87' lang='lat' dir='ltr'><strong>Quo</strong></span> <span class='ocrx_word' id='word_1_686' title='bbox 1894 5378 2063 5434; x_wconf 81' lang='lat' dir='ltr'><strong>frusto</strong></span> 
     </span>
    </p>
   </div>
   <div class='ocr_carea' id='block_1_92' title="bbox 485 5441 2064 5509">
    <p class='ocr_par' dir='ltr' id='par_1_92' title="bbox 485 5441 2064 5509">
     <span class='ocr_line' id='line_1_92' title="bbox 485 5441 2064 5509; baseline 0.006 -14"><span class='ocrx_word' id='word_1_687' title='bbox 485 5441 625 5508; x_wconf 87' lang='lat' dir='ltr'><strong>petis</strong></span> <span class='ocrx_word' id='word_1_688' title='bbox 651 5449 704 5495; x_wconf 87' lang='lat' dir='ltr'><strong>to</strong></span> <span class='ocrx_word' id='word_1_689' title='bbox 730 5446 959 5498; x_wconf 88' lang='lat' dir='ltr'><strong>recreari</strong></span> <span class='ocrx_word' id='word_1_690' title='bbox 988 5487 1004 5509; x_wconf 88' lang='lat'><strong>,</strong></span> <span class='ocrx_word' id='word_1_691' title='bbox 1059 5445 1181 5499; x_wconf 75' lang='lat' dir='ltr'><strong>ideo</strong></span> <span class='ocrx_word' id='word_1_692' title='bbox 1230 5441 1434 5500; x_wconf 81' lang='lat' dir='ltr'><strong>scilicet</strong></span> <span class='ocrx_word' id='word_1_693' title='bbox 1459 5456 1512 5500; x_wconf 90' lang='lat' dir='ltr'><strong>ut</strong></span> <span class='ocrx_word' id='word_1_694' title='bbox 1545 5448 1633 5502; x_wconf 85' lang='lat' dir='ltr'><strong>alii</strong></span> <span class='ocrx_word' id='word_1_695' title='bbox 1658 5441 2064 5504; x_wconf 67' lang='lat' dir='ltr'><strong>coniormentur</strong></span> 
     </span>
    </p>
   </div>
   <div class='ocr_carea' id='block_1_93' title="bbox 487 5511 2058 5584">
    <p class='ocr_par' dir='ltr' id='par_1_93' title="bbox 487 5511 2058 5584">
     <span class='ocr_line' id='line_1_93' title="bbox 487 5511 2058 5584; baseline 0.007 -18"><span class='ocrx_word' id='word_1_696' title='bbox 487 5511 642 5576; x_wconf 85' lang='lat' dir='ltr'><strong>mihi,</strong></span> <span class='ocrx_word' id='word_1_697' title='bbox 675 5514 774 5566; x_wconf 88' lang='lat' dir='ltr'><strong>hoc</strong></span> <span class='ocrx_word' id='word_1_698' title='bbox 801 5515 1044 5584; x_wconf 80' lang='lat' dir='ltr'><strong>estquod</strong></span> <span class='ocrx_word' id='word_1_699' title='bbox 1075 5516 1206 5570; x_wconf 89' lang='lat' dir='ltr'><strong>dicit</strong></span> <span class='ocrx_word' id='word_1_700' title='bbox 1241 5534 1250 5568; x_wconf 94' lang='lat'>:</span> <span class='ocrx_word' id='word_1_701' title='bbox 1286 5515 1384 5584; x_wconf 88' lang='lat' dir='ltr'><strong>Qui</strong></span> <span class='ocrx_word' id='word_1_702' title='bbox 1421 5519 1606 5572; x_wconf 84' lang='lat' dir='ltr'><strong>timent</strong></span> <span class='ocrx_word' id='word_1_703' title='bbox 1634 5521 1906 5574; x_wconf 71' lang='lat' dir='ltr'><strong>Christum</strong></span> <span class='ocrx_word' id='word_1_704' title='bbox 1955 5537 2058 5576; x_wconf 89' lang='lat' dir='ltr'><strong>non</strong></span> 
     </span>
    </p>
   </div>
   <div class='ocr_carea' id='block_1_94' title="bbox 485 5586 2056 5657">
    <p class='ocr_par' dir='ltr' id='par_1_94' title="bbox 485 5586 2056 5657">
     <span class='ocr_line' id='line_1_94' title="bbox 485 5586 2056 5657; baseline 0.008 -22"><span class='ocrx_word' id='word_1_705' title='bbox 485 5586 586 5637; x_wconf 87' lang='lat' dir='ltr'><strong>hoc</strong></span> <span class='ocrx_word' id='word_1_706' title='bbox 617 5591 698 5636; x_wconf 82' lang='lat' dir='ltr'><strong>est</strong></span> <span class='ocrx_word' id='word_1_707' title='bbox 727 5600 912 5657; x_wconf 79' lang='lat' dir='ltr'><strong>omnes</strong></span> <span class='ocrx_word' id='word_1_708' title='bbox 941 5587 1189 5643; x_wconf 88' lang='lat' dir='ltr'><strong>timentes</strong></span> <span class='ocrx_word' id='word_1_709' title='bbox 1221 5598 1273 5643; x_wconf 91' lang='lat' dir='ltr'><strong>te</strong></span> <span class='ocrx_word' id='word_1_710' title='bbox 1297 5597 1444 5642; x_wconf 88' lang='lat' dir='ltr'><strong>casto</strong></span> <span class='ocrx_word' id='word_1_711' title='bbox 1494 5593 1721 5657; x_wconf 80' lang='lat' dir='ltr'><strong>timore,</strong></span> <span class='ocrx_word' id='word_1_712' title='bbox 1770 5592 2056 5648; x_wconf 82' lang='lat' dir='ltr'><strong>studebant</strong></span> 
     </span>
    </p>
   </div>
   <div class='ocr_carea' id='block_1_95' title="bbox 485 5654 2058 5722">
    <p class='ocr_par' dir='ltr' id='par_1_95' title="bbox 485 5654 2058 5722">
     <span class='ocr_line' id='line_1_95' title="bbox 485 5654 2058 5722; baseline 0.008 -16"><span class='ocrx_word' id='word_1_713' title='bbox 485 5654 807 5708; x_wconf 65' lang='lat' dir='ltr'><strong>contui-mari</strong></span> <span class='ocrx_word' id='word_1_714' title='bbox 835 5655 984 5722; x_wconf 83' lang='lat' dir='ltr'><strong>mihi,</strong></span> <span class='ocrx_word' id='word_1_715' title='bbox 1019 5668 1072 5713; x_wconf 89' lang='lat' dir='ltr'><strong>et</strong></span> <span class='ocrx_word' id='word_1_716' title='bbox 1119 5675 1203 5712; x_wconf 83' lang='lat' dir='ltr'><strong>me</strong></span> <span class='ocrx_word' id='word_1_717' title='bbox 1245 5659 1440 5713; x_wconf 83' lang='lat' dir='ltr'><strong>imitari</strong></span> <span class='ocrx_word' id='word_1_718' title='bbox 1477 5679 1486 5712; x_wconf 92' lang='lat'>:</span> <span class='ocrx_word' id='word_1_719' title='bbox 1515 5671 1560 5714; x_wconf 88' lang='lat' dir='ltr'><strong>et</strong></span> <span class='ocrx_word' id='word_1_720' title='bbox 1587 5654 1896 5718; x_wconf 69' lang='lat' dir='ltr'><strong>ltetabuntur</strong></span> <span class='ocrx_word' id='word_1_721' title='bbox 1924 5664 1976 5718; x_wconf 92' lang='lat' dir='ltr'><strong>in</strong></span> <span class='ocrx_word' id='word_1_722' title='bbox 2008 5676 2058 5719; x_wconf 89' lang='lat' dir='ltr'><strong>te</strong></span> 
     </span>
    </p>
   </div>
   <div class='ocr_carea' id='block_1_96' title="bbox 487 5731 2056 5805">
    <p class='ocr_par' dir='ltr' id='par_1_96' title="bbox 487 5731 2056 5805">
     <span class='ocr_line' id='line_1_96' title="bbox 487 5731 2056 5805; baseline 0.008 -27"><span class='ocrx_word' id='word_1_723' title='bbox 487 5743 590 5780; x_wconf 72' lang='lat' dir='ltr'><strong>twn</strong></span> <span class='ocrx_word' id='word_1_724' title='bbox 621 5737 838 5805; x_wconf 69' lang='lat' dir='ltr'><strong>promer</strong></span> <span class='ocrx_word' id='word_1_725' title='bbox 860 5743 990 5805; x_wconf 78' lang='lat' dir='ltr'><strong>me;</strong></span> <span class='ocrx_word' id='word_1_726' title='bbox 1024 5731 1115 5785; x_wconf 82' lang='lat' dir='ltr'><strong>sed</strong></span> <span class='ocrx_word' id='word_1_727' title='bbox 1147 5733 1270 5800; x_wconf 79' lang='lat' dir='ltr'><strong>quia</strong></span> <span class='ocrx_word' id='word_1_728' title='bbox 1310 5747 1408 5799; x_wconf 76' lang='lat' dir='ltr'><strong>ego</strong></span> <span class='ocrx_word' id='word_1_729' title='bbox 1441 5736 1636 5803; x_wconf 82' lang='lat' dir='ltr'><strong>speravi</strong></span> <span class='ocrx_word' id='word_1_730' title='bbox 1681 5738 1732 5787; x_wconf 84' lang='lat' dir='ltr'><strong>in</strong></span> <span class='ocrx_word' id='word_1_731' title='bbox 1778 5737 1922 5790; x_wconf 67' lang='lat' dir='ltr'><strong>ret-bo</strong></span> <span class='ocrx_word' id='word_1_732' title='bbox 1959 5780 1970 5799; x_wconf 94' lang='lat'><strong>,</strong></span> <span class='ocrx_word' id='word_1_733' title='bbox 2006 5737 2056 5791; x_wconf 91' lang='lat' dir='ltr'><strong>id</strong></span> 
     </span>
    </p>
   </div>
   <div class='ocr_carea' id='block_1_97' title="bbox 487 5799 2046 5874">
    <p class='ocr_par' dir='ltr' id='par_1_97' title="bbox 487 5799 2046 5874">
     <span class='ocr_line' id='line_1_97' title="bbox 487 5799 2046 5874; baseline 0.008 -23"><span class='ocrx_word' id='word_1_734' title='bbox 487 5809 588 5864; x_wconf 72' lang='grc' dir='ltr'>ιδῐ,</span> <span class='ocrx_word' id='word_1_735' title='bbox 621 5799 670 5853; x_wconf 89' lang='lat' dir='ltr'><strong>in</strong></span> <span class='ocrx_word' id='word_1_736' title='bbox 701 5799 1049 5868; x_wconf 71' lang='lat' dir='ltr'><strong>pt&#39;omiSsioue</strong></span> <span class='ocrx_word' id='word_1_737' title='bbox 1093 5799 1178 5856; x_wconf 82' lang='lat' dir='ltr'><strong>tua</strong></span> <span class='ocrx_word' id='word_1_738' title='bbox 1210 5818 1370 5872; x_wconf 82' lang='lat' dir='ltr'><strong>super</strong></span> <span class='ocrx_word' id='word_1_739' title='bbox 1398 5799 1551 5873; x_wconf 80' lang='lat' dir='ltr'><strong>quam</strong></span> <span class='ocrx_word' id='word_1_740' title='bbox 1587 5808 1809 5874; x_wconf 77' lang='lat' dir='ltr'><strong>pcitnus</strong></span> <span class='ocrx_word' id='word_1_741' title='bbox 1851 5821 1937 5862; x_wconf 72' lang='lat' dir='ltr'><strong>:zut</strong></span> <span class='ocrx_word' id='word_1_742' title='bbox 1972 5811 2046 5862; x_wconf 85' lang='lat' dir='ltr'><strong>itt-</strong></span> 
     </span>
    </p>
   </div>
   <div class='ocr_carea' id='block_1_98' title="bbox 2096 4521 2146 4582">
    <p class='ocr_par' dir='ltr' id='par_1_98' title="bbox 2096 4521 2146 4582">
     <span class='ocr_line' id='line_1_98' title="bbox 2096 4521 2146 4582; baseline 0 -2"><span class='ocrx_word' id='word_1_743' title='bbox 2096 4521 2146 4582; x_wconf 92' lang='lat' dir='ltr'><strong>D</strong></span> 
     </span>
    </p>
   </div>
   <div class='ocr_carea' id='block_1_99' title="bbox 2188 1825 3782 1898">
    <p class='ocr_par' dir='ltr' id='par_1_99' title="bbox 2188 1825 3782 1898">
     <span class='ocr_line' id='line_1_99' title="bbox 2188 1825 3782 1898; baseline 0.001 -17"><span class='ocrx_word' id='word_1_744' title='bbox 2188 1825 2314 1881; x_wconf 83' lang='lat' dir='ltr'><strong>sunt</strong></span> <span class='ocrx_word' id='word_1_745' title='bbox 2339 1825 2738 1882; x_wconf 84' lang='lat' dir='ltr'><strong>consolationes</strong></span> <span class='ocrx_word' id='word_1_746' title='bbox 2759 1826 3080 1882; x_wconf 86' lang='lat' dir='ltr'><strong>miserorum</strong></span> <span class='ocrx_word' id='word_1_747' title='bbox 3100 1867 3114 1892; x_wconf 91' lang='lat'><strong>,</strong></span> <span class='ocrx_word' id='word_1_748' title='bbox 3145 1826 3359 1883; x_wconf 85' lang='lat' dir='ltr'><strong>tandem</strong></span> <span class='ocrx_word' id='word_1_749' title='bbox 3392 1837 3561 1884; x_wconf 76' lang='lat' dir='ltr'><strong>erunt</strong></span> <span class='ocrx_word' id='word_1_750' title='bbox 3591 1830 3782 1898; x_wconf 73' lang='lat' dir='ltr'><strong>gaudia</strong></span> 
     </span>
    </p>
   </div>
   <div class='ocr_carea' id='block_1_100' title="bbox 2179 1899 2479 1955">
    <p class='ocr_par' dir='ltr' id='par_1_100' title="bbox 2179 1899 2479 1955">
     <span class='ocr_line' id='line_1_100' title="bbox 2179 1899 2479 1955; baseline -0.01 0"><span class='ocrx_word' id='word_1_751' title='bbox 2179 1899 2479 1955; x_wconf 85' lang='lat' dir='ltr'><strong>beatorum.</strong></span> 
     </span>
    </p>
   </div>
   <div class='ocr_carea' id='block_1_101' title="bbox 2265 1969 3780 2041">
    <p class='ocr_par' dir='ltr' id='par_1_101' title="bbox 2265 1969 3780 2041">
     <span class='ocr_line' id='line_1_101' title="bbox 2265 1969 3780 2041; baseline 0.003 -20"><span class='ocrx_word' id='word_1_752' title='bbox 2265 1969 2480 2024; x_wconf 85' lang='lat' dir='ltr'><strong>Veniant</strong></span> <span class='ocrx_word' id='word_1_753' title='bbox 2508 1969 2654 2022; x_wconf 81' lang='lat' dir='ltr'><strong>mihi.</strong></span> <span class='ocrx_word' id='word_1_754' title='bbox 2679 1969 2844 2041; x_wconf 86' lang='lat' dir='ltr'><strong>Quasi</strong></span> <span class='ocrx_word' id='word_1_755' title='bbox 2893 1970 3082 2025; x_wconf 86' lang='lat' dir='ltr'><strong>dicat:</strong></span> <span class='ocrx_word' id='word_1_756' title='bbox 3129 1970 3245 2025; x_wconf 85' lang='lat' dir='ltr'><strong>Non</strong></span> <span class='ocrx_word' id='word_1_757' title='bbox 3295 1971 3476 2026; x_wconf 86' lang='lat' dir='ltr'><strong>solum</strong></span> <span class='ocrx_word' id='word_1_758' title='bbox 3530 1981 3664 2041; x_wconf 86' lang='lat' dir='ltr'><strong>peto</strong></span> <span class='ocrx_word' id='word_1_759' title='bbox 3724 1983 3780 2026; x_wconf 89' lang='lat' dir='ltr'><strong>ut</strong></span> 
     </span>
    </p>
   </div>
   <div class='ocr_carea' id='block_1_102' title="bbox 2178 2040 3779 2110">
    <p class='ocr_par' dir='ltr' id='par_1_102' title="bbox 2178 2040 3779 2110">
     <span class='ocr_line' id='line_1_102' title="bbox 2178 2040 3779 2110; baseline 0 -15"><span class='ocrx_word' id='word_1_760' title='bbox 2178 2041 2529 2095; x_wconf 83' lang='lat' dir='ltr'><strong>misericordia</strong></span> <span class='ocrx_word' id='word_1_761' title='bbox 2559 2051 2649 2094; x_wconf 90' lang='lat' dir='ltr'><strong>tua</strong></span> <span class='ocrx_word' id='word_1_762' title='bbox 2675 2040 2803 2095; x_wconf 91' lang='lat' dir='ltr'><strong>mihi</strong></span> <span class='ocrx_word' id='word_1_763' title='bbox 2833 2041 2949 2110; x_wconf 86' lang='lat' dir='ltr'><strong>ﬁat,</strong></span> <span class='ocrx_word' id='word_1_764' title='bbox 2971 2043 3064 2096; x_wconf 86' lang='lat' dir='ltr'><strong>sed</strong></span> <span class='ocrx_word' id='word_1_765' title='bbox 3083 2043 3244 2097; x_wconf 87' lang='lat' dir='ltr'><strong>etiam</strong></span> <span class='ocrx_word' id='word_1_766' title='bbox 3268 2040 3634 2098; x_wconf 71' lang='lat' dir='ltr'><strong>miserationes</strong></span> <span class='ocrx_word' id='word_1_767' title='bbox 3658 2054 3779 2108; x_wconf 67' lang='lat' dir='ltr'><strong>tuta,</strong></span> 
     </span>
    </p>
   </div>
   <div class='ocr_carea' id='block_1_103' title="bbox 2181 2112 3780 2181">
    <p class='ocr_par' dir='ltr' id='par_1_103' title="bbox 2181 2112 3780 2181">
     <span class='ocr_line' id='line_1_103' title="bbox 2181 2112 3780 2181; baseline 0 -13"><span class='ocrx_word' id='word_1_768' title='bbox 2181 2113 2231 2168; x_wconf 88' lang='lat' dir='ltr'><strong>id</strong></span> <span class='ocrx_word' id='word_1_769' title='bbox 2260 2121 2364 2179; x_wconf 90' lang='lat' dir='ltr'><strong>est,</strong></span> <span class='ocrx_word' id='word_1_770' title='bbox 2397 2112 2763 2168; x_wconf 72' lang='lat' dir='ltr'><strong>exhibitiones</strong></span> <span class='ocrx_word' id='word_1_771' title='bbox 2790 2112 2957 2181; x_wconf 89' lang='lat' dir='ltr'><strong>ipsius</strong></span> <span class='ocrx_word' id='word_1_772' title='bbox 2984 2115 3369 2170; x_wconf 63' lang='lat' dir='ltr'><strong>misericordia</strong></span> <span class='ocrx_word' id='word_1_773' title='bbox 3387 2120 3606 2169; x_wconf 71' lang='lat' dir='ltr'><strong>ueniant</strong></span> <span class='ocrx_word' id='word_1_774' title='bbox 3632 2116 3780 2181; x_wconf 75' lang='lat' dir='ltr'><strong>mihi,</strong></span> 
     </span>
    </p>
   </div>
   <div class='ocr_carea' id='block_1_104' title="bbox 2179 2183 3785 2257">
    <p class='ocr_par' dir='ltr' id='par_1_104' title="bbox 2179 2183 3785 2257">
     <span class='ocr_line' id='line_1_104' title="bbox 2179 2183 3785 2257; baseline 0.001 -19"><span class='ocrx_word' id='word_1_775' title='bbox 2179 2183 2384 2257; x_wconf 81' lang='lat' dir='ltr'><strong>scilicet</strong></span> <span class='ocrx_word' id='word_1_776' title='bbox 2414 2197 2576 2257; x_wconf 85' lang='lat' dir='ltr'><strong>voces</strong></span> <span class='ocrx_word' id='word_1_777' title='bbox 2606 2199 2710 2249; x_wconf 90' lang='lat' dir='ltr'><strong>me,</strong></span> <span class='ocrx_word' id='word_1_778' title='bbox 2743 2193 2959 2253; x_wconf 84' lang='lat' dir='ltr'><strong>peccata</strong></span> <span class='ocrx_word' id='word_1_779' title='bbox 2990 2185 3265 2240; x_wconf 85' lang='lat' dir='ltr'><strong>condones</strong></span> <span class='ocrx_word' id='word_1_780' title='bbox 3311 2195 3366 2242; x_wconf 88' lang='lat' dir='ltr'><strong>et</strong></span> <span class='ocrx_word' id='word_1_781' title='bbox 3404 2188 3707 2257; x_wconf 82' lang='lat' dir='ltr'><strong>justiﬁces,</strong></span> <span class='ocrx_word' id='word_1_782' title='bbox 3735 2195 3785 2240; x_wconf 78' lang='lat' dir='ltr'><strong>et</strong></span> 
     </span>
    </p>
   </div>
   <div class='ocr_carea' id='block_1_105' title="bbox 2179 2254 3784 2326">
    <p class='ocr_par' dir='ltr' id='par_1_105' title="bbox 2179 2254 3784 2326">
     <span class='ocr_line' id='line_1_105' title="bbox 2179 2254 3784 2326; baseline 0.001 -16"><span class='ocrx_word' id='word_1_783' title='bbox 2179 2254 2258 2310; x_wconf 85' lang='lat' dir='ltr'><strong>sic</strong></span> <span class='ocrx_word' id='word_1_784' title='bbox 2286 2256 2449 2308; x_wconf 81' lang='lat' dir='ltr'><strong>vivam</strong></span> <span class='ocrx_word' id='word_1_785' title='bbox 2481 2254 2584 2310; x_wconf 85' lang='lat' dir='ltr'><strong>vita</strong></span> <span class='ocrx_word' id='word_1_786' title='bbox 2615 2271 2737 2311; x_wconf 85' lang='lat' dir='ltr'><strong>vera</strong></span> <span class='ocrx_word' id='word_1_787' title='bbox 2773 2274 2784 2308; x_wconf 93' lang='lat'>:</span> <span class='ocrx_word' id='word_1_788' title='bbox 2817 2257 2990 2310; x_wconf 82' lang='lat' dir='ltr'><strong>vivam</strong></span> <span class='ocrx_word' id='word_1_789' title='bbox 3019 2257 3161 2324; x_wconf 88' lang='lat' dir='ltr'><strong>dico,</strong></span> <span class='ocrx_word' id='word_1_790' title='bbox 3196 2257 3247 2311; x_wconf 88' lang='lat' dir='ltr'><strong>id</strong></span> <span class='ocrx_word' id='word_1_791' title='bbox 3272 2268 3357 2313; x_wconf 88' lang='lat' dir='ltr'><strong>est</strong></span> <span class='ocrx_word' id='word_1_792' title='bbox 3379 2254 3556 2326; x_wconf 50' lang='lat' dir='ltr'><strong>{quia</strong></span> <span class='ocrx_word' id='word_1_793' title='bbox 3581 2261 3670 2313; x_wconf 67' lang='lat' dir='ltr'><strong>te:</strong></span> <span class='ocrx_word' id='word_1_794' title='bbox 3698 2271 3784 2312; x_wconf 78' lang='lat' dir='ltr'><strong>tua</strong></span> 
     </span>
    </p>
   </div>
   <div class='ocr_carea' id='block_1_106' title="bbox 2178 2326 3781 2400">
    <p class='ocr_par' dir='ltr' id='par_1_106' title="bbox 2178 2326 3781 2400">
     <span class='ocr_line' id='line_1_106' title="bbox 2178 2326 3781 2400; baseline 0.004 -21"><span class='ocrx_word' id='word_1_795' title='bbox 2178 2337 2254 2380; x_wconf 79' lang='lat' dir='ltr'><strong>est</strong></span> <span class='ocrx_word' id='word_1_796' title='bbox 2277 2326 2538 2400; x_wconf 81' lang='lat' dir='ltr'><strong>meditatio</strong></span> <span class='ocrx_word' id='word_1_797' title='bbox 2566 2343 2697 2400; x_wconf 76' lang='lat' dir='ltr'><strong>mea,</strong></span> <span class='ocrx_word' id='word_1_798' title='bbox 2731 2328 2786 2400; x_wconf 86' lang='lat' dir='ltr'><strong>id</strong></span> <span class='ocrx_word' id='word_1_799' title='bbox 2808 2335 2910 2392; x_wconf 85' lang='lat' dir='ltr'><strong>est,</strong></span> <span class='ocrx_word' id='word_1_800' title='bbox 2938 2330 3063 2398; x_wconf 84' lang='lat' dir='ltr'><strong>quia</strong></span> <span class='ocrx_word' id='word_1_801' title='bbox 3094 2327 3305 2384; x_wconf 82' lang='lat' dir='ltr'><strong>assidue</strong></span> <span class='ocrx_word' id='word_1_802' title='bbox 3339 2332 3582 2386; x_wconf 79' lang='lat' dir='ltr'><strong>meditor</strong></span> <span class='ocrx_word' id='word_1_803' title='bbox 3608 2332 3781 2400; x_wconf 78' lang='lat' dir='ltr'><strong>legem</strong></span> 
     </span>
    </p>
   </div>
   <div class='ocr_carea' id='block_1_107' title="bbox 2181 2397 3778 2469">
    <p class='ocr_par' dir='ltr' id='par_1_107' title="bbox 2181 2397 3778 2469">
     <span class='ocr_line' id='line_1_107' title="bbox 2181 2397 3778 2469; baseline 0.004 -19"><span class='ocrx_word' id='word_1_804' title='bbox 2181 2408 2346 2462; x_wconf 86' lang='lat' dir='ltr'><strong>tuam,</strong></span> <span class='ocrx_word' id='word_1_805' title='bbox 2372 2397 2484 2452; x_wconf 86' lang='lat' dir='ltr'><strong>haec</strong></span> <span class='ocrx_word' id='word_1_806' title='bbox 2505 2399 2778 2453; x_wconf 88' lang='lat' dir='ltr'><strong>meditatio</strong></span> <span class='ocrx_word' id='word_1_807' title='bbox 2798 2397 3045 2454; x_wconf 84' lang='lat' dir='ltr'><strong>conantis</strong></span> <span class='ocrx_word' id='word_1_808' title='bbox 3076 2409 3158 2455; x_wconf 88' lang='lat' dir='ltr'><strong>est</strong></span> <span class='ocrx_word' id='word_1_809' title='bbox 3187 2401 3462 2468; x_wconf 78' lang='lat' dir='ltr'><strong>cogitatio.</strong></span> <span class='ocrx_word' id='word_1_810' title='bbox 3496 2403 3604 2469; x_wconf 85' lang='lat' dir='ltr'><strong>Qui</strong></span> <span class='ocrx_word' id='word_1_811' title='bbox 3635 2397 3778 2458; x_wconf 74' lang='lat' dir='ltr'><strong>eiii</strong></span> 
     </span>
    </p>
   </div>
   <div class='ocr_carea' id='block_1_108' title="bbox 2179 2469 3779 2540">
    <p class='ocr_par' dir='ltr' id='par_1_108' title="bbox 2179 2469 3779 2540">
     <span class='ocr_line' id='line_1_108' title="bbox 2179 2469 3779 2540; baseline 0.002 -18"><span class='ocrx_word' id='word_1_812' title='bbox 2179 2469 2258 2540; x_wconf 87' lang='lat' dir='ltr'><strong>sic</strong></span> <span class='ocrx_word' id='word_1_813' title='bbox 2291 2470 2576 2540; x_wconf 85' lang='lat' dir='ltr'><strong>meditatur</strong></span> <span class='ocrx_word' id='word_1_814' title='bbox 2621 2470 2788 2539; x_wconf 84' lang='lat' dir='ltr'><strong>legem</strong></span> <span class='ocrx_word' id='word_1_815' title='bbox 2835 2472 2961 2538; x_wconf 86' lang='lat' dir='ltr'><strong>Dei,</strong></span> <span class='ocrx_word' id='word_1_816' title='bbox 2996 2479 3053 2526; x_wconf 90' lang='lat' dir='ltr'><strong>ut</strong></span> <span class='ocrx_word' id='word_1_817' title='bbox 3082 2473 3304 2540; x_wconf 84' lang='lat' dir='ltr'><strong>diligant</strong></span> <span class='ocrx_word' id='word_1_818' title='bbox 3347 2487 3498 2539; x_wconf 79' lang='lat' dir='ltr'><strong>eam,</strong></span> <span class='ocrx_word' id='word_1_819' title='bbox 3537 2475 3661 2527; x_wconf 64' lang='lat' dir='ltr'><strong>hac</strong></span> <span class='ocrx_word' id='word_1_820' title='bbox 3699 2483 3779 2528; x_wconf 77' lang='lat' dir='ltr'><strong>est</strong></span> 
     </span>
    </p>
   </div>
   <div class='ocr_carea' id='block_1_109' title="bbox 2178 2539 3779 2614">
    <p class='ocr_par' dir='ltr' id='par_1_109' title="bbox 2178 2539 3779 2614">
     <span class='ocr_line' id='line_1_109' title="bbox 2178 2539 3779 2614; baseline 0.004 -22"><span class='ocrx_word' id='word_1_821' title='bbox 2178 2539 2286 2593; x_wconf 81' lang='lat' dir='ltr'><strong>vita</strong></span> <span class='ocrx_word' id='word_1_822' title='bbox 2329 2554 2483 2614; x_wconf 57' lang='grc' dir='ltr'><strong>γεω.</strong></span> <span class='ocrx_word' id='word_1_823' title='bbox 2518 2539 2688 2614; x_wconf 12' lang='lat' dir='ltr'><strong>,Unde</strong></span> <span class='ocrx_word' id='word_1_824' title='bbox 2731 2543 2986 2597; x_wconf 85' lang='lat' dir='ltr'><strong>Dominus</strong></span> <span class='ocrx_word' id='word_1_825' title='bbox 3041 2544 3094 2598; x_wconf 90' lang='lat' dir='ltr'><strong>in</strong></span> <span class='ocrx_word' id='word_1_826' title='bbox 3150 2539 3443 2614; x_wconf 26' lang='lat' dir='ltr'><strong>E’Viingelio</strong></span> <span class='ocrx_word' id='word_1_827' title='bbox 3478 2561 3494 2597; x_wconf 89' lang='lat'><strong>:</strong></span> <span class='ocrx_word' id='word_1_828' title='bbox 3548 2547 3779 2599; x_wconf 71' lang='lat' dir='ltr'><strong>Observa</strong></span> 
     </span>
    </p>
   </div>
   <div class='ocr_carea' id='block_1_110' title="bbox 2180 2612 3262 2684">
    <p class='ocr_par' dir='ltr' id='par_1_110' title="bbox 2180 2612 3262 2684">
     <span class='ocr_line' id='line_1_110' title="bbox 2180 2612 3262 2684; baseline 0.004 -21"><span class='ocrx_word' id='word_1_829' title='bbox 2180 2612 2446 2684; x_wconf 71' lang='lat' dir='ltr'><strong>maudalu,</strong></span> <span class='ocrx_word' id='word_1_830' title='bbox 2480 2613 2525 2665; x_wconf 85' lang='lat' dir='ltr'><strong>si</strong></span> <span class='ocrx_word' id='word_1_831' title='bbox 2567 2613 2639 2665; x_wconf 79' lang='lat' dir='ltr'><strong>vis</strong></span> <span class='ocrx_word' id='word_1_832' title='bbox 2679 2614 2746 2667; x_wconf 86' lang='lat' dir='ltr'><strong>ad</strong></span> <span class='ocrx_word' id='word_1_833' title='bbox 2785 2615 2939 2667; x_wconf 74' lang='lat' dir='ltr'><strong>vitam</strong></span> <span class='ocrx_word' id='word_1_834' title='bbox 2983 2615 3262 2684; x_wconf 78' lang='lat' dir='ltr'><strong>pervenire.</strong></span> 
     </span>
    </p>
   </div>
   <div class='ocr_carea' id='block_1_111' title="bbox 2251 2681 3769 2758">
    <p class='ocr_par' dir='ltr' id='par_1_111' title="bbox 2251 2681 3769 2758">
     <span class='ocr_line' id='line_1_111' title="bbox 2251 2681 3769 2758; baseline 0.005 -23"><span class='ocrx_word' id='word_1_835' title='bbox 2251 2681 2646 2758; x_wconf 67' lang='lat' dir='ltr'><strong>Confundanlur</strong></span> <span class='ocrx_word' id='word_1_836' title='bbox 2685 2687 2905 2755; x_wconf 79' lang='lat' dir='ltr'><strong>superbi.</strong></span> <span class='ocrx_word' id='word_1_837' title='bbox 2928 2681 3089 2753; x_wconf 82' lang='lat' dir='ltr'><strong>Quasi</strong></span> <span class='ocrx_word' id='word_1_838' title='bbox 3116 2686 3256 2758; x_wconf 81' lang='lat' dir='ltr'><strong>dicat</strong></span> <span class='ocrx_word' id='word_1_839' title='bbox 3288 2705 3299 2740; x_wconf 92' lang='lat'><strong>:</strong></span> <span class='ocrx_word' id='word_1_840' title='bbox 3329 2685 3490 2756; x_wconf 72' lang='lat' dir='ltr'><strong>lli/Ii,</strong></span> <span class='ocrx_word' id='word_1_841' title='bbox 3529 2690 3769 2758; x_wconf 87' lang='lat' dir='ltr'><strong>inquam,</strong></span> 
     </span>
    </p>
   </div>
   <div class='ocr_carea' id='block_1_112' title="bbox 2173 2753 3771 2828">
    <p class='ocr_par' dir='ltr' id='par_1_112' title="bbox 2173 2753 3771 2828">
     <span class='ocr_line' id='line_1_112' title="bbox 2173 2753 3771 2828; baseline 0.003 -20"><span class='ocrx_word' id='word_1_842' title='bbox 2173 2753 2380 2808; x_wconf 66' lang='lat' dir='ltr'><strong>~~vestiant</strong></span> <span class='ocrx_word' id='word_1_843' title='bbox 2415 2753 2788 2820; x_wconf 83' lang='lat' dir='ltr'><strong>miserationes,</strong></span> <span class='ocrx_word' id='word_1_844' title='bbox 2831 2772 2863 2811; x_wconf 89' lang='lat' dir='ltr'><strong>e</strong></span> <span class='ocrx_word' id='word_1_845' title='bbox 2903 2757 3176 2812; x_wconf 88' lang='lat' dir='ltr'><strong>contrario</strong></span> <span class='ocrx_word' id='word_1_846' title='bbox 3215 2768 3397 2813; x_wconf 87' lang='lat' dir='ltr'><strong>autem</strong></span> <span class='ocrx_word' id='word_1_847' title='bbox 3440 2753 3678 2828; x_wconf 69' lang='lat' dir='ltr'><strong>superbi,</strong></span> <span class='ocrx_word' id='word_1_848' title='bbox 3720 2759 3771 2813; x_wconf 85' lang='lat' dir='ltr'><strong>id</strong></span> 
     </span>
    </p>
   </div>
   <div class='ocr_carea' id='block_1_113' title="bbox 2177 2829 3772 2897">
    <p class='ocr_par' dir='ltr' id='par_1_113' title="bbox 2177 2829 3772 2897">
     <span class='ocr_line' id='line_1_113' title="bbox 2177 2829 3772 2897; baseline 0.004 -17"><span class='ocrx_word' id='word_1_849' title='bbox 2177 2835 2280 2890; x_wconf 87' lang='lat' dir='ltr'><strong>est,</strong></span> <span class='ocrx_word' id='word_1_850' title='bbox 2311 2837 2682 2894; x_wconf 85' lang='lat' dir='ltr'><strong>persecutores</strong></span> <span class='ocrx_word' id='word_1_851' title='bbox 2733 2829 3134 2897; x_wconf 75' lang='lat' dir='ltr'><strong>confundantur,</strong></span> <span class='ocrx_word' id='word_1_852' title='bbox 3166 2831 3220 2883; x_wconf 93' lang='lat' dir='ltr'><strong>id</strong></span> <span class='ocrx_word' id='word_1_853' title='bbox 3250 2839 3331 2882; x_wconf 87' lang='lat' dir='ltr'><strong>est</strong></span> <span class='ocrx_word' id='word_1_854' title='bbox 3359 2870 3376 2896; x_wconf 92' lang='lat'><strong>,</strong></span> <span class='ocrx_word' id='word_1_855' title='bbox 3419 2832 3772 2886; x_wconf 65' lang='lat' dir='ltr'><strong>confusibiles</strong></span> 
     </span>
    </p>
   </div>
   <div class='ocr_carea' id='block_1_114' title="bbox 2177 2900 3772 2965">
    <p class='ocr_par' dir='ltr' id='par_1_114' title="bbox 2177 2900 3772 2965">
     <span class='ocr_line' id='line_1_114' title="bbox 2177 2900 3772 2965; baseline 0.004 -15"><span class='ocrx_word' id='word_1_856' title='bbox 2177 2909 2237 2950; x_wconf 89' lang='lat' dir='ltr'><strong>se</strong></span> <span class='ocrx_word' id='word_1_857' title='bbox 2274 2907 2661 2965; x_wconf 78' lang='lat' dir='ltr'><strong>recognoscant</strong></span> <span class='ocrx_word' id='word_1_858' title='bbox 2702 2900 2836 2951; x_wconf 77' lang='lat' dir='ltr'><strong>bona</strong></span> <span class='ocrx_word' id='word_1_859' title='bbox 2868 2902 2950 2952; x_wconf 85' lang='lat' dir='ltr'><strong>vel</strong></span> <span class='ocrx_word' id='word_1_860' title='bbox 2982 2901 3116 2952; x_wconf 84' lang='lat' dir='ltr'><strong>mala</strong></span> <span class='ocrx_word' id='word_1_861' title='bbox 3151 2900 3491 2955; x_wconf 79' lang='lat' dir='ltr'><strong>confusione.</strong></span> <span class='ocrx_word' id='word_1_862' title='bbox 3539 2903 3606 2956; x_wconf 81' lang='lat' dir='ltr'><strong>Et</strong></span> <span class='ocrx_word' id='word_1_863' title='bbox 3653 2903 3772 2957; x_wconf 86' lang='lat' dir='ltr'><strong>ideo</strong></span> 
     </span>
    </p>
   </div>
   <div class='ocr_carea' id='block_1_115' title="bbox 2177 2967 3768 3043">
    <p class='ocr_par' dir='ltr' id='par_1_115' title="bbox 2177 2967 3768 3043">
     <span class='ocr_line' id='line_1_115' title="bbox 2177 2967 3768 3043; baseline 0.004 -23"><span class='ocrx_word' id='word_1_864' title='bbox 2177 2967 2300 3043; x_wconf 81' lang='lat' dir='ltr'><strong>dico</strong></span> <span class='ocrx_word' id='word_1_865' title='bbox 2326 2968 2730 3043; x_wconf 76' lang='lat' dir='ltr'><strong>confundantur,</strong></span> <span class='ocrx_word' id='word_1_866' title='bbox 2759 2971 2879 3037; x_wconf 85' lang='lat' dir='ltr'><strong>quia</strong></span> <span class='ocrx_word' id='word_1_867' title='bbox 2909 2971 3133 3043; x_wconf 85' lang='lat' dir='ltr'><strong>fecerunt</strong></span> <span class='ocrx_word' id='word_1_868' title='bbox 3174 2972 3363 3043; x_wconf 84' lang='lat' dir='ltr'><strong>injuste</strong></span> <span class='ocrx_word' id='word_1_869' title='bbox 3395 2987 3413 3024; x_wconf 91' lang='lat'><strong><em>:</em></strong></span> <span class='ocrx_word' id='word_1_870' title='bbox 3441 2983 3499 3027; x_wconf 87' lang='lat' dir='ltr'><strong>et</strong></span> <span class='ocrx_word' id='word_1_871' title='bbox 3530 2989 3658 3028; x_wconf 80' lang='lat' dir='ltr'><strong>vere</strong></span> <span class='ocrx_word' id='word_1_872' title='bbox 3687 2976 3768 3027; x_wconf 82' lang='lat' dir='ltr'><strong>in-</strong></span> 
     </span>
    </p>
   </div>
   <div class='ocr_carea' id='block_1_116' title="bbox 2171 3037 3766 3110">
    <p class='ocr_par' dir='ltr' id='par_1_116' title="bbox 2171 3037 3766 3110">
     <span class='ocr_line' id='line_1_116' title="bbox 2171 3037 3766 3110; baseline 0.004 -18"><span class='ocrx_word' id='word_1_873' title='bbox 2171 3037 2334 3107; x_wconf 84' lang='lat' dir='ltr'><strong>juste,</strong></span> <span class='ocrx_word' id='word_1_874' title='bbox 2365 3037 2487 3108; x_wconf 82' lang='lat' dir='ltr'><strong>qnia</strong></span> <span class='ocrx_word' id='word_1_875' title='bbox 2518 3041 2832 3110; x_wconf 84' lang='lat' dir='ltr'><strong>iniquitatem</strong></span> <span class='ocrx_word' id='word_1_876' title='bbox 2859 3037 3066 3108; x_wconf 72' lang='lat' dir='ltr'><strong>operati</strong></span> <span class='ocrx_word' id='word_1_877' title='bbox 3099 3037 3237 3096; x_wconf 56' lang='lat' dir='ltr'><strong>sunt&#39;</strong></span> <span class='ocrx_word' id='word_1_878' title='bbox 3252 3045 3303 3096; x_wconf 87' lang='lat' dir='ltr'><strong>in</strong></span> <span class='ocrx_word' id='word_1_879' title='bbox 3328 3061 3427 3096; x_wconf 83' lang='lat' dir='ltr'><strong>me.</strong></span> <span class='ocrx_word' id='word_1_880' title='bbox 3458 3045 3602 3110; x_wconf 84' lang='lat' dir='ltr'><strong>Quid</strong></span> <span class='ocrx_word' id='word_1_881' title='bbox 3627 3047 3766 3100; x_wconf 80' lang='lat' dir='ltr'><strong>enim</strong></span> 
     </span>
    </p>
   </div>
   <div class='ocr_carea' id='block_1_117' title="bbox 2178 3110 3770 3182">
    <p class='ocr_par' dir='ltr' id='par_1_117' title="bbox 2178 3110 3770 3182">
     <span class='ocr_line' id='line_1_117' title="bbox 2178 3110 3770 3182; baseline 0.005 -20"><span class='ocrx_word' id='word_1_882' title='bbox 2178 3110 2414 3180; x_wconf 84' lang='lat' dir='ltr'><strong>iniquius</strong></span> <span class='ocrx_word' id='word_1_883' title='bbox 2441 3126 2595 3178; x_wconf 86' lang='lat' dir='ltr'><strong>quam</strong></span> <span class='ocrx_word' id='word_1_884' title='bbox 2620 3122 2674 3165; x_wconf 89' lang='lat' dir='ltr'><strong>et</strong></span> <span class='ocrx_word' id='word_1_885' title='bbox 2705 3111 2971 3167; x_wconf 88' lang='lat' dir='ltr'><strong>hominem</strong></span> <span class='ocrx_word' id='word_1_886' title='bbox 2998 3115 3050 3167; x_wconf 91' lang='lat' dir='ltr'><strong>in</strong></span> <span class='ocrx_word' id='word_1_887' title='bbox 3073 3127 3131 3168; x_wconf 88' lang='lat' dir='ltr'><strong>se</strong></span> <span class='ocrx_word' id='word_1_888' title='bbox 3157 3115 3358 3169; x_wconf 86' lang='lat' dir='ltr'><strong>malum</strong></span> <span class='ocrx_word' id='word_1_889' title='bbox 3407 3131 3532 3171; x_wconf 88' lang='lat' dir='ltr'><strong>esse</strong></span> <span class='ocrx_word' id='word_1_890' title='bbox 3563 3158 3580 3182; x_wconf 93' lang='lat'><strong>,</strong></span> <span class='ocrx_word' id='word_1_891' title='bbox 3632 3127 3686 3170; x_wconf 91' lang='lat' dir='ltr'><strong>et</strong></span> <span class='ocrx_word' id='word_1_892' title='bbox 3713 3125 3770 3172; x_wconf 83' lang='lat' dir='ltr'><strong>ut</strong></span> 
     </span>
    </p>
   </div>
   <div class='ocr_carea' id='block_1_118' title="bbox 2179 3182 3766 3257">
    <p class='ocr_par' dir='ltr' id='par_1_118' title="bbox 2179 3182 3766 3257">
     <span class='ocr_line' id='line_1_118' title="bbox 2179 3182 3766 3257; baseline 0.005 -23"><span class='ocrx_word' id='word_1_893' title='bbox 2179 3182 2461 3257; x_wconf 73' lang='lat' dir='ltr'><strong>aditialum</strong></span> <span class='ocrx_word' id='word_1_894' title='bbox 2481 3182 2615 3236; x_wconf 90' lang='lat' dir='ltr'><strong>alios</strong></span> <span class='ocrx_word' id='word_1_895' title='bbox 2632 3186 2923 3250; x_wconf 86' lang='lat' dir='ltr'><strong>pertrahat,</strong></span> <span class='ocrx_word' id='word_1_896' title='bbox 2939 3199 3155 3254; x_wconf 86' lang='lat' dir='ltr'><strong>operam</strong></span> <span class='ocrx_word' id='word_1_897' title='bbox 3177 3187 3344 3240; x_wconf 80' lang='lat' dir='ltr'><strong>dare?</strong></span> <span class='ocrx_word' id='word_1_898' title='bbox 3373 3187 3503 3256; x_wconf 88' lang='lat' dir='ltr'><strong>Ipsi,</strong></span> <span class='ocrx_word' id='word_1_899' title='bbox 3531 3190 3766 3257; x_wconf 85' lang='lat' dir='ltr'><strong>inquam,</strong></span> 
     </span>
    </p>
   </div>
   <div class='ocr_carea' id='block_1_119' title="bbox 2179 3255 3768 3328">
    <p class='ocr_par' dir='ltr' id='par_1_119' title="bbox 2179 3255 3768 3328">
     <span class='ocr_line' id='line_1_119' title="bbox 2179 3255 3768 3328; baseline 0.006 -23"><span class='ocrx_word' id='word_1_900' title='bbox 2179 3255 2460 3328; x_wconf 78' lang='lat' dir='ltr'><strong>voluerunt</strong></span> <span class='ocrx_word' id='word_1_901' title='bbox 2491 3268 2576 3307; x_wconf 90' lang='lat' dir='ltr'><strong>tne</strong></span> <span class='ocrx_word' id='word_1_902' title='bbox 2603 3257 2866 3328; x_wconf 79' lang='lat' dir='ltr'><strong>devocare</strong></span> <span class='ocrx_word' id='word_1_903' title='bbox 2891 3298 2905 3322; x_wconf 94' lang='lat'><strong>,</strong></span> <span class='ocrx_word' id='word_1_904' title='bbox 2938 3271 3028 3326; x_wconf 82' lang='lat' dir='ltr'><strong>ego</strong></span> <span class='ocrx_word' id='word_1_905' title='bbox 3079 3267 3251 3311; x_wconf 86' lang='lat' dir='ltr'><strong>autent</strong></span> <span class='ocrx_word' id='word_1_906' title='bbox 3294 3255 3470 3326; x_wconf 86' lang='lat' dir='ltr'><strong>potius</strong></span> <span class='ocrx_word' id='word_1_907' title='bbox 3500 3255 3660 3328; x_wconf 79' lang='lat' dir='ltr'><strong>quain</strong></span> <span class='ocrx_word' id='word_1_908' title='bbox 3689 3262 3768 3314; x_wconf 82' lang='lat' dir='ltr'><strong>eis</strong></span> 
     </span>
    </p>
   </div>
   <div class='ocr_carea' id='block_1_120' title="bbox 2174 3323 3769 3394">
    <p class='ocr_par' dir='ltr' id='par_1_120' title="bbox 2174 3323 3769 3394">
     <span class='ocr_line' id='line_1_120' title="bbox 2174 3323 3769 3394; baseline 0.004 -17"><span class='ocrx_word' id='word_1_909' title='bbox 2174 3323 2531 3394; x_wconf 84' lang='lat' dir='ltr'><strong>acquiescam,</strong></span> <span class='ocrx_word' id='word_1_910' title='bbox 2560 3326 2829 3380; x_wconf 69' lang='lat' dir='ltr'><strong>exercebar</strong></span> <span class='ocrx_word' id='word_1_911' title='bbox 2857 3329 2910 3382; x_wconf 88' lang='lat' dir='ltr'><strong>in</strong></span> <span class='ocrx_word' id='word_1_912' title='bbox 2949 3323 3208 3384; x_wconf 76' lang='lat' dir='ltr'><strong>mandatis</strong></span> <span class='ocrx_word' id='word_1_913' title='bbox 3237 3323 3338 3384; x_wconf 75' lang='lat' dir='ltr'><strong>tatis</strong></span> <span class='ocrx_word' id='word_1_914' title='bbox 3370 3346 3474 3385; x_wconf 91' lang='lat' dir='ltr'><strong>non</strong></span> <span class='ocrx_word' id='word_1_915' title='bbox 3500 3323 3564 3383; x_wconf 76' lang='lat' dir='ltr'><strong>ad</strong></span> <span class='ocrx_word' id='word_1_916' title='bbox 3589 3331 3769 3385; x_wconf 82' lang='lat' dir='ltr'><strong>scien-</strong></span> 
     </span>
    </p>
   </div>
   <div class='ocr_carea' id='block_1_121' title="bbox 2175 3395 2800 3461">
    <p class='ocr_par' dir='ltr' id='par_1_121' title="bbox 2175 3395 2800 3461">
     <span class='ocr_line' id='line_1_121' title="bbox 2175 3395 2800 3461; baseline 0.005 -12"><span class='ocrx_word' id='word_1_917' title='bbox 2175 3395 2323 3461; x_wconf 91' lang='lat' dir='ltr'><strong>dum,</strong></span> <span class='ocrx_word' id='word_1_918' title='bbox 2351 3397 2442 3451; x_wconf 84' lang='lat' dir='ltr'><strong>sed</strong></span> <span class='ocrx_word' id='word_1_919' title='bbox 2474 3396 2800 3452; x_wconf 78' lang='lat' dir='ltr'><strong>iaciendum.</strong></span> 
     </span>
    </p>
   </div>
   <div class='ocr_carea' id='block_1_122' title="bbox 2245 3467 3758 3542">
    <p class='ocr_par' dir='ltr' id='par_1_122' title="bbox 2245 3467 3758 3542">
     <span class='ocr_line' id='line_1_122' title="bbox 2245 3467 3758 3542; baseline 0.005 -22"><span class='ocrx_word' id='word_1_920' title='bbox 2245 3467 2616 3542; x_wconf 79' lang='lat' dir='ltr'><strong>Conuertantur</strong></span> <span class='ocrx_word' id='word_1_921' title='bbox 2655 3470 2798 3542; x_wconf 82' lang='lat' dir='ltr'><strong>mihi.</strong></span> <span class='ocrx_word' id='word_1_922' title='bbox 2842 3469 3007 3537; x_wconf 86' lang='lat' dir='ltr'><strong>Quasi</strong></span> <span class='ocrx_word' id='word_1_923' title='bbox 3053 3473 3199 3528; x_wconf 86' lang='lat' dir='ltr'><strong>dicat</strong></span> <span class='ocrx_word' id='word_1_924' title='bbox 3248 3492 3259 3526; x_wconf 94' lang='lat'>:</span> <span class='ocrx_word' id='word_1_925' title='bbox 3317 3472 3758 3542; x_wconf 75' lang='lat' dir='ltr'><strong>Quandoquidem</strong></span> 
     </span>
    </p>
   </div>
   <div class='ocr_carea' id='block_1_123' title="bbox 2177 3540 3766 3615">
    <p class='ocr_par' dir='ltr' id='par_1_123' title="bbox 2177 3540 3766 3615">
     <span class='ocr_line' id='line_1_123' title="bbox 2177 3540 3766 3615; baseline 0.004 -24"><span class='ocrx_word' id='word_1_926' title='bbox 2177 3540 2445 3615; x_wconf 58' lang='lat' dir='ltr'><strong>exercebar</strong></span> <span class='ocrx_word' id='word_1_927' title='bbox 2470 3542 2524 3615; x_wconf 84' lang='lat' dir='ltr'><strong>in</strong></span> <span class='ocrx_word' id='word_1_928' title='bbox 2553 3540 2810 3615; x_wconf 80' lang='lat' dir='ltr'><strong>mandatis</strong></span> <span class='ocrx_word' id='word_1_929' title='bbox 2848 3543 2988 3615; x_wconf 79' lang='lat' dir='ltr'><strong>tuis,</strong></span> <span class='ocrx_word' id='word_1_930' title='bbox 3040 3559 3168 3615; x_wconf 83' lang='lat' dir='ltr'><strong>ergo</strong></span> <span class='ocrx_word' id='word_1_931' title='bbox 3217 3540 3582 3599; x_wconf 71' lang='lat' dir='ltr'><strong>convertantur</strong></span> <span class='ocrx_word' id='word_1_932' title='bbox 3636 3545 3766 3598; x_wconf 73' lang='lat' dir='ltr'><strong>mihi</strong></span> 
     </span>
    </p>
   </div>
   <div class='ocr_carea' id='block_1_124' title="bbox 2177 3610 3770 3682">
    <p class='ocr_par' dir='ltr' id='par_1_124' title="bbox 2177 3610 3770 3682">
     <span class='ocr_line' id='line_1_124' title="bbox 2177 3610 3770 3682; baseline 0.004 -19"><span class='ocrx_word' id='word_1_933' title='bbox 2177 3610 2302 3679; x_wconf 85' lang='lat' dir='ltr'><strong>(pro</strong></span> <span class='ocrx_word' id='word_1_934' title='bbox 2326 3612 2390 3664; x_wconf 88' lang='lat' dir='ltr'><strong>ad</strong></span> <span class='ocrx_word' id='word_1_935' title='bbox 2420 3613 2555 3681; x_wconf 90' lang='lat' dir='ltr'><strong>me),</strong></span> <span class='ocrx_word' id='word_1_936' title='bbox 2585 3612 2638 3665; x_wconf 91' lang='lat' dir='ltr'><strong>id</strong></span> <span class='ocrx_word' id='word_1_937' title='bbox 2662 3622 2765 3678; x_wconf 82' lang='lat' dir='ltr'><strong>est,</strong></span> <span class='ocrx_word' id='word_1_938' title='bbox 2797 3610 3135 3670; x_wconf 60' lang='lat' dir='ltr'><strong>eonformen&#39;t</strong></span> <span class='ocrx_word' id='word_1_939' title='bbox 3166 3630 3226 3670; x_wconf 84' lang='lat' dir='ltr'><strong>se</strong></span> <span class='ocrx_word' id='word_1_940' title='bbox 3259 3618 3414 3682; x_wconf 88' lang='lat' dir='ltr'><strong>mihi,</strong></span> <span class='ocrx_word' id='word_1_941' title='bbox 3443 3619 3681 3671; x_wconf 79' lang='lat' dir='ltr'><strong>timentes</strong></span> <span class='ocrx_word' id='word_1_942' title='bbox 3724 3627 3770 3670; x_wconf 88' lang='lat' dir='ltr'><strong>te</strong></span> 
     </span>
    </p>
   </div>
   <div class='ocr_carea' id='block_1_125' title="bbox 2174 3685 3770 3753">
    <p class='ocr_par' dir='ltr' id='par_1_125' title="bbox 2174 3685 3770 3753">
     <span class='ocr_line' id='line_1_125' title="bbox 2174 3685 3770 3753; baseline 0.005 -19"><span class='ocrx_word' id='word_1_943' title='bbox 2174 3691 2322 3736; x_wconf 89' lang='lat' dir='ltr'><strong>casto</strong></span> <span class='ocrx_word' id='word_1_944' title='bbox 2351 3685 2562 3749; x_wconf 87' lang='lat' dir='ltr'><strong>timore,</strong></span> <span class='ocrx_word' id='word_1_945' title='bbox 2596 3694 2649 3737; x_wconf 90' lang='lat' dir='ltr'><strong>et</strong></span> <span class='ocrx_word' id='word_1_946' title='bbox 2677 3685 2829 3753; x_wconf 87' lang='lat' dir='ltr'><strong>quasi</strong></span> <span class='ocrx_word' id='word_1_947' title='bbox 2861 3685 2998 3740; x_wconf 89' lang='lat' dir='ltr'><strong>dicat</strong></span> <span class='ocrx_word' id='word_1_948' title='bbox 3033 3704 3044 3738; x_wconf 86' lang='lat'><strong>:</strong></span> <span class='ocrx_word' id='word_1_949' title='bbox 3079 3686 3334 3742; x_wconf 82' lang='lat' dir='ltr'><strong>Timentes</strong></span> <span class='ocrx_word' id='word_1_950' title='bbox 3376 3699 3425 3741; x_wconf 90' lang='lat' dir='ltr'><strong>te</strong></span> <span class='ocrx_word' id='word_1_951' title='bbox 3477 3688 3603 3742; x_wconf 86' lang='lat' dir='ltr'><strong>dico</strong></span> <span class='ocrx_word' id='word_1_952' title='bbox 3651 3689 3770 3742; x_wconf 82' lang='lat' dir='ltr'><strong>illos</strong></span> 
     </span>
    </p>
   </div>
   <div class='ocr_carea' id='block_1_126' title="bbox 2173 3753 3772 3829">
    <p class='ocr_par' dir='ltr' id='par_1_126' title="bbox 2173 3753 3772 3829">
     <span class='ocr_line' id='line_1_126' title="bbox 2173 3753 3772 3829; baseline 0.005 -23"><span class='ocrx_word' id='word_1_953' title='bbox 2173 3753 2263 3819; x_wconf 92' lang='lat' dir='ltr'><strong>qui</strong></span> <span class='ocrx_word' id='word_1_954' title='bbox 2290 3764 2534 3829; x_wconf 75' lang='lat' dir='ltr'><strong>nouerunt</strong></span> <span class='ocrx_word' id='word_1_955' title='bbox 2558 3755 2784 3829; x_wconf 88' lang='lat' dir='ltr'><strong>interius</strong></span> <span class='ocrx_word' id='word_1_956' title='bbox 2805 3757 3097 3829; x_wconf 82' lang='lat' dir='ltr'><strong>testimonia</strong></span> <span class='ocrx_word' id='word_1_957' title='bbox 3126 3768 3236 3826; x_wconf 86' lang='lat' dir='ltr'><strong>tua,</strong></span> <span class='ocrx_word' id='word_1_958' title='bbox 3270 3760 3320 3812; x_wconf 92' lang='lat' dir='ltr'><strong>id</strong></span> <span class='ocrx_word' id='word_1_959' title='bbox 3345 3768 3454 3825; x_wconf 90' lang='lat' dir='ltr'><strong>est,</strong></span> <span class='ocrx_word' id='word_1_960' title='bbox 3499 3769 3772 3829; x_wconf 68' lang='lat' dir='ltr'><strong>praecepta</strong></span> 
     </span>
    </p>
   </div>
   <div class='ocr_carea' id='block_1_127' title="bbox 2176 3825 3642 3894">
    <p class='ocr_par' dir='ltr' id='par_1_127' title="bbox 2176 3825 3642 3894">
     <span class='ocr_line' id='line_1_127' title="bbox 2176 3825 3642 3894; baseline 0.005 -18"><span class='ocrx_word' id='word_1_961' title='bbox 2176 3831 2290 3894; x_wconf 76' lang='lat' dir='ltr'><strong>tua,</strong></span> <span class='ocrx_word' id='word_1_962' title='bbox 2312 3825 2517 3878; x_wconf 90' lang='lat' dir='ltr'><strong>scilicet</strong></span> <span class='ocrx_word' id='word_1_963' title='bbox 2538 3840 2642 3879; x_wconf 91' lang='lat' dir='ltr'><strong>non</strong></span> <span class='ocrx_word' id='word_1_964' title='bbox 2672 3826 2736 3878; x_wconf 90' lang='lat' dir='ltr'><strong>ad</strong></span> <span class='ocrx_word' id='word_1_965' title='bbox 2761 3827 3061 3894; x_wconf 87' lang='lat' dir='ltr'><strong>sciendum,</strong></span> <span class='ocrx_word' id='word_1_966' title='bbox 3091 3832 3185 3884; x_wconf 89' lang='lat' dir='ltr'><strong>sed</strong></span> <span class='ocrx_word' id='word_1_967' title='bbox 3212 3825 3276 3884; x_wconf 87' lang='lat' dir='ltr'><strong>ad</strong></span> <span class='ocrx_word' id='word_1_968' title='bbox 3307 3825 3642 3886; x_wconf 80' lang='lat' dir='ltr'><strong>faciendum.</strong></span> 
     </span>
    </p>
   </div>
   <div class='ocr_carea' id='block_1_128' title="bbox 2243 3893 3770 3969">
    <p class='ocr_par' dir='ltr' id='par_1_128' title="bbox 2243 3893 3770 3969">
     <span class='ocr_line' id='line_1_128' title="bbox 2243 3893 3770 3969; baseline 0.006 -22"><span class='ocrx_word' id='word_1_969' title='bbox 2243 3893 2366 3948; x_wconf 82' lang='lat' dir='ltr'><strong>Fiat</strong></span> <span class='ocrx_word' id='word_1_970' title='bbox 2397 3912 2483 3948; x_wconf 91' lang='lat' dir='ltr'><strong>cor</strong></span> <span class='ocrx_word' id='word_1_971' title='bbox 2512 3913 2698 3949; x_wconf 86' lang='lat' dir='ltr'><strong>meum.</strong></span> <span class='ocrx_word' id='word_1_972' title='bbox 2729 3897 2891 3962; x_wconf 90' lang='lat' dir='ltr'><strong>Quasi</strong></span> <span class='ocrx_word' id='word_1_973' title='bbox 2923 3893 3065 3954; x_wconf 83' lang='lat' dir='ltr'><strong>dicat</strong></span> <span class='ocrx_word' id='word_1_974' title='bbox 3097 3918 3110 3952; x_wconf 92' lang='lat'>:</span> <span class='ocrx_word' id='word_1_975' title='bbox 3149 3901 3213 3955; x_wconf 76' lang='lat' dir='ltr'><strong>Ut</strong></span> <span class='ocrx_word' id='word_1_976' title='bbox 3254 3903 3342 3954; x_wconf 89' lang='lat' dir='ltr'><strong>alii</strong></span> <span class='ocrx_word' id='word_1_977' title='bbox 3363 3903 3622 3969; x_wconf 78' lang='lat' dir='ltr'><strong>exemplo</strong></span> <span class='ocrx_word' id='word_1_978' title='bbox 3651 3917 3770 3956; x_wconf 88' lang='lat' dir='ltr'><strong>meo</strong></span> 
     </span>
    </p>
   </div>
   <div class='ocr_carea' id='block_1_129' title="bbox 2172 3969 3771 4040">
    <p class='ocr_par' dir='ltr' id='par_1_129' title="bbox 2172 3969 3771 4040">
     <span class='ocr_line' id='line_1_129' title="bbox 2172 3969 3771 4040; baseline 0.003 -18"><span class='ocrx_word' id='word_1_979' title='bbox 2172 3976 2576 4040; x_wconf 84' lang='lat' dir='ltr'><strong>convertantur,</strong></span> <span class='ocrx_word' id='word_1_980' title='bbox 2627 3976 2682 4022; x_wconf 89' lang='lat' dir='ltr'><strong>et</strong></span> <span class='ocrx_word' id='word_1_981' title='bbox 2730 3983 2817 4022; x_wconf 91' lang='lat' dir='ltr'><strong>me</strong></span> <span class='ocrx_word' id='word_1_982' title='bbox 2869 3969 3170 4037; x_wconf 87' lang='lat' dir='ltr'><strong>imitentur,</strong></span> <span class='ocrx_word' id='word_1_983' title='bbox 3223 3987 3372 4040; x_wconf 73' lang='lat' dir='ltr'><strong>ergo,</strong></span> <span class='ocrx_word' id='word_1_984' title='bbox 3401 3974 3771 4040; x_wconf 81' lang='lat' dir='ltr'><strong>Domine,cor</strong></span> 
     </span>
    </p>
   </div>
   <div class='ocr_carea' id='block_1_130' title="bbox 2171 4039 3774 4113">
    <p class='ocr_par' dir='ltr' id='par_1_130' title="bbox 2171 4039 3774 4113">
     <span class='ocr_line' id='line_1_130' title="bbox 2171 4039 3774 4113; baseline 0.007 -24"><span class='ocrx_word' id='word_1_985' title='bbox 2171 4053 2338 4113; x_wconf 76' lang='lat' dir='ltr'><strong>meum</strong></span> <span class='ocrx_word' id='word_1_986' title='bbox 2365 4039 2458 4113; x_wconf 75' lang='lat' dir='ltr'><strong>[tat</strong></span> <span class='ocrx_word' id='word_1_987' title='bbox 2485 4040 2891 4113; x_wconf 83' lang='lat' dir='ltr'><strong>imntaculatum,</strong></span> <span class='ocrx_word' id='word_1_988' title='bbox 2921 4041 2970 4095; x_wconf 92' lang='lat' dir='ltr'><strong>id</strong></span> <span class='ocrx_word' id='word_1_989' title='bbox 3001 4052 3084 4096; x_wconf 64' lang='lat' dir='ltr'><strong>est</strong></span> <span class='ocrx_word' id='word_1_990' title='bbox 3106 4083 3121 4108; x_wconf 94' lang='lat'><strong>,</strong></span> <span class='ocrx_word' id='word_1_991' title='bbox 3158 4044 3249 4098; x_wconf 85' lang='lat' dir='ltr'><strong>liat</strong></span> <span class='ocrx_word' id='word_1_992' title='bbox 3269 4039 3384 4099; x_wconf 81' lang='lat' dir='ltr'><strong>sine</strong></span> <span class='ocrx_word' id='word_1_993' title='bbox 3425 4039 3681 4113; x_wconf 76' lang='lat' dir='ltr'><strong>macula,</strong></span> <span class='ocrx_word' id='word_1_994' title='bbox 3720 4054 3774 4101; x_wconf 76' lang='lat' dir='ltr'><strong>et</strong></span> 
     </span>
    </p>
   </div>
   <div class='ocr_carea' id='block_1_131' title="bbox 2171 4109 3767 4184">
    <p class='ocr_par' dir='ltr' id='par_1_131' title="bbox 2171 4109 3767 4184">
     <span class='ocr_line' id='line_1_131' title="bbox 2171 4109 3767 4184; baseline 0.005 -21"><span class='ocrx_word' id='word_1_995' title='bbox 2171 4109 2643 4179; x_wconf 85' lang='lat' dir='ltr'><strong>irreprehensibile</strong></span> <span class='ocrx_word' id='word_1_996' title='bbox 2685 4112 2737 4164; x_wconf 87' lang='lat' dir='ltr'><strong>in</strong></span> <span class='ocrx_word' id='word_1_997' title='bbox 2789 4113 3252 4182; x_wconf 83' lang='lat' dir='ltr'><strong>justiﬁcationibus</strong></span> <span class='ocrx_word' id='word_1_998' title='bbox 3306 4118 3450 4182; x_wconf 84' lang='lat' dir='ltr'><strong>tuis,</strong></span> <span class='ocrx_word' id='word_1_999' title='bbox 3501 4116 3575 4170; x_wconf 83' lang='lat' dir='ltr'><strong>ad</strong></span> <span class='ocrx_word' id='word_1_1000' title='bbox 3625 4109 3767 4184; x_wconf 78' lang='lat' dir='ltr'><strong>hoc,</strong></span> 
     </span>
    </p>
   </div>
   <div class='ocr_carea' id='block_1_132' title="bbox 2170 4183 3771 4256">
    <p class='ocr_par' dir='ltr' id='par_1_132' title="bbox 2170 4183 3771 4256">
     <span class='ocr_line' id='line_1_132' title="bbox 2170 4183 3771 4256; baseline 0.005 -21"><span class='ocrx_word' id='word_1_1001' title='bbox 2170 4191 2224 4235; x_wconf 87' lang='lat' dir='ltr'><strong>ut</strong></span> <span class='ocrx_word' id='word_1_1002' title='bbox 2274 4198 2375 4256; x_wconf 88' lang='lat' dir='ltr'><strong>non</strong></span> <span class='ocrx_word' id='word_1_1003' title='bbox 2407 4184 2732 4256; x_wconf 55' lang='lat' dir='ltr'><strong>confundor,</strong></span> <span class='ocrx_word' id='word_1_1004' title='bbox 2785 4183 2836 4237; x_wconf 89' lang='lat' dir='ltr'><strong>id</strong></span> <span class='ocrx_word' id='word_1_1005' title='bbox 2878 4194 2978 4250; x_wconf 90' lang='lat' dir='ltr'><strong>est,</strong></span> <span class='ocrx_word' id='word_1_1006' title='bbox 3007 4195 3121 4240; x_wconf 85' lang='lat' dir='ltr'><strong>uta</strong></span> <span class='ocrx_word' id='word_1_1007' title='bbox 3150 4187 3502 4256; x_wconf 85' lang='lat' dir='ltr'><strong>sequentibus</strong></span> <span class='ocrx_word' id='word_1_1008' title='bbox 3531 4203 3624 4243; x_wconf 87' lang='lat' dir='ltr'><strong>me</strong></span> <span class='ocrx_word' id='word_1_1009' title='bbox 3663 4203 3771 4243; x_wconf 85' lang='lat' dir='ltr'><strong>non</strong></span> 
     </span>
    </p>
   </div>
   <div class='ocr_carea' id='block_1_133' title="bbox 2170 4253 3770 4330">
    <p class='ocr_par' dir='ltr' id='par_1_133' title="bbox 2170 4253 3770 4330">
     <span class='ocr_line' id='line_1_133' title="bbox 2170 4253 3770 4330; baseline 0.004 -22"><span class='ocrx_word' id='word_1_1010' title='bbox 2170 4255 2339 4322; x_wconf 77' lang='lat' dir='ltr'><strong>possit</strong></span> <span class='ocrx_word' id='word_1_1011' title='bbox 2388 4253 2514 4318; x_wconf 87' lang='lat' dir='ltr'><strong>dici,</strong></span> <span class='ocrx_word' id='word_1_1012' title='bbox 2560 4253 2663 4309; x_wconf 82' lang='lat' dir='ltr'><strong>llic</strong></span> <span class='ocrx_word' id='word_1_1013' title='bbox 2721 4256 2872 4310; x_wconf 79' lang='lat' dir='ltr'><strong>homo</strong></span> <span class='ocrx_word' id='word_1_1014' title='bbox 2919 4259 3066 4327; x_wconf 68' lang='lat' dir='ltr'><strong>erepit</strong></span> <span class='ocrx_word' id='word_1_1015' title='bbox 3107 4253 3386 4326; x_wconf 60' lang='lat' dir='ltr'><strong>aedificare,</strong></span> <span class='ocrx_word' id='word_1_1016' title='bbox 3439 4275 3550 4314; x_wconf 76' lang='lat' dir='ltr'><strong>non</strong></span> <span class='ocrx_word' id='word_1_1017' title='bbox 3603 4261 3770 4330; x_wconf 69' lang='lat' dir='ltr'><strong>potuit</strong></span> 
     </span>
    </p>
   </div>
   <div class='ocr_carea' id='block_1_134' title="bbox 2169 4337 2542 4378">
    <p class='ocr_par' dir='ltr' id='par_1_134' title="bbox 2169 4337 2542 4378">
     <span class='ocr_line' id='line_1_134' title="bbox 2169 4337 2542 4378; baseline 0.005 -2"><span class='ocrx_word' id='word_1_1018' title='bbox 2169 4337 2542 4378; x_wconf 85' lang='lat' dir='ltr'><strong>consummare.</strong></span> 
     </span>
    </p>
   </div>
   <div class='ocr_carea' id='block_1_135' title="bbox 2748 4419 3181 4490">
    <p class='ocr_par' dir='ltr' id='par_1_135' title="bbox 2748 4419 3181 4490">
     <span class='ocr_line' id='line_1_135' title="bbox 2748 4419 3181 4490; baseline 0 -14"><span class='ocrx_word' id='word_1_1019' title='bbox 2748 4419 2894 4490; x_wconf 85' lang='lat' dir='ltr'><strong>Caph</strong></span> <span class='ocrx_word' id='word_1_1020' title='bbox 2915 4465 2929 4489; x_wconf 90' lang='lat'><strong>,</strong></span> <span class='ocrx_word' id='word_1_1021' title='bbox 2973 4436 3181 4480; x_wconf 83' lang='lat' dir='ltr'><strong>manus.</strong></span> 
     </span>
    </p>
   </div>
   <div class='ocr_carea' id='block_1_136' title="bbox 2780 4528 3134 4570">
    <p class='ocr_par' dir='ltr' id='par_1_136' title="bbox 2780 4528 3134 4570">
     <span class='ocr_line' id='line_1_136' title="bbox 2780 4528 3134 4570; baseline -0.003 -3"><span class='ocrx_word' id='word_1_1022' title='bbox 2780 4528 3134 4570; x_wconf 68' lang='lat' dir='ltr'><strong>EXPLANATIO.</strong></span> 
     </span>
    </p>
   </div>
   <div class='ocr_carea' id='block_1_137' title="bbox 2247 4623 3766 4708">
    <p class='ocr_par' dir='ltr' id='par_1_137' title="bbox 2247 4623 3766 4708">
     <span class='ocr_line' id='line_1_137' title="bbox 2247 4623 3766 4708; baseline 0.009 -30"><span class='ocrx_word' id='word_1_1023' title='bbox 2247 4623 2581 4708; x_wconf 78' lang='lat' dir='ltr'><strong>Uudccimam</strong></span> <span class='ocrx_word' id='word_1_1024' title='bbox 2613 4628 2843 4708; x_wconf 77' lang='lat' dir='ltr'><strong>litteram</strong></span> <span class='ocrx_word' id='word_1_1025' title='bbox 2865 4633 3178 4708; x_wconf 26' lang='lat' dir='ltr'><strong>peregrinus-</strong></span> <span class='ocrx_word' id='word_1_1026' title='bbox 3200 4631 3254 4687; x_wconf 89' lang='lat' dir='ltr'><strong>in</strong></span> <span class='ocrx_word' id='word_1_1027' title='bbox 3284 4632 3380 4689; x_wconf 86' lang='lat' dir='ltr'><strong>hac</strong></span> <span class='ocrx_word' id='word_1_1028' title='bbox 3408 4643 3550 4690; x_wconf 85' lang='lat' dir='ltr'><strong>terra</strong></span> <span class='ocrx_word' id='word_1_1029' title='bbox 3595 4652 3766 4708; x_wconf 79' lang='lat' dir='ltr'><strong>popu-</strong></span> 
     </span>
    </p>
   </div>
   <div class='ocr_carea' id='block_1_138' title="bbox 2175 4697 3768 4769">
    <p class='ocr_par' dir='ltr' id='par_1_138' title="bbox 2175 4697 3768 4769">
     <span class='ocr_line' id='line_1_138' title="bbox 2175 4697 3768 4769; baseline 0.008 -19"><span class='ocrx_word' id='word_1_1030' title='bbox 2175 4697 2252 4769; x_wconf 89' lang='lat' dir='ltr'><strong>l_us</strong></span> <span class='ocrx_word' id='word_1_1031' title='bbox 2274 4699 2492 4765; x_wconf 88' lang='lat' dir='ltr'><strong>decatat,</strong></span> <span class='ocrx_word' id='word_1_1032' title='bbox 2511 4702 2561 4752; x_wconf 87' lang='lat' dir='ltr'><strong>in</strong></span> <span class='ocrx_word' id='word_1_1033' title='bbox 2583 4717 2684 4769; x_wconf 84' lang='lat' dir='ltr'><strong>qua</strong></span> <span class='ocrx_word' id='word_1_1034' title='bbox 2716 4697 2932 4756; x_wconf 80' lang='lat' dir='ltr'><strong>nimium</strong></span> <span class='ocrx_word' id='word_1_1035' title='bbox 2957 4697 3271 4759; x_wconf 73' lang='lat' dir='ltr'><strong>desiderium</strong></span> <span class='ocrx_word' id='word_1_1036' title='bbox 3291 4721 3442 4760; x_wconf 76' lang='lat' dir='ltr'><strong>suum</strong></span> <span class='ocrx_word' id='word_1_1037' title='bbox 3465 4709 3517 4760; x_wconf 83' lang='lat' dir='ltr'><strong>in</strong></span> <span class='ocrx_word' id='word_1_1038' title='bbox 3539 4697 3768 4764; x_wconf 72' lang='grc' dir='ltr'>αᾶοέιιιιι</span> 
     </span>
    </p>
   </div>
   <div class='ocr_carea' id='block_1_139' title="bbox 2176 4767 3766 4849">
    <p class='ocr_par' dir='ltr' id='par_1_139' title="bbox 2176 4767 3766 4849">
     <span class='ocr_line' id='line_1_139' title="bbox 2176 4767 3766 4849; baseline 0.009 -30"><span class='ocrx_word' id='word_1_1039' title='bbox 2176 4767 2382 4849; x_wconf 77' lang='lat' dir='ltr'><strong>Domini</strong></span> <span class='ocrx_word' id='word_1_1040' title='bbox 2413 4767 2628 4849; x_wconf 75' lang='lat' dir='ltr'><strong>feliciter</strong></span> <span class='ocrx_word' id='word_1_1041' title='bbox 2659 4773 2944 4849; x_wconf 73' lang='lat' dir='ltr'><strong>conﬁtetur.</strong></span> <span class='ocrx_word' id='word_1_1042' title='bbox 2987 4773 3276 4849; x_wconf 83' lang='lat' dir='ltr'><strong>Enumerat</strong></span> <span class='ocrx_word' id='word_1_1043' title='bbox 3323 4793 3522 4846; x_wconf 83' lang='lat' dir='ltr'><strong>quoque</strong></span> <span class='ocrx_word' id='word_1_1044' title='bbox 3572 4791 3766 4849; x_wconf 78' lang='lat' dir='ltr'><strong>quanta</strong></span> 
     </span>
    </p>
   </div>
   <div class='ocr_carea' id='block_1_140' title="bbox 2168 4840 3762 4919">
    <p class='ocr_par' dir='ltr' id='par_1_140' title="bbox 2168 4840 3762 4919">
     <span class='ocr_line' id='line_1_140' title="bbox 2168 4840 3762 4919; baseline 0.009 -28"><span class='ocrx_word' id='word_1_1045' title='bbox 2168 4840 2506 4919; x_wconf 78' lang='lat' dir='ltr'><strong>superborum</strong></span> <span class='ocrx_word' id='word_1_1046' title='bbox 2531 4844 2865 4919; x_wconf 80' lang='lat' dir='ltr'><strong>insultatione</strong></span> <span class='ocrx_word' id='word_1_1047' title='bbox 2887 4846 3167 4916; x_wconf 83' lang='lat' dir='ltr'><strong>pertulerit.</strong></span> <span class='ocrx_word' id='word_1_1048' title='bbox 3199 4849 3281 4901; x_wconf 82' lang='lat' dir='ltr'><strong>Ad</strong></span> <span class='ocrx_word' id='word_1_1049' title='bbox 3307 4840 3632 4918; x_wconf 73' lang='lat' dir='ltr'><strong>postremum</strong></span> <span class='ocrx_word' id='word_1_1050' title='bbox 3668 4869 3762 4919; x_wconf 80' lang='lat' dir='ltr'><strong>pc-</strong></span> 
     </span>
    </p>
   </div>
   <div class='ocr_carea' id='block_1_141' title="bbox 2169 4911 3762 4990">
    <p class='ocr_par' dir='ltr' id='par_1_141' title="bbox 2169 4911 3762 4990">
     <span class='ocr_line' id='line_1_141' title="bbox 2169 4911 3762 4990; baseline 0.008 -27"><span class='ocrx_word' id='word_1_1051' title='bbox 2169 4911 2250 4990; x_wconf 82' lang='lat' dir='ltr'><strong>t_i_t,</strong></span> <span class='ocrx_word' id='word_1_1052' title='bbox 2294 4913 2431 4966; x_wconf 89' lang='lat' dir='ltr'><strong>utin</strong></span> <span class='ocrx_word' id='word_1_1053' title='bbox 2474 4917 2729 4990; x_wconf 78' lang='lat' dir='ltr'><strong>mandatis</strong></span> <span class='ocrx_word' id='word_1_1054' title='bbox 2761 4911 2968 4971; x_wconf 76' lang='lat' dir='ltr'><strong>Domini</strong></span> <span class='ocrx_word' id='word_1_1055' title='bbox 3010 4919 3171 4988; x_wconf 86' lang='lat' dir='ltr'><strong>ipsius</strong></span> <span class='ocrx_word' id='word_1_1056' title='bbox 3208 4911 3413 4975; x_wconf 80' lang='lat' dir='ltr'><strong>munere</strong></span> <span class='ocrx_word' id='word_1_1057' title='bbox 3454 4911 3762 4990; x_wconf 71' lang='lat' dir='ltr'><strong>perseveret.</strong></span> 
     </span>
    </p>
   </div>
   <div class='ocr_carea' id='block_1_142' title="bbox 2173 4979 3761 5064">
    <p class='ocr_par' dir='ltr' id='par_1_142' title="bbox 2173 4979 3761 5064">
     <span class='ocr_line' id='line_1_142' title="bbox 2173 4979 3761 5064; baseline 0.009 -30"><span class='ocrx_word' id='word_1_1058' title='bbox 2173 4979 2300 5035; x_wconf 79' lang='lat' dir='ltr'><strong>Htec</strong></span> <span class='ocrx_word' id='word_1_1059' title='bbox 2319 4998 2446 5064; x_wconf 71' lang='lat' dir='ltr'><strong>ergo</strong></span> <span class='ocrx_word' id='word_1_1060' title='bbox 2474 4988 2653 5064; x_wconf 78' lang='lat' dir='ltr'><strong>mentis</strong></span> <span class='ocrx_word' id='word_1_1061' title='bbox 2680 4990 2875 5041; x_wconf 75' lang='lat' dir='ltr'><strong>devotio</strong></span> <span class='ocrx_word' id='word_1_1062' title='bbox 2899 5005 2987 5057; x_wconf 89' lang='lat' dir='ltr'><strong>per</strong></span> <span class='ocrx_word' id='word_1_1063' title='bbox 3014 4979 3158 5058; x_wconf 61' lang='grc' dir='ltr'><strong>(Ζαρή</strong></span> <span class='ocrx_word' id='word_1_1064' title='bbox 3185 4990 3405 5064; x_wconf 87' lang='lat' dir='ltr'><strong>litteram</strong></span> <span class='ocrx_word' id='word_1_1065' title='bbox 3434 4979 3761 5064; x_wconf 77' lang='lat' dir='ltr'><strong>designatur,</strong></span> 
     </span>
    </p>
   </div>
   <div class='ocr_carea' id='block_1_143' title="bbox 2168 5055 3765 5132">
    <p class='ocr_par' dir='ltr' id='par_1_143' title="bbox 2168 5055 3765 5132">
     <span class='ocr_line' id='line_1_143' title="bbox 2168 5055 3765 5132; baseline 0.009 -27"><span class='ocrx_word' id='word_1_1066' title='bbox 2168 5069 2284 5123; x_wconf 69' lang='lat' dir='ltr'><strong>qua:</strong></span> <span class='ocrx_word' id='word_1_1067' title='bbox 2313 5055 2383 5108; x_wconf 87' lang='lat' dir='ltr'><strong>ita</strong></span> <span class='ocrx_word' id='word_1_1068' title='bbox 2410 5072 2596 5132; x_wconf 78' lang='lat' dir='ltr'><strong>manus</strong></span> <span class='ocrx_word' id='word_1_1069' title='bbox 2623 5055 3018 5132; x_wconf 82' lang='lat' dir='ltr'><strong>interpretatur,</strong></span> <span class='ocrx_word' id='word_1_1070' title='bbox 3053 5055 3106 5132; x_wconf 85' lang='lat' dir='ltr'><strong>ut</strong></span> <span class='ocrx_word' id='word_1_1071' title='bbox 3160 5063 3386 5132; x_wconf 84' lang='lat' dir='ltr'><strong>ejusdem</strong></span> <span class='ocrx_word' id='word_1_1072' title='bbox 3427 5055 3616 5120; x_wconf 49' lang='lat' dir='ltr'><strong>utan—sis</strong></span> <span class='ocrx_word' id='word_1_1073' title='bbox 3649 5055 3765 5132; x_wconf 55' lang='lat' dir='ltr'><strong>pel;</strong></span> 
     </span>
    </p>
   </div>
   <div class='ocr_carea' id='block_1_144' title="bbox 2170 5128 3765 5201">
    <p class='ocr_par' dir='ltr' id='par_1_144' title="bbox 2170 5128 3765 5201">
     <span class='ocr_line' id='line_1_144' title="bbox 2170 5128 3765 5201; baseline 0.009 -25"><span class='ocrx_word' id='word_1_1074' title='bbox 2170 5141 2325 5187; x_wconf 88' lang='lat' dir='ltr'><strong>mam,</strong></span> <span class='ocrx_word' id='word_1_1075' title='bbox 2374 5128 2477 5201; x_wconf 74' lang='lat' dir='ltr'><strong>sive</strong></span> <span class='ocrx_word' id='word_1_1076' title='bbox 2505 5129 2690 5195; x_wconf 81' lang='lat' dir='ltr'><strong>volam,</strong></span> <span class='ocrx_word' id='word_1_1077' title='bbox 2725 5128 3000 5201; x_wconf 78' lang='lat' dir='ltr'><strong>significet.</strong></span> <span class='ocrx_word' id='word_1_1078' title='bbox 3045 5130 3110 5185; x_wconf 86' lang='lat' dir='ltr'><strong>Id</strong></span> <span class='ocrx_word' id='word_1_1079' title='bbox 3140 5128 3237 5199; x_wconf 69' lang='grc' dir='ltr'>εει,</span> <span class='ocrx_word' id='word_1_1080' title='bbox 3292 5149 3394 5188; x_wconf 81' lang='lat' dir='ltr'><strong>non</strong></span> <span class='ocrx_word' id='word_1_1081' title='bbox 3438 5128 3765 5190; x_wconf 75' lang='lat' dir='ltr'><strong>contractam</strong></span> 
     </span>
    </p>
   </div>
   <div class='ocr_carea' id='block_1_145' title="bbox 2167 5197 3765 5274">
    <p class='ocr_par' dir='ltr' id='par_1_145' title="bbox 2167 5197 3765 5274">
     <span class='ocr_line' id='line_1_145' title="bbox 2167 5197 3765 5274; baseline 0.008 -25"><span class='ocrx_word' id='word_1_1082' title='bbox 2167 5212 2297 5263; x_wconf 89' lang='lat' dir='ltr'><strong>eam,</strong></span> <span class='ocrx_word' id='word_1_1083' title='bbox 2331 5197 2421 5274; x_wconf 77' lang='lat' dir='ltr'><strong>sed</strong></span> <span class='ocrx_word' id='word_1_1084' title='bbox 2433 5210 2685 5274; x_wconf 77' lang='lat' dir='ltr'><strong>apertam,</strong></span> <span class='ocrx_word' id='word_1_1085' title='bbox 2724 5197 3063 5273; x_wconf 40' lang='lat' dir='ltr'><strong>eaipansisque</strong></span> <span class='ocrx_word' id='word_1_1086' title='bbox 3089 5197 3262 5274; x_wconf 81' lang='lat' dir='ltr'><strong>digitis</strong></span> <span class='ocrx_word' id='word_1_1087' title='bbox 3284 5206 3530 5260; x_wconf 83' lang='lat' dir='ltr'><strong>insinuet.</strong></span> <span class='ocrx_word' id='word_1_1088' title='bbox 3567 5207 3765 5262; x_wconf 71' lang='lat' dir='ltr'><strong>Manus</strong></span> 
     </span>
    </p>
   </div>
   <div class='ocr_carea' id='block_1_146' title="bbox 2165 5268 3764 5347">
    <p class='ocr_par' dir='ltr' id='par_1_146' title="bbox 2165 5268 3764 5347">
     <span class='ocr_line' id='line_1_146' title="bbox 2165 5268 3764 5347; baseline 0.009 -27"><span class='ocrx_word' id='word_1_1089' title='bbox 2165 5284 2285 5336; x_wconf 88' lang='lat' dir='ltr'><strong>ergo</strong></span> <span class='ocrx_word' id='word_1_1090' title='bbox 2308 5268 2572 5347; x_wconf 75' lang='lat' dir='ltr'><strong>siqui/ient</strong></span> <span class='ocrx_word' id='word_1_1091' title='bbox 2589 5287 2766 5347; x_wconf 80' lang='lat' dir='ltr'><strong>opera,</strong></span> <span class='ocrx_word' id='word_1_1092' title='bbox 2788 5268 2877 5327; x_wconf 55' lang='lat' dir='ltr'><strong>&#39;ch</strong></span> <span class='ocrx_word' id='word_1_1093' title='bbox 2895 5268 3085 5340; x_wconf 67' lang='lat' dir='ltr'><strong>cordis,</strong></span> <span class='ocrx_word' id='word_1_1094' title='bbox 3111 5268 3187 5329; x_wconf 73' lang='grc' dir='ltr'><strong>υὲι</strong></span> <span class='ocrx_word' id='word_1_1095' title='bbox 3215 5279 3468 5347; x_wconf 85' lang='lat' dir='ltr'><strong>corporis,</strong></span> <span class='ocrx_word' id='word_1_1096' title='bbox 3497 5282 3577 5332; x_wconf 79' lang='lat' dir='ltr'><strong>vel</strong></span> <span class='ocrx_word' id='word_1_1097' title='bbox 3599 5282 3764 5347; x_wconf 71' lang='lat' dir='ltr'><strong>ipsius</strong></span> 
     </span>
    </p>
   </div>
   <div class='ocr_carea' id='block_1_147' title="bbox 2164 5340 3762 5416">
    <p class='ocr_par' dir='ltr' id='par_1_147' title="bbox 2164 5340 3762 5416">
     <span class='ocr_line' id='line_1_147' title="bbox 2164 5340 3762 5416; baseline 0.01 -28"><span class='ocrx_word' id='word_1_1098' title='bbox 2164 5340 2358 5393; x_wconf 83' lang='lat' dir='ltr'><strong>amoris</strong></span> <span class='ocrx_word' id='word_1_1099' title='bbox 2388 5341 2594 5416; x_wconf 77' lang='lat' dir='ltr'><strong>interni.</strong></span> <span class='ocrx_word' id='word_1_1100' title='bbox 2621 5345 2852 5416; x_wconf 63' lang='grc' dir='ltr'><strong>ΔΑρενιξο</strong></span> <span class='ocrx_word' id='word_1_1101' title='bbox 2879 5362 2996 5398; x_wconf 78' lang='lat' dir='ltr'><strong>vero</strong></span> <span class='ocrx_word' id='word_1_1102' title='bbox 3025 5349 3136 5414; x_wconf 79' lang='lat' dir='ltr'><strong>ejus</strong></span> <span class='ocrx_word' id='word_1_1103' title='bbox 3157 5357 3232 5402; x_wconf 86' lang='lat' dir='ltr'><strong>est</strong></span> <span class='ocrx_word' id='word_1_1104' title='bbox 3273 5340 3426 5416; x_wconf 74' lang='lat' dir='ltr'><strong>quam</strong></span> <span class='ocrx_word' id='word_1_1105' title='bbox 3455 5340 3762 5404; x_wconf 62' lang='lat' dir='ltr'><strong>Psalmis“</strong></span> 
     </span>
    </p>
   </div>
   <div class='ocr_carea' id='block_1_148' title="bbox 2164 5412 3757 5494">
    <p class='ocr_par' dir='ltr' id='par_1_148' title="bbox 2164 5412 3757 5494">
     <span class='ocr_line' id='line_1_148' title="bbox 2164 5412 3757 5494; baseline 0.008 -33"><span class='ocrx_word' id='word_1_1106' title='bbox 2164 5413 2549 5494; x_wconf 75' lang='lat' dir='ltr'><strong>commendans,</strong></span> <span class='ocrx_word' id='word_1_1107' title='bbox 2581 5412 2652 5466; x_wconf 86' lang='lat' dir='ltr'><strong>ait</strong></span> <span class='ocrx_word' id='word_1_1108' title='bbox 2680 5429 2700 5468; x_wconf 84' lang='lat'><strong>.°</strong></span> <span class='ocrx_word' id='word_1_1109' title='bbox 2734 5433 2752 5466; x_wconf 86' lang='lat' dir='ltr'><strong>t</strong></span> <span class='ocrx_word' id='word_1_1110' title='bbox 2786 5415 2973 5472; x_wconf 84' lang='lat' dir='ltr'><strong>Revela</strong></span> <span class='ocrx_word' id='word_1_1111' title='bbox 3002 5412 3070 5471; x_wconf 83' lang='lat' dir='ltr'><strong>ad</strong></span> <span class='ocrx_word' id='word_1_1112' title='bbox 3102 5412 3380 5473; x_wconf 80' lang='lat' dir='ltr'><strong>Dominum</strong></span> <span class='ocrx_word' id='word_1_1113' title='bbox 3429 5421 3566 5476; x_wconf 76' lang='lat' dir='ltr'><strong>tiam</strong></span> <span class='ocrx_word' id='word_1_1114' title='bbox 3591 5434 3757 5487; x_wconf 77' lang='lat' dir='ltr'><strong>tuam,</strong></span> 
     </span>
    </p>
   </div>
   <div class='ocr_carea' id='block_1_149' title="bbox 2162 5490 2802 5551">
    <p class='ocr_par' dir='ltr' id='par_1_149' title="bbox 2162 5490 2802 5551">
     <span class='ocr_line' id='line_1_149' title="bbox 2162 5490 2802 5551; baseline 0.011 -18"><span class='ocrx_word' id='word_1_1115' title='bbox 2162 5490 2209 5534; x_wconf 87' lang='lat' dir='ltr'><strong>el</strong></span> <span class='ocrx_word' id='word_1_1116' title='bbox 2237 5498 2386 5548; x_wconf 83' lang='lat' dir='ltr'><strong>spera</strong></span> <span class='ocrx_word' id='word_1_1117' title='bbox 2417 5490 2467 5538; x_wconf 85' lang='lat' dir='ltr'><strong>in</strong></span> <span class='ocrx_word' id='word_1_1118' title='bbox 2499 5500 2632 5551; x_wconf 85' lang='lat' dir='ltr'><strong>eum,</strong></span> <span class='ocrx_word' id='word_1_1119' title='bbox 2668 5503 2686 5537; x_wconf 76' lang='grc' dir='ltr'><strong>ι</strong></span> <span class='ocrx_word' id='word_1_1120' title='bbox 2712 5497 2802 5540; x_wconf 86' lang='lat' dir='ltr'><strong>etc.</strong></span> 
     </span>
    </p>
   </div>
   <div class='ocr_carea' id='block_1_150' title="bbox 2739 5595 3162 5637">
    <p class='ocr_par' dir='ltr' id='par_1_150' title="bbox 2739 5595 3162 5637">
     <span class='ocr_line' id='line_1_150' title="bbox 2739 5595 3162 5637; baseline 0.005 -3"><span class='ocrx_word' id='word_1_1121' title='bbox 2739 5595 3162 5637; x_wconf 72' lang='grc' dir='ltr'>εοιιιιεΝτΑιιιυε.</span> 
     </span>
    </p>
   </div>
   <div class='ocr_carea' id='block_1_151' title="bbox 2234 5665 3754 5744">
    <p class='ocr_par' dir='ltr' id='par_1_151' title="bbox 2234 5665 3754 5744">
     <span class='ocr_line' id='line_1_151' title="bbox 2234 5665 3754 5744; baseline 0.008 -24"><span class='ocrx_word' id='word_1_1122' title='bbox 2234 5665 2428 5744; x_wconf 79' lang='lat' dir='ltr'><strong>_Defe__cit</strong></span> <span class='ocrx_word' id='word_1_1123' title='bbox 2459 5671 2508 5722; x_wconf 87' lang='lat' dir='ltr'><strong>in</strong></span> <span class='ocrx_word' id='word_1_1124' title='bbox 2539 5671 2886 5728; x_wconf 69' lang='lat' dir='ltr'><strong>salutari-tuo.</strong></span> <span class='ocrx_word' id='word_1_1125' title='bbox 2920 5675 3079 5742; x_wconf 87' lang='lat' dir='ltr'><strong>Quasi</strong></span> <span class='ocrx_word' id='word_1_1126' title='bbox 3108 5675 3250 5731; x_wconf 82' lang='lat' dir='ltr'><strong>dicat</strong></span> <span class='ocrx_word' id='word_1_1127' title='bbox 3279 5697 3289 5729; x_wconf 87' lang='lat'>:</span> <span class='ocrx_word' id='word_1_1128' title='bbox 3320 5675 3467 5742; x_wconf 89' lang='lat' dir='ltr'><strong>Ideo,</strong></span> <span class='ocrx_word' id='word_1_1129' title='bbox 3508 5680 3754 5744; x_wconf 79' lang='lat' dir='ltr'><strong>Domine,</strong></span> 
     </span>
    </p>
   </div>
   <div class='ocr_carea' id='block_1_152' title="bbox 2159 5737 3759 5816">
    <p class='ocr_par' dir='ltr' id='par_1_152' title="bbox 2159 5737 3759 5816">
     <span class='ocr_line' id='line_1_152' title="bbox 2159 5737 3759 5816; baseline 0.008 -26"><span class='ocrx_word' id='word_1_1130' title='bbox 2159 5737 2324 5816; x_wconf 69' lang='lat' dir='ltr'><strong>debes</strong></span> <span class='ocrx_word' id='word_1_1131' title='bbox 2354 5740 2530 5816; x_wconf 75' lang='lat' dir='ltr'><strong>facere</strong></span> <span class='ocrx_word' id='word_1_1132' title='bbox 2561 5759 2647 5816; x_wconf 82' lang='lat' dir='ltr'><strong>cor</strong></span> <span class='ocrx_word' id='word_1_1133' title='bbox 2691 5761 2858 5800; x_wconf 79' lang='lat' dir='ltr'><strong>meum</strong></span> <span class='ocrx_word' id='word_1_1134' title='bbox 2904 5737 3290 5810; x_wconf 71' lang='lat' dir='ltr'><strong>immaculatum</strong></span> <span class='ocrx_word' id='word_1_1135' title='bbox 3319 5749 3394 5801; x_wconf 74' lang='lat' dir='ltr'><strong>.in</strong></span> <span class='ocrx_word' id='word_1_1136' title='bbox 3413 5737 3759 5816; x_wconf 56' lang='lat' dir='ltr'><strong>justi/iulio;</strong></span> 
     </span>
    </p>
   </div>
   <div class='ocr_carea' id='block_1_153' title="bbox 2159 5810 3752 5894">
    <p class='ocr_par' dir='ltr' id='par_1_153' title="bbox 2159 5810 3752 5894">
     <span class='ocr_line' id='line_1_153' title="bbox 2159 5810 3752 5894; baseline 0.008 -33"><span class='ocrx_word' id='word_1_1137' title='bbox 2159 5810 2306 5864; x_wconf 85' lang='lat' dir='ltr'><strong>nibus</strong></span> <span class='ocrx_word' id='word_1_1138' title='bbox 2337 5813 2456 5880; x_wconf 80' lang='lat' dir='ltr'><strong>tuis,</strong></span> <span class='ocrx_word' id='word_1_1139' title='bbox 2484 5821 2536 5869; x_wconf 90' lang='lat' dir='ltr'><strong>et</strong></span> <span class='ocrx_word' id='word_1_1140' title='bbox 2557 5815 2734 5871; x_wconf 71' lang='lat' dir='ltr'><strong>anima</strong></span> <span class='ocrx_word' id='word_1_1141' title='bbox 2758 5817 2957 5874; x_wconf 71' lang='lat' dir='ltr'><strong>deiecit</strong></span> <span class='ocrx_word' id='word_1_1142' title='bbox 2987 5819 3039 5874; x_wconf 89' lang='lat' dir='ltr'><strong>in</strong></span> <span class='ocrx_word' id='word_1_1143' title='bbox 3068 5833 3148 5890; x_wconf 83' lang='lat' dir='ltr'><strong>se,</strong></span> <span class='ocrx_word' id='word_1_1144' title='bbox 3166 5832 3225 5876; x_wconf 87' lang='lat' dir='ltr'><strong>ut</strong></span> <span class='ocrx_word' id='word_1_1145' title='bbox 3247 5810 3531 5892; x_wconf 73' lang='lat' dir='ltr'><strong>proliceret</strong></span> <span class='ocrx_word' id='word_1_1146' title='bbox 3549 5810 3611 5894; x_wconf 68' lang='lat' dir='ltr'><strong>in</strong></span> <span class='ocrx_word' id='word_1_1147' title='bbox 3639 5835 3752 5877; x_wconf 80' lang='lat' dir='ltr'><strong>me.</strong></span> 
     </span>
    </p>
   </div>
  </div>
