4006 6364
383 310 522 372 1069

1097 309 1162 369 ΙΝ
1201 310 1621 371 PSABMORUM
1663 309 1919 372 LIBRUM
1959 305 2318 377 EXEGESIS.
2360 349 2430 359 —
2472 317 2714 374 PSALM.
2756 317 2987 378 CXVI".

3500 329 3636 385 1070

374 429 664 488 Sciendum
697 431 833 512 _quia
885 443 991 512 non
1021 430 1464 512 ontnisdeiectus
1510 442 1610 512 est.
1636 430 1948 512 poenayvei
1977 433 2028 491 Δ
2059 429 2390 512 cupiditatis,
2440 441 2510 512 u_t_
2528 433 2756 512 ferveret
2783 450 2933 489 amor
2980 437 3274 512 charitatis.
3329 440 3421 496 Vel
3457 445 3636 512 aliter,

372 505 564 572 culpm,
619 503 712 557 sed
762 511 925 558 etest
966 501 1249 558 laudabilis
1299 509 1353 557 et
1393 502 1642 572 optabilis
1682 503 1942 558 deiectus.

371 571 501 629 Cum
530 571 673 630 enim
707 575 975 643 proiectus
1009 584 1064 630 et
1092 572 1332 628 detectus
1360 571 1463 629 sint
1487 575 1771 640 contraria,
1811 575 1945 632 bene

371 647 639 715 profectus
668 645 925 714 accipitur
956 647 1009 701 in
1051 646 1212 709 bono,
1254 654 1309 700 et
1333 645 1572 702 defectus
1606 645 1655 699 in
1686 647 1845 701 malo.
1883 649 1946 703 Et

370 727 428 772 ut
456 718 509 772 in
541 717 696 789 nobis
725 717 922 788 aliquid
953 718 1283 789 proﬁciatur,
1331 717 1410 772 vel
1443 717 1752 789 deficiatur,
1786 718 1938 774 addi-

371 797 456 843 tur
483 804 576 858 per
595 788 1117 856 determinatidnem,
1139 798 1312 843 tamen
1336 794 1390 844 et
1411 788 1681 856 profectus
1706 791 1756 845 in
1779 790 1940 858 malo,

367 868 420 916 et
457 859 697 934 deiectus
742 861 795 916 in
839 859 982 916 bono
1028 859 1316 934 accipitur.
1365 861 1515 934 Quod
1552 868 1728 915 autem
1762 863 1940 934 ριόιετ

365 940 484 1002 ctus
514 932 803 1002 accipiatur
856 935 907 988 in
937 931 1102 998 malo,
1151 938 1378 986 testatur
1428 932 1714 1000 Apostolus
1763 931 1941 988 Timoé

367 1000 492 1080 thep
522 1000 836 1080 prateipiens
861 1021 872 1056 :
898 1002 1167 1080 ΔΡιόίαιιᾳξ
1189 1003 1433 1080 vanitates
1462 1001 1725 1080 verborum
1751 1003 1941 1080 deuita;

364 1073 590 1132 multum
621 1076 761 1131 enim
793 1073 1032 1144 proﬁciet
1059 1075 1123 1128 ad
1153 1075 1500 1144 impietatem,
1529 1081 1582 1129 et
1602 1073 1726 1130 alibi
1754 1093 1766 1128 :
1799 1073 1939 1130 Pro-

362 1145 535 1215 ﬁcient
565 1149 618 1202 in
641 1143 806 1218 pejttc,
835 1143 1073 1202 detectus
1093 1143 1236 1218 vero
1260 1160 1289 1200 a
1321 1147 1462 1218 bono
1510 1145 1562 1200 in
1594 1146 1788 1202 malum
1820 1163 1935 1202 ma-

364 1218 445 1270 ius
468 1230 570 1284 est,
612 1216 814 1273 a‘malo
860 1226 1038 1284 autem
1087 1217 1139 1270 in
1190 1218 1385 1271 bonum
1437 1216 1608 1272 bonus
1637 1225 1737 1272 est.
1794 1219 1938 1276 Talis

361 1283 599 1345 deiectus
649 1289 736 1344 hic
781 1283 1058 1356 accipitur.
1126 1288 1192 1343 Et
1234 1287 1500 1359 signiﬁcat
1547 1290 1646 1350 iste
1693 1286 1936 1359 defectus

399 1351 1017 1442 uod_dam.t_iesjderium,
1067 1359 1208 1442 quod
1243 1351 1454 1442 surgit.
1494 1373 1564 1416 ex
1626 1351 1933 1442 dilectione.

399 1375 626 1415 uouuam
672 1375 1017 1426 uesnaertum,
1069 1375 1208 1442 quou
1265 1375 1454 1442 Stll‘gll.
1494 1375 1564 1416 ex
1626 1375 1933 1444 dilectione.

358 1375 512 1498 Quod
545 1423 869 1487 desiderium
899 1445 926 1485 a
949 1429 1165 1486 condito
1197 1429 1396 1486 mundo
1442 1446 1495 1486 ιιι
1525 1445 1751 1500 corpore
1780 1429 1934 1487 Chri-

357 1503 424 1556 sti
459 1518 625 1574 usque
671 1502 1008 1574 adWVirginis
1055 1511 1261 1574 partum
1317 1517 1420 1556 non
1471 1501 1662 1557 defuit.
1710 1501 1934 1573 Semper

355 1574 500 1644 enim
533 1572 680 1643 prius
703 1573 865 1642 aliqui
891 1572 1104 1628 fuerunt
1145 1572 1234 1642 qui
1277 1581 1649 1644 exspectarent
1678 1572 1931 1644 quoniam

354 1643 686 1701 desideratus
712 1645 917 1699 cunctis
946 1645 1192 1707 gentibus
1214 1643 1661 1707 maniiestaretur,
1687 1643 1824 1700 sicut
1853 1647 1934 1701 Si-

355 1685 867 1788 ἶιῖἐὸἷιῗξῖῖῗάῖιιῗῖ
892 1685 1076 1788 ⁵ΪΙΡιιιαε
1120 1714 1337 1788 durabo,
1378 1724 1529 1788 putas
1562 1686 1774 1788 uidebo,
1827 1725 1930 1772 etc.

2055 501 2206 578 quasi
2233 501 2411 578 dicat:
2465 505 2653 578 liierito
2702 516 2828 577 opto
2857 508 3143 574 consolari,
3186 513 3306 578 quia
3349 514 3491 570 sicut
3521 501 3639 574 nter

2049 573 2250 661 mollis,
2279 572 2322 629 si
2356 574 2578 661 ponitur.
2600 577 2653 633 in
2683 572 2891 661 pruina“,
2923 572 3136 661 inutilis
3158 572 3304 661 ﬁtad
3329 572 3636 661 suscipien;

2050 642 2146 698 dos
2187 642 2444 727 liquores,
2480 647 2597 727 nisi
2619 642 2764 727 prius
2803 642 3041 727 solvatur
3070 663 3115 727 _a
3144 653 3345 727 calore,
3410 642 3494 711 sic'
3515 642 3636 727 quia

2052 717 2526 799 super-abundante
2585 717 2866 799 iniquitate
2889 721 3108 799 refrixit
3157 723 3209 799 in
3267 717 3351 781 me
3380 717 3637 799 Charitas,

2053 785 2269 868 inutilis:
2294 787 2464 868 factus
2493 804 2608 846 sum
2665 785 2730 845 ad
2761 791 3129 861 suscipiendos
3159 795 3412 868 liquores,
3451 799 3499 854 id
3533 785 3637 868 est:

2045 855 2125 933 ad
2141 858 2526 933 perﬁciendum
2564 872 2830 932 prmcepta
2869 855 2950 933 tua
2983 872 3142 932 atque
3171 855 3499 933 doctrinam,
3535 855 3637 928 nisi

2047 927 2192 994 prius
2221 930 2396 984 solvar
2447 947 2540 999 per
2565 927 2786 1007 spiritus
2828 934 2902 1007 tui
2932 927 3190 1000 furorem,
3237 939 3286 993 id
3319 948 3426 1007 εει,
3461 927 3636 998 ε’ὴειὶέ

2045 1007 2226 1078 tatem,
2260 1009 2315 1055 et
2360 1011 2443 1058 est
2469 1006 2618 1074 quasi
2648 1003 2835 1078 dicat:
2869 1004 3352 1078 Quantumcunque
3405 1003 3504 1074 sim
3557 1016 3636 1070 in-

2044 1069 2215 1158 utilis,
2235 1080 2422 1154 tamen
2452 1069 2554 1128 non
2583 1091 2692 1128 sum
2724 1069 2932 1140 oblitus,
2965 1077 3016 1130 in
3049 1069 3302 1148 quantum
3337 1069 3520 1154 potui,
3543 1090 3636 1158 ju-

2039 1140 2370 1208 stiﬁcationes
2399 1153 2536 1200 tuas.

2116 1211 2249 1292 Quut
2291 1226 2407 1276 sunt
2447 1213 2558 1292 dies
2591 1217 2721 1292 serui
2752 1219 2863 1292 t_u_i,_
2897 1219 3102 1292 quando
3151 1223 3306 1291 facies
3352 1219 3415 1278 de
3455 1243 3627 1292 perse-

2038 1282 2308 1362 quentibus
2342 1302 2419 1362 me
2436 1287 2718 1362 judicium,
2755 1289 2890 1344 Dixit
2908 1282 3123 1362 quando
3146 1282 3489 1351 consolaberis
3521 1317 3622 1355 me.

2038 1353 2104 1434 _Et
2134 1354 2324 1434 merito
2358 1353 2528 1434 (quasi
2560 1359 2724 1429 dicat)
2766 1370 2896 1434 opto
2921 1353 3216 1432 considam,
3264 1368 3386 1434 quia
3418 1367 3470 1422 in
3501 1353 3620 1425 die;

2039 1423 2134 1502 b_us
2163 1427 2295 1502 meis
2324 1423 2462 1502 sum,
2494 1429 2594 1484 hoc
2615 1423 2715 1497 est,
2769 1423 2821 1484 in
2848 1433 3036 1489 diebus
3063 1423 3408 1502 calamitatis,
3462 1449 3515 1494 et
3547 1423 3628 1495 to-

2038 1496 2142 1571 tius
2190 1498 2452 1562 miserim,
2503 1515 2638 1570 quos
2687 1496 2785 1570 ego
2835 1507 3238 1571 praevaricando
3295 1496 3406 1562 feci.
3447 1526 3616 1566 meos.

2037 1567 2181 1648 Quos
2226 1571 2367 1648 enim
2411 1577 2477 1648 tu
2495 1567 2624 1627 mihi
2665 1567 2892 1627 dederas
2922 1575 3060 1648 dies,
3115 1577 3257 1648 pleni
3299 1580 3616 1648 gaudiorum

2035 1647 2188 1720 erant
2213 1650 2267 1692 et
2293 1642 2520 1720 interni;
2554 1657 2813 1720 ego_vero
2843 1643 2972 1700 mihi
3002 1642 3130 1720 dies
3165 1642 3402 1704 aerumna
3435 1653 3624 1720 plenos

2037 1716 2090 1787 et
2118 1710 2450 1766 miserabiles
2477 1710 2608 1787 feci:
2634 1714 2709 1787 Et
2734 1723 2856 1782 quot
2884 1727 2996 1770 sunt
3042 1719 3175 1775 tales
3222 1721 3328 1774 dies
3357 1710 3490 1776 ser'vi
3525 1729 3616 1787 tui,

355 1786 395 1838 Α
427 1779 741 1856 partu-vero
773 1786 1005 1856 Virginis
1037 1786 1264 1855 quodam
1297 1779 1458 1840 modo
1485 1785 1683 1855 quievit
1715 1779 1814 1842 hoc
1844 1790 1936 1844 de-
1971 1797 2014 1857 Β
2044 1779 2143 1835 hoc
2182 1791 2282 1857 es}.
2337 1785 2568 1857 (ιιιτιῃίιὶιι
2614 1779 2850 1857 differeS.
2903 1789 3132 1846 educere
3183 1801 3270 1845 me
3317 1791 3388 1847 dc
3431 1779 3622 1850 diebus

351 1857 608 1914 siderium
649 1873 816 1928 usque
843 1859 908 1913 ad
933 1858 1317 1928 ascensionem
1367 1857 1604 1922 Domini;
1653 1859 1720 1911 ab
1749 1873 1936 1914 ascen-

351 1929 510 2000 sione
537 1927 744 1986 autem’
773 1945 878 1984 non
908 1927 1193 1986 defuerunt
1224 1928 1418 1995 adlmc,
1472 1943 1645 2000 neque
1675 1945 1844 1994 usque
1879 1933 1932 1987 in

353 1998 514 2056 ﬁnem
562 2001 745 2058 saeculi
788 2001 1015 2056 deerunt
1060 2009 1461 2068 exspectantes,
1511 1998 1570 2053 ut
1597 2000 1932 2057 desideratus

355 2069 444 2142 ille
477 2073 675 2128 saeculo
708 2071 1096 2127 manifestetur.
1152 2070 1303 2138 Quod
1338 2071 1568 2142 ostendit
1621 2072 1928 2142 Apostolus,

353 2141 576 2199 dicens:
626 2143 700 2198 De
725 2145 920 2210 reliquo
951 2142 1173 2211 reposita
1217 2149 1286 2196 est
1319 2140 1443 2195 mihi
1484 2158 1670 2195 corona
1689 2140 1929 2210 justitiw,

352 2227 504 2282 quam
533 2220 706 2270 reddet
734 2214 856 2269 mihi
884 2213 1135 2268 Dominus
1164 2213 1216 2266 in
1246 2211 1336 2266 illa
1362 2213 1474 2276 die;
1507 2229 1605 2266 non
1636 2213 1802 2267 solum
1831 2231 1929 2268 au-

349 2293 451 2339 tem
475 2287 622 2352 mihi,
653 2289 740 2342 sed
769 2298 812 2342 et
848 2287 1081 2340 omnibus
1109 2285 1196 2355 qui
1227 2283 1447 2354 diligunt
1470 2285 1930 2355 manifestationcm

348 2356 482 2426 ejus,
509 2357 558 2412 id
583 2370 684 2427 εει,
711 2358 800 2428 qui
823 2357 1130 2413 desiderant
1149 2355 1433 2428 adventum
1463 2357 1599 2428 ejus,
1634 2365 1686 2410 et
1707 2370 1928 2428 regnum

348 2428 487 2496 ejus.
523 2429 588 2484 Et
611 2426 677 2484 de
708 2426 809 2484 hoc
841 2429 1055 2494 aiiectu,
1106 2427 1328 2490 scilicet,
1382 2426 1523 2496 quod
1569 2428 1670 2483 tale
1720 2427 1928 2483 deside-

347 2499 490 2570 rium
519 2501 799 2570 signiﬁcat,
827 2510 916 2554 aut
945 2498 1160 2570 isteuqui
1187 2497 1367 2570 dicit:
1421 2497 1750 2570 Animamca
1779 2498 1925 2569 defc-

345 2569 414 2623 cit
444 2571 496 2625 in
527 2565 607 2638 se,
645 2573 867 2627 tendens
895 2573 949 2625 in
990 2565 1216 2626 salutare
1264 2565 1431 2636 tuitm,
1485 2580 1536 2623 et
1562 2569 1693 2623 nihil
1728 2565 1926 2637 praeéu-

346 2643 544 2698 mendo
574 2643 641 2700 de
665 2658 746 2711 se,
764 2643 863 2698 ‘sed
887 2644 952 2697 de
981 2643 1097 2697 sola
1125 2639 1417 2696 salvatione
1441 2647 1549 2694 tua.
1588 2642 1650 2695 Et
1679 2641 1800 2696 ideo
1837 2643 1924 2711 de-

345 2715 466 2781 fecit
496 2716 668 2794 anima
692 2709 824 2780 mea,
873 2714 997 2784 quia
1025 2711 1223 2794 speravi
1251 2726 1354 2766 non
1405 2711 1456 2764 in
1486 2711 1715 2793 meritis,
1751 2709 1843 2794 sud
1872 2715 1924 2794 in

344 2785 515 2853 verba,
565 2785 617 2841 id
647 2795 749 2854 est,
794 2788 845 2839 in
878 2783 1235 2854 promissione
1268 2794 1376 2854 tua,
1426 2793 1483 2838 ut
1519 2784 1646 2854 sim,
1695 2783 1920 2853 scilicet,

345 2848 898 2925 ﬁlius'promissionis',
920 2872 1024 2910 non
1049 2855 1184 2909 ﬁlius
1206 2848 1471 2910 elationis.
1508 2848 1575 2909 Et
1603 2848 1706 2909 non
1734 2848 1921 2924 parum

344 2928 580 2997 speravi,
611 2929 706 2984 sed
750 2944 911 2997 supra
959 2941 1118 2996 quam
1155 2930 1382 2993 petimus
1424 2936 1516 2980 aut
1543 2925 1918 2995 intelligimus;

345 2996 521 3069 tutnra
568 3004 710 3054 enim
761 2996 1060 3069 est_tnajor
1103 3009 1334 3069 merces,
1386 3001 1544 3065 quam
1575 2999 1642 3051 sit
1672 2999 1725 3051 in
1767 3001 1920 3054 vinea

343 3066 515 3124 labor.
547 3069 672 3126 Haec
694 3087 816 3139 spes
847 3066 992 3133 facit,
1023 3077 1078 3123 ut
1103 3083 1198 3137 per
1228 3068 1534 3137 patientiam
1561 3077 1914 3138 exspectetur,

341 3140 483 3207 quod
510 3155 538 3192 a
567 3141 902 3197 credentibus
935 3155 1040 3196 non
1067 3141 1294 3194 videtur.

414 3207 725 3281 Defecerant
751 3213 885 3268 oculi
913 3213 1030 3266 mei.
1084 3211 1223 3267 Idem
1252 3211 1465 3266 videtur
1503 3211 1682 3267 dicere
1730 3225 1823 3278 per
1851 3217 1922 3270 si-

339 3281 692 3339 militudinem
722 3286 877 3339 aliam
907 3297 935 3337 a
958 3282 1128 3338 servis
1153 3291 1394 3337 tractam.
1427 3283 1577 3337 Servi
1605 3284 1748 3338 enim
1771 3299 1800 3338 a
1824 3299 1922 3341 suo

338 3352 582 3409 contuitu
623 3356 896 3422 deﬁciunt,
950 3357 1111 3410 etiam
1161 3357 1212 3408 in
1242 3355 1536 3409 contuitum
1581 3353 1918 3412 dominorum

337 3426 690 3494 prospiciunt,
742 3427 968 3490 scilicet,
1025 3434 1084 3480 ut
1126 3439 1338 3494 semper
1387 3426 1553 3491 parati
1596 3426 1704 3479 sint
1746 3427 1920 3483 facere

337 3495 479 3564 quod
513 3497 588 3551 illi
635 3499 881 3553 innuunt.
913 3497 1175 3552 Similiter
1213 3495 1312 3549 iste
1341 3495 1470 3548 dicit
1499 3513 1510 3547 :
1548 3495 1698 3549 Oculi
1723 3499 1838 3560 mei,
1865 3508 1920 3554 et

337 3566 478 3621 oculi
509 3568 812 3636 interiores,
847 3569 982 3624 ratio
1009 3576 1064 3622 et
1094 3567 1416 3630 intellectus,
1447 3565 1740 3637 defecerunt
1765 3583 1792 3621 a
1824 3585 1918 3624 suo

335 3639 598 3706 contuitu,
632 3642 912 3696 tendentes
941 3640 994 3692 in
1016 3638 1271 3708 eloquium
1301 3645 1460 3701 tuum,
1502 3639 1552 3692 id
1581 3647 1684 3706 est,
1716 3639 1768 3692 in
1800 3655 1920 3705 pro-

337 3710 648 3767 missionem
681 3721 845 3776 tuam,
899 3710 998 3765 hoc
1026 3718 1126 3773 est,
1175 3709 1316 3778 quod
1363 3709 1510 3764 nullo
1555 3723 1677 3764 meo
1717 3725 1919 3778 praesu-

337 3790 569 3852 mentes,
597 3783 692 3839 sed
723 3785 790 3839 de
813 3782 926 3838 sola
957 3782 1312 3852 promissione
1349 3787 1448 3852 tua
1478 3782 1616 3835 oculi
1642 3782 1746 3836 mei
1774 3784 1913 3850 dico,

335 3851 592 3908 dicentes:
638 3855 855 3921 Quando
878 3851 1216 3909 consolaberis
1248 3851 1362 3904 me?
1399 3852 1521 3921 quia
1566 3853 1673 3907 oris
1713 3863 1915 3910 tantum

335 3931 423 3994 est
465 3925 664 3992 dicere,
716 3927 993 3982 oculorum
1033 3939 1163 3978 vero
1184 3922 1386 3994 videre.
1437 3923 1543 3978 Sed
1580 3924 1718 3979 bene
1764 3926 1913 3994 dicit,

337 3993 460 4062 quia
491 4010 595 4050 non
626 3999 946 4062 exteriores,
995 3996 1092 4050 sed
1142 3993 1426 4065 interiores
1470 3995 1655 4050 oculos
1698 3993 1912 4065 accipit,

336 4077 566 4133 quorum
589 4067 769 4124 dicere
795 4078 879 4122 est
900 4069 1072 4137 ipsum
1105 4063 1429 4137 desiderium
1469 4067 1745 4122 orationis.
1780 4063 1912 4124 Cum

334 4144 512 4210 autem
536 4138 700 4194 dicit:
733 4135 950 4210 Quando
972 4135 1310 4210 consolaberis
1334 4137 1452 4210 me?
1474 4151 1532 4193 se
1561 4144 1761 4193 moram
1792 4155 1911 4210 per-

335 4205 444 4275 peti
474 4211 726 4266 ostendit.
788 4209 943 4278 Quod
981 4216 1157 4266 autem
1200 4208 1320 4263 ideo
1367 4209 1456 4277 sit,
1505 4217 1563 4263 ut
1588 4205 1912 4268 dulcior've-

335 4278 448 4332 niat
487 4280 664 4336 delata
715 4282 1016 4349 iucunditas
1040 4324 1056 4349 ,
1102 4289 1192 4336 aut
1220 4280 1342 4349 quia
1384 4293 1576 4336 sensus
1605 4282 1914 4338 desideran-

336 4350 466 4423 tium
496 4353 833 4421 exprimitur,
865 4369 983 4408 cum
1033 4357 1083 4406 in
1108 4353 1282 4422 spatio
1313 4352 1588 4421 temporis,
1617 4354 1759 4423 quod
1786 4358 1913 4410 sub-

334 4422 569 4477 venienli
620 4425 782 4478 breve
807 4433 911 4489 est,
961 4424 1090 4478 illud
1135 4424 1336 4478 amanti
1377 4423 1586 4479 tardum
1619 4422 1720 4490 est,
1754 4435 1808 4479 et
1835 4426 1912 4481 di-

332 4506 497 4566 cere:
550 4492 776 4560 Quando
823 4493 1186 4566 consolaberis
1230 4508 1336 4562 me,
1398 4495 1578 4566 idest,
1633 4510 1909 4566 usquequo

332 4562 552 4619 diii‘eres
589 4577 772 4619 veram
817 4565 1239 4620 consolationem
1288 4579 1317 4618 a
1363 4579 1468 4619 me.
1511 4565 1608 4619 ilic
1655 4562 1796 4622 enim
1820 4562 1908 4624 est

333 4635 632 4690 consolatio
682 4644 884 4690 tantum
933 4636 1278 4701 miserorum,
1324 4636 1561 4691 nondum
1608 4641 1905 4696 consolatio

334 4706 632 4775 beatorum,
664 4722 823 4777 quam
854 4708 955 4763 iste
976 4707 1276 4771 desiderat;
1301 4707 1704 4764 ardescentibus
1726 4720 1904 4768 autem

330 4778 699 4850 spiritualibus
743 4778 1022 4834 desideriis
1069 4779 1189 4834 sine
1216 4777 1547 4834 dubitatione
1594 4789 1906 4850 torpescunt

330 4850 566 4905 carnalia
592 4849 875 4923 desideria.
916 4851 982 4905 Et
1009 4851 1112 4923 hoc
1137 4860 1251 4923 estL
1281 4850 1424 4920 quod
1459 4851 1583 4906 dicit
1614 4870 1625 4904 :
1663 4855 1797 4920 Quia
1823 4855 1903 4923 [a-

328 4928 440 4995 ctus
470 4936 584 4974 sum
613 4922 744 4975 sicut
774 4933 883 4995 uter
908 4923 963 4975 in
989 4922 1195 4995 pruina.
1222 4920 1327 4976 Per
1361 4931 1532 4978 utrem
1579 4923 1720 4978 enim
1768 4920 1905 4982 acci-

330 4991 472 5064 pitur
497 5006 622 5047 caro
652 4993 919 5064 mortalis;
946 4991 1038 5064 per
1069 4997 1310 5062 pruinam
1339 5009 1488 5060 vero,
1531 5008 1651 5062 quae
1676 4995 1793 5052 duri
1816 5012 1904 5053 ros

327 5061 453 5119 caeli
490 5073 596 5129 est,
635 5061 961 5136 intelligitur
997 5061 1218 5122 cmleste
1260 5061 1598 5127 beneﬁcium.
1644 5081 1750 5136 quo
1790 5077 1906 5124 tan-

327 5146 490 5201 quam
510 5135 806 5208 cohibente;
820 5137 1018 5208 irigore
1037 5137 1269 5192 carnalia
1291 5137 1556 5193 desideria
1577 5135 1902 5208 torpescent,

328 5213 382 5257 et
409 5211 493 5257 est
520 5201 740 5280 dicere:
791 5201 915 5280 ideo
961 5209 1243 5280 debesme
1292 5207 1585 5272 consolari,
1630 5201 1753 5280 quia
1787 5201 1905 5266 ιιιθέ

328 5289 492 5332 neum
534 5277 712 5332 adhuc
752 5292 838 5333 me
883 5276 1077 5336 fecisti.
1124 5279 1364 5348 Namque
1406 5279 1576 5336 iactus
1618 5276 1736 5337 sum
1766 5283 1907 5338 sicut

329 5354 515 5421 uterus
545 5349 825 5419 impositus
869 5351 1092 5421 pruinas.
1138 5349 1265 5405 Uter
1290 5365 1383 5418 per
1424 5366 1483 5406 se
1513 5352 1712 5421 mollis,
1763 5355 1811 5409 si
1849 5355 1903 5410 in

330 5419 516 5495 pruina
551 5427 798 5489 ponatur,
821 5420 1125 5495 induratur;
1167 5423 1247 5495 sic
1274 5435 1398 5476 caro
1431 5432 1633 5487 nostra,
1664 5419 1782 5495 quae
1812 5443 1906 5482 na-

327 5490 568 5565 turaliter
601 5501 816 5565 propter
839 5492 1314 5565 concupiscentiae
1343 5495 1521 5565 mollis
1547 5504 1652 5559 est,
1675 5490 1770 5565 per
1795 5513 1905 5554 cm-

326 5561 461 5640 ies_te
498 5561 812 5640 beneﬁcium
835 5565 990 5640 Adura
1017 5561 1113 5640 ἐἱι
1132 5575 1186 5640 et
1209 5563 1411 5640 _rigida,
1468 5581 1536 5640 ne
1566 5561 1768 5640 difﬂuat
1810 5585 1906 5640 per

325 5632 485 5704 liuida
512 5635 692 5690 carnis
734 5635 1022 5690 desideria.
1074 5636 1142 5691 Et
1171 5632 1293 5690 hinc
1322 5638 1381 5689 ﬁt
1409 5646 1466 5691 ut
1497 5632 1904 5704 iustiﬁcationes

325 5703 417 5759 Dei
452 5720 481 5757 a
513 5707 769 5761 memoria
796 5722 902 5762 non
927 5707 1248 5773 dilabantur,
1299 5709 1422 5777 quia
1446 5703 1659 5765 aliunde
1683 5726 1786 5766 non
1815 5727 1904 5767 co-

324 5778 541 5846 gitatur.
567 5777 902 5848 Quapropter
930 5779 1321 5850 subsequenter
1347 5781 1473 5834 dit-tt
1502 5801 1511 5832 :
1551 5781 1904 5852 Justificatio-

323 5864 411 5904 nes
436 5857 549 5906 tuas
575 5867 677 5906 non
703 5866 813 5905 sum
860 5852 1066 5922 oblitas,
1115 5853 1486 5922 obstrepuerat
1533 5855 1672 5910 enim
1726 5855 1902 5913 fervor

2040 1853 2274 1906 carceris
2305 1863 2354 1907 et
2389 1853 2784 1909 tribulationis?
2827 1858 2888 1912 Et
2915 1862 3119 1929 quando
3114 1863 3300 1984 Jacies
3335 1863 3625 1934 judicium,

2040 1921 2091 1974 id
2117 1932 2217 1984 est,
2259 1923 2658 1984 discretionem.
2691 1935 2747 1980 ut
2776 1925 2972 1984 educas
2997 1947 3080 1984 me
3151 1949 3176 1984 ε
3203 1939 3620 1984 oerseauentibns

2040 1921 2091 1974 id
2117 1932 2222 2004 east,
2259 1923 2747 2004 discretionetnuut
2776 1921 2972 2004 educas
2997 1947 3080 1986 me
3114 1921 3176 1984 de
3203 1921 3620 2004 persequentibus

2040 1995 2161 2047 me?
2208 1995 2311 2074 hoc
2340 2004 2441 2078 est,
2480 1997 3003 2078 'quandiunditi‘eres
3045 1995 3300 2072 separare
3351 1995 3620 2078 l'ocaliter,

2040 2077 2174 2135 quos
2198 2064 2308 2135 jam
2338 2065 2564 2121 divisisti
2599 2069 2895 2123 moraliter.

2109 2133 2464 2211 Λάζναυενιιιιι
2484 2137 2792 2211 mihiiniqui
2823 2140 3191 2211 fabulationcs,
3221 2143 3314 2199 sed
3337 2163 3436 2202 non
3467 2161 3520 2204 ut
3545 2153 3628 2208 lca

2035 2213 2143 2286 tua.
2179 2207 2342 2288 Quasi
2372 2208 2551 2263 dicat:
2587 2207 2926 2291 Non’t'rustra
2958 2213 3067 2291 dixi
3101 2207 3484 2291 persequentes
3514 2207 3619 2291 me,

2033 2277 2156 2345 quia
2182 2279 2342 2348 iniqui
2370 2290 2706 2359 narraueram
2746 2283 2871 2336 milii
2898 2277 3353 2359 fabulationes,'id
3386 2300 3488 2359 est,
3525 2277 3621 2348 nu:

2033 2362 2129 2428 gas
2158 2362 2301 2428 suas,
2336 2359 2391 2404 ut
2419 2367 2503 2405 me
2543 2351 2853 2428 deciperent
2898 2351 2952 2428 et
2978 2351 3346 2428 devocarent;
3381 2351 3486 2416 sed'
3514 2366 3620 2420 illa:

2032 2419 2387 2492 tabulationes
2418 2439 2520 2477 non
2547 2419 2998 2491 sunt'audiendaa,
3023 2437 3077 2482 ut
3114 2430 3199 2484 tea:
3240 2419 3346 2485 tua:
3403 2431 3467 2488 Et
3504 2419 3619 2492 nie-

2031 2489 2134 2544 rilo
2164 2491 2286 2545 dico
2310 2502 2364 2545 ut
2405 2494 2487 2547 tea:
2522 2501 2633 2561 tua,
2680 2503 2733 2550 et
2761 2497 2934 2551 omnia
2964 2489 3212 2554 mandata
3256 2509 3346 2556 tua
3378 2516 3504 2560 sunt
3534 2489 3619 2561 υέα

2030 2561 2176 2642 ritas,
2209 2561 2422 2642 illorum
2460 2577 2640 2619 autem
2668 2577 2793 2621 sunt
2837 2566 3218 2642 tabulationes,
3270 2573 3321 2627 id
3352 2585 3455 2642 est,
3491 2579 3615 2634 talis

2029 2641 2111 2704 est
2145 2634 2228 2688 lex
2265 2640 2374 2700 tua,
2407 2634 2458 2689 in
2483 2650 2582 2704 qua
2638 2653 2744 2691 non
2775 2647 2881 2692 tam
2911 2634 3245 2698 delectorum
3277 2634 3466 2702 ornatu
3497 2663 3618 2704 ver-

2028 2699 2241 2785 borum,
2273 2699 2526 2789 quantum
2577 2703 2644 2762 de
2675 2709 2872 2789 virtute
2925 2715 3333 2789 sententiarum,
3361 2699 3475 2789 pro
3506 2699 3609 2789 qua
3673 2768 3680 2775 .

2029 2774 2255 2857 veritate
2290 2774 2909 2857 iniqui_pcrsec_uti_sunt
2939 2798 3039 2849 me,
3081 2793 3135 2840 et
3163 2774 3332 2853 ideo;
3361 2774 3611 2857 Domine,

2027 2845 2219 2968 udjuva
2247 2864 2349 2913 me,
2377 2845 2442 2904 ne
2474 2845 2528 2905 in
2572 2852 2714 2906 maio
2745 2845 3099 2918 deﬁciam,'et
3129 2865 3187 2911 ut
3231 2845 3462 2915 in'bono
3492 2845 3616 2932 pro:

2048 2930 2220 2968 1013111.

2048 2930 2220 2973 101³111.

2097 2986 2269 3045 Pauto
2291 2993 2459 3073 minus
2483 3005 2985 3073 ιερηδιιιιιιηαιιενιιιιιΔ
2997 3014 3077 3052 me
3103 3000 3494 3073 _in__terra,_ega
3518 3020 3613 3060 au-

2024 3061 2121 3141 tem
2146 3077 2246 3141 nun
2273 3063 2521 3141 dereliqui
2545 3065 2786 3141 inundata
2813 3076 2917 3121 tua.
2952 3067 3112 3136 Quasi
3145 3070 3287 3124 dicat
3312 3089 3323 3124 :
3344 3061 3504 3141 'Op'us
3528 3087 3612 3132 est

2027 3140 2083 3184 ut
2109 3131 2353 3212 adiuves,
2397 3131 2517 3205 quia
2551 3133 2713 3205 iniqui
2760 3131 3238 3212 consummaverunt
3279 3159 3379 3208 me,
3406 3131 3467 3199 id
3497 3157 3600 3212 est,

2029 3206 2537 3279 contribuiaveruut
2570 3215 2624 3260 et
2669 3207 3134 3279 mortiﬁcaverunt
3180 3227 3286 3279 me,
3336 3206 3477 3279 quod
3522 3206 3605 3275 est

2029 3230 2522 3259 CUIIH'IUUIHV’UFUIH
2570 3230 2624 3260 cs
2671 3230 3134 3267 muruucaverunt
3180 3230 3286 3279 me,
3375 3230 3477 3271 ιιοα
3522 3230 3600 3275 est

2026 3273 2162 3356 mihi
2183 3275 2599 3356 consunnnatiq,
2631 3278 2681 3331 id
2710 3287 2813 3356 est,
2845 3281 3140 3348 perfectio;
3175 3282 3299 3356 ipsi,
3332 3230 3472 3356 dico,
3503 3305 3600 3345 ειε-

2024 3347 2230 3432 vientes
2261 3347 2314 3428 in
2333 3357 2497 3432 Iterra,
2534 3348 2712 3432 idlest,
2749 3351 2798 3403 in
2830 3347 3159 3432 earuemea.
3199 3347 3473 3432 :Et'pauto'
3505 3363 3603 3432 mi-

2023 3430 2116 3496 nus
2147 3414 2263 3484 fuit,
2296 3418 2350 3472 id
2383 3414 2503 3496 est,
2520 3419 2670 3474 valde
2699 3414 2904 3490 pirum
2933 3423 3029 3478 fuit
3074 3424 3213 3496 quod
3255 3414 3470 3484 omnem
3501 3414 3600 3487 vo-

2022 3483 2278 3543 luntatem
2306 3483 2541 3566 suam'in
2570 3506 2654 3566 me
2683 3483 2793 3566 non
2811 3483 3233 3563 compleverunt.
3271 3483 3599 3566 Quasienim

2023 3572 2334 3626 responsum
2365 3563 2554 3639 mortis
2582 3564 2632 3616 in
2667 3578 2751 3618 me
2781 3565 2960 3631 habui,
2993 3582 3087 3638 ego
3116 3563 3599 3639 autem'quantnnv

2020 3641 2231 3709 uinique
2261 3632 2512 3709 saviuent
2543 3635 2593 3688 in
2620 3650 2726 3699 me,
2773 3653 2876 3690 non
2933 3632 3179 3709 der'eliqui
3211 3632 3453 3698 mandata
3481 3653 3591 3700 tua.

2026 3697 2117 3754 Vel
2145 3697 2332 3774 aliter:
2384 3697 2871 3762 Cattsunttttaueruut
2898 3725 2978 3762 me
3024 3697 3381 3774 pertrahendo
3411 3715 3463 3769 in
3495 3697 3596 3770 te};

2020 3786 2157 3851 ram,
2204 3773 2253 3827 id
2283 3785 2386 3840 est,
2429 3777 2480 3830 in
2527 3786 2735 3851 terrena
2785 3788 2838 3833 et
2866 3773 3101 3835 carnalia
3146 3781 3436 3851 desideria,
3489 3802 3594 3842 non

2018 3845 2158 3910 quod
2192 3859 2317 3922 vera
2347 3849 2738 3922 consummatio
2785 3851 2856 3906 sit
2904 3851 3170 3909 intuerere
3210 3845 3460 3922 terrenis,
3503 3863 3597 3914 sed

2018 3916 2357 3992 reputatione
2386 3919 2620 3992 illorum.
2654 3919 2806 3992 Sicut
2835 3921 2976 3977 enim
3009 3924 3315 3992 spirituaies
3361 3916 3457 3981 viri
3484 3944 3597 3984 cte-

2025 3982 2249 4068 lestibus
2282 3989 2547 4068 inhaerere
2571 3991 2870 4068 desideriis,
2899 3982 3423 4068 consummationem
3463 3982 3601 4068 prae-

2015 4054 2214 4126 dicant,
2246 4060 2327 4134 sic
2348 4063 2592 4117 carnales
2622 4054 2868 4116 homines
2898 4063 3160 4119 inhaerere
3191 4067 3440 4134 terrenis,
3463 4054 3604 4126 bona

2016 4131 2432 4197 summationem
2491 4147 2672 4187 veram
2732 4135 3068 4189 annuntiant.
3135 4136 3198 4190 Et
3248 4138 3370 4192 ideo
3423 4131 3590 4197 dicit:

2013 4196 2504 4273 Consummaverunt
2536 4219 2613 4256 me
2639 4205 2974 4273 reputatione
2997 4222 3116 4271 sua,
3146 4207 3480 4266 declinantes
3513 4196 3598 4269 tne

2014 4270 2068 4349 in
2091 4273 2441 4349 terrain._Sed
2463 4281 2640 4349 tamen
2672 4270 2763 4349 ego
2789 4292 2891 4329 non
2930 4270 3190 4349 rdereliqui
3217 4283 3460 4336 mandata
3486 4294 3594 4340 tua.

2012 4340 2078 4416 _Et
2119 4343 2261 4410 ideo,
2294 4344 2540 4416 Domine,
2589 4340 2789 4414 vivi/ica
2818 4364 2894 4401 me
2926 4348 3090 4416 intus,
3114 4340 3199 4407 ἐι
3227 4355 3273 4408 si
3304 4356 3598 4410 mortiticer

2013 4413 2236 4491 interius
2265 4415 2546 4491 secundum
2574 4413 2977 4474 misericordiam
3005 4413 3178 4490 tuam,
3208 4427 3434 4491 Scilicet,
3486 4442 3592 4481 non

2010 4484 2240 4563 amando
2267 4487 2450 4563 vitam,
2487 4505 2553 4544 ne
2576 4491 2817 4559 negando
2848 4495 3034 4559 vitam,
3071 4484 3289 4563 perdam
3318 4484 3503 4563 vitain,
3539 4507 3594 4553 et

1937 4554 1986 4616 D
2010 4555 2089 4632 sic
2120 4559 2209 4632 qui
2240 4573 2338 4628 pro
2370 4559 2474 4612 vita
2504 4554 2783 4618 veritatem
2825 4566 2949 4618 nolo
2978 4554 3248 4632 deserere,
3281 4569 3453 4623 vivam
3481 4554 3598 4624 ino-

2009 4629 2200 4708 rieudo
2252 4647 2345 4700 pro
2374 4633 2621 4688 veritate.
2670 4636 2740 4708 iit
2772 4635 2892 4690 ideo
2940 4636 3114 4704 (quasi
3163 4629 3327 4708 dicat)
3380 4651 3501 4708 pcto
3534 4653 3591 4694 ut

2006 4700 2375 4777 viviﬁcesme,
2412 4711 2470 4777 ut
2497 4705 2782 4759 custodiam
2814 4722 2920 4760 non
2948 4700 3188 4777 sciendo,
3233 4700 3326 4766 sed
3349 4700 3596 4767 iaciendo

2007 4772 2300 4854 testimonia
2330 4775 2506 4830 omnia
2541 4786 2650 4854 tua,
2707 4778 2758 4832 id
2789 4787 2898 4854 est,
2945 4772 3208 4849 praecepta
3243 4791 3347 4847 tua,
3394 4799 3512 4854 qua:
3541 4793 3594 4840 tu
3681 4845 3686 4850 _

2009 4851 2235 4900 testatus
2269 4860 2326 4900 es
2351 4860 2459 4902 non
2489 4848 2663 4903 solum
2695 4864 2772 4915 re,
2808 4849 2902 4903 sed
2931 4858 2985 4905 et
3011 4848 3162 4908 voce.

2516 4982 2713 5040 Lamcd
2731 5023 2745 5048 ,
2774 4981 3076 5055 disciplina.

2636 5092 2994 5134 ειΡιΑΝΔτιο.

2080 5167 2159 5221 Ad
2179 5168 2539 5242 duodecimam
2583 5169 2801 5242 litteram
2840 5171 2979 5240 plebs
3010 5170 3227 5227 ctelestis
3267 5174 3487 5242 advenit,
3537 5177 3590 5232 in

2006 5253 2108 5310 qua
2142 5241 2377 5308 virtutem
2407 5241 2611 5294 Domini
2635 5242 2872 5312 [actaque
2913 5243 3219 5312 describens,
3249 5247 3373 5298 dicit
3416 5241 3589 5302 omnia

2008 5313 2309 5380 temporalia
2346 5312 2504 5392 finem
2541 5329 2686 5383 posse
2728 5314 3005 5392 suscipere,
3051 5316 3450 5392 ntandatauvcra
3473 5323 3588 5392 ejus

2007 5399 2329 5459 ueqitaquam
2357 5383 2630 5459 terminum
2653 5383 2897 5459 reperire,
2940 5401 3158 5459 quorum
3187 5383 3588 5459 disciplinte'li-

2006 5452 2296 5510 bentissime
2323 5455 2528 5508 subdita
2551 5452 2874 5524 proclamat:
2917 5452 3014 5513 «Ῑιι
3045 5469 3290 5515 wternum
3321 5452 3435 5517 'non
3459 5462 3585 5517 obli-

2007 5528 2171 5581 viscar
2193 5525 2588 5598 iustiﬁcationes
2627 5540 2765 5596 tuas,
2807 5540 2851 5584 et
2883 5530 2996 5586 ideo
3039 5530 3232 5587 Lamed
3254 5532 3584 5604 disciplinam

2007 5609 2176 5654 sonat.
2221 5618 2240 5651 ι

2590 5709 3017 5755 COMMENTARIUS.

2081 5784 2144 5864 (ιι
2175 5795 2440 5864 ωιςςηιιηι,
2475 5785 2713 5864 Dandae.
2759 5787 2861 5864 Iste
2889 5791 2977 5860 qui
3010 5791 3096 5864 hic
3139 5792 3389 5863 loquitur,
3430 5794 3587 5864 quasi

2010 5857 2168 5912 taedio
2215 5857 2438 5915 atiectus
2487 5860 2869 5936 instabiiitatis,
2909 5857 3070 5935 cujus
3116 5857 3270 5935 plena
3325 5857 3580 5921 inec-vita
