4006 6364
396 330 399 333 ’
460 340 595 396 1071

924 334 1126 390 BEDE
1170 332 1620 390 VENEliABILlS
1656 331 1811 390 OPP.
1852 331 2031 390 PARS

2168 300 2363 388 SECT.
2403 330 2463 385 ιι.
2496 310 2572 371 ’ὲ-
2603 325 2810 385 ounta
2852 326 2937 383 ET
2975 326 3246 384 SPURIA.

3524 334 3527 335 ⁷
3594 326 3745 381 1072

457 465 541 513 est
566 452 893 517 tentationis,
946 461 999 505 et
1042 452 1093 506 in
1126 452 1468 507 tribulatione
1506 466 1601 506 sua
1662 428 2107 513 inﬁammatusiA
2134 450 2251 516 sivi,
2284 452 2405 518 quia
2435 462 2556 503 cum
2604 454 2916 515 peccatores,
2963 444 3013 498 id
3054 455 3159 511 est,
3208 450 3591 509 persecutores
3648 457 3747 499 me

458 526 731 583 desiderio
778 523 1012 578 caelestis
1056 524 1275 591 patrim,
1330 523 1382 576 id
1426 530 1525 587 est,
1577 520 1875 577 Jerusalem
1930 538 2024 576 su-

457 612 657 669 pernae,
709 594 857 665 quasi
879 594 1419 669 sursnmnaspiciens,
1460 593 1585 669 digit
1613 591 1722 669 :_In
1762 603 2030 669 internum,

461 663 701 732 Domine,
728 663 835 720 etc.
887 665 1047 732 Quasi
1078 664 1255 718 dicat:
1310 666 1457 727 Dico,
1507 663 1754 728 Domine,
1814 674 1869 717 ut
1903 664 2033 716 vivi-

458 740 587 794 ﬁces
618 752 702 792 me
729 754 744 801 ;
768 735 886 790 illos
913 744 1111 798 autem,
1139 737 1229 804 qui
1262 736 1316 789 in
1346 736 1496 790 caelis
1532 744 1675 803 sunt,
1723 736 1773 788 id
1806 744 1906 798 est,
1940 750 2034 786 an-

461 810 659 879 gelicos
704 807 923 879 Spiritus
965 806 1373 879 vivilicari_non
1404 814 1637 875 oportet,
1684 810 1810 875 quia
1851 807 1901 879 in
1931 805 2034 879 illis

457 876 721 965 permanet
762 877 966 931 verbum
1012 886 1177 943 tuum,
1208 877 1260 931 id
1290 888 1389 942 est,
1422 885 1746 947 praeceptum
1798 876 2034 931 veritatis

457 960 509 1006 in
549 960 831 1005 internum.
1780 980 1783 981 ν

528 1020 597 1093 In
643 1020 986 1093 generatione.
1020 1020 1179 1085 Quasi
1208 1018 1351 1073 dicat
1385 1017 1543 1093 :‘Non
1594 1019 1765 1073 solum
1800 1019 1850 1093 in
1884 1020 2033 1093 C(I’IQ,

458 1092 553 1148 sed
575 1089 736 1147 etiam
767 1092 820 1145 in
859 1101 996 1147 terra
1025 1100 1285 1161 permanet
1315 1089 1521 1143 verbum
1561 1099 1723 1153 tuum,
1753 1092 1873 1161 quia
1901 1090 2035 1141 veri-

457 1174 534 1218 tas
567 1172 655 1217 tua
683 1171 765 1217 est
800 1162 855 1215 in
895 1160 1219 1231 generatione
1241 1169 1287 1215 et
1329 1162 1732 1231 generationem.
1768 1160 1818 1213 id
1850 1170 1950 1223 est,
1984 1162 2036 1212 in

455 1235 604 1289 omni
648 1232 990 1303 generatione
1036 1233 1342 1287 succedenti
1373 1240 1428 1285 et
1452 1232 1755 1294 decedenti,
1788 1231 1839 1283 in
1873 1245 2037 1303 gene-

455 1301 670 1359 ratione
707 1302 1006 1369 pertinente
1048 1304 1113 1357 ad
1153 1304 1323 1371 legem
1366 1311 1421 1357 et
1462 1302 1528 1356 ad
1572 1302 1880 1369 prephetas,
1914 1301 2039 1369 quia

458 1391 567 1431 non
618 1373 932 1429 defecerunt
984 1382 1110 1429 tunc
1156 1375 1339 1435 etiam,
1392 1372 1484 1441 qui
1534 1372 1692 1426 ﬁdem
1753 1374 2035 1439 haberent,

455 1462 574 1517 qua:
600 1456 786 1515 postea
813 1444 1047 1517 revelata
1075 1453 1156 1498 est
1186 1445 1235 1497 in
1261 1444 1496 1517 Christo,
1524 1454 1576 1497 et
1606 1443 1660 1517 in
1689 1442 2038 1517 generatione

453 1514 781 1587 pertinente,
806 1516 881 1587 ad
917 1516 1306 1587 Evangelicam
1334 1514 1579 1584 gratiam,
1607 1515 1625 1587 (
1653 1514 1801 1581 quasi
1849 1514 1988 1567 dicat
2015 1514 2034 1580 )

454 1584 596 1659 quod
638 1587 725 1642 vel
771 1586 989 1652 inthac,
1026 1587 1110 1641 vel
1154 1588 1204 1639 in
1256 1584 1733 1659 illa_generatione
1765 1593 2039 1659 permanet

455 1655 653 1714 veritas
681 1668 794 1723 tua,
826 1672 931 1711 non
960 1672 1027 1712 ex
1057 1670 1115 1710 se
1142 1667 1244 1719 est,
1278 1655 1372 1709 sed
1404 1656 1525 1721 quia
1570 1662 1623 1709 tu
1661 1655 1891 1723 fundasti
1931 1664 2038 1708 ter-

455 1746 571 1783 ram
603 1730 824 1797 cultam,
853 1728 905 1783 id
936 1737 1037 1794 est,
1072 1727 1363 1782 Ecclesiam
1392 1726 1652 1780 stabiliter
1686 1725 1859 1797 ﬁxisti
1878 1741 2041 1792 super

2134 528 2536 588 exspemarent,
2554 518 2602 571 id
2628 528 2729 583 est,
2763 532 2829 571 ex
2855 532 3000 570 mora
3026 526 3078 571 et
3103 518 3223 570 luna
3244 529 3457 588 mecum
3482 524 3748 588 agerent,

2137 586 2277 645 unde
2304 591 2427 646 alibi
2462 607 2475 642 :
2512 587 2765 644 Sederunt
2801 588 3080 655 principes,
3109 598 3155 640 et
3183 587 3430 641 adversus
3450 602 3533 639 me
3554 586 3749 653 loque-

2138 663 2353 726 bantur;
2404 676 2528 715 cum
2559 674 2665 721 me,
2699 659 2939 726 inquam,
2998 666 3393 726 exspectarent,
3423 659 3567 712 sicut
3599 670 3747 711 vere

2137 740 2579 801 exspectaverunt,
2629 729 2694 783 ad
2746 730 2868 801 hoc,
2906 739 2961 783 ut
3007 731 3274 795 perderent
3318 746 3420 796 me,
3450 728 3503 801 id
3535 738 3648 801 est,
3686 738 3750 780 ut

2139 800 2237 858 me
2268 803 2615 866 devocarent,
2658 811 2713 856 et
2737 800 2837 853 sibi
2866 802 3290 865 conformarent,
3318 800 3463 869 quod
3512 801 3558 854 si
3592 800 3748 853 face-

2136 884 2277 940 rent,
2308 890 2435 930 vere
2478 888 2562 927 me
2592 872 2903 940 perderent,
2936 881 3111 927 tamen
3160 888 3265 926 non
3321 886 3408 925 me
3434 872 3750 926 devocare-

2136 953 2278 1009 runt,
2308 946 2429 1015 quia
2460 944 2690 997 intellexi
2720 942 3034 1015 testimonia,
3068 944 3119 999 id
3148 953 3251 1008 est,
3284 957 3467 1015 verum
3518 942 3747 1015 intelle-

2143 1026 2290 1070 ctum
2328 1013 2506 1071 'habui
2554 1015 2622 1069 de
2673 1013 2972 1087 pra‘ceptis“
3004 1015 3129 1087 tuis,
3184 1014 3407 1087 scilicet,
3440 1014 3586 1087 quod
3630 1027 3747 1065 non

2140 1096 2349 1141 tantum
2381 1092 2565 1142 essent
2609 1084 2846 1149 scienda,
2881 1084 2976 1140 sed
3023 1085 3300 1150 facienda;
3332 1093 3385 1139 et
3414 1084 3560 1153 quod
3588 1093 3751 1137 esset

2138 1157 2477 1213 moriendum
2530 1157 2679 1225 prius
2726 1170 2886 1226 quam
2933 1172 2965 1210 a
3005 1157 3270 1212 mandatis
3311 1156 3416 1210 tuis
3465 1154 3747 1210 receden-

2138 1229 2287 1283 dum.

2213 1300 2411 1354 Omnis.
2443 1299 2607 1367 Quasi
2652 1300 2837 1357 dicat:
2875 1303 3098 1372 Propter
3125 1301 3251 1372 hoc,
3300 1296 3744 1372 inquam,iintetf

2140 1371 2243 1445 texi
2284 1372 2575 1445 testimonia
2618 1379 2726 1439 tua,
2767 1374 2889 1445 quia
2928 1368 3055 1439 vidi,
3086 1371 3138 1425 id
3170 1379 3270 1445 est,
3304 1368 3564 1439 proposui
3596 1368 3741 1422 mihi

2139 1442 2295 1510 ﬁnem
2326 1444 2487 1496 omnis
2520 1441 2995 1500 consummationis.
3044 1441 3228 1497 Omnis
3268 1451 3445 1496 autem
3481 1455 3749 1494 consum-

2141 1513 2305 1585 mgtio
2362 1522 2446 1568 est
2489 1524 2699 1570 certare
2745 1531 2838 1585 pro
2867 1516 3089 1571 veritate
3136 1529 3302 1583 usque
3344 1513 3746 1585 adsanguinis

2139 1580 2482 1651 eﬂ‘usionem,
2533 1594 2589 1639 et
2619 1600 2714 1652 pro
2742 1580 2951 1641 summo
2993 1587 3139 1641 bono
3180 1580 3356 1637 omnia
3412 1580 3579 1637 dura’
3605 1584 3751 1637 tole-

2139 1668 2305 1710 rare:
2341 1655 2495 1723 hujus
2526 1656 2677 1727 ﬁnis,
2727 1656 2776 1711 id
2806 1668 2910 1724 est,
2956 1656 3235 1727 praemium
3284 1664 3365 1709 est
3408 1655 3464 1709 in
3516 1658 3652 1727 vita,
3692 1664 3747 1727 et

2144 1739 2238 1794 per
2262 1735 2491 1780 mortem
2523 1726 2680 1795 hujus
2712 1728 2833 1783 vita:
2876 1725 3309 1782 tribulationibus
3338 1734 3393 1782 et
3423 1725 3750 1793 opprobriis

454 1800 589 1855 illud
635 1799 1058 1874 fundamentum,
1092 1799 1160 1853 de
1214 1811 1318 1866 quo
1347 1796 1423 1849 ait
1452 1797 1777 1874 Apostolus:
1818 1796 2037 1874 Funda-
2069 1814 2117 1874 Β
2148 1797 2332 1852 multis
2360 1798 2638 1874 acquisita.
2671 1797 2790 1874 Sed
2809 1800 3277 1874 quoniamneutra
3305 1797 3569 1874 przedicta
3614 1810 3750 1874 con-

455 1880 682 1925 mentum
706 1871 851 1923 aliud
876 1885 1026 1923 nemo
1056 1885 1242 1937 ponere
1282 1878 1446 1931 potest
1490 1878 1673 1937 prceter
1702 1868 1752 1919 id
1781 1871 1915 1937 quod
1950 1885 2039 1933 po-

455 1942 612 1996 situm
640 1949 736 2005 est,
769 1941 824 1993 id
854 1950 949 2006 est,
991 1939 1250 1994 Christus.
1295 1938 1360 1991 Et
1390 1938 1511 2006 quia
1558 1946 1611 1991 tu
1639 1938 1892 2005 fundasti,
1922 1939 2043 1994 ideo

456 2022 639 2067 manet
667 2012 861 2066 veritas
891 2023 1003 2065 tua.

535 2083 873 2137 Ordinatione
914 2090 1019 2135 tua.
1054 2079 1216 2148 Quasi
1246 2079 1389 2134 dicat
1420 2098 1429 2131 :
1460 2080 1572 2135 Non
1604 2081 1776 2135 solum
1817 2094 1881 2136 ex
1917 2081 2042 2135 fun-

458 2154 676 2209 datione
704 2161 791 2207 tua
822 2152 1019 2206 veritas
1062 2153 1116 2205 in
1146 2160 1305 2217 terra,
1342 2152 1437 2206 sed
1462 2151 1621 2206 etiam
1671 2152 1722 2205 in
1751 2152 1889 2207 coelo
1918 2167 2043 2220 per-

458 2232 662 2290 manet,
705 2224 825 2293 quia
856 2223 987 2289 dies,
1031 2222 1086 2275 id
1132 2232 1235 2285 est,
1276 2223 1674 2289 supercoelestis
1716 2224 1937 2291 spiritus
1976 2223 2045 2277 ad

458 2311 648 2351 verum
687 2295 851 2360 diem,
900 2295 953 2347 id
982 2299 1090 2359 est,
1117 2293 1182 2347 ad
1214 2306 1391 2347 veram
1444 2294 1737 2347 claritatem
1772 2296 2045 2362 pertinen-

457 2374 562 2434 tes,
589 2367 733 2435 quod
762 2373 1018 2433 apostalae
1049 2364 1238 2435 angelo
1265 2380 1370 2418 non
1400 2364 1761 2430 adhmserunt,
1794 2365 1889 2419 sed
1919 2379 2041 2433 per-

459 2434 777 2493 severarunt
824 2436 877 2489 in
908 2436 1150 2497 veritate,
1197 2434 1298 2488 hoc
1345 2451 1449 2489 non
1481 2435 1683 2489 habent
1729 2450 1795 2489 ex
1832 2450 1911 2502 se,
1945 2435 2042 2491 sed

458 2524 525 2565 ex
548 2516 639 2562 tua
657 2507 1000 2575 ordinatione,
1022 2506 1072 2559 id
1096 2514 1198 2570 est,
1218 2520 1283 2559 ex
1306 2515 1391 2559 tua
1415 2506 1760 2574 dispositione
1780 2516 1833 2560 et
1857 2506 2043 2560 volun-

462 2588 595 2635 tate.
637 2580 709 2634 Et
735 2592 860 2632 vere
913 2592 982 2632 ex
1033 2586 1084 2631 te
1136 2577 1355 2642 habent,
1399 2580 1649 2645 quoniam
1692 2578 1954 2642 serviunt,
1986 2577 2039 2631 id

465 2660 576 2716 est,
619 2650 918 2718 subjacent,
952 2656 1005 2701 et
1034 2657 1223 2715 parent
1254 2648 1349 2700 tibi
1380 2662 1476 2717 per
1504 2650 1681 2701 omnia
1726 2663 1834 2703 non
1866 2650 2039 2718 solum

457 2717 837 2788 terrena,’sed
868 2728 921 2774 et
958 2719 1213 2775 coelestia.
1261 2718 1433 2773 Aliter
1459 2728 1635 2773 autem
1668 2718 1841 2789 (quasi
1872 2717 2039 2789 dicat)

452 2800 582 2860 peto
611 2802 669 2845 ut
696 2806 785 2845 me
812 2789 1083 2855 viviﬁces;
1114 2789 1190 2842 illi
1218 2800 1416 2854 autem,
1440 2805 1574 2860 quos
1601 2789 1771 2859 gratia
1800 2800 1885 2843 tua
1911 2789 2041 2844 fecit

455 2862 677 2928 caelum,
712 2861 765 2915 id
797 2871 899 2925 est,
929 2862 1290 2928 complutores
1338 2862 1586 2926 aliorum,
1638 2876 1745 2914 non
1798 2860 2042 2929 indigent

456 2932 838 2997 viviﬁcatione,
890 2931 1012 2999 quia
1062 2932 1113 2982 in
1164 2931 1310 2995 ccrlo,
1363 2931 1415 2985 id
1466 2942 1569 2996 est,
1616 2932 1669 2985 in
1710 2931 1813 2986 illis
1846 2932 2037 2986 talibus

457 3012 723 3073 permanet
742 3003 948 3056 verbum
985 3011 1129 3073 tuum
1163 3003 1217 3053 in
1245 3010 1513 3073 internum.
1548 3002 1613 3055 Et
1638 3016 1750 3073 non
1782 3002 1954 3055 solum
1982 3003 2036 3057 in

454 3074 613 3140 coelo,
642 3072 696 3128 id
736 3082 837 3140 est,
872 3074 923 3127 in
954 3072 1392 3140 praedicatoribus
1440 3073 1573 3127 alios
1604 3072 1876 3127 doctrinae
1915 3088 2038 3128 ver-

455 3143 540 3199 bis
586 3144 1035 3213 compluentibus,
1068 3143 1162 3198 sed
1189 3143 1347 3197 etiam
1396 3142 1451 3213 in
1497 3143 1779 3212 complutis
1826 3152 1931 3199 tam
1981 3145 2035 3200 in

454 3216 623 3285 priori
649 3212 992 3285 generatione
1020 3215 1319 3283 pertinente
1358 3212 1424 3267 ad
1464 3214 1797 3284 patriarchas
1831 3224 1885 3271 et
1918 3232 2037 3285 pro-

456 3288 673 3356 phetas,
714 3302 870 3357 quam
923 3285 974 3339 in
1028 3287 1317 3357 posteriori
1348 3285 1695 3355 generatione
1736 3288 2038 3355 pertinente

458 3358 527 3412 ad
555 3356 917 3427 evangelicam
947 3357 1196 3426 gratiam,
1226 3366 1279 3410 et
1310 3356 1411 3411 hoc
1440 3370 1546 3412 non
1572 3372 1638 3411 ex
1666 3372 1747 3422 se,
1777 3358 1873 3413 sed
1913 3358 2036 3427 quia

460 3436 517 3482 tu
546 3429 778 3501 fundasti
802 3438 1010 3495 terram,
1035 3436 1083 3480 et
1111 3438 1392 3501 permanet,
1448 3428 1587 3481 sicut
1631 3442 1790 3501 supra
1837 3429 2037 3501 dictum

454 3507 557 3555 est.
606 3500 674 3554 Et
702 3514 808 3553 non
860 3508 1063 3553 tantum
1095 3498 1361 3553 excultam
1412 3508 1609 3553 terram
1658 3498 1909 3565 fundasti,
1942 3500 2039 3556 sed

454 3571 616 3625 etiam
647 3571 903 3635 cultores,
933 3569 1056 3639 quia
1107 3569 1245 3635 dies,
1278 3569 1329 3623 id
1360 3578 1462 3634 est,
1494 3583 1683 3625 omnes
1711 3573 2039 3639 pertinentes

456 3640 525 3695 ad
575 3642 748 3695 lucem
798 3640 960 3704 ﬁdei,
1016 3640 1173 3695 etiam
1223 3640 1581 3709 cognitionem
1649 3650 2037 3712 praeceptorum

455 3721 693 3775 tuorum,
726 3720 780 3765 et
828 3712 1061 3765 cultores
1107 3718 1165 3764 et
1212 3712 1343 3765 culti
1384 3720 1732 3781 perseverant
1781 3713 1834 3766 in
1894 3715 2036 3768 veri-

453 3789 585 3846 tate,
617 3795 722 3835 non
754 3795 846 3853 per
873 3781 1079 3853 se,sed
1122 3796 1187 3835 ex
1230 3791 1317 3835 tua
1342 3782 1735 3853 ordinatione;
1790 3787 2036 3853 quoniam

456 3853 633 3907 omnia
661 3852 884 3906 serviunt
912 3852 1022 3919 tibi,
1055 3859 1110 3905 ut
1136 3864 1295 3918 supra
1323 3851 1523 3907 dictum
1551 3862 1658 3908 est.

527 3921 648 3977 Nisi
688 3923 823 3993 quod
873 3922 1009 3994 (ean,
1050 3922 1211 3989 Quasi
1266 3922 1408 3976 dicat
1449 3939 1461 3976 :
1509 3922 1771 3991 Quoniam
1797 3926 2037 3994 quidem

456 3996 630 4048 omnia
654 3991 878 4049 serviunt
920 3991 1028 4060 tibi,
1059 4008 1206 4062 ergo,
1232 3994 1474 4061 Domine,
1508 3994 1705 4063 viviﬁca
1731 4012 1810 4049 me
1841 3991 2035 4051 secun-

452 4066 579 4119 dum
610 4066 1015 4119 misericordiam
1058 4074 1219 4131 tuam,
1253 4065 1323 4118 ob
1353 4066 1454 4119 hoc
1480 4079 1548 4120 ne
1578 4080 1793 4134 peream
1844 4068 1899 4120 in
1941 4069 2037 4122 hu-

455 4137 675 4190 militate
699 4150 828 4200 mea,
875 4136 1055 4202 idest,
1098 4135 1151 4189 in
1199 4136 1499 4191 humilitate
1550 4138 1787 4203 mortali,
1818 4137 1920 4192 hoc
1969 4153 2036 4193 ex

455 4207 563 4262 ﬁne
589 4222 777 4262 versus
806 4206 1083 4275 accipitur,
1112 4205 1201 4260 ubi
1244 4207 1371 4261 dicit
1402 4226 1413 4259 :
1446 4205 1701 4261 Perissent
1746 4210 1799 4261 in
1825 4209 2037 4262 humili-

457 4286 558 4332 tate
585 4294 717 4343 mea,
752 4279 823 4332 ita
866 4277 1008 4342 dico,
1061 4292 1128 4331 ne
1175 4292 1413 4345 peream,
1464 4280 1606 4332 sicut
1636 4288 1761 4334 tunc
1811 4279 2035 4335 forsitan

453 4349 734 4417 perissem,
781 4348 992 4417 quando
1038 4348 1203 4416 iniqui
1251 4350 1406 4417 paulo
1436 4350 1605 4403 minus
1647 4366 2033 4405 consummave-

456 4429 579 4474 runt
608 4421 844 4485 interra,
870 4418 969 4472 nisi
1015 4418 1115 4472 hoc
1156 4434 1241 4474 me
1263 4418 1509 4488 jnvisset,
1540 4422 1679 4489 quod
1713 4422 1797 4475 lex
1825 4432 1909 4475 tua
1951 4431 2036 4478 est

457 4492 739 4545 meditatio
768 4505 909 4555 mea,
945 4489 1028 4542 lex
1059 4488 1242 4559 utique
1274 4490 1397 4544 lidei
1428 4505 1532 4544 non
1558 4488 1756 4555 inanis,
1792 4492 1884 4545 sed
1916 4509 2033 4561 quae

453 4576 552 4630 per
579 4561 923 4616 dilectionem
956 4572 1234 4629 Operatur,
1262 4570 1315 4615 et
1340 4576 1432 4628 per
1462 4576 1621 4630 quam
1644 4562 1889 4631 gratiam,
1915 4580 2035 4632 qua:

456 4632 624 4687 fortes
673 4632 799 4686 facit
846 4632 898 4684 in
947 4633 1197 4699 passione
1246 4633 1548 4701 temporali,
1599 4648 1668 4688 ne
1716 4643 1938 4702 pereant
1983 4636 2035 4689 in

455 4703 756 4757 humilitate
788 4703 1019 4756 mortali.

526 4772 594 4827 In
634 4782 877 4828 teternum
920 4790 1019 4826 non
1051 4773 1335 4828 obliviscar.
1389 4774 1547 4838 Quasi
1575 4774 1715 4828 dicat
1747 4790 1762 4829 :
1790 4774 2041 4843 Quando-

457 4845 669 4914 quidem
715 4845 799 4898 lex
832 4854 937 4908 ttta,
970 4861 1036 4898 ne
1073 4848 1321 4913 perirem,
1355 4846 1579 4912 adjuvit,
1608 4860 1733 4914 ergo
1778 4864 1877 4899 non
1911 4847 2041 4901 obli-

454 4915 1027 4988 uiscarjustiﬁcationes
1073 4927 1208 4979 tuas,
1246 4918 1295 4969 id
1332 4926 1432 4981 est,
1459 4928 1725 4988 praecepta
1768 4916 1897 4988 legis
1936 4928 2040 4973 tua:

450 4986 828 5055 justilicantia,
879 4996 932 5040 et
980 4990 1175 5055 repetit
1223 4987 1627 5054 mtiliipollenter
1672 4986 1907 5053 causam,
1955 4989 2039 5043 di-

458 5072 587 5113 cens
614 5075 624 5109 :
654 5057 787 5122 Quia
820 5056 1081 5125 viviﬁcasti
1111 5073 1190 5111 me
1218 5058 1270 5110 in
1300 5058 1445 5127 ipsis,
1477 5073 1543 5112 ne
1572 5057 1779 5113 scilicet
1810 5061 2037 5127 perirem

458 5128 515 5183 in
545 5129 845 5182 humilitate
873 5128 1106 5184 mortali.
1132 5158 1133 5161 η

524 5198 667 5253 Tuus
682 5216 811 5253 sum.
829 5199 990 5263 Quasi
1017 5200 1192 5252 dicat:
1214 5197 1366 5265 Quia,
1381 5210 1631 5267 quantum
1650 5200 1699 5252 in
1720 5209 1915 5266 meast,
1930 5202 2039 5255 non

454 5268 723 5324 obliviscar
736 5270 1132 5341 justifieutiones
1155 5279 1288 5339 tuas,
1314 5285 1462 5339 ergo,
1490 5271 1733 5333 Domine,
1749 5270 1947 5322 salvum
1960 5288 2039 5325 me

455 5344 563 5411 fac,
597 5341 649 5393 id
679 5338 779 5406 est,
815 5338 899 5394 fac
932 5356 1015 5395 me
1049 5338 1398 5409 perseverare
1426 5342 1480 5394 in
1510 5343 1661 5410 ipsis,
1693 5340 1834 5407 quod
1862 5341 2039 5397 facere

455 5410 641 5471 debes,
674 5414 795 5478 quia
827 5421 944 5465 tuus
975 5428 1108 5466 sum.
1142 5412 1287 5466 Meus
1314 5413 1455 5465 enim
1487 5427 1607 5465 esse
1636 5411 1796 5475 volui,
1828 5419 1883 5464 et
1913 5427 2035 5480 per-

455 5481 637 5535 didisti
670 5496 786 5547 me;
832 5499 973 5538 nunc
1000 5494 1176 5539 autem
1211 5484 1381 5536 factus
1412 5498 1523 5535 sum
1555 5490 1690 5544 tuus,
1726 5482 1775 5535 id
1802 5491 1905 5548 est,
1938 5498 2035 5536 vo-

456 5552 713 5623 luntatem
747 5562 887 5607 tuam
920 5554 1188 5615 insistens,
1216 5568 1390 5607 meum
1423 5563 1769 5623 postponens,
1806 5568 2038 5620 quapro-

458 5635 575 5694 pter
602 5622 765 5679 debes
796 5639 879 5679 me
905 5625 1131 5678 salvare.
1168 5625 1231 5677 Et
1258 5639 1383 5678 vere
1412 5635 1524 5677 tuus
1546 5622 1679 5689 sum,
1714 5627 1835 5694 quia
1864 5626 2039 5694 exqui-

456 5693 570 5764 sivi,
624 5710 727 5749 non
758 5693 823 5747 ad
853 5694 1154 5767 sciendum,
1186 5696 1281 5750 scd
1311 5695 1376 5749 ad
1421 5696 1744 5759 iaciendum,
1771 5693 2039 5767 justified-

458 5767 621 5821 tiones
655 5775 788 5830 tuas,
824 5766 1194 5833 postponendo
1223 5780 1387 5820 meas.
1774 5766 1785 5835 χ

530 5837 615 5892 lle
641 5845 1073 5907 exspectaverunt.
1112 5836 1243 5893 Vere
1271 5837 1669 5908 justiﬁcationes
1710 5848 1821 5892 tuas
1851 5840 2033 5908 exqui-

2148 1870 2437 1924 summatio
2470 1869 2706 1936 prodest,
2743 1867 2841 1924 nisi
2894 1872 2945 1923 in
2976 1870 3208 1936 patiente
3258 1878 3311 1922 et
3350 1868 3650 1921 conﬁtente
3680 1867 3752 1920 sit

2146 1939 2399 2004 charitas,
2448 1939 2585 1993 sicut
2616 1948 2838 1995 testatur
2867 1941 3177 2009 Apostolus,
3208 1936 3393 1993 dicens
3430 1957 3442 1990 :
3473 1938 3539 1993 Si
3572 1939 3741 1990 tradi-

2147 2012 2269 2065 dero
2300 2026 2484 2078 corpus
2528 2026 2713 2075 meum,
2748 2014 2820 2064 ita
2869 2021 2924 2063 ut
2962 2014 3192 2074 ardeam,
3232 2011 3535 2063 charitatem
3578 2020 3752 2063 autem

2148 2098 2249 2135 non
2275 2082 2520 2146 habuero,
2548 2082 2678 2134 nihil
2722 2083 2926 2150 prodest
2954 2082 3102 2149 mihi,
3152 2082 3270 2135 ideo
3301 2081 3483 2135 subdit
3536 2099 3548 2131 :
3604 2078 3751 2145 Vidi,

2148 2152 2200 2206 id
2240 2161 2342 2216 est,
2373 2153 2627 2221 proposui
2672 2154 2804 2206 mihi
2834 2168 2936 2207 non
2978 2161 3181 2207 tantum
3224 2152 3374 2221 linem
3412 2168 3750 2205 consumma-

2148 2224 2323 2287 tionis,
2354 2220 2448 2277 sed
2473 2222 2633 2277 etiam
2662 2224 2963 2277 mandatum
2988 2232 3156 2277 tuum.
3184 2220 3522 2286 Mandatum,
3550 2223 3750 2291 inquit,

2148 2310 2332 2347 novum
2356 2294 2421 2347 do
2460 2294 2617 2358 vobis,
2666 2305 2721 2347 ut
2764 2296 3006 2365 diligatis
3040 2310 3154 2359 vos,
3202 2292 3265 2365 id;
3302 2302 3404 2365 est,
3461 2294 3750 2347 charitatis

2147 2374 2493 2433 praeceptum,
2527 2365 2667 2434 quod
2697 2375 2779 2420 est
2808 2363 2957 2419 nimis
2989 2363 3184 2417 latum.
3235 2363 3372 2429 Quid
3399 2366 3552 2419 enim
3588 2365 3747 2418 latius

2146 2450 2305 2501 quam
2328 2437 2379 2489 in
2403 2450 2508 2504 quo
2530 2438 2713 2504 pendet
2735 2438 2901 2489 omnis
2926 2438 3010 2489 lex
3035 2445 3081 2489 et
3106 2438 3364 2505 prophetae
3380 2436 3405 2488 .’
3434 2434 3529 2489 Vel
3558 2434 3747 2489 aliter:

2148 2505 2285 2561 Vere
2336 2506 2623 2560 testimonia
2664 2517 2751 2561 tua
2800 2507 3049 2571 intellexi,
3104 2506 3221 2575 quia
3274 2508 3327 2559 in
3379 2506 3747 2561 charitateea

2145 2576 2405 2647 compleri
2435 2578 2791 2643 consideravi,
2849 2579 2949 2632 hoc
2979 2586 3083 2644 est,
3138 2577 3281 2646 quod
3328 2578 3750 2647 azquipollenter

2142 2647 2274 2701 dicit
2300 2664 2315 2701 :
2355 2646 2495 2716 Vidi,
2528 2649 2579 2703 id
2607 2660 2708 2715 est,
2743 2648 2945 2703 attendi
2976 2650 3277 2701 mandatum
3300 2646 3448 2703 tuum
3482 2650 3643 2702 nimis
3667 2652 3746 2702 la-

2144 2727 2272 2784 tum,
2300 2718 2353 2773 id
2382 2729 2484 2785 est,
2509 2718 2824 2775 charitatem
2856 2734 2976 2774 esse
3001 2722 3159 2774 tinem
3182 2721 3357 2774 omnis
3386 2734 3740 2774 consumma-

2144 2789 2322 2912 tilenis,
2368 2790 2507 2845 sicut
2533 2790 2820 2861 Apostolus
2850 2791 2922 2845 ait
2951 2808 2965 2843 :
2995 2791 3144 2844 Finis
3190 2791 3345 2845 totius
3372 2793 3635 2862 praecepti
3660 2798 3733 2847 est

2144 2876 2168 2912 c
2208 2870 2387 2912 antas.
2418 2870 2524 2912 etc.

2142 2862 2387 2928 charitas,
2418 2870 2524 2917 etc.

2548 2953 2710 3021 Mem,
2738 2970 2806 3011 ex
2831 2970 2938 3027 quo
2966 2955 3049 3011 vel
3079 2971 3145 3011 ex
3173 2969 3320 3025 lpSlS.

2766 3062 3123 3103 EXPLANATIO.

2218 3114 2454 3193 Populus
2490 3117 2694 3193 beatus,
2730 3120 2817 3189 qui
2852 3122 3211 3193 praphetarum
3262 3128 3417 3188 atque
3472 3120 3740 3193 Evangelii

2147 3186 2377 3258 plurima
2407 3186 3073 3259 meditatione'profecerat,
3097 3186 3465 3259 alloquen’dum
3491 3186 3738 3262 superde-

2140 3269 2253 3313 cent
2275 3274 2399 3324 esse,
2439 3276 2499 3314 ac
2527 3262 2750 3315 seniores
2777 3277 3005 3315 asserens
3036 3263 3212 3315 divina
3238 3263 3558 3318 intellexisse
3586 3283 3735 3319 man-

2142 3334 2283 3395 data,
2324 3339 2371 3385 et
2401 3332 2517 3385 ideo
2541 3346 2691 3402 super
2713 3334 2817 3385 mel
2843 3342 2889 3387 et
2915 3333 3087 3401 favum
3112 3335 3187 3387 ori
3216 3350 3308 3387 suo
3332 3333 3725 3403 Scripturarum

2142 3404 2435 3476 divinarum
2474 3410 2685 3456 testatur
2713 3404 2999 3475 provenisse
3028 3404 3372 3476 dulcedinem.
3422 3408 3569 3471 Quod
3605 3422 3725 3476 ergo

2144 3471 2281 3526 Mem
2336 3471 2723 3546 interpretatur,
2776 3490 2841 3529 ex
2887 3490 3029 3543 quo,
3070 3475 3165 3546 h_oc
3215 3486 3317 3542 est,
3368 3478 3454 3546 qui
3503 3471 3726 3531 dicitur:

2148 3562 2167 3596 ι
2210 3544 2666 3617 ρηοηῑοάολάὶιεωὶ
2694 3545 2853 3617 legem
2881 3554 3043 3609 tuam,
3080 3544 3342 3600 Domine!
3374 3544 3393 3599 ὁ
3426 3558 3475 3599 et
3514 3550 3729 3601 iterum:

2146 3632 2166 3666 ι
2207 3615 2379 3686 Quam
2407 3614 2579 3669 dulcia
2610 3614 2839 3686 faucibus
2864 3618 2988 3671 meis
3016 3619 3219 3686 eloquia
3245 3628 3334 3670 tua
3355 3619 3377 3669 .'
3411 3635 3431 3668 ι
3462 3620 3519 3670 id
3549 3629 3647 3681 est,
3677 3634 3738 3671 es

2140 3702 2239 3757 quo
2272 3685 2461 3759 affectu
2495 3685 2777 3759 dulcedinis
2812 3698 2859 3740 et
2890 3685 3131 3759 amoris,_
3151 3698 3207 3740 ut
3243 3689 3502 3759 signiﬁcet
3552 3706 3617 3743 ex
3656 3692 3737 3742 in-

2142 3760 2293 3821 timo;
2340 3758 2424 3824 qui
2468 3773 2586 3811 vero
2624 3758 2811 3811 dicitur
2838 3775 2903 3812 ex
2941 3760 3064 3826 ipsis
3101 3757 3307 3813 Domini
3349 3760 3617 3814 mandatis
3646 3775 3733 3815 eo-

2138 3830 2376 3881 rumdem
2403 3829 2784 3899 concipiendum
2810 3844 3055 3897 amorem,
3086 3830 3221 3885 unde
3246 3830 3368 3884 dicit
3392 3847 3413 3884 :
3450 3848 3471 3883 t
3508 3832 3557 3884 A
3587 3847 3735 3887 malt-

2142 3902 2276 3955 datis
2309 3901 2408 3953 tuis
2436 3900 2692 3954 intellexi.
2730 3918 2751 3953 ι
2784 3899 2902 3956 Etc.

2727 4007 3156 4053 COMMENTARIUS.

2217 4063 2484 4127 Quomodo
2521 4064 2708 4119 dilexi.
2739 4064 2900 4132 Quasi
2931 4066 3076 4121 dicat
3108 4084 3122 4120 :
3164 4066 3305 4123 Vere
3334 4068 3575 4123 intellexi
3603 4070 3740 4125 testi-

2141 4136 2314 4212 monia
2328 4145 2456 4212 tua,
2492 4150 2629 4212 nam,
2650 4138 2889 4212 intellexi
2920 4136 3090 4212 legem
3124 4149 3285 4203 tuam,
3333 4139 3528 4212 idest,
3564 4142 3735 4212 legem

2139 4206 2283 4279 ﬁdei.
2319 4204 2633 4279 Quomodo?
2661 4208 2845 4279 ldrest,
2876 4222 2942 4263 eo
2968 4204 3147 4275 modo,
3181 4225 3285 4279 quo
3314 4210 3593 4279 diligenda
3619 4204 3735 4269 Est.

2147 4276 2214 4331 Et
2245 4279 2363 4348 quis
2390 4280 2456 4331 sit
2486 4278 2677 4333 modus
2706 4278 2815 4343 ille,
2847 4280 3085 4348 exponit,
3116 4276 3299 4335 dicens
3336 4300 3347 4334 :
3378 4276 3516 4336 Tota
3551 4286 3639 4338 die
3660 4292 3737 4339 est

2137 4347 2402 4420 meditatio
2430 4364 2563 4416 mea,
2615 4349 2667 4404 id
2716 4360 2821 4417 est,
2864 4347 2984 4405 sine
3035 4351 3456 4420 intermissione,
3500 4370 3575 4409 ex
3622 4366 3736 4411 toto

2137 4418 2321 4493 corde,
2353 4427 2502 4493 etex
2544 4420 2791 4493 omnibus
2841 4422 3063 4493 viribus,
3113 4424 3346 4478 meditor
3398 4418 3451 4477 in
3502 4440 3592 4493 ea,
3626 4442 3733 4481 non

2141 4491 2208 4563 ad
2250 4490 2547 4563 sciendum,
2590 4492 2683 4563 sed
2723 4492 2791 4563 ad
2833 4489 3170 4563 faciendum;
3216 4496 3293 4549 sic
3338 4489 3612 4563 diligenda
3654 4506 3735 4551 est

2142 4561 2225 4637 lett
2250 4561 2479 4637 Domini.
2503 4562 2667 4637 Unde
2677 4562 2804 4637 alibi
2831 4580 2843 4614 :
2869 4560 3087 4637 Ini/ege,
3112 4565 3305 4634 inquit,
3330 4560 3573 4620 voluntas
3599 4570 3729 4637 ejus,

2142 4642 2188 4684 et
2207 4633 2261 4685 in
2284 4634 2391 4702 lege
2418 4633 2525 4702 ejus
2554 4633 2874 4686 meditabitur
2903 4636 2984 4688 die
3008 4651 3067 4688 ac
3088 4633 3253 4691 nocte.

2214 4702 2384 4776 Super
2406 4703 2636 4757 inimicos
2657 4720 2814 4760 meos.
2841 4706 3001 4771 Quasi
3031 4706 3208 4760 dicat:
3234 4708 3443 4773 Merito,
3474 4708 3725 4776 Domine,

2144 4772 2303 4846 dilexi
2326 4773 2484 4844 legem
2515 4785 2685 4843 tuam,
2709 4776 2829 4843 quia
2856 4785 2911 4830 tu
2942 4779 3108 4846 fecisti
3134 4780 3375 4832 mandato
3398 4772 3504 4841 tuo,
3541 4781 3593 4834 id
3622 4772 3726 4845 est,

2146 4859 2238 4919 per
2268 4845 2437 4913 legem
2466 4853 2611 4919 tuam
2645 4862 2722 4919 me
2763 4847 3065 4914 prudentem
3105 4865 3256 4919 super
3294 4850 3537 4904 inimicos
3562 4868 3727 4905 meos.

2143 4915 2344 4969 Omnes
2374 4918 2662 4990 carnaliter
2702 4917 2878 4990 legem
2930 4915 3290 4990 intelligentes
3343 4920 3549 4976 inimici
3602 4933 3727 4977 sunt

2142 5000 2328 5061 eorum
2359 4988 2447 5061 qui
2475 4986 2821 5055 spiritualiter
2866 5003 2983 5043 eam
3023 4986 3502 5061 intelligunttquia
3544 4994 3728 5045 volen-

2144 5065 2221 5131 tes,
2248 5058 2507 5131 justitiam
2547 5073 2691 5131 suam
2734 5067 2970 5131 statuere,
3015 5071 3064 5114 et
3097 5058 3313 5131 justitia:
3342 5060 3439 5115 Dei
3469 5077 3575 5115 non
3617 5080 3727 5118 esse

2140 5128 2349 5193 subditi,
2374 5134 2559 5195 putant
2580 5144 2643 5182 ex
2667 5129 2868 5197 justitia
2899 5128 3160 5185 factorum
3190 5147 3248 5187 se
3272 5133 3484 5198 salvari,
3509 5142 3565 5186 et
3597 5136 3723 5189 ideo

2149 5198 2493 5273 inimieantur
2537 5198 2768 5273 illiquui
2823 5201 2982 5273 nullis
3010 5202 3239 5269 meritis,
3270 5203 3361 5257 sed
3401 5203 3503 5259 soli
3531 5208 3723 5273 gratia:

2146 5267 2494 5346 salvationetn
2541 5267 2856 5346 attribuunt,
2900 5271 2954 5327 id
2997 5282 3106 5346 est,
3150 5267 3494 5346 spiritualiter
3534 5267 3722 5346 legem

2141 5339 2583 5415 intelligentibus.
2632 5340 2892 5415 Quocirca
2930 5339 3277 5412 spiritualiter
3308 5346 3406 5398 iste
3438 5339 3725 5415 legem'in-

2142 5410 2418 5479 telligens,
2467 5409 2597 5465 dicit
2645 5428 2671 5483 :7
2702 5409 2894 5466 Fecisti
2940 5409 3020 5467 me
3068 5430 3164 5483 per
3213 5409 3519 5469 mandatum
3570 5425 3722 5471 tuum

2141 5484 2439 5556 prudentem
2468 5498 2621 5551 super
2658 5482 2911 5556 inimicos,
2929 5482 3081 5556 meos
3110 5502 3125 5537 :
3169 5488 3291 5555 quia
3322 5500 3420 5555 ego
3449 5486 3716 5556 intellexi,

2139 5552 2281 5621 quod
2313 5568 2419 5607 non
2450 5561 2736 5621 potuerunt
2784 5553 3109 5624 intelligere,
3158 5552 3607 5611 scilicet'nomine
3635 5552 3721 5611 fai-

2139 5633 2363 5696 ctorumg
2386 5637 2479 5696 per
2515 5624 2689 5696 legem
2733 5639 2891 5693 posse
2932 5626 3245 5696 justiﬁcari,
3295 5627 3389 5681 sed
3418 5642 3514 5696 per
3541 5630 3716 5683 solam

2140 5693 2307 5762 legem
2340 5693 2480 5769 ﬁdei,
2512 5695 2742 5769 hoeest,
2766 5697 2915 5769 quod
2934 5693 3236 5765 'Apostolus
3258 5698 3333 5752 ait
3360 5716 3374 5753 :
3399 5693 3583 5752 Gentes
3604 5716 3722 5769 quae

2140 5781 2243 5818 non
2268 5766 2586 5819 sectabantur
2605 5766 2883 5836 justitiam,
2906 5770 3348 5838 apprehenderunt
3371 5786 3484 5823 eam
3509 5790 3520 5824 :
3552 5766 3722 5824 Israel

2140 5851 2257 5890 vero
2278 5838 2516 5891 sectanda
2547 5838 2725 5907 legem,
2756 5853 2858 5893 non
2886 5839 3076 5894 invenit
3108 5841 3269 5913 legem
3300 5844 3437 5912 ﬁdei,
3466 5844 3589 5912 quia
3613 5858 3719 5896 non
