4006 6364
412 260 549 317 1075

912 263 1110 321 ΒΕΒᾸΞ
1151 261 1600 319 VENERABILIS
1641 261 1791 319 OPP.
1837 260 2014 319 PARS
2054 261 2113 318 11.
2156 261 2351 319 SEC'I‘.
2393 259 2459 316 ll.
2489 289 2560 303 —
2598 258 2808 318 DUBIA
2845 261 2934 320 ET
2974 264 3245 325 SPURIA.

3542 275 3684 334 l076

411 382 465 439 id
494 392 609 447 est,
644 379 930 436 voluntatis
960 382 1208 450 propriae,
1250 379 1390 450 quod
1419 390 1566 436 recte
1599 379 1844 435 facimus.
1879 382 1984 436 Cur
2016 381 2065 440 Α
2091 394 2196 444 ero,
2227 379 2277 434 id
2310 386 2412 441 est.
2444 392 2744 451 consequar
2789 378 3019 436 salutem
3061 397 3280 451 veram;
3325 396 3378 441 et
3419 388 3542 446 ideo
3580 406 3682 446 ert.

411 462 592 522 autem
634 451 767 507 dicit
805 451 1210 522 justilicationes
1257 465 1376 506 esse
1425 452 1478 506 in
1532 459 1814 516 aeternum,
1863 467 1986 508 cum

414 524 546 592 ipsa:
571 521 998 593 iustificationes,
1027 523 1077 577 id
1111 535 1212 589 est,
1243 536 1405 591 opcra
1429 523 1837 593 misericordiae,
1869 538 1989 592 qua:

417 609 541 678 ergo
575 592 1099 678 necessitatessunt
1124 604 1337 678 strenue
1371 612 1382 645 :
1415 592 1641 678 fortasse
1666 593 1789 648 ideo
1817 595 1944 648 dicit
1971 609 1986 678 ξ

413 663 538 735 quia
571 681 732 733 opera
769 666 878 731 illa,
911 665 956 717 si
994 665 1110 718 sine
1160 663 1448 720 dilectione
1502 665 1652 731 liant,
1709 681 1814 720 non
1864 673 1991 720 sunt

406 735 836 808 iustiﬁcationes.
869 735 923 790 Si
949 745 1133 808 autem
1171 751 1263 803 per
1294 736 1640 791 dilectionem
1675 737 1823 800 liant,
1871 738 1985 806 ipsa

407 805 621 862 dilectio
651 817 731 862 est
761 805 982 872 aeterna",
1039 818 1090 861 ct
1137 809 1183 862 ei
1243 817 1460 873 paratur
1511 822 1720 862 merces
1755 805 1983 873 aeterna,

406 879 656 945 quocirca
699 878 867 946 inquit
900 897 910 930 :
947 875 1009 930 In
1043 887 1287 932 teter-num
1325 888 1533 946 propter
1576 880 1982 942 retributionem,

406 949 460 1003 id
493 958 593 1014 est,
635 959 692 1003 ut
725 950 773 1003 in
807 959 1064 1004 aeternum
1096 950 1322 1020 diligens
1353 950 1405 1004 in
1437 951 1791 1005 aeternitatem
1822 951 1985 1006 inve-

403 1020 514 1075 niat
543 1021 682 1091 quod
705 1019 901 1093 diligit.

881 1153 1130 1222 Samech,
1164 1153 1508 1223 adjutorium.

1009 1263 1365 1306 EXPLANA'HO.

469 1337 550 1392 Ad
605 1341 835 1421 quintam
891 1340 1140 1423 decimam
1199 1339 1417 1423 litteram
1477 1336 1791 1423 Catholicam
1849 1341 1985 1423 venit

398 1425 629 1480 examen,
662 1411 715 1464 in
745 1426 844 1471 qua
876 1413 997 1463 dicit
1028 1412 1248 1480 iniquos,
1296 1413 1347 1462 id
1376 1419 1470 1476 est,
1504 1411 1822 1465 adversarios
1856 1411 1983 1479 legis

398 1479 515 1552 odio
539 1482 634 1535 sibi
662 1482 838 1549 fuisse,
854 1481 1011 1552 legem
1031 1479 1144 1535 vero
1165 1482 1367 1535 Domini
1382 1483 1550 1535 sedile
1566 1513 1572 1531 ι
1589 1484 1687 1535 isse
1707 1490 1905 1547 :petens
1928 1493 1983 1536 ut

395 1550 457 1602 ab
489 1567 546 1604 eo
573 1564 836 1620 susceptus
862 1550 997 1614 niala
1026 1552 1200 1607 sivculi
1228 1553 1464 1619 evadant,
1497 1569 1802 1621 carnemque
1833 1570 1982 1606 suam

396 1621 565 1674 timori
600 1621 1034 1692 Dominiosubiici,
1070 1641 1130 1678 ne
1162 1624 1222 1675 de
1251 1628 1362 1694 ejus
1393 1625 1811 1690 prwvuricatione
1831 1624 1983 1696 judi-

396 1702 555 1752 cetur,
584 1705 822 1764 exoptat:
847 1711 1025 1748 nomen
1050 1711 1245 1763 quoque
1272 1697 1452 1749 littera:
1479 1696 1670 1764 pariter
1691 1711 1979 1764 exponens,

403 1764 487 1816 ubi
517 1765 586 1817 ait
613 1782 632 1818 .'
657 1766 857 1835 Adjuva
886 1783 983 1833 me,
1016 1776 1060 1819 et
1091 1771 1258 1819 salvus
1279 1783 1386 1819 ero.

971 1873 1382 1913 COMMENTARIUS

465 1945 677 2018 Iniquos
707 1951 823 2004 odio
851 1950 1021 2003 habui.
1076 1949 1148 2002 Ad
1190 1949 1351 2015 idem,
1385 1950 1448 2004 ad
1477 1951 1618 2018 quod
1667 1958 1721 2004 et
1771 1967 1977 2020 praece-
2016 2000 2018 2002 .

394 2019 527 2074 deus
582 2036 767 2075 versus
812 2023 1172 2076 continuatur.
1223 2023 1382 2087 Quasi
1427 2023 1608 2075 dicat:
1642 2019 1779 2091 Quia
1829 2024 1977 2076 testi-

391 2091 572 2164 monia
601 2101 685 2145 tua
717 2101 830 2164 sunt
855 2091 1162 2164 cordismei
1175 2091 1468 2164 exsultatio,
1503 2093 1621 2146 ideo
1651 2093 1854 2164 iniquos
1882 2110 1976 2147 vo-

394 2162 568 2217 lentes
601 2179 685 2221 me
710 2163 971 2220 devocare
997 2162 1063 2216 ab
1094 2161 1217 2228 illis,
1249 2162 1365 2216 odio
1389 2163 1543 2216 habui
1565 2173 1612 2216 et
1638 2161 1799 2232 legem
1830 2174 1969 2218 tuam

397 2233 574 2286 dilexi.
616 2233 898 2288 Videretur
925 2235 1314 2301 competentius
1345 2248 1486 2300 esse,
1517 2234 1562 2288 si
1589 2233 1792 2289 diceret
1823 2253 1834 2288 :
1864 2236 1972 2290 lni-

391 2318 522 2371 quos
541 2304 662 2358 odia
688 2301 869 2373 habui,
888 2313 939 2358 ct
959 2319 1141 2374 aequos
1162 2304 1351 2360 dilexi:
1377 2315 1469 2360 aut
1497 2306 1830 2373 iniquitatem
1856 2307 1971 2362 odi-

389 2376 462 2446 _vi,
491 2383 543 2430 et
573 2377 873 2446 aequitatem
902 2377 1086 2430 dilexi.
1115 2376 1246 2442 Quia
1274 2377 1536 2431 contraria
1561 2385 1684 2430 sunt
1707 2392 1889 2446 :equus
1915 2389 1971 2434 et

391 2444 649 2518 iniquus,
671 2447 894 2518 aequitas
925 2455 979 2503 et
1011 2447 1297 2516 iniquitas:
1330 2449 1420 2502 sed
1453 2446 1574 2501 ideo
1594 2457 1724 2518 post
1754 2444 1968 2517 iniquos

388 2515 563 2585 legem
614 2515 827 2587 posuit,
881 2526 939 2573 ut
997 2515 1304 2574 ostenderet
1350 2534 1409 2573 se
1463 2517 1707 2572 homines
1755 2515 1968 2588 iniquos

394 2601 503 2640 non
545 2588 722 2644 odisse
749 2599 956 2655 natura,
992 2605 1088 2657 qua
1125 2591 1366 2644 homines
1407 2589 1529 2645 facti
1561 2599 1705 2654 sunt,
1738 2591 1832 2644 sed
1868 2591 1967 2645 ini-

392 2659 682 2727 quitatem,
727 2664 845 2732 quia
867 2662 1084 2732 inimici
1118 2661 1219 2731 legi
1253 2661 1343 2715 Dei
1376 2662 1497 2716 iacti
1529 2668 1672 2732 sunt.
1705 2661 1837 2726 Quia
1867 2677 1966 2716 au-

395 2736 500 2782 tem
550 2745 706 2786 nemo
743 2730 995 2800 perfecte
1041 2730 1216 2800 poteSt
1267 2731 1444 2787 odisse
1491 2731 1858 2800 iniquitatem,
1910 2742 1966 2788 ct

399 2801 705 2871 {equitatem
749 2803 990 2871 diligere,
1018 2804 1117 2857 nisi
1150 2803 1405 2856 divinitus
1431 2802 1662 2870 adjutus,
1691 2803 1810 2856 ideo
1835 2802 1962 2858 sub-

392 2869 472 2924 dit
494 2871 742 2946 :Adjutor
767 2883 812 2946 et
843 2869 1122 2944 Susceptor.
1148 2874 1306 2939 Quasi
1323 2875 1464 2927 dicat
1481 2869 1644 2946 :Dico
1657 2875 1778 2946 quia
1800 2874 1960 2945 legem

397 2949 542 3014 tuam
571 2943 750 3011 dilexi,
797 2945 896 2998 hoc
935 2952 1114 2998 autem
1163 2959 1264 3014 non
1301 2959 1364 2998 ex
1394 2960 1498 3010 me,
1547 2944 1642 3014 sed
1683 2945 1801 3014 quia
1831 2943 1884 2997 tu
1909 2963 1959 2999 es

391 3012 598 3086 adjutor
627 3030 785 3082 meus,
819 3015 1065 3086 Domine,
1106 3014 1170 3068 ad
1216 3013 1418 3086 bonum
1464 3012 1864 3086 perliciendum,
1911 3027 1960 3070 et

390 3084 656 3156 susceptor
686 3101 837 3140 meus
867 3085 932 3140 ad
960 3085 1158 3140 malum
1207 3084 1536 3156 evitandum.
1577 3084 1642 3137 Et
1673 3095 1953 3153 propterea

389 3156 584 3210 merito
633 3159 832 3226 speravi
861 3159 912 3212 in
945 3157 1095 3211 verba
1145 3165 1252 3220 tua,
1301 3155 1350 3208 id
1396 3166 1498 3222 est,
1552 3157 1955 3223 promissionem

392 3232 561 3294 tuam,
599 3243 758 3296 super
797 3244 955 3298 quam
1005 3227 1231 3297 petimus
1278 3235 1369 3280 aut
1417 3226 1776 3296 intelligimus,
1822 3229 1961 3283 sicut

386 3309 529 3368 saepe
547 3299 656 3368 jam
688 3300 1049 3364 praediximus.

467 3367 732 3425 Declinate
753 3388 783 3423 a
811 3387 907 3438 me,
935 3370 1164 3439 maligni.
1218 3368 1359 3424 Dixit
1386 3367 1509 3439 quia
1551 3368 1721 3436 legem
1752 3369 1955 3435 dilexit,

393 3447 447 3493 ct
481 3439 600 3494 ideo
629 3443 894 3498 convertit
934 3455 993 3496 se
1038 3442 1103 3494 ad
1150 3441 1363 3509 iniquos
1407 3439 1647 3493 volentes
1695 3442 1958 3497 devocare

393 3523 538 3573 eum,
568 3521 620 3566 et
649 3512 780 3566 dixit
810 3531 822 3565 :
858 3512 1122 3566 Declinate
1149 3529 1182 3565 a
1208 3528 1306 3577 me,
1331 3511 1383 3565 id
1409 3510 1768 3576 esi,desistite
1795 3526 1826 3566 a
1857 3514 1954 3566 de-

385 3581 666 3636 vocatione
709 3594 763 3637 et
805 3585 1084 3638 vexatione
1133 3591 1326 3647 vestra,
1371 3595 1465 3636 vos
1511 3582 1747 3651 maligni,
1789 3593 1836 3636 et
1879 3585 1957 3638 sic

383 3653 650 3705 scrutabor
686 3656 929 3708 mandata
975 3654 1070 3707 Dei
1110 3654 1228 3707 mei.
1276 3655 1390 3709 Non
1431 3652 1585 3718 dixit,
1617 3651 1828 3719 faciam,
1861 3655 1956 3710 sed

381 3723 666 3777 scrutabor.
739 3726 806 3780 Ut
861 3725 1001 3778 enim
1061 3726 1338 3794 diligenter
1387 3722 1730 3793 perfectoque
1781 3725 1952 3794 legem

384 3796 609 3858 noverit,
662 3795 922 3863 malignos
975 3811 1001 3846 a
1053 3811 1112 3848 se
1161 3797 1422 3849 declinari
1475 3795 1637 3848 etiam
1686 3794 1949 3864 impellit:

387 3865 508 3935 quia
551 3866 676 3920 mali
724 3874 974 3920 exercent
1005 3865 1219 3932 quidem
1251 3866 1314 3918 ad
1348 3865 1647 3918 iaciendum
1681 3866 1954 3935 mandata,

383 3934 475 3986 sed
508 3951 533 3985 a
562 3937 850 3991 scrutando
880 3945 1124 3999 avocant,
1178 3951 1275 3993 nec
1314 3935 1490 3991 solum
1533 3949 1653 3988 cum
1704 3934 1954 3992 rixantur

383 4012 438 4057 et
484 4019 897 4078 persequuntur,
931 4009 1024 4062 sed
1056 4009 1213 4062 etiam
1256 4022 1376 4061 cum
1420 4006 1684 4078 honorant
1715 4015 1777 4078 et
1797 4008 1953 4062 obse.

389 4077 668 4145 qunntur,
717 4090 944 4133 avocant
991 4079 1103 4134 suis
1145 4080 1319 4148 pravis
1364 4077 1603 4132 consiliis
1649 4087 1700 4131 et
1750 4077 1951 4134 dolosis

384 4159 628 4216 negotiis.

457 4220 671 4290 Suscipe
709 4237 786 4275 me
823 4221 1097 4275 secundum
1139 4221 1394 4290 eloquium
1424 4229 1588 4284 tuum,
1621 4231 1666 4275 et
1696 4221 1877 4287 vivam,
1903 4231 1950 4275 et

382 4292 795 4362 narzrconfundas
819 4308 894 4346 me
914 4292 984 4362 ob
1012 4292 1381 4362 exspectatione
1409 4307 1538 4344 mea.
1577 4292 1811 4346 Detersis
1843 4308 1952 4346 ma-

382 4357 541 4430 lignis
580 4357 729 4430 q'uasi
763 4361 955 4417 muscis
1001 4365 1067 4417 ab
1103 4357 1268 4416 oculis
1298 4362 1496 4426 cordis,
1528 4365 1801 4416 continuat
1831 4379 1948 4427 pre-

383 4447 500 4486 ccm
546 4448 694 4486 suam
739 4432 803 4486 ad
848 4433 1014 4494 illum,
1065 4433 1131 4487 de
1174 4447 1281 4500 quo
1325 4435 1569 4498 superius
1599 4433 1750 4487 dixit.
1784 4433 1947 4500 Quasi

383 4502 522 4556 dicat
553 4520 565 4556 :
600 4503 704 4558 Vos
747 4504 964 4573 maligni
992 4505 1057 4557 ab
1086 4503 1273 4557 oculis.
1323 4502 1400 4556 Tu
1451 4517 1652 4567 autem,
1703 4505 1947 4572 Domine,

383 4574 580 4646 suscipe
611 4592 687 4628 me
716 4576 780 4628 ad
815 4575 1196 4643 protegendum
1227 4587 1256 4626 a
1283 4574 1442 4636 malo,
1466 4583 1517 4646 et
1541 4576 1948 4631 eonlortandutu

385 4646 437 4696 in
486 4644 623 4700 bono
654 4648 930 4699 secundum
961 4647 1216 4715 eloquium
1243 4653 1405 4715 tuum,
1443 4644 1492 4698 id
1525 4660 1624 4712 e51,
1659 4647 1950 4702 secundum

385 4717 704 4783 promissum
733 4728 901 4783 tuum,
930 4732 1034 4770 non
1053 4713 1061 4715 “
1081 4713 1370 4770 secundum
1395 4715 1660 4782 meritum,
1686 4727 1734 4770 et
1773 4718 1851 4772 sic
1879 4719 1953 4770 vi-

381 4800 495 4837 vam
517 4787 567 4839 in
588 4803 833 4857 corpore,
854 4788 1092 4855 quamvis
1115 4795 1322 4841 mortuo
1339 4796 1550 4855 propter
1568 4797 1860 4856 peccatum.
1883 4789 1950 4843 Et

382 4859 500 4926 quia
535 4859 725 4922 vivam,
760 4858 880 4912 ideo
913 4875 1012 4912 non
1035 4859 1320 4926 confundas
1362 4873 1438 4910 me
1467 4858 1528 4909 ab
1567 4861 1950 4928 exspectatione

381 4944 512 4984 nica.
531 4929 869 4998 Exspectatio
889 4935 1028 4983 enim
1053 4930 1169 4998 ejus
1186 4938 1299 4983 erat
1322 4928 1445 4989 vita,
1471 4945 1532 4998 cx
1559 4927 1654 4983 hac
1675 4941 1949 4998 exspecta-

385 4999 548 5070 tione,
583 5003 626 5054 si
645 4997 818 5053 ivitam
845 5016 949 5052 non
975 4997 1354 5068 adipiscentur,
1380 4997 1797 5066 confunduntur,
1823 5003 1946 5070 quia

381 5068 620 5124 dicerent
649 5089 661 5125 :
691 5071 792 5124 Hic
839 5070 987 5124 homo
1014 5074 1160 5140 erepit
1206 5071 1483 5140 adi/icore,
1513 5071 1601 5124 sed
1639 5087 1741 5124 non
1777 5068 1946 5143 potuit

379 5154 746 5198 consummare.

453 5212 653 5277 Adjura
701 5229 800 5281 me,
833 5222 878 5267 et
906 5214 1075 5266 salvus
1105 5227 1210 5278 ero,
1245 5218 1291 5264 et
1318 5212 1598 5266 meditabor
1621 5213 1674 5266 in
1694 5213 1947 5281 iustiﬁca-

382 5280 599 5354 tionibus
631 5285 728 5338 tuis
759 5280 977 5354 semper.
1001 5284 1132 5338 Tale
1161 5291 1263 5347 est,
1295 5284 1444 5351 quasi
1475 5283 1664 5353 aliquis
1696 5280 1901 5338 diceret
1927 5303 1942 5339 :

383 5350 478 5406 Vis
517 5367 619 5405 non
665 5350 914 5409 confundi
969 5355 1034 5408 ab
1076 5350 1476 5422 exspectatione
1522 5350 1628 5416 tua,
1677 5363 1729 5408 et
1776 5357 1943 5409 medi-

382 5431 494 5494 tare
536 5437 750 5491 semper
779 5427 833 5480 in
867 5425 1074 5494 legendi
1120 5425 1222 5478 via.
1268 5423 1370 5478 Iste
1410 5434 1586 5479 autem
1630 5426 1842 5490 timens,
1876 5441 1942 5480 ne

382 5493 496 5548 lucc
527 5494 798 5550 meditatio
841 5493 1047 5552 assidua
1094 5496 1347 5562 languore
1378 5494 1538 5548 animi
1579 5496 1940 5565 interrumpe-

381 5574 547 5638 retur,
597 5578 712 5619 orat
743 5576 795 5638 et
819 5567 1210 5638 dicit:Adjuva
1255 5581 1354 5638 me.
1401 5566 1552 5632 Quod
1602 5580 1682 5622 est
1736 5568 1937 5635 dicere,

383 5635 450 5692 Ut
497 5652 600 5692 non
632 5637 927 5692 conlundar
952 5643 1018 5694 ab
1043 5635 1441 5705 eispectatione
1488 5651 1623 5703 mea,
1651 5653 1798 5708 ergo,
1833 5639 1937 5694 Do.-

379 5709 544 5776 mine,
579 5709 770 5780 adiuva
795 5724 893 5778 me,
936 5721 990 5763 ut
1033 5709 1174 5778 quod
1219 5723 1284 5764 ex
1332 5707 1529 5763 arbitrii
1581 5707 1820 5766 libertate
1859 5711 1936 5765 in-

381 5781 557 5854 c'ocpi,
615 5783 810 5839 bonum
868 5781 1179 5854 perﬁciam;
1233 5788 1280 5836 et
1327 5790 1379 5839 te
1429 5782 1715 5854 adiuvante
1765 5782 1935 5840 salvus

1985 3116 2033 3182 Ο

2091 452 2270 529 salvus
2295 491 2308 514 ,
2361 451 2481 520 quia
2529 448 2814 503 meditabor
2856 468 3055 524 semper
3090 455 3145 508 in
3185 448 3285 512 tuis
3332 459 3680 529 justi/iratio-

2091 522 2258 575 nibus.

2163 592 2627 674 ISpreristi‘oinnes
2675 592 2993 674 discedentes
3035 613 3066 650 a
3103 599 3322 669 judiciis
3372 602 3501 669 tuis,
3553 605 3682 674 quia

2089 664 2282 733 injusta
2326 664 2912 742 cogitatio_eor_imz_est.
2951 664 3214 742 Vere'me
3245 687 3463 742 semper
3487 664 3676 730 medi-

2091 742 2292 789 tantem
2344 733 2401 789 in
2441 733 2909 802 iustiﬁcationibus
2962 738 3065 792 tuis
3095 733 3510 798 salvabis.i‘\'am
3563 762 3674 804 non

2091 820 2305 883 semper
2352 807 2669 883 meditantes
2711 807 3020 883 damnabis,
3056 810 3157 868 hoc
3198 826 3277 868 est
3320 815 3461 883 quod
3493 816 3670 872 dicit:

2089 877 2168 930 Tu
2215 879 2469 946 sprevisti,
2504 876 2555 931 id
2580 885 2683 940 est,
2713 877 2975 933 damnasti
3005 881 3112 948 jam
3148 899 3240 949 per
3271 876 3562 942 inieriores
3593 897 3674 945 te-

2089 949 2282 1024 nebras
2309 966 2481 1024 omnes
2505 949 2817 1024 discedentes
2840 970 2868 1003 (ι
2890 952 3107 1020 justitiis
3133 957 3255 1022 tuis,
3277 955 3328 1010 id
3353 967 3458 1024 est,
3478 974 3677 1017 omnes

2088 1019 2230 1086 illos,
2278 1021 2367 1090 qui
2412 1019 2575 1091 orarii
2607 1028 2752 1086 sunt,
2786 1029 2842 1076 et
2871 1019 2977 1076 non
3007 1039 3219 1091 semper
3245 1019 3583 1084 meditantur
3618 1032 3676 1086 in

2091 1091 2366 1167 przeceptis
2395 1090 2518 1157 tuis,
2549 1104 2671 1167 quae
2692 1106 2796 1144 non
2826 1094 2999 1167 solum
3028 1090 3197 1164 justo,
3231 1099 3323 1152 scd
3354 1101 3467 1167 ipsa
3500 1101 3668 1156 etiam

2087 1160 2288 1228 justitia
2317 1171 2459 1228 sunt,
2479 1163 2599 1231 quia
2623 1161 2902 1218 observata
2923 1160 3096 1233 iustos
3128 1167 3344 1224 iaciunt.
3374 1160 3446 1224 Et
3470 1173 3675 1228 merito

2091 1233 2323 1306 sprevisti
2342 1233 2602 1306 eos,_qu_i_a
2628 1233 2821 1304 injusta
2844 1237 3084 1306 cogitatio
3107 1248 3407 1295 esteorum.
3444 1240 3674 1298 Videtur

2087 1303 2205 1376 plus
2234 1318 2389 1376 esse,
2423 1302 2483 1376 si
2526 1302 2764 1376 diceret:
2796 1302 2929 1373 Quia
2977 1322 3138 1376 opera
3185 1325 3366 1366 eorum
3413 1321 3544 1368 sunt
3593 1313 3676 1368 iu-

2083 1371 2265 1452 justa_:
2300 1375 2392 1452 sed
2422 1375 2539 1429 ideo
2567 1373 2696 1452 dicit
2717 1371 3151 1452 decogitatione,
3183 1382 3303 1449 quia
3333 1385 3513 1440 omnia
3541 1399 3674 1452 ope-

2087 1461 2168 1522 ra,
2196 1444 2310 1522 sive
2338 1446 2500 1522 bona,
2545 1445 2660 1502 sive
2699 1447 2863 1522 mala,
2886 1444 3271 1517 procedunt-de
3313 1444 3667 1522 cogitatione.

2089 1517 2154 1568 Et
2200 1517 2346 1584 prius
2375 1518 2744 1592 estinnocens
2784 1520 2865 1573 vel
2898 1535 3021 1576 reus
3070 1523 3122 1575 in
3167 1517 3515 1592 cogitatione,
3577 1527 3665 1581 di-

2087 1594 2234 1642 ctum
2279 1597 2362 1642 est
2389 1606 2402 1642 :
2430 1586 2495 1641 Et
2535 1588 2775 1652 cogitatio
2820 1600 2997 1645 sancta
3043 1586 3262 1648 salvabil
3303 1605 3369 1650 te.
3417 1586 3669 1652 De'mala

2086 1658 2552 1738 quoqueAdicitur:
2585 1658 2651 1738 In
2683 1661 2989 1738 cogitatione
3035 1664 3318 1738 impiiierit
3369 1667 3669 1738 interroga-

2087 1731 2176 1790 tio,
2211 1741 2264 1783 et
2295 1731 2579 1802 Apostolus
2605 1730 2718 1802 ait-z
2752 1730 3162 1802 cogitationibus
3191 1737 3399 1790 invicem
3431 1751 3487 1793 ss
3513 1730 3666 1793 διεξει-

2083 1802 2310 1870 santibus
2342 1801 2417 1854 vel
2447 1801 2852 1870 defendentibus.

2155 1869 2563 1949 Prtcvaricantes
2608 1874 2837 1949 reputavi
2895 1891 3083 1949 omnes
3123 1887 3411 1948 peccatores
3471 1888 3664 1949 terrm,

2081 1941 2193 2024 ideo
2240 1944 2395 1997 dilexi
2442 1943 2729 2024 testimonia
2773 1952 2877 1998 tua.
2921 1945 3086 2024 Quasi
3120 1941 3306 2024 dicat:
3344 1949 3484 2003 Vere
3513 1941 3666 2024 cegi;

2080 2013 2206 2089 talio
2252 2031 2422 2089 eorum
2452 2016 2789 2089 estiujusta,
2843 2018 2967 2089 quia
3009 2020 3458 2089 praevaricatores
3509 2013 3662 2089 sunt,

2077 2086 2168 2137 sctl
2212 2085 2333 2159 quia
2364 2084 2489 2159 dicit
2517 2085 2804 2159 Apostolus
2833 2084 3032 2153 :Quod
3071 2090 3155 2144 ubi
3194 2108 3295 2144 non
3325 2102 3397 2146 est
3428 2093 3531 2159 tesc,
3573 2084 3668 2148 nec

2075 2156 2456 2224 prwvaricatio,
2501 2169 2600 2211 nec
2629 2157 2884 2233 gentiles,
2928 2160 3028 2233 qui
3049 2161 3249 2233 nullam
3281 2156 3537 2233 scriptam
3580 2164 3663 2221 le-

2075 2240 2195 2299 gem
2247 2235 2584 2296 acceperunt,
2627 2226 2750 2299 hinc
2778 2227 2879 2284 sibi
2911 2230 3316 2299 applauderent,
3364 2226 3659 2290 universa-

2076 2295 2178 2354 lem
2230 2295 2549 2373 sententiam
2602 2296 2752 2370 ponit
2797 2307 2848 2353 et
2898 2295 3078 2373 dicit;
3125 2295 3312 2356 Omnes
3358 2317 3664 2373 peccatores

2073 2375 2242 2444 terra),
2283 2369 2332 2421 id
2364 2377 2468 2444 est,
2504 2369 2708 2444 omnes,
2737 2373 2966 2444 terrenis
2998 2371 3281 2440 inhrerent,
3337 2369 3426 2444 qui
3463 2376 3519 2430 iu
3552 2377 3661 2434 hoc

2074 2437 2209 2506 ipso,
2239 2439 2378 2509 quod
2421 2440 2647 2495 terrenis
2697 2440 2979 2514 inhaerent,
3031 2452 3159 2499 sunt
3205 2437 3546 2514 peccatores,
3606 2449 3661 2504 id

2071 2520 2171 2573 est,
2223 2519 2650 2586 transgressores
2699 2511 2849 2580 legis,
2897 2522 2953 2567 et
2983 2515 3026 2569 si
3057 2530 3165 2570 non
3197 2511 3432 2586 scriptae,
3471 2511 3657 2575 tamen

2069 2582 2404 2636 naturaliter.
2449 2580 2587 2657 llos,
2634 2583 2868 2657 inquam,
2925 2599 3116 2640 omnes
3160 2580 3349 2655 reputo
3397 2580 3661 2657 prmvari-

2067 2660 2281 2717 cantes,
2340 2660 2396 2707 et
2448 2651 2642 2706 horum
2695 2651 2932 2708 Omnium
2988 2651 3243 2726 cogitatio
3288 2651 3657 2782 BSt-ill{USla,

2067 2725 2316 2782 quocirca
2362 2723 2780 2778 damnabuntur.
2838 2724 2950 2782 Ego
2996 2737 3174 2782 autem
3226 2730 3412 2782 (aliast
3470 2733 3656 2782 ticali

2065 2725 2316 2803 quocirca
2362 2723 2780 2803 dominabuntur.
2825 2724 2960 2803 iii-go,
2996 2723 3174 2782 au’iem
3226 2730 3412 2803 (quasi
3441 2723 3656 2803 dicat)

2065 2802 2122 2848 ut
2151 2795 2218 2849 de
2247 2794 2347 2848 illis
2379 2809 2481 2846 non
2514 2795 2636 2861 sim,
2661 2793 2776 2849 ideo
2801 2793 2960 2850 dilexi
2983 2793 3402 2867 testimonia-tua,
3438 2802 3494 2855 id
3528 2793 3645 2866 est,

2065 2875 2334 2989 pracclepta
2379 2873 2500 2933 tua,
2552 2881 2661 2921 non
2699 2867 2869 2930 solum
2901 2868 2967 2922 ad
3000 2871 3298 2938 sciendum,
3339 2871 3437 2926 sed
3467 2871 3538 2928 ad
3569 2874 3650 2927 ia-

2065 2949 2196 2989 Clellt
2221 2952 2332 2989 lilii.
3433 2975 3448 2989 ς

2062 2949 2332 2992 ειθιιίιιιω.
3433 2975 3448 2990 ς

2133 3007 2344 3078 Conﬁge
2366 3007 2566 3062 timore.
2597 3007 2758 3076 Quasi
2790 3009 2930 3065 dicat
2957 3029 2968 3064 :
3003 3011 3134 3079 Quia
3163 3012 3323 3066 dilexi
3354 3015 3652 3070 testimonia

2059 3085 2168 3144 tua,
2202 3093 2352 3148 ergo,
2397 3079 2643 3152 Domine,
2669 3081 2869 3152 conﬁge
2889 3098 3066 3136 carnes
3089 3098 3252 3149 meas,
3284 3084 3334 3138 id
3361 3092 3466 3150 est,
3501 3102 3653 3141 com-

2064 3153 2233 3218 prime
2275 3150 2508 3222 carnalia
2533 3150 2794 3222 desideria
2813 3150 2964 3218 mea,
2997 3153 3176 3208 timore
3218 3165 3326 3222 tuo,
3359 3163 3416 3210 et
3450 3158 3650 3214 timore

2063 3232 2231 3297 casto,
2255 3235 2370 3297 non
2399 3220 2451 3275 in
2478 3221 2806 3297 servili,_sed_
2834 3224 3006 3297 _tiliali,
3058 3239 3219 3294 quem
3249 3220 3474 3297 perfecta
3520 3228 3651 3282 cha-

2063 3293 2190 3345 ritas
2236 3296 2377 3358 {oras
2422 3308 2522 3345 non
2568 3293 2738 3357 mittit,
2793 3292 2918 3349 hinc
2967 3292 3249 3363 Apostolus
3288 3292 3364 3352 ait
3397 3314 3409 3348 ε
3438 3300 3646 3353 Christo

2061 3363 2337 3431 cruciﬁxus
2377 3378 2490 3437 sunt
2522 3364 2696 3437 cruci.
2732 3364 2797 3418 Et
2827 3365 2949 3420 alibi
2978 3384 2988 3418 :
3021 3364 3238 3422 Carnem
3261 3384 3408 3420 suam
3434 3371 3639 3437 cruciﬁ-

2060 3443 2244 3489 aserunt
2270 3449 2415 3506 ﬁcum
2446 3433 2578 3488 vitiis
2609 3444 2655 3488 et
2686 3438 3130 3506 concupiscentiis.
3177 3437 3294 3492 Non
3336 3439 3473 3493 enim
3517 3433 3636 3494 sine

2061 3519 2219 3562 causa
2269 3505 2525 3580 Dominus
2549 3546 2563 3571 ,
2613 3520 2733 3560 cum
2770 3510 2822 3560 in
2853 3509 3082 3580 simplici
3115 3509 3262 3580 ligno
3294 3509 3402 3579 pati
3436 3520 3639 3580 posset,

2061 3586 2114 3651 et
2155 3577 2313 3651 mori,
2360 3577 2437 3630 sic
2479 3585 2734 3651 extensus
2765 3580 2926 3651 estin
2959 3577 3356 3651 triplicilign—o,
3393 3577 3532 3636 utet
3556 3577 3647 3648 pe;

2060 3646 2152 3702 des
2199 3648 2313 3718 rjus
2358 3656 2409 3701 et
2451 3663 2637 3702 manus
2692 3649 2798 3702 sint
2852 3646 3191 3716 immobiles;
3232 3646 3342 3705 'sed
3400 3667 3497 3720 per
3545 3646 3648 3707 hoc

2063 3719 2460 3794 pi'actiguratum
2492 3728 2598 3794 est,
2637 3719 2779 3794 quod
2811 3719 2886 3775 sic
2916 3723 3221 3790 passionem
3250 3723 3366 3790 ejus
3399 3719 3648 3794 imitari,

2058 3787 2115 3844 et
2143 3790 2189 3843 ei
2222 3787 2545 3844 conformari
2568 3787 2846 3856 debemus,
2883 3787 2940 3846 ut
2969 3793 3147 3846 omnia
3181 3787 3418 3848 membra
3451 3787 3647 3849 nostra

2058 3861 2219 3934 quasi
2256 3859 2422 3934 clavis
2463 3860 2674 3934 conﬁxa
2718 3862 2824 3916 sint
2874 3862 3168 3934 immobilia
3216 3865 3282 3917 ab
3333 3865 3647 3934 iniquitatis

2057 3930 2326 4004 operibus.
2380 3930 2533 4004 Quod
2585 3938 2764 4004 autem
2822 3933 2968 3986 addit
3020 3935 3085 3989 de
3136 3934 3349 4000 timore,
3394 3930 3502 3990 tale
3535 3948 3643 4004 est,

2057 4000 2206 4072 quasi
2253 4003 2434 4056 dicat:
2469 4000 2596 4068 Tuo,
2644 4001 2892 4071 inquam,
2951 4005 3128 4059 timore
3158 4046 3172 4071 ,
3225 4005 3275 4059 id
3329 4015 3432 4072 est,
3487 4000 3645 4060 casui

2057 4084 2266 4147 tunore,
2313 4072 2609 4142 comprime
2657 4089 2835 4147 carnes
2871 4092 3006 4147 meas
3031 4092 3052 4130 :
3082 4078 3204 4147 quia
3258 4077 3344 4130 lex
3373 4078 3485 4142 illa,
3521 4093 3644 4147 quae

2058 4145 2289 4204 minatur
2316 4158 2549 4219 pcenam,
2581 4153 2762 4219 etnon
2806 4145 2895 4219 dat
2924 4145 3206 4217 justitiam,
3258 4161 3362 4219 non
3407 4145 3641 4219 conligit

2059 4230 2250 4287 carnes
2291 4229 2461 4287 meas.
2498 4213 2751 4270 Prohibet
2792 4213 2938 4270 enim
2983 4213 3218 4280 manuni,
3253 4217 3345 4272 sed
3370 4234 3477 4272 non
3515 4213 3644 4287 pro-

2054 4286 2202 4341 hibet
2242 4285 2498 4360 animum,
2533 4288 2652 4355 quia
2685 4300 2861 4360 manet
2895 4289 3144 4358 peccandi
3186 4289 3455 4357 voluntas,
3485 4285 3637 4360 quod

2054 4365 2178 4412 tunc
2206 4366 2424 4428 apparet
2455 4356 2506 4410 iu
2536 4371 2715 4428 opere,
2762 4358 2805 4412 si
2835 4356 3077 4428 speratur
3106 4361 3394 4430 impunitas
3419 4356 3520 4415 :si'
3545 4376 3643 4415 au-

2057 4438 2160 4484 tcm
2218 4433 2375 4502 timor
2427 4438 2546 4502 tuus
2592 4438 2768 4482 castus
2814 4431 3027 4502 conligit
3073 4445 3261 4485 carnes
3302 4444 3471 4502 meas,
3525 4447 3633 4487 non

2057 4501 2312 4578 peccabo,
2355 4510 2404 4553 et
2450 4499 2492 4553 si
2540 4509 2783 4566 speretur
2820 4501 3126 4578 impunitas.
3162 4499 3633 4578 Ex_amore'enim

2047 4569 2270 4641 justitia:
2300 4573 2476 4641 ipsum
2505 4579 2777 4642 peccatum
2824 4569 2908 4626 esi
2950 4572 3076 4627 mihi
3105 4572 3282 4642 gravis
3314 4587 3492 4644 postia.
3521 4575 3634 4629 Se-

2053 4644 2263 4697 uultur:

2065 4659 2424 4776 1uiimiudiciis
2476 4713 2610 4768 enim
2665 4714 2763 4767 tuis
2811 4714 2977 4767 timui.
3031 4712 3193 4780 Quasi
3244 4711 3384 4768 dicat
3436 4731 3450 4765 :
3501 4713 3630 4769 Ideo

2051 4797 2207 4852 peto,
2257 4796 2314 4840 ut
2355 4786 2591 4856 conligas
2638 4799 2826 4856 carncs
2871 4799 3050 4850 meas,
3099 4785 3220 4854 quia
3271 4793 3453 4856 metuo
3481 4797 3510 4837 a
3540 4786 3629 4853 ju-

2051 4857 2227 4911 diciis.
2271 4857 2385 4912 Non
2430 4855 2607 4928 autem
2640 4855 2907 4928 a‘judiciis
2939 4856 3209 4909 hominum
3233 4895 3250 4923 ,
3292 4855 3384 4928 sed
3418 4857 3629 4928 ajudi-

2050 4929 2138 4982 ciis
2181 4929 2280 4983 tuis
2319 4927 2510 4983 futuris
2561 4925 2777 4982 tandem
2819 4927 3003 4998 timeo,
3047 4928 3295 4996 quocirca
3328 4926 3417 4983 illa
3449 4925 3626 4984 vitare

2048 5009 2250 5068 satago.

2509 5115 2633 5182 Ain,
2667 5113 2783 5171 fons
2811 5113 2923 5170 sive
2951 5113 3158 5170 oculus.

2661 5244 3016 5286 EXPLANA'NO.

2115 5349 2195 5405 Ad
2225 5359 2416 5404 sextam
2444 5348 2688 5404 decimam
2737 5346 2958 5400 litteram
2996 5347 3050 5400 in
3096 5355 3345 5401 internum
3393 5346 3621 5400 membra

2044 5419 2251 5476 Domini
2295 5421 2506 5474 viventia
2543 5429 2895 5492 pervenerunt,
2932 5418 2985 5471 in
3010 5427 3307 5492 quagpetunt
3340 5431 3500 5492 saeue
3531 5418 3621 5492 in-

2041 5496 2349 5547 carnationis
2379 5488 2668 5557 adveniunt,
2716 5499 2911 5556 tempus
2943 5504 3049 5542 esse
3076 5489 3318 5554 dicentia,
3347 5497 3400 5540 ut
3429 5489 3498 5540 ad
3524 5488 3625 5557 de-

2039 5565 2307 5620 struendos
2348 5561 2591 5633 superbos
2640 5555 2864 5631 potentia
2909 5559 3080 5613 divina
3127 5570 3456 5633 monstretur.
3513 5555 3626 5617 Iste

2038 5645 2112 5691 est
2158 5651 2276 5703 ergo
2314 5631 2428 5706 [ous
2471 5635 2630 5700 vivus,
2658 5633 2759 5706 qui
2798 5632 3042 5706 quaeritur
3065 5645 3096 5706 :_
3115 5633 3205 5706 iste
3253 5631 3430 5706 oculus
3467 5643 3622 5706 mun-

2039 5709 2154 5774 dus,
2185 5699 2272 5778 q'ui
2300 5699 2484 5780 quterit
2509 5721 2526 5760 :
2549 5699 2702 5772 oculi,
2737 5699 2917 5776 inquit,
2941 5703 3038 5758 mei
3065 5702 3357 5774 defecerunt
3386 5702 3440 5756 in
3470 5699 3623 5757 salu-

2038 5779 2136 5836 tari
2163 5789 2269 5834 tuo.
