  <div class='ocr_page' id='page_1' title='image "/cluster/home/n/w/nwhite01/storage/ocr_20150623/93/hvd.32044015471196/545.png"; bbox 0 0 4006 6364; ppageno 0'>
   <div class='ocr_carea' id='block_1_1' title="bbox 464 292 603 351">
    <p class='ocr_par' dir='ltr' id='par_1_1' title="bbox 464 292 603 351">
     <span class='ocr_line' id='line_1_1' title="bbox 464 292 603 351; baseline 0.014 -2"><span class='ocrx_word' id='word_1_1' title='bbox 464 292 603 351; x_wconf 72' lang='grc'>1079</span> 
     </span>
    </p>
   </div>
   <div class='ocr_carea' id='block_1_2' title="bbox 967 271 3301 347">
    <p class='ocr_par' dir='ltr' id='par_1_2' title="bbox 967 271 3301 347">
     <span class='ocr_line' id='line_1_2' title="bbox 967 271 3301 347; baseline -0.005 -4"><span class='ocrx_word' id='word_1_2' title='bbox 967 285 1174 347; x_wconf 66' lang='grc' dir='ltr'><strong>ΒΕΒΔΞ</strong></span> <span class='ocrx_word' id='word_1_3' title='bbox 1211 282 1667 343; x_wconf 76' lang='lat' dir='ltr'><strong>VENERABILIS</strong></span> <span class='ocrx_word' id='word_1_4' title='bbox 1700 282 1853 340; x_wconf 83' lang='lat' dir='ltr'><strong>OPP.</strong></span> <span class='ocrx_word' id='word_1_5' title='bbox 1897 280 2074 337; x_wconf 80' lang='lat' dir='ltr'><strong>PARS</strong></span> <span class='ocrx_word' id='word_1_6' title='bbox 2112 279 2175 336; x_wconf 89' lang='lat' dir='ltr'><strong>ll.</strong></span> <span class='ocrx_word' id='word_1_7' title='bbox 2218 277 2414 336; x_wconf 77' lang='lat' dir='ltr'><strong>SECT.</strong></span> <span class='ocrx_word' id='word_1_8' title='bbox 2455 276 2615 347; x_wconf 63' lang='lat' dir='ltr'><strong>ll.f—</strong></span> <span class='ocrx_word' id='word_1_9' title='bbox 2652 273 2864 332; x_wconf 78' lang='lat' dir='ltr'><strong>DUBIA</strong></span> <span class='ocrx_word' id='word_1_10' title='bbox 2902 273 2993 331; x_wconf 83' lang='lat' dir='ltr'><strong>ET</strong></span> <span class='ocrx_word' id='word_1_11' title='bbox 3029 271 3301 332; x_wconf 79' lang='lat' dir='ltr'><strong>SPURIA.</strong></span> 
     </span>
    </p>
   </div>
   <div class='ocr_carea' id='block_1_3' title="bbox 3613 271 3765 337">
    <p class='ocr_par' dir='ltr' id='par_1_3' title="bbox 3613 271 3765 337">
     <span class='ocr_line' id='line_1_3' title="bbox 3613 271 3765 337; baseline -0.013 -8"><span class='ocrx_word' id='word_1_12' title='bbox 3613 271 3765 337; x_wconf 67' lang='lat'><strong>1080</strong></span> 
     </span>
    </p>
   </div>
   <div class='ocr_carea' id='block_1_4' title="bbox 466 386 3767 477">
    <p class='ocr_par' dir='ltr' id='par_1_4' title="bbox 466 386 3767 477">
     <span class='ocr_line' id='line_1_4' title="bbox 466 386 3767 477; baseline -0.008 -12"><span class='ocrx_word' id='word_1_13' title='bbox 466 411 757 465; x_wconf 77' lang='lat' dir='ltr'><strong>dominetur</strong></span> <span class='ocrx_word' id='word_1_14' title='bbox 785 406 949 462; x_wconf 87' lang='lat' dir='ltr'><strong>omnis</strong></span> <span class='ocrx_word' id='word_1_15' title='bbox 972 406 1245 477; x_wconf 86' lang='lat' dir='ltr'><strong>injustitia,</strong></span> <span class='ocrx_word' id='word_1_16' title='bbox 1271 412 1347 470; x_wconf 91' lang='lat' dir='ltr'><strong>ut,</strong></span> <span class='ocrx_word' id='word_1_17' title='bbox 1376 402 1623 477; x_wconf 73' lang='lat' dir='ltr'><strong>veniente</strong></span> <span class='ocrx_word' id='word_1_18' title='bbox 1649 400 1845 477; x_wconf 79' lang='lat' dir='ltr'><strong>illicito</strong></span> <span class='ocrx_word' id='word_1_19' title='bbox 1866 406 2041 477; x_wconf 84' lang='lat' dir='ltr'><strong>motu,</strong></span> <span class='ocrx_word' id='word_1_20' title='bbox 2071 400 2123 459; x_wconf 76' lang='grc' dir='ltr'><strong>Α</strong></span> <span class='ocrx_word' id='word_1_21' title='bbox 2150 394 2245 477; x_wconf 41' lang='lat' dir='ltr'><strong>les.</strong></span> <span class='ocrx_word' id='word_1_22' title='bbox 2265 392 2505 477; x_wconf 78' lang='lat' dir='ltr'><strong>illorum,</strong></span> <span class='ocrx_word' id='word_1_23' title='bbox 2526 389 2632 477; x_wconf 30' lang='lat' dir='ltr'><strong>sed.</strong></span> <span class='ocrx_word' id='word_1_24' title='bbox 2651 386 3001 477; x_wconf 21' lang='lat' dir='ltr'><strong>veritasrfl’rgo</strong></span> <span class='ocrx_word' id='word_1_25' title='bbox 3017 386 3767 477; x_wconf 45' lang='lat' dir='ltr'><strong>quaulege</strong></span> 
     </span>
    </p>
   </div>
   <div class='ocr_carea' id='block_1_5' title="bbox 467 470 2048 551">
    <p class='ocr_par' dir='ltr' id='par_1_5' title="bbox 467 470 2048 551">
     <span class='ocr_line' id='line_1_5' title="bbox 467 470 2048 551; baseline -0.011 -13"><span class='ocrx_word' id='word_1_26' title='bbox 467 497 577 538; x_wconf 91' lang='lat' dir='ltr'><strong>non</strong></span> <span class='ocrx_word' id='word_1_27' title='bbox 606 481 931 551; x_wconf 73' lang='lat' dir='ltr'><strong>perducatur</strong></span> <span class='ocrx_word' id='word_1_28' title='bbox 959 470 1035 531; x_wconf 57' lang='lat' dir='ltr'><strong>ad&#39;</strong></span> <span class='ocrx_word' id='word_1_29' title='bbox 1057 470 1381 551; x_wconf 77' lang='lat' dir='ltr'><strong>consensum</strong></span> <span class='ocrx_word' id='word_1_30' title='bbox 1410 474 1496 551; x_wconf 81' lang='lat' dir='ltr'><strong>vel</strong></span> <span class='ocrx_word' id='word_1_31' title='bbox 1526 472 1591 527; x_wconf 89' lang='lat' dir='ltr'><strong>ad</strong></span> <span class='ocrx_word' id='word_1_32' title='bbox 1620 482 1795 547; x_wconf 89' lang='lat' dir='ltr'><strong>actum</strong></span> <span class='ocrx_word' id='word_1_33' title='bbox 1832 470 2048 551; x_wconf 74' lang='lat' dir='ltr'><strong>injusti-</strong></span> 
     </span>
    </p>
   </div>
   <div class='ocr_carea' id='block_1_6' title="bbox 469 541 2047 619">
    <p class='ocr_par' dir='ltr' id='par_1_6' title="bbox 469 541 2047 619">
     <span class='ocr_line' id='line_1_6' title="bbox 469 541 2047 619; baseline -0.008 -12"><span class='ocrx_word' id='word_1_34' title='bbox 469 553 564 619; x_wconf 88' lang='lat' dir='ltr'><strong>tia,</strong></span> <span class='ocrx_word' id='word_1_35' title='bbox 590 541 683 607; x_wconf 76' lang='lat' dir='ltr'><strong>sed</strong></span> <span class='ocrx_word' id='word_1_36' title='bbox 716 551 890 619; x_wconf 79' lang='lat' dir='ltr'><strong>potius</strong></span> <span class='ocrx_word' id='word_1_37' title='bbox 930 557 1116 619; x_wconf 81' lang='lat' dir='ltr'><strong>sancto</strong></span> <span class='ocrx_word' id='word_1_38' title='bbox 1144 548 1344 617; x_wconf 91' lang='lat' dir='ltr'><strong>Spiritu</strong></span> <span class='ocrx_word' id='word_1_39' title='bbox 1372 545 1562 619; x_wconf 77' lang='lat' dir='ltr'><strong>redime</strong></span> <span class='ocrx_word' id='word_1_40' title='bbox 1590 544 1733 597; x_wconf 87' lang='lat' dir='ltr'><strong>mea</strong></span> <span class='ocrx_word' id='word_1_41' title='bbox 1772 541 2047 619; x_wconf 73' lang='lat' dir='ltr'><strong>calumniis</strong></span> 
     </span>
    </p>
   </div>
   <div class='ocr_carea' id='block_1_7' title="bbox 470 611 2049 686">
    <p class='ocr_par' dir='ltr' id='par_1_7' title="bbox 470 611 2049 686">
     <span class='ocr_line' id='line_1_7' title="bbox 470 611 2049 686; baseline -0.008 -8"><span class='ocrx_word' id='word_1_42' title='bbox 470 611 754 686; x_wconf 50' lang='lat' dir='ltr'><strong>animum},</strong></span> <span class='ocrx_word' id='word_1_43' title='bbox 786 620 837 674; x_wconf 87' lang='lat' dir='ltr'><strong>id</strong></span> <span class='ocrx_word' id='word_1_44' title='bbox 882 630 983 684; x_wconf 90' lang='lat' dir='ltr'><strong>est,</strong></span> <span class='ocrx_word' id='word_1_45' title='bbox 1017 617 1101 673; x_wconf 81' lang='lat' dir='ltr'><strong>fac</strong></span> <span class='ocrx_word' id='word_1_46' title='bbox 1124 611 1202 673; x_wconf 56' lang='lat' dir='ltr'><strong>ut&#39;</strong></span> <span class='ocrx_word' id='word_1_47' title='bbox 1224 634 1329 672; x_wconf 82' lang='lat' dir='ltr'><strong>non</strong></span> <span class='ocrx_word' id='word_1_48' title='bbox 1361 614 1709 671; x_wconf 81' lang='lat' dir='ltr'><strong>extimescam</strong></span> <span class='ocrx_word' id='word_1_49' title='bbox 1753 611 2049 686; x_wconf 78' lang='lat' dir='ltr'><strong>calumnias</strong></span> 
     </span>
    </p>
   </div>
   <div class='ocr_carea' id='block_1_8' title="bbox 474 682 2049 757">
    <p class='ocr_par' dir='ltr' id='par_1_8' title="bbox 474 682 2049 757">
     <span class='ocr_line' id='line_1_8' title="bbox 474 682 2049 757; baseline -0.009 -8"><span class='ocrx_word' id='word_1_50' title='bbox 474 682 773 757; x_wconf 81' lang='lat' dir='ltr'><strong>hominum,</strong></span> <span class='ocrx_word' id='word_1_51' title='bbox 803 706 870 745; x_wconf 91' lang='lat' dir='ltr'><strong>ne</strong></span> <span class='ocrx_word' id='word_1_52' title='bbox 899 682 986 745; x_wconf 83' lang='lat' dir='ltr'><strong>me</strong></span> <span class='ocrx_word' id='word_1_53' title='bbox 1016 694 1256 757; x_wconf 84' lang='lat' dir='ltr'><strong>vincant,</strong></span> <span class='ocrx_word' id='word_1_54' title='bbox 1284 700 1338 743; x_wconf 89' lang='lat' dir='ltr'><strong>et</strong></span> <span class='ocrx_word' id='word_1_55' title='bbox 1369 689 1433 741; x_wconf 90' lang='lat' dir='ltr'><strong>ad</strong></span> <span class='ocrx_word' id='word_1_56' title='bbox 1481 688 1621 741; x_wconf 86' lang='lat' dir='ltr'><strong>mala</strong></span> <span class='ocrx_word' id='word_1_57' title='bbox 1668 700 1829 755; x_wconf 92' lang='lat' dir='ltr'><strong>opera</strong></span> <span class='ocrx_word' id='word_1_58' title='bbox 1865 682 2049 738; x_wconf 90' lang='lat' dir='ltr'><strong>tradu-</strong></span> 
     </span>
    </p>
   </div>
   <div class='ocr_carea' id='block_1_9' title="bbox 474 758 2051 824">
    <p class='ocr_par' dir='ltr' id='par_1_9' title="bbox 474 758 2051 824">
     <span class='ocr_line' id='line_1_9' title="bbox 474 758 2051 824; baseline -0.009 -3"><span class='ocrx_word' id='word_1_59' title='bbox 474 775 617 821; x_wconf 90' lang='lat' dir='ltr'><strong>cant.</strong></span> <span class='ocrx_word' id='word_1_60' title='bbox 644 764 923 819; x_wconf 88' lang='lat' dir='ltr'><strong>Calumnia</strong></span> <span class='ocrx_word' id='word_1_61' title='bbox 950 770 1035 817; x_wconf 88' lang='lat' dir='ltr'><strong>est</strong></span> <span class='ocrx_word' id='word_1_62' title='bbox 1060 763 1262 817; x_wconf 91' lang='lat' dir='ltr'><strong>crimen</strong></span> <span class='ocrx_word' id='word_1_63' title='bbox 1293 760 1503 824; x_wconf 83' lang='lat' dir='ltr'><strong>falsum,</strong></span> <span class='ocrx_word' id='word_1_64' title='bbox 1533 768 1587 813; x_wconf 89' lang='lat' dir='ltr'><strong>et</strong></span> <span class='ocrx_word' id='word_1_65' title='bbox 1616 773 1721 811; x_wconf 90' lang='lat' dir='ltr'><strong>non</strong></span> <span class='ocrx_word' id='word_1_66' title='bbox 1752 758 1877 811; x_wconf 75' lang='lat' dir='ltr'><strong>facit</strong></span> <span class='ocrx_word' id='word_1_67' title='bbox 1901 769 2051 809; x_wconf 90' lang='lat' dir='ltr'><strong>reum</strong></span> 
     </span>
    </p>
   </div>
   <div class='ocr_carea' id='block_1_10' title="bbox 474 826 2052 904">
    <p class='ocr_par' dir='ltr' id='par_1_10' title="bbox 474 826 2052 904">
     <span class='ocr_line' id='line_1_10' title="bbox 474 826 2052 904; baseline -0.008 -13"><span class='ocrx_word' id='word_1_68' title='bbox 474 837 766 901; x_wconf 83' lang='lat' dir='ltr'><strong>hominem,</strong></span> <span class='ocrx_word' id='word_1_69' title='bbox 802 834 900 889; x_wconf 87' lang='lat' dir='ltr'><strong>nisi</strong></span> <span class='ocrx_word' id='word_1_70' title='bbox 948 834 1084 904; x_wconf 86' lang='lat' dir='ltr'><strong>apud</strong></span> <span class='ocrx_word' id='word_1_71' title='bbox 1114 833 1347 903; x_wconf 84' lang='lat' dir='ltr'><strong>judicem</strong></span> <span class='ocrx_word' id='word_1_72' title='bbox 1395 830 1689 904; x_wconf 82' lang='lat' dir='ltr'><strong>hominem.</strong></span> <span class='ocrx_word' id='word_1_73' title='bbox 1724 826 1823 884; x_wconf 87' lang='lat' dir='ltr'><strong>Ubi</strong></span> <span class='ocrx_word' id='word_1_74' title='bbox 1871 834 2052 904; x_wconf 52' lang='lat' dir='ltr'><strong>angam</strong></span> 
     </span>
    </p>
   </div>
   <div class='ocr_carea' id='block_1_11' title="bbox 472 897 2054 976">
    <p class='ocr_par' dir='ltr' id='par_1_11' title="bbox 472 897 2054 976">
     <span class='ocr_line' id='line_1_11' title="bbox 472 897 2054 976; baseline -0.011 -11"><span class='ocrx_word' id='word_1_75' title='bbox 472 911 615 965; x_wconf 87' lang='lat' dir='ltr'><strong>Deus</strong></span> <span class='ocrx_word' id='word_1_76' title='bbox 641 897 803 976; x_wconf 82' lang='lat' dir='ltr'><strong>judex</strong></span> <span class='ocrx_word' id='word_1_77' title='bbox 833 914 938 972; x_wconf 90' lang='lat' dir='ltr'><strong>est,</strong></span> <span class='ocrx_word' id='word_1_78' title='bbox 968 897 1143 959; x_wconf 70' lang='lat' dir='ltr'><strong>nullus</strong></span> <span class='ocrx_word' id='word_1_79' title='bbox 1176 903 1575 976; x_wconf 10' lang='lat' dir='ltr'><strong>falsogcrimine</strong></span> <span class='ocrx_word' id='word_1_80' title='bbox 1602 902 1909 976; x_wconf 81' lang='lat' dir='ltr'><strong>damnatur.</strong></span> <span class='ocrx_word' id='word_1_81' title='bbox 1944 897 2054 976; x_wconf 64' lang='lat' dir='ltr'><strong>cur</strong></span> 
     </span>
    </p>
   </div>
   <div class='ocr_carea' id='block_1_12' title="bbox 474 967 2055 1045">
    <p class='ocr_par' dir='ltr' id='par_1_12' title="bbox 474 967 2055 1045">
     <span class='ocr_line' id='line_1_12' title="bbox 474 967 2055 1045; baseline -0.008 -12"><span class='ocrx_word' id='word_1_82' title='bbox 474 967 657 1034; x_wconf 77' lang='lat' dir='ltr'><strong>autem</strong></span> <span class='ocrx_word' id='word_1_83' title='bbox 683 994 712 1031; x_wconf 90' lang='lat' dir='ltr'><strong>a</strong></span> <span class='ocrx_word' id='word_1_84' title='bbox 758 967 1035 1031; x_wconf 78' lang='lat' dir='ltr'><strong>calumniis</strong></span> <span class='ocrx_word' id='word_1_85' title='bbox 1065 984 1216 1045; x_wconf 82' lang='lat' dir='ltr'><strong>roget</strong></span> <span class='ocrx_word' id='word_1_86' title='bbox 1245 974 1461 1038; x_wconf 87' lang='lat' dir='ltr'><strong>redimi,</strong></span> <span class='ocrx_word' id='word_1_87' title='bbox 1496 973 1680 1028; x_wconf 81' lang='lat' dir='ltr'><strong>subdit</strong></span> <span class='ocrx_word' id='word_1_88' title='bbox 1725 971 1951 1045; x_wconf 86' lang='lat' dir='ltr'><strong>dicens:</strong></span> <span class='ocrx_word' id='word_1_89' title='bbox 1987 967 2055 1022; x_wconf 89' lang='lat' dir='ltr'><strong>Ut</strong></span> 
     </span>
    </p>
   </div>
   <div class='ocr_carea' id='block_1_13' title="bbox 473 1044 2057 1111">
    <p class='ocr_par' dir='ltr' id='par_1_13' title="bbox 473 1044 2057 1111">
     <span class='ocr_line' id='line_1_13' title="bbox 473 1044 2057 1111; baseline -0.009 -6"><span class='ocrx_word' id='word_1_90' title='bbox 473 1052 759 1105; x_wconf 78' lang='lat' dir='ltr'><strong>custodiam</strong></span> <span class='ocrx_word' id='word_1_91' title='bbox 788 1048 1031 1102; x_wconf 89' lang='lat' dir='ltr'><strong>mandata</strong></span> <span class='ocrx_word' id='word_1_92' title='bbox 1073 1044 1179 1101; x_wconf 89' lang='lat' dir='ltr'><strong>tua.</strong></span> <span class='ocrx_word' id='word_1_93' title='bbox 1224 1046 1293 1101; x_wconf 92' lang='lat' dir='ltr'><strong>Ut</strong></span> <span class='ocrx_word' id='word_1_94' title='bbox 1334 1056 1510 1099; x_wconf 80' lang='lat' dir='ltr'><strong>autem</strong></span> <span class='ocrx_word' id='word_1_95' title='bbox 1543 1060 1605 1099; x_wconf 88' lang='lat' dir='ltr'><strong>ea</strong></span> <span class='ocrx_word' id='word_1_96' title='bbox 1637 1044 1834 1111; x_wconf 73' lang='lat' dir='ltr'><strong>puSs&#39;im</strong></span> <span class='ocrx_word' id='word_1_97' title='bbox 1875 1050 2057 1095; x_wconf 86' lang='lat' dir='ltr'><strong>custo-</strong></span> 
     </span>
    </p>
   </div>
   <div class='ocr_carea' id='block_1_14' title="bbox 472 1111 2057 1191">
    <p class='ocr_par' dir='ltr' id='par_1_14' title="bbox 472 1111 2057 1191">
     <span class='ocr_line' id='line_1_14' title="bbox 472 1111 2057 1191; baseline -0.008 -15"><span class='ocrx_word' id='word_1_98' title='bbox 472 1123 611 1185; x_wconf 86' lang='lat' dir='ltr'><strong>dire,</strong></span> <span class='ocrx_word' id='word_1_99' title='bbox 646 1121 828 1191; x_wconf 80' lang='lat' dir='ltr'><strong>faciem</strong></span> <span class='ocrx_word' id='word_1_100' title='bbox 872 1130 1012 1191; x_wconf 88' lang='lat' dir='ltr'><strong>tuam</strong></span> <span class='ocrx_word' id='word_1_101' title='bbox 1055 1120 1296 1174; x_wconf 85' lang='lat' dir='ltr'><strong>illumina</strong></span> <span class='ocrx_word' id='word_1_102' title='bbox 1336 1134 1491 1185; x_wconf 80' lang='lat' dir='ltr'><strong>super</strong></span> <span class='ocrx_word' id='word_1_103' title='bbox 1535 1132 1732 1169; x_wconf 86' lang='lat' dir='ltr'><strong>servum</strong></span> <span class='ocrx_word' id='word_1_104' title='bbox 1774 1124 1937 1179; x_wconf 90' lang='lat' dir='ltr'><strong>tuum,</strong></span> <span class='ocrx_word' id='word_1_105' title='bbox 1973 1111 2057 1191; x_wconf 70' lang='lat' dir='ltr'><strong>vel</strong></span> 
     </span>
    </p>
   </div>
   <div class='ocr_carea' id='block_1_15' title="bbox 473 1181 2057 1259">
    <p class='ocr_par' dir='ltr' id='par_1_15' title="bbox 473 1181 2057 1259">
     <span class='ocr_line' id='line_1_15' title="bbox 473 1181 2057 1259; baseline -0.008 -12"><span class='ocrx_word' id='word_1_106' title='bbox 473 1193 558 1247; x_wconf 79' lang='lat' dir='ltr'><strong>iac</strong></span> <span class='ocrx_word' id='word_1_107' title='bbox 598 1181 866 1258; x_wconf 70' lang='lat' dir='ltr'><strong>ullacies,</strong></span> <span class='ocrx_word' id='word_1_108' title='bbox 902 1190 953 1245; x_wconf 88' lang='lat' dir='ltr'><strong>id</strong></span> <span class='ocrx_word' id='word_1_109' title='bbox 1004 1202 1108 1259; x_wconf 72' lang='grc' dir='ltr'>εει,</span> <span class='ocrx_word' id='word_1_110' title='bbox 1144 1181 1505 1245; x_wconf 68' lang='grc' dir='ltr'>γοΙυηιθείιιςι</span> <span class='ocrx_word' id='word_1_111' title='bbox 1551 1196 1808 1259; x_wconf 87' lang='lat' dir='ltr'><strong>appareat</strong></span> <span class='ocrx_word' id='word_1_112' title='bbox 1839 1199 1935 1252; x_wconf 89' lang='lat' dir='ltr'><strong>per</strong></span> <span class='ocrx_word' id='word_1_113' title='bbox 1977 1181 2057 1235; x_wconf 82' lang='lat' dir='ltr'><strong>ef-</strong></span> 
     </span>
    </p>
   </div>
   <div class='ocr_carea' id='block_1_16' title="bbox 476 1258 2056 1328">
    <p class='ocr_par' dir='ltr' id='par_1_16' title="bbox 476 1258 2056 1328">
     <span class='ocr_line' id='line_1_16' title="bbox 476 1258 2056 1328; baseline -0.008 -9"><span class='ocrx_word' id='word_1_114' title='bbox 476 1264 673 1319; x_wconf 78' lang='lat' dir='ltr'><strong>fectum</strong></span> <span class='ocrx_word' id='word_1_115' title='bbox 707 1261 759 1315; x_wconf 91' lang='lat' dir='ltr'><strong>in</strong></span> <span class='ocrx_word' id='word_1_116' title='bbox 806 1278 914 1316; x_wconf 90' lang='lat' dir='ltr'><strong>me.</strong></span> <span class='ocrx_word' id='word_1_117' title='bbox 958 1263 1060 1328; x_wconf 85' lang='lat' dir='ltr'><strong>Qui</strong></span> <span class='ocrx_word' id='word_1_118' title='bbox 1096 1258 1243 1317; x_wconf 88' lang='lat' dir='ltr'><strong>enim</strong></span> <span class='ocrx_word' id='word_1_119' title='bbox 1285 1260 1509 1313; x_wconf 89' lang='lat' dir='ltr'><strong>audiunt</strong></span> <span class='ocrx_word' id='word_1_120' title='bbox 1537 1258 1715 1311; x_wconf 81' lang='lat' dir='ltr'><strong>divina</strong></span> <span class='ocrx_word' id='word_1_121' title='bbox 1762 1264 2056 1325; x_wconf 74' lang='lat' dir='ltr'><strong>praecepta,</strong></span> 
     </span>
    </p>
   </div>
   <div class='ocr_carea' id='block_1_17' title="bbox 479 1331 2057 1399">
    <p class='ocr_par' dir='ltr' id='par_1_17' title="bbox 479 1331 2057 1399">
     <span class='ocr_line' id='line_1_17' title="bbox 479 1331 2057 1399; baseline -0.007 -9"><span class='ocrx_word' id='word_1_122' title='bbox 479 1345 545 1390; x_wconf 73' lang='lat' dir='ltr'><strong>et</strong></span> <span class='ocrx_word' id='word_1_123' title='bbox 577 1350 680 1388; x_wconf 93' lang='lat' dir='ltr'><strong>non</strong></span> <span class='ocrx_word' id='word_1_124' title='bbox 734 1332 953 1399; x_wconf 82' lang='lat' dir='ltr'><strong>faciunt,</strong></span> <span class='ocrx_word' id='word_1_125' title='bbox 989 1343 1043 1388; x_wconf 90' lang='lat' dir='ltr'><strong>ct</strong></span> <span class='ocrx_word' id='word_1_126' title='bbox 1093 1335 1139 1389; x_wconf 87' lang='lat' dir='ltr'><strong>si</strong></span> <span class='ocrx_word' id='word_1_127' title='bbox 1184 1340 1399 1386; x_wconf 80' lang='lat' dir='ltr'><strong>teneant</strong></span> <span class='ocrx_word' id='word_1_128' title='bbox 1443 1344 1507 1384; x_wconf 88' lang='lat' dir='ltr'><strong>ea</strong></span> <span class='ocrx_word' id='word_1_129' title='bbox 1566 1331 1893 1399; x_wconf 78' lang='lat' dir='ltr'><strong>memoriter,</strong></span> <span class='ocrx_word' id='word_1_130' title='bbox 1952 1340 2057 1379; x_wconf 91' lang='lat' dir='ltr'><strong>non</strong></span> 
     </span>
    </p>
   </div>
   <div class='ocr_carea' id='block_1_18' title="bbox 476 1398 2058 1468">
    <p class='ocr_par' dir='ltr' id='par_1_18' title="bbox 476 1398 2058 1468">
     <span class='ocr_line' id='line_1_18' title="bbox 476 1398 2058 1468; baseline -0.008 -7"><span class='ocrx_word' id='word_1_131' title='bbox 476 1414 658 1461; x_wconf 86' lang='lat' dir='ltr'><strong>tamen</strong></span> <span class='ocrx_word' id='word_1_132' title='bbox 711 1398 1095 1459; x_wconf 33' lang='lat' dir='ltr'><strong>dicendi&#39;sunt</strong></span> <span class='ocrx_word' id='word_1_133' title='bbox 1142 1404 1413 1466; x_wconf 74' lang='lat' dir='ltr'><strong>didicisse,</strong></span> <span class='ocrx_word' id='word_1_134' title='bbox 1464 1398 1586 1468; x_wconf 88' lang='lat' dir='ltr'><strong>quia</strong></span> <span class='ocrx_word' id='word_1_135' title='bbox 1640 1401 1754 1468; x_wconf 86' lang='lat' dir='ltr'><strong>ipse</strong></span> <span class='ocrx_word' id='word_1_136' title='bbox 1800 1398 2058 1451; x_wconf 87' lang='lat' dir='ltr'><strong>Dominus</strong></span> 
     </span>
    </p>
   </div>
   <div class='ocr_carea' id='block_1_19' title="bbox 476 1468 2062 1546">
    <p class='ocr_par' dir='ltr' id='par_1_19' title="bbox 476 1468 2062 1546">
     <span class='ocr_line' id='line_1_19' title="bbox 476 1468 2062 1546; baseline -0.007 -14"><span class='ocrx_word' id='word_1_137' title='bbox 476 1479 551 1532; x_wconf 84' lang='lat' dir='ltr'><strong>ait</strong></span> <span class='ocrx_word' id='word_1_138' title='bbox 583 1493 597 1531; x_wconf 90' lang='lat'><strong>:</strong></span> <span class='ocrx_word' id='word_1_139' title='bbox 645 1475 822 1530; x_wconf 81' lang='lat' dir='ltr'><strong>Omnis</strong></span> <span class='ocrx_word' id='word_1_140' title='bbox 850 1476 939 1546; x_wconf 90' lang='lat' dir='ltr'><strong>qui</strong></span> <span class='ocrx_word' id='word_1_141' title='bbox 969 1476 1163 1530; x_wconf 86' lang='lat' dir='ltr'><strong>audivit</strong></span> <span class='ocrx_word' id='word_1_142' title='bbox 1191 1492 1223 1528; x_wconf 91' lang='lat' dir='ltr'><strong>a</strong></span> <span class='ocrx_word' id='word_1_143' title='bbox 1256 1472 1413 1527; x_wconf 86' lang='lat' dir='ltr'><strong>Patre</strong></span> <span class='ocrx_word' id='word_1_144' title='bbox 1452 1487 1581 1538; x_wconf 88' lang='lat' dir='ltr'><strong>meo,</strong></span> <span class='ocrx_word' id='word_1_145' title='bbox 1616 1482 1663 1525; x_wconf 91' lang='lat' dir='ltr'><strong>et</strong></span> <span class='ocrx_word' id='word_1_146' title='bbox 1695 1469 1897 1535; x_wconf 77' lang='lat' dir='ltr'><strong>didicit,</strong></span> <span class='ocrx_word' id='word_1_147' title='bbox 1924 1468 2062 1522; x_wconf 90' lang='lat' dir='ltr'><strong>venit</strong></span> 
     </span>
    </p>
   </div>
   <div class='ocr_carea' id='block_1_20' title="bbox 475 1548 665 1602">
    <p class='ocr_par' dir='ltr' id='par_1_20' title="bbox 475 1548 665 1602">
     <span class='ocr_line' id='line_1_20' title="bbox 475 1548 665 1602; baseline 0.005 -1"><span class='ocrx_word' id='word_1_148' title='bbox 475 1548 544 1601; x_wconf 90' lang='lat' dir='ltr'><strong>ad</strong></span> <span class='ocrx_word' id='word_1_149' title='bbox 569 1564 665 1602; x_wconf 90' lang='lat' dir='ltr'><strong>me.</strong></span> 
     </span>
    </p>
   </div>
   <div class='ocr_carea' id='block_1_21' title="bbox 553 1611 2063 1691">
    <p class='ocr_par' dir='ltr' id='par_1_21' title="bbox 553 1611 2063 1691">
     <span class='ocr_line' id='line_1_21' title="bbox 553 1611 2063 1691; baseline -0.005 -18"><span class='ocrx_word' id='word_1_150' title='bbox 553 1619 691 1684; x_wconf 87' lang='lat' dir='ltr'><strong>Quia</strong></span> <span class='ocrx_word' id='word_1_151' title='bbox 720 1620 885 1675; x_wconf 71' lang='lat' dir='ltr'><strong>exitus</strong></span> <span class='ocrx_word' id='word_1_152' title='bbox 927 1636 1180 1691; x_wconf 87' lang='lat' dir='ltr'><strong>aquarum</strong></span> <span class='ocrx_word' id='word_1_153' title='bbox 1225 1618 1550 1691; x_wconf 68' lang='lat' dir='ltr'><strong>deduxerunt</strong></span> <span class='ocrx_word' id='word_1_154' title='bbox 1578 1615 1713 1671; x_wconf 88' lang='lat' dir='ltr'><strong>oculi</strong></span> <span class='ocrx_word' id='word_1_155' title='bbox 1740 1613 1860 1691; x_wconf 78' lang='lat' dir='ltr'><strong>mei.</strong></span> <span class='ocrx_word' id='word_1_156' title='bbox 1891 1611 2063 1666; x_wconf 84' lang='lat' dir='ltr'><strong>Reco-</strong></span> 
     </span>
    </p>
   </div>
   <div class='ocr_carea' id='block_1_22' title="bbox 478 1685 2064 1761">
    <p class='ocr_par' dir='ltr' id='par_1_22' title="bbox 478 1685 2064 1761">
     <span class='ocr_line' id='line_1_22' title="bbox 478 1685 2064 1761; baseline -0.006 -16"><span class='ocrx_word' id='word_1_157' title='bbox 478 1691 729 1746; x_wconf 80' lang='lat' dir='ltr'><strong>lensiste</strong></span> <span class='ocrx_word' id='word_1_158' title='bbox 761 1685 982 1760; x_wconf 78' lang='lat' dir='ltr'><strong>tempus</strong></span> <span class='ocrx_word' id='word_1_159' title='bbox 1015 1692 1217 1747; x_wconf 89' lang='lat' dir='ltr'><strong>doloris</strong></span> <span class='ocrx_word' id='word_1_160' title='bbox 1248 1685 1894 1761; x_wconf 14' lang='lat' dir='ltr'><strong>pmnitentiaagprteteritze</strong></span> <span class='ocrx_word' id='word_1_161' title='bbox 1924 1696 2064 1752; x_wconf 74' lang='lat' dir='ltr'><strong>prte-</strong></span> 
     </span>
    </p>
   </div>
   <div class='ocr_carea' id='block_1_23' title="bbox 479 1756 2141 1828">
    <p class='ocr_par' dir='ltr' id='par_1_23' title="bbox 479 1756 2141 1828">
     <span class='ocr_line' id='line_1_23' title="bbox 479 1756 2141 1828; baseline -0.007 -11"><span class='ocrx_word' id='word_1_162' title='bbox 479 1762 845 1828; x_wconf 76' lang='lat' dir='ltr'><strong>variCationis,</strong></span> <span class='ocrx_word' id='word_1_163' title='bbox 876 1756 1074 1818; x_wconf 75' lang='lat' dir='ltr'><strong>timens</strong></span> <span class='ocrx_word' id='word_1_164' title='bbox 1103 1756 1299 1818; x_wconf 82' lang='lat' dir='ltr'><strong>iterum</strong></span> <span class='ocrx_word' id='word_1_165' title='bbox 1348 1760 1530 1815; x_wconf 90' lang='lat' dir='ltr'><strong>videre</strong></span> <span class='ocrx_word' id='word_1_166' title='bbox 1570 1758 1737 1813; x_wconf 90' lang='lat' dir='ltr'><strong>dicit:</strong></span> <span class='ocrx_word' id='word_1_167' title='bbox 1770 1756 1911 1809; x_wconf 84' lang='lat' dir='ltr'><strong>Doce</strong></span> <span class='ocrx_word' id='word_1_168' title='bbox 1953 1769 2057 1828; x_wconf 84' lang='lat' dir='ltr'><strong>me,</strong></span> <span class='ocrx_word' id='word_1_169' title='bbox 2089 1763 2141 1826; x_wconf 76' lang='grc' dir='ltr'><strong>Β</strong></span> 
     </span>
    </p>
   </div>
   <div class='ocr_carea' id='block_1_24' title="bbox 485 1826 2060 1904">
    <p class='ocr_par' dir='ltr' id='par_1_24' title="bbox 485 1826 2060 1904">
     <span class='ocr_line' id='line_1_24' title="bbox 485 1826 2060 1904; baseline -0.005 -17"><span class='ocrx_word' id='word_1_170' title='bbox 485 1832 725 1898; x_wconf 86' lang='lat' dir='ltr'><strong>Domine,</strong></span> <span class='ocrx_word' id='word_1_171' title='bbox 751 1826 1148 1904; x_wconf 80' lang='lat' dir='ltr'><strong>justiﬁcationes</strong></span> <span class='ocrx_word' id='word_1_172' title='bbox 1195 1844 1330 1899; x_wconf 89' lang='lat' dir='ltr'><strong>tuas,</strong></span> <span class='ocrx_word' id='word_1_173' title='bbox 1360 1848 1427 1885; x_wconf 91' lang='lat' dir='ltr'><strong>ne</strong></span> <span class='ocrx_word' id='word_1_174' title='bbox 1471 1830 1705 1904; x_wconf 81' lang='lat' dir='ltr'><strong>amplius</strong></span> <span class='ocrx_word' id='word_1_175' title='bbox 1745 1826 2060 1904; x_wconf 65' lang='lat' dir='ltr'><strong>praevarica-</strong></span> 
     </span>
    </p>
   </div>
   <div class='ocr_carea' id='block_1_25' title="bbox 480 1898 2061 1970">
    <p class='ocr_par' dir='ltr' id='par_1_25' title="bbox 480 1898 2061 1970">
     <span class='ocr_line' id='line_1_25' title="bbox 480 1898 2061 1970; baseline -0.006 -11"><span class='ocrx_word' id='word_1_176' title='bbox 480 1904 683 1959; x_wconf 89' lang='lat' dir='ltr'><strong>tionem</strong></span> <span class='ocrx_word' id='word_1_177' title='bbox 716 1898 1005 1961; x_wconf 80' lang='lat' dir='ltr'><strong>incurram.</strong></span> <span class='ocrx_word' id='word_1_178' title='bbox 1038 1904 1170 1970; x_wconf 82' lang='lat' dir='ltr'><strong>Quia</strong></span> <span class='ocrx_word' id='word_1_179' title='bbox 1200 1898 1335 1959; x_wconf 87' lang='lat' dir='ltr'><strong>oculi</strong></span> <span class='ocrx_word' id='word_1_180' title='bbox 1383 1902 1480 1956; x_wconf 87' lang='lat' dir='ltr'><strong>mei</strong></span> <span class='ocrx_word' id='word_1_181' title='bbox 1510 1898 1797 1955; x_wconf 86' lang='lat' dir='ltr'><strong>interiores</strong></span> <span class='ocrx_word' id='word_1_182' title='bbox 1824 1898 2061 1970; x_wconf 58' lang='lat' dir='ltr'><strong>deditae-3</strong></span> 
     </span>
    </p>
   </div>
   <div class='ocr_carea' id='block_1_26' title="bbox 481 1966 2064 2044">
    <p class='ocr_par' dir='ltr' id='par_1_26' title="bbox 481 1966 2064 2044">
     <span class='ocr_line' id='line_1_26' title="bbox 481 1966 2064 2044; baseline -0.004 -16"><span class='ocrx_word' id='word_1_183' title='bbox 481 1983 605 2028; x_wconf 90' lang='lat' dir='ltr'><strong>runt</strong></span> <span class='ocrx_word' id='word_1_184' title='bbox 636 1975 817 2039; x_wconf 78' lang='lat' dir='ltr'><strong>exitus,</strong></span> <span class='ocrx_word' id='word_1_185' title='bbox 845 1976 932 2044; x_wconf 88' lang='lat' dir='ltr'><strong>qui</strong></span> <span class='ocrx_word' id='word_1_186' title='bbox 963 1966 1212 2029; x_wconf 70' lang='lat' dir='ltr'><strong>fuderunt</strong></span> <span class='ocrx_word' id='word_1_187' title='bbox 1241 1976 1416 2043; x_wconf 88' lang='lat' dir='ltr'><strong>largos</strong></span> <span class='ocrx_word' id='word_1_188' title='bbox 1446 1974 1587 2027; x_wconf 91' lang='lat' dir='ltr'><strong>rivos</strong></span> <span class='ocrx_word' id='word_1_189' title='bbox 1614 1985 1886 2044; x_wconf 80' lang='lat' dir='ltr'><strong>aquarum,</strong></span> <span class='ocrx_word' id='word_1_190' title='bbox 1919 1966 2064 2044; x_wconf 81' lang='lat' dir='ltr'><strong>quod</strong></span> 
     </span>
    </p>
   </div>
   <div class='ocr_carea' id='block_1_27' title="bbox 487 2040 2067 2115">
    <p class='ocr_par' dir='ltr' id='par_1_27' title="bbox 487 2040 2067 2115">
     <span class='ocr_line' id='line_1_27' title="bbox 487 2040 2067 2115; baseline -0.005 -15"><span class='ocrx_word' id='word_1_191' title='bbox 487 2040 875 2115; x_wconf 54' lang='lat' dir='ltr'><strong>exaggerativc&#39;</strong></span> <span class='ocrx_word' id='word_1_192' title='bbox 897 2045 1096 2100; x_wconf 91' lang='lat' dir='ltr'><strong>dictum</strong></span> <span class='ocrx_word' id='word_1_193' title='bbox 1123 2056 1225 2100; x_wconf 90' lang='lat' dir='ltr'><strong>est.</strong></span> <span class='ocrx_word' id='word_1_194' title='bbox 1268 2040 1345 2099; x_wconf 66' lang='lat' dir='ltr'><strong>Et</strong></span> <span class='ocrx_word' id='word_1_195' title='bbox 1378 2058 1544 2113; x_wconf 90' lang='lat' dir='ltr'><strong>quare</strong></span> <span class='ocrx_word' id='word_1_196' title='bbox 1574 2040 1715 2097; x_wconf 88' lang='lat' dir='ltr'><strong>oculi</strong></span> <span class='ocrx_word' id='word_1_197' title='bbox 1747 2040 2067 2115; x_wconf 74' lang='lat' dir='ltr'><strong>deduxerint</strong></span> 
     </span>
    </p>
   </div>
   <div class='ocr_carea' id='block_1_28' title="bbox 487 2112 2069 2187">
    <p class='ocr_par' dir='ltr' id='par_1_28' title="bbox 487 2112 2069 2187">
     <span class='ocr_line' id='line_1_28' title="bbox 487 2112 2069 2187; baseline -0.005 -16"><span class='ocrx_word' id='word_1_198' title='bbox 487 2112 662 2171; x_wconf 77' lang='lat' dir='ltr'><strong>exitus</strong></span> <span class='ocrx_word' id='word_1_199' title='bbox 694 2131 981 2187; x_wconf 86' lang='lat' dir='ltr'><strong>aquarum,</strong></span> <span class='ocrx_word' id='word_1_200' title='bbox 1028 2117 1343 2187; x_wconf 84' lang='lat' dir='ltr'><strong>subjungit:</strong></span> <span class='ocrx_word' id='word_1_201' title='bbox 1389 2112 1524 2187; x_wconf 75' lang='lat' dir='ltr'><strong>Quia</strong></span> <span class='ocrx_word' id='word_1_202' title='bbox 1573 2131 1674 2187; x_wconf 90' lang='lat' dir='ltr'><strong>non</strong></span> <span class='ocrx_word' id='word_1_203' title='bbox 1720 2112 2069 2187; x_wconf 73' lang='lat' dir='ltr'><strong>custodierunt</strong></span> 
     </span>
    </p>
   </div>
   <div class='ocr_carea' id='block_1_29' title="bbox 487 2182 2069 2257">
    <p class='ocr_par' dir='ltr' id='par_1_29' title="bbox 487 2182 2069 2257">
     <span class='ocr_line' id='line_1_29' title="bbox 487 2182 2069 2257; baseline -0.002 -17"><span class='ocrx_word' id='word_1_204' title='bbox 487 2189 649 2256; x_wconf 83' lang='lat' dir='ltr'><strong>legem</strong></span> <span class='ocrx_word' id='word_1_205' title='bbox 691 2182 855 2241; x_wconf 76' lang='lat' dir='ltr'><strong>tuum.</strong></span> <span class='ocrx_word' id='word_1_206' title='bbox 890 2186 997 2243; x_wconf 89' lang='lat' dir='ltr'><strong>Cur</strong></span> <span class='ocrx_word' id='word_1_207' title='bbox 1026 2182 1153 2257; x_wconf 84' lang='lat' dir='ltr'><strong>ergo</strong></span> <span class='ocrx_word' id='word_1_208' title='bbox 1183 2182 1289 2242; x_wconf 75' lang='lat' dir='ltr'><strong>non</strong></span> <span class='ocrx_word' id='word_1_209' title='bbox 1317 2185 1583 2243; x_wconf 89' lang='lat' dir='ltr'><strong>custodita</strong></span> <span class='ocrx_word' id='word_1_210' title='bbox 1615 2186 1732 2255; x_wconf 88' lang='lat' dir='ltr'><strong>lege</strong></span> <span class='ocrx_word' id='word_1_211' title='bbox 1757 2184 1935 2257; x_wconf 80' lang='lat' dir='ltr'><strong>ﬂetur,</strong></span> <span class='ocrx_word' id='word_1_212' title='bbox 1968 2182 2069 2237; x_wconf 89' lang='lat' dir='ltr'><strong>nisi</strong></span> 
     </span>
    </p>
   </div>
   <div class='ocr_carea' id='block_1_30' title="bbox 488 2255 2068 2329">
    <p class='ocr_par' dir='ltr' id='par_1_30' title="bbox 488 2255 2068 2329">
     <span class='ocr_line' id='line_1_30' title="bbox 488 2255 2068 2329; baseline -0.002 -17"><span class='ocrx_word' id='word_1_213' title='bbox 488 2255 549 2312; x_wconf 85' lang='lat' dir='ltr'><strong>ut</strong></span> <span class='ocrx_word' id='word_1_214' title='bbox 575 2259 742 2327; x_wconf 89' lang='lat' dir='ltr'><strong>gratia</strong></span> <span class='ocrx_word' id='word_1_215' title='bbox 769 2260 1009 2328; x_wconf 82' lang='lat' dir='ltr'><strong>impleat,</strong></span> <span class='ocrx_word' id='word_1_216' title='bbox 1038 2255 1163 2329; x_wconf 64' lang='lat' dir='ltr'><strong>qua:</strong></span> <span class='ocrx_word' id='word_1_217' title='bbox 1188 2260 1348 2315; x_wconf 89' lang='lat' dir='ltr'><strong>debet</strong></span> <span class='ocrx_word' id='word_1_218' title='bbox 1380 2257 1682 2326; x_wconf 85' lang='lat' dir='ltr'><strong>petentibus</strong></span> <span class='ocrx_word' id='word_1_219' title='bbox 1709 2255 2068 2326; x_wconf 84' lang='lat' dir='ltr'><strong>iniquitatem,</strong></span> 
     </span>
    </p>
   </div>
   <div class='ocr_carea' id='block_1_31' title="bbox 432 2329 1462 2401">
    <p class='ocr_par' dir='ltr' id='par_1_31' title="bbox 432 2329 1462 2401">
     <span class='ocr_line' id='line_1_31' title="bbox 432 2329 1462 2401; baseline 0 -17"><span class='ocrx_word' id='word_1_220' title='bbox 432 2400 435 2401; x_wconf 16' lang='grc' dir='ltr'><em>ν</em></span> <span class='ocrx_word' id='word_1_221' title='bbox 488 2335 543 2384; x_wconf 82' lang='lat' dir='ltr'><strong>et</strong></span> <span class='ocrx_word' id='word_1_222' title='bbox 571 2329 788 2400; x_wconf 85' lang='lat' dir='ltr'><strong>adjuvat</strong></span> <span class='ocrx_word' id='word_1_223' title='bbox 814 2331 1081 2387; x_wconf 89' lang='lat' dir='ltr'><strong>credentis</strong></span> <span class='ocrx_word' id='word_1_224' title='bbox 1112 2332 1462 2386; x_wconf 85' lang='lat' dir='ltr'><strong>voluntatem.</strong></span> 
     </span>
    </p>
   </div>
   <div class='ocr_carea' id='block_1_32' title="bbox 1082 2446 1499 2518">
    <p class='ocr_par' dir='ltr' id='par_1_32' title="bbox 1082 2446 1499 2518">
     <span class='ocr_line' id='line_1_32' title="bbox 1082 2446 1499 2518; baseline -0.01 -14"><span class='ocrx_word' id='word_1_225' title='bbox 1082 2446 1247 2513; x_wconf 89' lang='lat' dir='ltr'><strong>Sade,</strong></span> <span class='ocrx_word' id='word_1_226' title='bbox 1276 2446 1499 2518; x_wconf 79' lang='lat' dir='ltr'><strong>iustitia.</strong></span> 
     </span>
    </p>
   </div>
   <div class='ocr_carea' id='block_1_33' title="bbox 1111 2555 1464 2596">
    <p class='ocr_par' dir='ltr' id='par_1_33' title="bbox 1111 2555 1464 2596">
     <span class='ocr_line' id='line_1_33' title="bbox 1111 2555 1464 2596; baseline 0.003 -1"><span class='ocrx_word' id='word_1_227' title='bbox 1111 2555 1464 2596; x_wconf 73' lang='lat' dir='ltr'><strong>EXPLANATIO.</strong></span> 
     </span>
    </p>
   </div>
   <div class='ocr_carea' id='block_1_34' title="bbox 560 2629 2077 2703">
    <p class='ocr_par' dir='ltr' id='par_1_34' title="bbox 560 2629 2077 2703">
     <span class='ocr_line' id='line_1_34' title="bbox 560 2629 2077 2703; baseline -0.001 -17"><span class='ocrx_word' id='word_1_228' title='bbox 560 2629 950 2703; x_wconf 67' lang='lat' dir='ltr'><strong>Triumphauit:</strong></span> <span class='ocrx_word' id='word_1_229' title='bbox 972 2637 1143 2691; x_wconf 87' lang='lat' dir='ltr'><strong>carnis</strong></span> <span class='ocrx_word' id='word_1_230' title='bbox 1168 2653 1273 2691; x_wconf 70' lang='lat' dir='ltr'><strong>suae</strong></span> <span class='ocrx_word' id='word_1_231' title='bbox 1302 2636 1483 2690; x_wconf 79' lang='lat' dir='ltr'><strong>cohors</strong></span> <span class='ocrx_word' id='word_1_232' title='bbox 1510 2642 1802 2690; x_wconf 87' lang='lat' dir='ltr'><strong>sanctorum</strong></span> <span class='ocrx_word' id='word_1_233' title='bbox 1830 2633 1899 2687; x_wconf 89' lang='lat' dir='ltr'><strong>ad</strong></span> <span class='ocrx_word' id='word_1_234' title='bbox 1932 2638 2077 2685; x_wconf 85' lang='lat' dir='ltr'><strong>octa-</strong></span> 
     </span>
    </p>
   </div>
   <div class='ocr_carea' id='block_1_35' title="bbox 491 2705 2081 2778">
    <p class='ocr_par' dir='ltr' id='par_1_35' title="bbox 491 2705 2081 2778">
     <span class='ocr_line' id='line_1_35' title="bbox 491 2705 2081 2778; baseline -0.001 -20"><span class='ocrx_word' id='word_1_235' title='bbox 491 2718 611 2778; x_wconf 68' lang='lat' dir='ltr'><strong>vam</strong></span> <span class='ocrx_word' id='word_1_236' title='bbox 649 2706 895 2760; x_wconf 80' lang='lat' dir='ltr'><strong>decimam</strong></span> <span class='ocrx_word' id='word_1_237' title='bbox 928 2707 1149 2761; x_wconf 82' lang='lat' dir='ltr'><strong>litteram</strong></span> <span class='ocrx_word' id='word_1_238' title='bbox 1187 2709 1338 2772; x_wconf 78' lang='lat' dir='ltr'><strong>venit,</strong></span> <span class='ocrx_word' id='word_1_239' title='bbox 1370 2709 1421 2760; x_wconf 90' lang='lat' dir='ltr'><strong>in</strong></span> <span class='ocrx_word' id='word_1_240' title='bbox 1459 2724 1565 2778; x_wconf 85' lang='lat' dir='ltr'><strong>qua</strong></span> <span class='ocrx_word' id='word_1_241' title='bbox 1594 2705 1874 2760; x_wconf 89' lang='lat' dir='ltr'><strong>secundum</strong></span> <span class='ocrx_word' id='word_1_242' title='bbox 1918 2705 2081 2778; x_wconf 81' lang='lat' dir='ltr'><strong>ipsius</strong></span> 
     </span>
    </p>
   </div>
   <div class='ocr_carea' id='block_1_36' title="bbox 494 2774 2082 2846">
    <p class='ocr_par' dir='ltr' id='par_1_36' title="bbox 494 2774 2082 2846">
     <span class='ocr_line' id='line_1_36' title="bbox 494 2774 2082 2846; baseline -0.002 -17"><span class='ocrx_word' id='word_1_243' title='bbox 494 2774 683 2831; x_wconf 70' lang='lat' dir='ltr'><strong>littera:</strong></span> <span class='ocrx_word' id='word_1_244' title='bbox 712 2795 893 2833; x_wconf 87' lang='lat' dir='ltr'><strong>nomen</strong></span> <span class='ocrx_word' id='word_1_245' title='bbox 938 2780 1188 2844; x_wconf 83' lang='lat' dir='ltr'><strong>iustitiam</strong></span> <span class='ocrx_word' id='word_1_246' title='bbox 1228 2779 1436 2832; x_wconf 87' lang='lat' dir='ltr'><strong>Domini</strong></span> <span class='ocrx_word' id='word_1_247' title='bbox 1471 2774 1768 2846; x_wconf 74' lang='lat' dir='ltr'><strong>conﬁtetur,</strong></span> <span class='ocrx_word' id='word_1_248' title='bbox 1801 2785 1847 2828; x_wconf 86' lang='lat' dir='ltr'><strong>et</strong></span> <span class='ocrx_word' id='word_1_249' title='bbox 1879 2774 2082 2846; x_wconf 83' lang='lat' dir='ltr'><strong>eloquia</strong></span> 
     </span>
    </p>
   </div>
   <div class='ocr_carea' id='block_1_37' title="bbox 495 2844 2082 2919">
    <p class='ocr_par' dir='ltr' id='par_1_37' title="bbox 495 2844 2082 2919">
     <span class='ocr_line' id='line_1_37' title="bbox 495 2844 2082 2919; baseline -0.001 -20"><span class='ocrx_word' id='word_1_250' title='bbox 495 2847 605 2916; x_wconf 76' lang='lat' dir='ltr'><strong>ejus</strong></span> <span class='ocrx_word' id='word_1_251' title='bbox 653 2849 815 2919; x_wconf 76' lang='lat' dir='ltr'><strong>ignita</strong></span> <span class='ocrx_word' id='word_1_252' title='bbox 856 2852 1097 2903; x_wconf 87' lang='lat' dir='ltr'><strong>continua</strong></span> <span class='ocrx_word' id='word_1_253' title='bbox 1138 2867 1191 2905; x_wconf 90' lang='lat' dir='ltr'><strong>se</strong></span> <span class='ocrx_word' id='word_1_254' title='bbox 1237 2850 1361 2902; x_wconf 83' lang='lat' dir='ltr'><strong>dicit</strong></span> <span class='ocrx_word' id='word_1_255' title='bbox 1408 2844 1675 2903; x_wconf 82' lang='lat' dir='ltr'><strong>dilectione</strong></span> <span class='ocrx_word' id='word_1_256' title='bbox 1718 2847 1968 2919; x_wconf 81' lang='lat' dir='ltr'><strong>venerari.</strong></span> <span class='ocrx_word' id='word_1_257' title='bbox 2001 2844 2082 2919; x_wconf 78' lang='lat' dir='ltr'><strong>Ad</strong></span> 
     </span>
    </p>
   </div>
   <div class='ocr_carea' id='block_1_38' title="bbox 499 2917 2085 2988">
    <p class='ocr_par' dir='ltr' id='par_1_38' title="bbox 499 2917 2085 2988">
     <span class='ocr_line' id='line_1_38' title="bbox 499 2917 2085 2988; baseline 0.001 -18"><span class='ocrx_word' id='word_1_258' title='bbox 499 2917 812 2984; x_wconf 84' lang='lat' dir='ltr'><strong>postremum</strong></span> <span class='ocrx_word' id='word_1_259' title='bbox 853 2931 1025 2988; x_wconf 88' lang='lat' dir='ltr'><strong>petens</strong></span> <span class='ocrx_word' id='word_1_260' title='bbox 1054 2922 1365 2975; x_wconf 87' lang='lat' dir='ltr'><strong>intellectum</strong></span> <span class='ocrx_word' id='word_1_261' title='bbox 1395 2920 1820 2987; x_wconf 77' lang='lat' dir='ltr'><strong>testimoniorum,</strong></span> <span class='ocrx_word' id='word_1_262' title='bbox 1846 2918 1983 2972; x_wconf 86' lang='lat' dir='ltr'><strong>unde</strong></span> <span class='ocrx_word' id='word_1_263' title='bbox 2008 2917 2085 2972; x_wconf 81' lang='lat' dir='ltr'><strong>vi-</strong></span> 
     </span>
    </p>
   </div>
   <div class='ocr_carea' id='block_1_39' title="bbox 498 2988 1278 3058">
    <p class='ocr_par' dir='ltr' id='par_1_39' title="bbox 498 2988 1278 3058">
     <span class='ocr_line' id='line_1_39' title="bbox 498 2988 1278 3058; baseline 0.006 -16"><span class='ocrx_word' id='word_1_264' title='bbox 498 2988 706 3058; x_wconf 75' lang='lat' dir='ltr'><strong>viﬁcare</strong></span> <span class='ocrx_word' id='word_1_265' title='bbox 729 2990 905 3046; x_wconf 85' lang='lat' dir='ltr'><strong>debeat</strong></span> <span class='ocrx_word' id='word_1_266' title='bbox 936 2993 987 3045; x_wconf 90' lang='lat' dir='ltr'><strong>in</strong></span> <span class='ocrx_word' id='word_1_267' title='bbox 1013 3002 1278 3047; x_wconf 65' lang='lat' dir='ltr'><strong>a’ternum.</strong></span> 
     </span>
    </p>
   </div>
   <div class='ocr_carea' id='block_1_40' title="bbox 1090 3100 1517 3140">
    <p class='ocr_par' dir='ltr' id='par_1_40' title="bbox 1090 3100 1517 3140">
     <span class='ocr_line' id='line_1_40' title="bbox 1090 3100 1517 3140; baseline -0.002 0"><span class='ocrx_word' id='word_1_268' title='bbox 1090 3100 1517 3140; x_wconf 70' lang='lat' dir='ltr'><strong>COMMENTARIUS.</strong></span> 
     </span>
    </p>
   </div>
   <div class='ocr_carea' id='block_1_41' title="bbox 580 3173 2087 3245">
    <p class='ocr_par' dir='ltr' id='par_1_41' title="bbox 580 3173 2087 3245">
     <span class='ocr_line' id='line_1_41' title="bbox 580 3173 2087 3245; baseline 0.003 -18"><span class='ocrx_word' id='word_1_269' title='bbox 580 3173 763 3230; x_wconf 83' lang='lat' dir='ltr'><strong>Justus</strong></span> <span class='ocrx_word' id='word_1_270' title='bbox 779 3192 847 3243; x_wconf 90' lang='lat' dir='ltr'><strong>es,</strong></span> <span class='ocrx_word' id='word_1_271' title='bbox 867 3173 1102 3232; x_wconf 87' lang='lat' dir='ltr'><strong>Domine.</strong></span> <span class='ocrx_word' id='word_1_272' title='bbox 1122 3176 1286 3244; x_wconf 80' lang='lat' dir='ltr'><strong>Quasi</strong></span> <span class='ocrx_word' id='word_1_273' title='bbox 1315 3177 1497 3232; x_wconf 86' lang='lat' dir='ltr'><strong>dicat:</strong></span> <span class='ocrx_word' id='word_1_274' title='bbox 1526 3175 1716 3233; x_wconf 87' lang='lat' dir='ltr'><strong>Merito</strong></span> <span class='ocrx_word' id='word_1_275' title='bbox 1747 3190 1842 3245; x_wconf 86' lang='lat' dir='ltr'><strong>pro</strong></span> <span class='ocrx_word' id='word_1_276' title='bbox 1865 3189 1966 3231; x_wconf 90' lang='lat' dir='ltr'><strong>non</strong></span> <span class='ocrx_word' id='word_1_277' title='bbox 1996 3189 2087 3231; x_wconf 89' lang='lat' dir='ltr'><strong>cu-</strong></span> 
     </span>
    </p>
   </div>
   <div class='ocr_carea' id='block_1_42' title="bbox 506 3246 2082 3318">
    <p class='ocr_par' dir='ltr' id='par_1_42' title="bbox 506 3246 2082 3318">
     <span class='ocr_line' id='line_1_42' title="bbox 506 3246 2082 3318; baseline 0.001 -19"><span class='ocrx_word' id='word_1_278' title='bbox 506 3246 703 3300; x_wconf 88' lang='lat' dir='ltr'><strong>stodita</strong></span> <span class='ocrx_word' id='word_1_279' title='bbox 750 3247 864 3317; x_wconf 88' lang='lat' dir='ltr'><strong>lege</strong></span> <span class='ocrx_word' id='word_1_280' title='bbox 908 3249 1047 3302; x_wconf 91' lang='lat' dir='ltr'><strong>oeuli</strong></span> <span class='ocrx_word' id='word_1_281' title='bbox 1077 3249 1183 3303; x_wconf 91' lang='lat' dir='ltr'><strong>mei</strong></span> <span class='ocrx_word' id='word_1_282' title='bbox 1226 3247 1509 3314; x_wconf 84' lang='lat' dir='ltr'><strong>ﬂeverunt,</strong></span> <span class='ocrx_word' id='word_1_283' title='bbox 1539 3250 1665 3318; x_wconf 87' lang='lat' dir='ltr'><strong>quia</strong></span> <span class='ocrx_word' id='word_1_284' title='bbox 1708 3258 1793 3315; x_wconf 92' lang='lat' dir='ltr'><strong>tu,</strong></span> <span class='ocrx_word' id='word_1_285' title='bbox 1846 3246 2082 3317; x_wconf 86' lang='lat' dir='ltr'><strong>Domine,</strong></span> 
     </span>
    </p>
   </div>
   <div class='ocr_carea' id='block_1_43' title="bbox 509 3318 2080 3389">
    <p class='ocr_par' dir='ltr' id='par_1_43' title="bbox 509 3318 2080 3389">
     <span class='ocr_line' id='line_1_43' title="bbox 509 3318 2080 3389; baseline 0.001 -20"><span class='ocrx_word' id='word_1_286' title='bbox 509 3327 699 3389; x_wconf 83' lang='lat' dir='ltr'><strong>auctor</strong></span> <span class='ocrx_word' id='word_1_287' title='bbox 728 3318 868 3373; x_wconf 90' lang='lat' dir='ltr'><strong>illius</strong></span> <span class='ocrx_word' id='word_1_288' title='bbox 893 3336 943 3372; x_wconf 91' lang='lat' dir='ltr'><strong>es</strong></span> <span class='ocrx_word' id='word_1_289' title='bbox 971 3321 1158 3387; x_wconf 83' lang='lat' dir='ltr'><strong>iustus,</strong></span> <span class='ocrx_word' id='word_1_290' title='bbox 1181 3328 1236 3373; x_wconf 88' lang='lat' dir='ltr'><strong>et</strong></span> <span class='ocrx_word' id='word_1_291' title='bbox 1264 3320 1384 3375; x_wconf 91' lang='lat' dir='ltr'><strong>ideo</strong></span> <span class='ocrx_word' id='word_1_292' title='bbox 1414 3320 1673 3388; x_wconf 90' lang='lat' dir='ltr'><strong>quidquid</strong></span> <span class='ocrx_word' id='word_1_293' title='bbox 1702 3319 1947 3389; x_wconf 57' lang='lat' dir='ltr'><strong>praecipis</strong></span> <span class='ocrx_word' id='word_1_294' title='bbox 1975 3326 2080 3385; x_wconf 89' lang='lat' dir='ltr'><strong>est,</strong></span> 
     </span>
    </p>
   </div>
   <div class='ocr_carea' id='block_1_44' title="bbox 506 3388 2085 3458">
    <p class='ocr_par' dir='ltr' id='par_1_44' title="bbox 506 3388 2085 3458">
     <span class='ocr_line' id='line_1_44' title="bbox 506 3388 2085 3458; baseline 0.001 -17"><span class='ocrx_word' id='word_1_295' title='bbox 506 3400 555 3441; x_wconf 89' lang='lat' dir='ltr'><strong>et</strong></span> <span class='ocrx_word' id='word_1_296' title='bbox 580 3388 699 3455; x_wconf 89' lang='lat' dir='ltr'><strong>quia</strong></span> <span class='ocrx_word' id='word_1_297' title='bbox 741 3390 1001 3458; x_wconf 86' lang='lat' dir='ltr'><strong>judicium</strong></span> <span class='ocrx_word' id='word_1_298' title='bbox 1043 3400 1184 3443; x_wconf 91' lang='lat' dir='ltr'><strong>tuum</strong></span> <span class='ocrx_word' id='word_1_299' title='bbox 1222 3400 1416 3445; x_wconf 86' lang='lat' dir='ltr'><strong>rectum</strong></span> <span class='ocrx_word' id='word_1_300' title='bbox 1445 3401 1528 3446; x_wconf 90' lang='lat' dir='ltr'><strong>est</strong></span> <span class='ocrx_word' id='word_1_301' title='bbox 1568 3388 1835 3455; x_wconf 83' lang='lat' dir='ltr'><strong>futurum,</strong></span> <span class='ocrx_word' id='word_1_302' title='bbox 1879 3390 1932 3444; x_wconf 93' lang='lat' dir='ltr'><strong>in</strong></span> <span class='ocrx_word' id='word_1_303' title='bbox 1978 3402 2085 3458; x_wconf 91' lang='lat' dir='ltr'><strong>quo</strong></span> 
     </span>
    </p>
   </div>
   <div class='ocr_carea' id='block_1_45' title="bbox 508 3409 2086 3533">
    <p class='ocr_par' dir='ltr' id='par_1_45' title="bbox 508 3409 2086 3533">
     <span class='ocr_line' id='line_1_45' title="bbox 508 3409 2085 3458; baseline 0.001 -17"><span class='ocrx_word' id='word_1_304' title='bbox 508 3409 554 3441; x_wconf 77' lang='grc' dir='ltr'><strong>ει</strong></span> <span class='ocrx_word' id='word_1_305' title='bbox 580 3409 699 3455; x_wconf 77' lang='lat' dir='ltr'><strong>qum</strong></span> <span class='ocrx_word' id='word_1_306' title='bbox 774 3409 1001 3443; x_wconf 73' lang='lat' dir='ltr'><strong>uatcrum</strong></span> <span class='ocrx_word' id='word_1_307' title='bbox 1043 3409 1184 3443; x_wconf 88' lang='lat' dir='ltr'><strong>tuum</strong></span> <span class='ocrx_word' id='word_1_308' title='bbox 1222 3409 1416 3445; x_wconf 86' lang='lat' dir='ltr'><strong>rectum</strong></span> <span class='ocrx_word' id='word_1_309' title='bbox 1445 3409 1528 3446; x_wconf 72' lang='grc' dir='ltr'><strong>εει</strong></span> <span class='ocrx_word' id='word_1_310' title='bbox 1568 3409 1835 3455; x_wconf 86' lang='lat' dir='ltr'><strong>IUturum,</strong></span> <span class='ocrx_word' id='word_1_311' title='bbox 1879 3409 1932 3444; x_wconf 84' lang='lat' dir='ltr'><strong>In</strong></span> <span class='ocrx_word' id='word_1_312' title='bbox 1978 3409 2085 3458; x_wconf 85' lang='lat' dir='ltr'><strong>quo</strong></span> 
     </span>
     <span class='ocr_line' id='line_1_46' title="bbox 508 3409 2086 3533; baseline 0 -20"><span class='ocrx_word' id='word_1_313' title='bbox 508 3458 642 3513; x_wconf 90' lang='lat' dir='ltr'><strong>nihil</strong></span> <span class='ocrx_word' id='word_1_314' title='bbox 661 3409 994 3533; x_wconf 64' lang='lat' dir='ltr'><strong>relinquitur</strong></span> <span class='ocrx_word' id='word_1_315' title='bbox 1021 3460 1363 3533; x_wconf 89' lang='lat' dir='ltr'><strong>impunitum.</strong></span> <span class='ocrx_word' id='word_1_316' title='bbox 1389 3462 1492 3516; x_wconf 85' lang='lat' dir='ltr'><strong>Pro</strong></span> <span class='ocrx_word' id='word_1_317' title='bbox 1513 3475 1619 3529; x_wconf 90' lang='lat' dir='ltr'><strong>quo</strong></span> <span class='ocrx_word' id='word_1_318' title='bbox 1644 3462 1847 3533; x_wconf 90' lang='lat' dir='ltr'><strong>judicio</strong></span> <span class='ocrx_word' id='word_1_319' title='bbox 1868 3459 2086 3515; x_wconf 89' lang='lat' dir='ltr'><strong>vitando</strong></span> 
     </span>
    </p>
   </div>
   <div class='ocr_carea' id='block_1_46' title="bbox 512 3530 2087 3593">
    <p class='ocr_par' dir='ltr' id='par_1_46' title="bbox 512 3530 2087 3593">
     <span class='ocr_line' id='line_1_47' title="bbox 512 3530 2087 3593; baseline 0.001 -10"><span class='ocrx_word' id='word_1_320' title='bbox 512 3530 769 3585; x_wconf 80' lang='lat' dir='ltr'><strong>mandasti</strong></span> <span class='ocrx_word' id='word_1_321' title='bbox 800 3532 970 3593; x_wconf 88' lang='lat' dir='ltr'><strong>nimis,</strong></span> <span class='ocrx_word' id='word_1_322' title='bbox 999 3532 1311 3587; x_wconf 84' lang='lat' dir='ltr'><strong>subauditur</strong></span> <span class='ocrx_word' id='word_1_323' title='bbox 1336 3533 1626 3587; x_wconf 82' lang='lat' dir='ltr'><strong>observare</strong></span> <span class='ocrx_word' id='word_1_324' title='bbox 1647 3530 1961 3586; x_wconf 28' lang='lat' dir='ltr'><strong>Vtestimonia</strong></span> <span class='ocrx_word' id='word_1_325' title='bbox 1999 3541 2087 3585; x_wconf 89' lang='lat' dir='ltr'><strong>tua</strong></span> 
     </span>
    </p>
   </div>
   <div class='ocr_carea' id='block_1_47' title="bbox 510 3602 2087 3673">
    <p class='ocr_par' dir='ltr' id='par_1_47' title="bbox 510 3602 2087 3673">
     <span class='ocr_line' id='line_1_48' title="bbox 510 3602 2087 3673; baseline 0.002 -19"><span class='ocrx_word' id='word_1_326' title='bbox 510 3602 653 3655; x_wconf 88' lang='lat' dir='ltr'><strong>entia</strong></span> <span class='ocrx_word' id='word_1_327' title='bbox 676 3603 938 3671; x_wconf 76' lang='lat' dir='ltr'><strong>justitiam</strong></span> <span class='ocrx_word' id='word_1_328' title='bbox 958 3612 1006 3656; x_wconf 91' lang='lat' dir='ltr'><strong>et</strong></span> <span class='ocrx_word' id='word_1_329' title='bbox 1030 3604 1313 3658; x_wconf 89' lang='lat' dir='ltr'><strong>veritatem.</strong></span> <span class='ocrx_word' id='word_1_330' title='bbox 1344 3604 1618 3673; x_wconf 67' lang='lat' dir='ltr'><strong>Praecepta</strong></span> <span class='ocrx_word' id='word_1_331' title='bbox 1646 3604 1852 3660; x_wconf 89' lang='lat' dir='ltr'><strong>Domini</strong></span> <span class='ocrx_word' id='word_1_332' title='bbox 1883 3602 2087 3673; x_wconf 87' lang='lat' dir='ltr'><strong>justitia</strong></span> 
     </span>
    </p>
   </div>
   <div class='ocr_carea' id='block_1_48' title="bbox 508 3673 2087 3745">
    <p class='ocr_par' dir='ltr' id='par_1_48' title="bbox 508 3673 2087 3745">
     <span class='ocr_line' id='line_1_49' title="bbox 508 3673 2087 3745; baseline 0.001 -18"><span class='ocrx_word' id='word_1_333' title='bbox 508 3682 654 3738; x_wconf 84' lang='lat' dir='ltr'><strong>sunt,</strong></span> <span class='ocrx_word' id='word_1_334' title='bbox 688 3674 808 3741; x_wconf 92' lang='lat' dir='ltr'><strong>quia</strong></span> <span class='ocrx_word' id='word_1_335' title='bbox 840 3674 970 3745; x_wconf 87' lang='lat' dir='ltr'><strong>nihil</strong></span> <span class='ocrx_word' id='word_1_336' title='bbox 1012 3678 1323 3740; x_wconf 91' lang='lat' dir='ltr'><strong>permittunt</strong></span> <span class='ocrx_word' id='word_1_337' title='bbox 1360 3676 1446 3729; x_wconf 85' lang='lat' dir='ltr'><strong>vel</strong></span> <span class='ocrx_word' id='word_1_338' title='bbox 1477 3675 1782 3745; x_wconf 88' lang='lat' dir='ltr'><strong>prohibent,</strong></span> <span class='ocrx_word' id='word_1_339' title='bbox 1816 3675 1919 3729; x_wconf 91' lang='lat' dir='ltr'><strong>nisi</strong></span> <span class='ocrx_word' id='word_1_340' title='bbox 1946 3673 2087 3742; x_wconf 91' lang='lat' dir='ltr'><strong>quod</strong></span> 
     </span>
    </p>
   </div>
   <div class='ocr_carea' id='block_1_49' title="bbox 512 3744 2088 3813">
    <p class='ocr_par' dir='ltr' id='par_1_49' title="bbox 512 3744 2088 3813">
     <span class='ocr_line' id='line_1_50' title="bbox 512 3744 2088 3813; baseline 0.001 -17"><span class='ocrx_word' id='word_1_341' title='bbox 512 3750 596 3797; x_wconf 87' lang='lat' dir='ltr'><strong>est</strong></span> <span class='ocrx_word' id='word_1_342' title='bbox 648 3744 1060 3811; x_wconf 88' lang='lat' dir='ltr'><strong>permittendum</strong></span> <span class='ocrx_word' id='word_1_343' title='bbox 1104 3745 1189 3800; x_wconf 90' lang='lat' dir='ltr'><strong>vel</strong></span> <span class='ocrx_word' id='word_1_344' title='bbox 1234 3746 1642 3813; x_wconf 87' lang='lat' dir='ltr'><strong>prohibendum.</strong></span> <span class='ocrx_word' id='word_1_345' title='bbox 1674 3746 1884 3803; x_wconf 79' lang='lat' dir='ltr'><strong>Veritas</strong></span> <span class='ocrx_word' id='word_1_346' title='bbox 1925 3746 2088 3801; x_wconf 90' lang='lat' dir='ltr'><strong>etiam</strong></span> 
     </span>
    </p>
   </div>
   <div class='ocr_carea' id='block_1_50' title="bbox 511 3814 2088 3887">
    <p class='ocr_par' dir='ltr' id='par_1_50' title="bbox 511 3814 2088 3887">
     <span class='ocr_line' id='line_1_51' title="bbox 511 3814 2088 3887; baseline 0.003 -20"><span class='ocrx_word' id='word_1_347' title='bbox 511 3821 671 3887; x_wconf 86' lang='lat' dir='ltr'><strong>sunt,</strong></span> <span class='ocrx_word' id='word_1_348' title='bbox 719 3815 846 3887; x_wconf 83' lang='lat' dir='ltr'><strong>quia</strong></span> <span class='ocrx_word' id='word_1_349' title='bbox 895 3814 1153 3883; x_wconf 91' lang='lat' dir='ltr'><strong>quidquid</strong></span> <span class='ocrx_word' id='word_1_350' title='bbox 1217 3818 1484 3871; x_wconf 89' lang='lat' dir='ltr'><strong>minantur</strong></span> <span class='ocrx_word' id='word_1_351' title='bbox 1542 3817 1756 3887; x_wconf 88' lang='lat' dir='ltr'><strong>impiis,</strong></span> <span class='ocrx_word' id='word_1_352' title='bbox 1808 3817 1893 3872; x_wconf 88' lang='lat' dir='ltr'><strong>vel</strong></span> <span class='ocrx_word' id='word_1_353' title='bbox 1960 3831 2088 3886; x_wconf 90' lang='lat' dir='ltr'><strong>pro-</strong></span> 
     </span>
    </p>
   </div>
   <div class='ocr_carea' id='block_1_51' title="bbox 510 3885 2087 3955">
    <p class='ocr_par' dir='ltr' id='par_1_51' title="bbox 510 3885 2087 3955">
     <span class='ocr_line' id='line_1_52' title="bbox 510 3885 2087 3955; baseline 0.002 -16"><span class='ocrx_word' id='word_1_354' title='bbox 510 3885 733 3939; x_wconf 90' lang='lat' dir='ltr'><strong>mittunt</strong></span> <span class='ocrx_word' id='word_1_355' title='bbox 780 3885 900 3955; x_wconf 87' lang='lat' dir='ltr'><strong>piis,</strong></span> <span class='ocrx_word' id='word_1_356' title='bbox 946 3900 1127 3941; x_wconf 78' lang='lat' dir='ltr'><strong>verum</strong></span> <span class='ocrx_word' id='word_1_357' title='bbox 1181 3897 1282 3942; x_wconf 90' lang='lat' dir='ltr'><strong>est.</strong></span> <span class='ocrx_word' id='word_1_358' title='bbox 1334 3887 1402 3940; x_wconf 88' lang='lat' dir='ltr'><strong>Et</strong></span> <span class='ocrx_word' id='word_1_359' title='bbox 1456 3898 1578 3942; x_wconf 89' lang='lat' dir='ltr'><strong>sunt</strong></span> <span class='ocrx_word' id='word_1_360' title='bbox 1626 3885 1936 3943; x_wconf 77' lang='lat' dir='ltr'><strong>testimonia</strong></span> <span class='ocrx_word' id='word_1_361' title='bbox 1963 3885 2087 3942; x_wconf 81' lang='lat' dir='ltr'><strong>sal-</strong></span> 
     </span>
    </p>
   </div>
   <div class='ocr_carea' id='block_1_52' title="bbox 518 3956 2089 4080">
    <p class='ocr_par' dir='ltr' id='par_1_52' title="bbox 518 3956 2089 4080">
     <span class='ocr_line' id='line_1_53' title="bbox 518 3956 2089 4080; baseline 0.004 -73"><span class='ocrx_word' id='word_1_362' title='bbox 518 3957 748 4080; x_wconf 54' lang='lat' dir='ltr'><strong>vrtitlmis</strong></span> <span class='ocrx_word' id='word_1_363' title='bbox 804 3956 1017 4027; x_wconf 87' lang='lat' dir='ltr'><strong>quidem</strong></span> <span class='ocrx_word' id='word_1_364' title='bbox 1102 3956 1353 4028; x_wconf 85' lang='lat' dir='ltr'><strong>impleta,</strong></span> <span class='ocrx_word' id='word_1_365' title='bbox 1410 3957 1767 4013; x_wconf 88' lang='lat' dir='ltr'><strong>damnationis</strong></span> <span class='ocrx_word' id='word_1_366' title='bbox 1816 3972 1943 4013; x_wconf 91' lang='lat' dir='ltr'><strong>vero</strong></span> <span class='ocrx_word' id='word_1_367' title='bbox 1995 3974 2089 4014; x_wconf 89' lang='lat' dir='ltr'><strong>ne-</strong></span> 
     </span>
     <span class='ocr_line' id='line_1_54' title="bbox 518 4039 707 4080; baseline 0 0"><span class='ocrx_word' id='word_1_368' title='bbox 518 4039 631 4080; x_wconf 71' lang='lat' dir='ltr'><strong>uec</strong></span> <span class='ocrx_word' id='word_1_369' title='bbox 659 4043 707 4080; x_wconf 92' lang='lat' dir='ltr'><strong>a.</strong></span> 
     </span>
    </p>
   </div>
   <div class='ocr_carea' id='block_1_53' title="bbox 513 4037 707 4097">
    <p class='ocr_par' dir='ltr' id='par_1_53' title="bbox 513 4037 707 4097">
     <span class='ocr_line' id='line_1_55' title="bbox 513 4037 707 4097; baseline 0.01 -18"><span class='ocrx_word' id='word_1_370' title='bbox 513 4037 707 4097; x_wconf 85' lang='lat' dir='ltr'><strong>glecta.</strong></span> 
     </span>
    </p>
   </div>
   <div class='ocr_carea' id='block_1_54' title="bbox 594 4097 2088 4169">
    <p class='ocr_par' dir='ltr' id='par_1_54' title="bbox 594 4097 2088 4169">
     <span class='ocr_line' id='line_1_56' title="bbox 594 4097 2088 4169; baseline 0.003 -18"><span class='ocrx_word' id='word_1_371' title='bbox 594 4097 867 4155; x_wconf 88' lang='lat' dir='ltr'><strong>Tabescere</strong></span> <span class='ocrx_word' id='word_1_372' title='bbox 906 4116 983 4153; x_wconf 89' lang='lat' dir='ltr'><strong>me</strong></span> <span class='ocrx_word' id='word_1_373' title='bbox 1012 4102 1148 4169; x_wconf 79' lang='lat' dir='ltr'><strong>fecit.</strong></span> <span class='ocrx_word' id='word_1_374' title='bbox 1177 4101 1337 4168; x_wconf 81' lang='lat' dir='ltr'><strong>Quasi</strong></span> <span class='ocrx_word' id='word_1_375' title='bbox 1363 4101 1540 4156; x_wconf 84' lang='lat' dir='ltr'><strong>dicat:</strong></span> <span class='ocrx_word' id='word_1_376' title='bbox 1573 4101 1704 4169; x_wconf 84' lang='lat' dir='ltr'><strong>Quia</strong></span> <span class='ocrx_word' id='word_1_377' title='bbox 1738 4108 1813 4165; x_wconf 92' lang='lat' dir='ltr'><strong>tu,</strong></span> <span class='ocrx_word' id='word_1_378' title='bbox 1847 4098 2088 4168; x_wconf 87' lang='lat' dir='ltr'><strong>Domine,</strong></span> 
     </span>
    </p>
   </div>
   <div class='ocr_carea' id='block_1_55' title="bbox 514 4171 2088 4241">
    <p class='ocr_par' dir='ltr' id='par_1_55' title="bbox 514 4171 2088 4241">
     <span class='ocr_line' id='line_1_57' title="bbox 514 4171 2088 4241; baseline 0.001 -19"><span class='ocrx_word' id='word_1_379' title='bbox 514 4173 683 4232; x_wconf 82' lang='lat' dir='ltr'><strong>iustus</strong></span> <span class='ocrx_word' id='word_1_380' title='bbox 710 4188 779 4233; x_wconf 88' lang='lat' dir='ltr'><strong>es,</strong></span> <span class='ocrx_word' id='word_1_381' title='bbox 805 4182 849 4225; x_wconf 90' lang='lat' dir='ltr'><strong>et</strong></span> <span class='ocrx_word' id='word_1_382' title='bbox 879 4181 1071 4225; x_wconf 85' lang='lat' dir='ltr'><strong>rectum</strong></span> <span class='ocrx_word' id='word_1_383' title='bbox 1085 4174 1338 4241; x_wconf 86' lang='lat' dir='ltr'><strong>judicium</strong></span> <span class='ocrx_word' id='word_1_384' title='bbox 1368 4183 1541 4238; x_wconf 84' lang='lat' dir='ltr'><strong>tuum;</strong></span> <span class='ocrx_word' id='word_1_385' title='bbox 1564 4174 1683 4228; x_wconf 88' lang='lat' dir='ltr'><strong>ideo</strong></span> <span class='ocrx_word' id='word_1_386' title='bbox 1708 4171 1870 4238; x_wconf 76' lang='lat' dir='ltr'><strong>zelus,</strong></span> <span class='ocrx_word' id='word_1_387' title='bbox 1906 4172 1956 4225; x_wconf 88' lang='lat' dir='ltr'><strong>id</strong></span> <span class='ocrx_word' id='word_1_388' title='bbox 1989 4182 2088 4237; x_wconf 78' lang='grc' dir='ltr'>εει,</span> 
     </span>
    </p>
   </div>
   <div class='ocr_carea' id='block_1_56' title="bbox 518 4241 2087 4311">
    <p class='ocr_par' dir='ltr' id='par_1_56' title="bbox 518 4241 2087 4311">
     <span class='ocr_line' id='line_1_58' title="bbox 518 4241 2087 4311; baseline 0.003 -18"><span class='ocrx_word' id='word_1_389' title='bbox 518 4241 602 4309; x_wconf 89' lang='lat' dir='ltr'><strong>pia</strong></span> <span class='ocrx_word' id='word_1_390' title='bbox 656 4241 950 4309; x_wconf 75' lang='lat' dir='ltr'><strong>indignatio</strong></span> <span class='ocrx_word' id='word_1_391' title='bbox 998 4244 1113 4311; x_wconf 74' lang='lat' dir='ltr'><strong>fecit</strong></span> <span class='ocrx_word' id='word_1_392' title='bbox 1161 4261 1242 4298; x_wconf 91' lang='lat' dir='ltr'><strong>me</strong></span> <span class='ocrx_word' id='word_1_393' title='bbox 1290 4244 1539 4297; x_wconf 73' lang='lat' dir='ltr'><strong>tabescere</strong></span> <span class='ocrx_word' id='word_1_394' title='bbox 1578 4260 1646 4299; x_wconf 81' lang='lat' dir='ltr'><strong>ex</strong></span> <span class='ocrx_word' id='word_1_395' title='bbox 1696 4245 2087 4309; x_wconf 87' lang='lat' dir='ltr'><strong>compassione,</strong></span> 
     </span>
    </p>
   </div>
   <div class='ocr_carea' id='block_1_57' title="bbox 514 4312 2090 4383">
    <p class='ocr_par' dir='ltr' id='par_1_57' title="bbox 514 4312 2090 4383">
     <span class='ocr_line' id='line_1_59' title="bbox 514 4312 2090 4383; baseline 0.004 -22"><span class='ocrx_word' id='word_1_396' title='bbox 514 4325 675 4383; x_wconf 85' lang='lat' dir='ltr'><strong>quam</strong></span> <span class='ocrx_word' id='word_1_397' title='bbox 710 4312 869 4367; x_wconf 84' lang='lat' dir='ltr'><strong>habui</strong></span> <span class='ocrx_word' id='word_1_398' title='bbox 897 4329 1001 4367; x_wconf 86' lang='lat' dir='ltr'><strong>non</strong></span> <span class='ocrx_word' id='word_1_399' title='bbox 1037 4322 1237 4367; x_wconf 87' lang='lat' dir='ltr'><strong>tantum</strong></span> <span class='ocrx_word' id='word_1_400' title='bbox 1269 4330 1395 4383; x_wconf 90' lang='lat' dir='ltr'><strong>erga</strong></span> <span class='ocrx_word' id='word_1_401' title='bbox 1417 4318 1637 4380; x_wconf 88' lang='lat' dir='ltr'><strong>amicos,</strong></span> <span class='ocrx_word' id='word_1_402' title='bbox 1658 4315 1752 4368; x_wconf 89' lang='lat' dir='ltr'><strong>sed</strong></span> <span class='ocrx_word' id='word_1_403' title='bbox 1779 4315 1937 4368; x_wconf 90' lang='lat' dir='ltr'><strong>etiam</strong></span> <span class='ocrx_word' id='word_1_404' title='bbox 1967 4329 2090 4383; x_wconf 88' lang='lat' dir='ltr'><strong>erga</strong></span> 
     </span>
    </p>
   </div>
   <div class='ocr_carea' id='block_1_58' title="bbox 515 4380 2094 4454">
    <p class='ocr_par' dir='ltr' id='par_1_58' title="bbox 515 4380 2094 4454">
     <span class='ocr_line' id='line_1_60' title="bbox 515 4380 2094 4454; baseline 0.003 -19"><span class='ocrx_word' id='word_1_405' title='bbox 515 4380 783 4454; x_wconf 82' lang='lat' dir='ltr'><strong>inimicos.</strong></span> <span class='ocrx_word' id='word_1_406' title='bbox 811 4383 955 4449; x_wconf 88' lang='lat' dir='ltr'><strong>Ideo,</strong></span> <span class='ocrx_word' id='word_1_407' title='bbox 979 4385 1100 4454; x_wconf 87' lang='lat' dir='ltr'><strong>quia</strong></span> <span class='ocrx_word' id='word_1_408' title='bbox 1122 4385 1263 4439; x_wconf 82' lang='lat' dir='ltr'><strong>obliti</strong></span> <span class='ocrx_word' id='word_1_409' title='bbox 1287 4380 1403 4438; x_wconf 71' lang='lat' dir='ltr'><strong>sunt</strong></span> <span class='ocrx_word' id='word_1_410' title='bbox 1446 4387 1593 4439; x_wconf 79' lang='lat' dir='ltr'><strong>verba</strong></span> <span class='ocrx_word' id='word_1_411' title='bbox 1619 4394 1728 4452; x_wconf 88' lang='lat' dir='ltr'><strong>tua,</strong></span> <span class='ocrx_word' id='word_1_412' title='bbox 1754 4385 1893 4439; x_wconf 90' lang='lat' dir='ltr'><strong>unde</strong></span> <span class='ocrx_word' id='word_1_413' title='bbox 1920 4380 2094 4441; x_wconf 66' lang='lat' dir='ltr'><strong>incur-</strong></span> 
     </span>
    </p>
   </div>
   <div class='ocr_carea' id='block_1_59' title="bbox 518 4451 2097 4531">
    <p class='ocr_par' dir='ltr' id='par_1_59' title="bbox 518 4451 2097 4531">
     <span class='ocr_line' id='line_1_61' title="bbox 518 4451 2097 4531; baseline 0.003 -26"><span class='ocrx_word' id='word_1_414' title='bbox 518 4461 639 4531; x_wconf 72' lang='lat' dir='ltr'><strong>rent</strong></span> <span class='ocrx_word' id='word_1_415' title='bbox 662 4451 923 4531; x_wconf 78' lang='lat' dir='ltr'><strong>judicium</strong></span> <span class='ocrx_word' id='word_1_416' title='bbox 957 4451 1124 4531; x_wconf 83' lang='lat' dir='ltr'><strong>tuum,</strong></span> <span class='ocrx_word' id='word_1_417' title='bbox 1158 4465 1213 4531; x_wconf 78' lang='lat' dir='ltr'><strong>et</strong></span> <span class='ocrx_word' id='word_1_418' title='bbox 1240 4455 1341 4509; x_wconf 92' lang='lat' dir='ltr'><strong>hoc</strong></span> <span class='ocrx_word' id='word_1_419' title='bbox 1369 4470 1473 4510; x_wconf 88' lang='lat' dir='ltr'><strong>non</strong></span> <span class='ocrx_word' id='word_1_420' title='bbox 1505 4451 1720 4531; x_wconf 81' lang='lat' dir='ltr'><strong>exme,</strong></span> <span class='ocrx_word' id='word_1_421' title='bbox 1749 4457 1989 4531; x_wconf 78' lang='lat' dir='ltr'><strong>inquem</strong></span> <span class='ocrx_word' id='word_1_422' title='bbox 2021 4458 2097 4525; x_wconf 83' lang='lat' dir='ltr'><strong>ig-</strong></span> 
     </span>
    </p>
   </div>
   <div class='ocr_carea' id='block_1_60' title="bbox 2151 459 3767 530">
    <p class='ocr_par' dir='ltr' id='par_1_60' title="bbox 2151 459 3767 530">
     <span class='ocr_line' id='line_1_62' title="bbox 2151 459 3767 530; baseline -0.001 -13"><span class='ocrx_word' id='word_1_423' title='bbox 2151 464 2277 519; x_wconf 89' lang='lat' dir='ltr'><strong>latio</strong></span> <span class='ocrx_word' id='word_1_424' title='bbox 2313 461 2551 518; x_wconf 79' lang='lat' dir='ltr'><strong>exterius</strong></span> <span class='ocrx_word' id='word_1_425' title='bbox 2586 470 2633 515; x_wconf 90' lang='lat' dir='ltr'><strong>et</strong></span> <span class='ocrx_word' id='word_1_426' title='bbox 2677 459 2918 530; x_wconf 82' lang='lat' dir='ltr'><strong>angustia</strong></span> <span class='ocrx_word' id='word_1_427' title='bbox 2957 460 3180 514; x_wconf 88' lang='lat' dir='ltr'><strong>interius</strong></span> <span class='ocrx_word' id='word_1_428' title='bbox 3218 461 3518 513; x_wconf 74' lang='lat' dir='ltr'><strong>invenerunt</strong></span> <span class='ocrx_word' id='word_1_429' title='bbox 3547 476 3667 521; x_wconf 82' lang='lat' dir='ltr'><strong>me,</strong></span> <span class='ocrx_word' id='word_1_430' title='bbox 3713 460 3767 515; x_wconf 91' lang='lat' dir='ltr'><strong>id</strong></span> 
     </span>
    </p>
   </div>
   <div class='ocr_carea' id='block_1_61' title="bbox 2150 531 3767 603">
    <p class='ocr_par' dir='ltr' id='par_1_61' title="bbox 2150 531 3767 603">
     <span class='ocr_line' id='line_1_63' title="bbox 2150 531 3767 603; baseline -0.006 -13"><span class='ocrx_word' id='word_1_431' title='bbox 2150 545 2254 599; x_wconf 89' lang='lat' dir='ltr'><strong>est,</strong></span> <span class='ocrx_word' id='word_1_432' title='bbox 2277 539 2664 603; x_wconf 87' lang='lat' dir='ltr'><strong>oppresserunt</strong></span> <span class='ocrx_word' id='word_1_433' title='bbox 2686 546 2769 585; x_wconf 90' lang='lat' dir='ltr'><strong>me</strong></span> <span class='ocrx_word' id='word_1_434' title='bbox 2788 548 2803 596; x_wconf 88' lang='lat'><strong>;</strong></span> <span class='ocrx_word' id='word_1_435' title='bbox 2824 540 2878 603; x_wconf 83' lang='lat' dir='ltr'><strong>et</strong></span> <span class='ocrx_word' id='word_1_436' title='bbox 2903 538 3083 603; x_wconf 78' lang='lat' dir='ltr'><strong>tamen</strong></span> <span class='ocrx_word' id='word_1_437' title='bbox 3096 531 3349 603; x_wconf 83' lang='lat' dir='ltr'><strong>mandata</strong></span> <span class='ocrx_word' id='word_1_438' title='bbox 3371 540 3459 603; x_wconf 88' lang='lat' dir='ltr'><strong>tua</strong></span> <span class='ocrx_word' id='word_1_439' title='bbox 3482 531 3767 603; x_wconf 74' lang='lat' dir='ltr'><strong>meditatio</strong></span> 
     </span>
    </p>
   </div>
   <div class='ocr_carea' id='block_1_62' title="bbox 2150 601 3769 671">
    <p class='ocr_par' dir='ltr' id='par_1_62' title="bbox 2150 601 3769 671">
     <span class='ocr_line' id='line_1_64' title="bbox 2150 601 3769 671; baseline -0.002 -12"><span class='ocrx_word' id='word_1_440' title='bbox 2150 624 2265 661; x_wconf 90' lang='lat' dir='ltr'><strong>mea</strong></span> <span class='ocrx_word' id='word_1_441' title='bbox 2308 601 2401 671; x_wconf 84' lang='lat' dir='ltr'><strong>est,</strong></span> <span class='ocrx_word' id='word_1_442' title='bbox 2437 604 2664 670; x_wconf 90' lang='lat' dir='ltr'><strong>scilicet,</strong></span> <span class='ocrx_word' id='word_1_443' title='bbox 2698 612 2756 655; x_wconf 91' lang='lat' dir='ltr'><strong>ut</strong></span> <span class='ocrx_word' id='word_1_444' title='bbox 2792 602 2910 656; x_wconf 90' lang='lat' dir='ltr'><strong>illos</strong></span> <span class='ocrx_word' id='word_1_445' title='bbox 2938 616 2966 653; x_wconf 89' lang='lat' dir='ltr'><strong>a</strong></span> <span class='ocrx_word' id='word_1_446' title='bbox 2996 601 3191 669; x_wconf 86' lang='lat' dir='ltr'><strong>quibus</strong></span> <span class='ocrx_word' id='word_1_447' title='bbox 3232 602 3589 671; x_wconf 83' lang='lat' dir='ltr'><strong>opprimebar</strong></span> <span class='ocrx_word' id='word_1_448' title='bbox 3642 602 3769 657; x_wconf 85' lang='lat' dir='ltr'><strong>dili-</strong></span> 
     </span>
    </p>
   </div>
   <div class='ocr_carea' id='block_1_63' title="bbox 2153 672 3771 749">
    <p class='ocr_par' dir='ltr' id='par_1_63' title="bbox 2153 672 3771 749">
     <span class='ocr_line' id='line_1_65' title="bbox 2153 672 3771 749; baseline -0.003 -17"><span class='ocrx_word' id='word_1_449' title='bbox 2153 682 2360 749; x_wconf 81' lang='lat' dir='ltr'><strong>gerem.</strong></span> <span class='ocrx_word' id='word_1_450' title='bbox 2398 676 2631 732; x_wconf 75' lang='lat' dir='ltr'><strong>Steviant</strong></span> <span class='ocrx_word' id='word_1_451' title='bbox 2674 687 2801 741; x_wconf 87' lang='lat' dir='ltr'><strong>ergo</strong></span> <span class='ocrx_word' id='word_1_452' title='bbox 2832 680 3087 749; x_wconf 81' lang='lat' dir='ltr'><strong>quantum</strong></span> <span class='ocrx_word' id='word_1_453' title='bbox 3115 672 3305 749; x_wconf 70' lang='lat' dir='ltr'><strong>velint,</strong></span> <span class='ocrx_word' id='word_1_454' title='bbox 3333 683 3387 728; x_wconf 89' lang='lat' dir='ltr'><strong>et</strong></span> <span class='ocrx_word' id='word_1_455' title='bbox 3417 688 3771 749; x_wconf 69' lang='lat' dir='ltr'><strong>persequan-</strong></span> 
     </span>
    </p>
   </div>
   <div class='ocr_carea' id='block_1_64' title="bbox 2155 743 3769 813">
    <p class='ocr_par' dir='ltr' id='par_1_64' title="bbox 2155 743 3769 813">
     <span class='ocr_line' id='line_1_66' title="bbox 2155 743 3769 813; baseline -0.004 -11"><span class='ocrx_word' id='word_1_456' title='bbox 2155 743 2263 813; x_wconf 68' lang='lat' dir='ltr'><strong>iur,</strong></span> <span class='ocrx_word' id='word_1_457' title='bbox 2295 749 2421 802; x_wconf 93' lang='lat' dir='ltr'><strong>dum</strong></span> <span class='ocrx_word' id='word_1_458' title='bbox 2466 755 2644 799; x_wconf 87' lang='lat' dir='ltr'><strong>tamen</strong></span> <span class='ocrx_word' id='word_1_459' title='bbox 2690 743 2938 797; x_wconf 89' lang='lat' dir='ltr'><strong>mandata</strong></span> <span class='ocrx_word' id='word_1_460' title='bbox 2971 758 3079 798; x_wconf 92' lang='lat' dir='ltr'><strong>non</strong></span> <span class='ocrx_word' id='word_1_461' title='bbox 3122 744 3460 807; x_wconf 87' lang='lat' dir='ltr'><strong>deserantur,</strong></span> <span class='ocrx_word' id='word_1_462' title='bbox 3491 744 3769 813; x_wconf 19' lang='lat' dir='ltr'><strong>sedipro-</strong></span> 
     </span>
    </p>
   </div>
   <div class='ocr_carea' id='block_1_65' title="bbox 2156 812 3769 889">
    <p class='ocr_par' dir='ltr' id='par_1_65' title="bbox 2156 812 3769 889">
     <span class='ocr_line' id='line_1_67' title="bbox 2156 812 3769 889; baseline -0.005 -16"><span class='ocrx_word' id='word_1_463' title='bbox 2156 812 2275 889; x_wconf 84' lang='lat' dir='ltr'><strong>pter</strong></span> <span class='ocrx_word' id='word_1_464' title='bbox 2307 819 2423 885; x_wconf 90' lang='lat' dir='ltr'><strong>ipsa</strong></span> <span class='ocrx_word' id='word_1_465' title='bbox 2454 816 2703 871; x_wconf 87' lang='lat' dir='ltr'><strong>mandata</strong></span> <span class='ocrx_word' id='word_1_466' title='bbox 2735 814 2943 889; x_wconf 82' lang='lat' dir='ltr'><strong>illiqui</strong></span> <span class='ocrx_word' id='word_1_467' title='bbox 2983 814 3213 868; x_wconf 73' lang='lat' dir='ltr'><strong>steviunt</strong></span> <span class='ocrx_word' id='word_1_468' title='bbox 3241 816 3556 889; x_wconf 65' lang='lat' dir='ltr'><strong>diliguntur.</strong></span> <span class='ocrx_word' id='word_1_469' title='bbox 3596 812 3769 889; x_wconf 72' lang='lat' dir='ltr'><strong>Han-</strong></span> 
     </span>
    </p>
   </div>
   <div class='ocr_carea' id='block_1_66' title="bbox 2156 886 3773 955">
    <p class='ocr_par' dir='ltr' id='par_1_66' title="bbox 2156 886 3773 955">
     <span class='ocr_line' id='line_1_68' title="bbox 2156 886 3773 955; baseline -0.001 -11"><span class='ocrx_word' id='word_1_470' title='bbox 2156 886 2279 944; x_wconf 81' lang='lat' dir='ltr'><strong>data</strong></span> <span class='ocrx_word' id='word_1_471' title='bbox 2310 901 2420 952; x_wconf 90' lang='lat' dir='ltr'><strong>tua,</strong></span> <span class='ocrx_word' id='word_1_472' title='bbox 2446 889 2684 955; x_wconf 87' lang='lat' dir='ltr'><strong>inquam,</strong></span> <span class='ocrx_word' id='word_1_473' title='bbox 2715 886 2973 938; x_wconf 83' lang='lat' dir='ltr'><strong>meditatio</strong></span> <span class='ocrx_word' id='word_1_474' title='bbox 3001 901 3113 939; x_wconf 89' lang='lat' dir='ltr'><strong>mea</strong></span> <span class='ocrx_word' id='word_1_475' title='bbox 3145 894 3236 938; x_wconf 88' lang='lat' dir='ltr'><strong>est.</strong></span> <span class='ocrx_word' id='word_1_476' title='bbox 3269 887 3335 940; x_wconf 86' lang='lat' dir='ltr'><strong>Et</strong></span> <span class='ocrx_word' id='word_1_477' title='bbox 3379 887 3600 947; x_wconf 85' lang='lat' dir='ltr'><strong>merito,</strong></span> <span class='ocrx_word' id='word_1_478' title='bbox 3635 886 3773 953; x_wconf 80' lang='lat' dir='ltr'><strong>quia</strong></span> 
     </span>
    </p>
   </div>
   <div class='ocr_carea' id='block_1_67' title="bbox 2158 955 3773 1023">
    <p class='ocr_par' dir='ltr' id='par_1_67' title="bbox 2158 955 3773 1023">
     <span class='ocr_line' id='line_1_69' title="bbox 2158 955 3773 1023; baseline -0.004 -6"><span class='ocrx_word' id='word_1_479' title='bbox 2158 962 2447 1017; x_wconf 89' lang='lat' dir='ltr'><strong>testimonia</strong></span> <span class='ocrx_word' id='word_1_480' title='bbox 2478 969 2567 1011; x_wconf 90' lang='lat' dir='ltr'><strong>tua</strong></span> <span class='ocrx_word' id='word_1_481' title='bbox 2607 958 2660 1011; x_wconf 90' lang='lat' dir='ltr'><strong>in</strong></span> <span class='ocrx_word' id='word_1_482' title='bbox 2708 967 2952 1011; x_wconf 65' lang='lat' dir='ltr'><strong>aeternum</strong></span> <span class='ocrx_word' id='word_1_483' title='bbox 2981 955 3232 1009; x_wconf 82' lang='lat' dir='ltr'><strong>mandata</strong></span> <span class='ocrx_word' id='word_1_484' title='bbox 3257 967 3403 1023; x_wconf 90' lang='lat' dir='ltr'><strong>sunt,</strong></span> <span class='ocrx_word' id='word_1_485' title='bbox 3434 972 3545 1010; x_wconf 89' lang='lat' dir='ltr'><strong>non</strong></span> <span class='ocrx_word' id='word_1_486' title='bbox 3576 959 3773 1011; x_wconf 87' lang='lat' dir='ltr'><strong>solum</strong></span> 
     </span>
    </p>
   </div>
   <div class='ocr_carea' id='block_1_68' title="bbox 2158 1026 3772 1101">
    <p class='ocr_par' dir='ltr' id='par_1_68' title="bbox 2158 1026 3772 1101">
     <span class='ocr_line' id='line_1_70' title="bbox 2158 1026 3772 1101; baseline -0.004 -14"><span class='ocrx_word' id='word_1_487' title='bbox 2158 1047 2333 1101; x_wconf 71' lang='lat' dir='ltr'><strong>aequa,</strong></span> <span class='ocrx_word' id='word_1_488' title='bbox 2358 1031 2451 1086; x_wconf 85' lang='lat' dir='ltr'><strong>sed</strong></span> <span class='ocrx_word' id='word_1_489' title='bbox 2474 1032 2633 1084; x_wconf 90' lang='lat' dir='ltr'><strong>etiam</strong></span> <span class='ocrx_word' id='word_1_490' title='bbox 2660 1030 2898 1101; x_wconf 78' lang='lat' dir='ltr'><strong>trqnitas,</strong></span> <span class='ocrx_word' id='word_1_491' title='bbox 2922 1034 2978 1101; x_wconf 78' lang='lat' dir='ltr'><strong>et</strong></span> <span class='ocrx_word' id='word_1_492' title='bbox 2997 1041 3179 1101; x_wconf 65' lang='lat' dir='ltr'><strong>mquos</strong></span> <span class='ocrx_word' id='word_1_493' title='bbox 3209 1026 3409 1101; x_wconf 78' lang='lat' dir='ltr'><strong>iaciunt</strong></span> <span class='ocrx_word' id='word_1_494' title='bbox 3439 1029 3583 1095; x_wconf 83' lang='lat' dir='ltr'><strong>ipsa,</strong></span> <span class='ocrx_word' id='word_1_495' title='bbox 3613 1027 3772 1095; x_wconf 89' lang='lat' dir='ltr'><strong>dico,</strong></span> 
     </span>
    </p>
   </div>
   <div class='ocr_carea' id='block_1_69' title="bbox 2158 1098 3774 1166">
    <p class='ocr_par' dir='ltr' id='par_1_69' title="bbox 2158 1098 3774 1166">
     <span class='ocr_line' id='line_1_71' title="bbox 2158 1098 3774 1166; baseline -0.003 -8"><span class='ocrx_word' id='word_1_496' title='bbox 2158 1098 2405 1160; x_wconf 79' lang='lat' dir='ltr'><strong>ducentia</strong></span> <span class='ocrx_word' id='word_1_497' title='bbox 2433 1101 2487 1155; x_wconf 92' lang='lat' dir='ltr'><strong>in</strong></span> <span class='ocrx_word' id='word_1_498' title='bbox 2518 1110 2801 1155; x_wconf 76' lang='lat' dir='ltr'><strong>aeternum.</strong></span> <span class='ocrx_word' id='word_1_499' title='bbox 2832 1100 2893 1153; x_wconf 89' lang='lat' dir='ltr'><strong>Et</strong></span> <span class='ocrx_word' id='word_1_500' title='bbox 2923 1098 3045 1152; x_wconf 83' lang='lat' dir='ltr'><strong>ideo</strong></span> <span class='ocrx_word' id='word_1_501' title='bbox 3075 1100 3144 1149; x_wconf 89' lang='lat' dir='ltr'><strong>da</strong></span> <span class='ocrx_word' id='word_1_502' title='bbox 3171 1098 3295 1151; x_wconf 86' lang='lat' dir='ltr'><strong>mihi</strong></span> <span class='ocrx_word' id='word_1_503' title='bbox 3319 1099 3372 1153; x_wconf 90' lang='lat' dir='ltr'><strong>in</strong></span> <span class='ocrx_word' id='word_1_504' title='bbox 3400 1099 3536 1166; x_wconf 85' lang='lat' dir='ltr'><strong>ipsis</strong></span> <span class='ocrx_word' id='word_1_505' title='bbox 3565 1113 3774 1153; x_wconf 83' lang='lat' dir='ltr'><strong>verum</strong></span> 
     </span>
    </p>
   </div>
   <div class='ocr_carea' id='block_1_70' title="bbox 2159 1168 3777 1239">
    <p class='ocr_par' dir='ltr' id='par_1_70' title="bbox 2159 1168 3777 1239">
     <span class='ocr_line' id='line_1_72' title="bbox 2159 1168 3777 1239; baseline -0.003 -12"><span class='ocrx_word' id='word_1_506' title='bbox 2159 1173 2495 1236; x_wconf 88' lang='lat' dir='ltr'><strong>intellectum,</strong></span> <span class='ocrx_word' id='word_1_507' title='bbox 2524 1171 2755 1229; x_wconf 90' lang='lat' dir='ltr'><strong>scilicet,</strong></span> <span class='ocrx_word' id='word_1_508' title='bbox 2790 1178 2849 1223; x_wconf 91' lang='lat' dir='ltr'><strong>ut</strong></span> <span class='ocrx_word' id='word_1_509' title='bbox 2889 1168 3180 1239; x_wconf 84' lang='lat' dir='ltr'><strong>intelligam</strong></span> <span class='ocrx_word' id='word_1_510' title='bbox 3211 1185 3371 1238; x_wconf 88' lang='lat' dir='ltr'><strong>quam</strong></span> <span class='ocrx_word' id='word_1_511' title='bbox 3400 1170 3473 1223; x_wconf 87' lang='lat' dir='ltr'><strong>sit</strong></span> <span class='ocrx_word' id='word_1_512' title='bbox 3512 1180 3777 1224; x_wconf 61' lang='lat' dir='ltr'><strong>contem-</strong></span> 
     </span>
    </p>
   </div>
   <div class='ocr_carea' id='block_1_71' title="bbox 2161 1240 3773 1313">
    <p class='ocr_par' dir='ltr' id='par_1_71' title="bbox 2161 1240 3773 1313">
     <span class='ocr_line' id='line_1_73' title="bbox 2161 1240 3773 1313; baseline -0.004 -14"><span class='ocrx_word' id='word_1_513' title='bbox 2161 1244 2399 1299; x_wconf 89' lang='lat' dir='ltr'><strong>nendum</strong></span> <span class='ocrx_word' id='word_1_514' title='bbox 2446 1243 2588 1313; x_wconf 87' lang='lat' dir='ltr'><strong>quod</strong></span> <span class='ocrx_word' id='word_1_515' title='bbox 2637 1242 2703 1313; x_wconf 86' lang='lat' dir='ltr'><strong>ab</strong></span> <span class='ocrx_word' id='word_1_516' title='bbox 2746 1240 2993 1313; x_wconf 87' lang='lat' dir='ltr'><strong>inimicis_</strong></span> <span class='ocrx_word' id='word_1_517' title='bbox 3026 1246 3206 1306; x_wconf 89' lang='lat' dir='ltr'><strong>potest</strong></span> <span class='ocrx_word' id='word_1_518' title='bbox 3252 1241 3571 1313; x_wconf 45' lang='lat' dir='ltr'><strong>auferriset</strong></span> <span class='ocrx_word' id='word_1_519' title='bbox 3618 1240 3773 1308; x_wconf 83' lang='lat' dir='ltr'><strong>quod</strong></span> 
     </span>
    </p>
   </div>
   <div class='ocr_carea' id='block_1_72' title="bbox 2160 1310 3770 1385">
    <p class='ocr_par' dir='ltr' id='par_1_72' title="bbox 2160 1310 3770 1385">
     <span class='ocr_line' id='line_1_74' title="bbox 2160 1310 3770 1385; baseline -0.003 -16"><span class='ocrx_word' id='word_1_520' title='bbox 2160 1316 2322 1371; x_wconf 85' lang='lat' dir='ltr'><strong>etiam</strong></span> <span class='ocrx_word' id='word_1_521' title='bbox 2357 1310 2614 1385; x_wconf 56' lang='lat' dir='ltr'><strong>pro&#39;ipsis</strong></span> <span class='ocrx_word' id='word_1_522' title='bbox 2642 1312 2725 1385; x_wconf 13' lang='lat' dir='ltr'><strong>sit,</strong></span> <span class='ocrx_word' id='word_1_523' title='bbox 2755 1310 3113 1385; x_wconf 66' lang='lat' dir='ltr'><strong>moriendum,</strong></span> <span class='ocrx_word' id='word_1_524' title='bbox 3137 1319 3200 1385; x_wconf 88' lang='lat' dir='ltr'><strong>_et</strong></span> <span class='ocrx_word' id='word_1_525' title='bbox 3236 1310 3335 1385; x_wconf 91' lang='lat' dir='ltr'><strong>sic_</strong></span> <span class='ocrx_word' id='word_1_526' title='bbox 3358 1311 3770 1385; x_wconf 69' lang='lat' dir='ltr'><strong>moriendqsi-</strong></span> 
     </span>
    </p>
   </div>
   <div class='ocr_carea' id='block_1_73' title="bbox 2161 1381 3775 1450">
    <p class='ocr_par' dir='ltr' id='par_1_73' title="bbox 2161 1381 3775 1450">
     <span class='ocr_line' id='line_1_75' title="bbox 2161 1381 3775 1450; baseline -0.004 -9"><span class='ocrx_word' id='word_1_527' title='bbox 2161 1403 2274 1441; x_wconf 87' lang='lat' dir='ltr'><strong>vam</strong></span> <span class='ocrx_word' id='word_1_528' title='bbox 2314 1381 2371 1439; x_wconf 82' lang='lat' dir='ltr'><strong>in</strong></span> <span class='ocrx_word' id='word_1_529' title='bbox 2408 1386 2629 1450; x_wconf 66' lang='lat' dir='ltr'><strong>regione</strong></span> <span class='ocrx_word' id='word_1_530' title='bbox 2677 1384 2938 1436; x_wconf 88' lang='lat' dir='ltr'><strong>vivorum.</strong></span> <span class='ocrx_word' id='word_1_531' title='bbox 2974 1381 3067 1435; x_wconf 82' lang='lat' dir='ltr'><strong>Vel</strong></span> <span class='ocrx_word' id='word_1_532' title='bbox 3100 1382 3264 1434; x_wconf 87' lang='lat' dir='ltr'><strong>vivam</strong></span> <span class='ocrx_word' id='word_1_533' title='bbox 3291 1381 3453 1435; x_wconf 87' lang='lat' dir='ltr'><strong>vitam</strong></span> <span class='ocrx_word' id='word_1_534' title='bbox 3501 1382 3558 1436; x_wconf 88' lang='lat' dir='ltr'><strong>in</strong></span> <span class='ocrx_word' id='word_1_535' title='bbox 3591 1381 3775 1435; x_wconf 83' lang='lat' dir='ltr'><strong>tribu-</strong></span> 
     </span>
    </p>
   </div>
   <div class='ocr_carea' id='block_1_74' title="bbox 2162 1453 3774 1519">
    <p class='ocr_par' dir='ltr' id='par_1_74' title="bbox 2162 1453 3774 1519">
     <span class='ocr_line' id='line_1_76' title="bbox 2162 1453 3774 1519; baseline -0.004 -7"><span class='ocrx_word' id='word_1_536' title='bbox 2162 1458 2451 1512; x_wconf 88' lang='lat' dir='ltr'><strong>lationibus</strong></span> <span class='ocrx_word' id='word_1_537' title='bbox 2497 1453 2749 1518; x_wconf 91' lang='lat' dir='ltr'><strong>ﬁniendo,</strong></span> <span class='ocrx_word' id='word_1_538' title='bbox 2800 1462 2858 1506; x_wconf 90' lang='lat' dir='ltr'><strong>ut</strong></span> <span class='ocrx_word' id='word_1_539' title='bbox 2904 1453 2983 1508; x_wconf 91' lang='lat' dir='ltr'><strong>sic</strong></span> <span class='ocrx_word' id='word_1_540' title='bbox 3031 1467 3247 1519; x_wconf 87' lang='lat' dir='ltr'><strong>semper</strong></span> <span class='ocrx_word' id='word_1_541' title='bbox 3289 1454 3491 1506; x_wconf 87' lang='lat' dir='ltr'><strong>vivam.</strong></span> <span class='ocrx_word' id='word_1_542' title='bbox 3538 1453 3626 1506; x_wconf 77' lang='lat' dir='ltr'><strong>Ab</strong></span> <span class='ocrx_word' id='word_1_543' title='bbox 3682 1453 3774 1506; x_wconf 82' lang='lat' dir='ltr'><strong>illo</strong></span> 
     </span>
    </p>
   </div>
   <div class='ocr_carea' id='block_1_75' title="bbox 2164 1522 3773 1654">
    <p class='ocr_par' dir='ltr' id='par_1_75' title="bbox 2164 1522 3773 1654">
     <span class='ocr_line' id='line_1_77' title="bbox 2164 1522 3773 1654; baseline -0.004 -72"><span class='ocrx_word' id='word_1_544' title='bbox 2164 1528 2309 1654; x_wconf 53' lang='lat' dir='ltr'><strong>(anim</strong></span> <span class='ocrx_word' id='word_1_545' title='bbox 2356 1540 2573 1597; x_wconf 84' lang='lat' dir='ltr'><strong>semper</strong></span> <span class='ocrx_word' id='word_1_546' title='bbox 2611 1526 2825 1591; x_wconf 85' lang='lat' dir='ltr'><strong>vivitur,</strong></span> <span class='ocrx_word' id='word_1_547' title='bbox 2857 1539 2886 1578; x_wconf 91' lang='lat' dir='ltr'><strong>a</strong></span> <span class='ocrx_word' id='word_1_548' title='bbox 2919 1536 3024 1593; x_wconf 91' lang='lat' dir='ltr'><strong>quo</strong></span> <span class='ocrx_word' id='word_1_549' title='bbox 3057 1524 3109 1577; x_wconf 92' lang='lat' dir='ltr'><strong>iu</strong></span> <span class='ocrx_word' id='word_1_550' title='bbox 3156 1522 3605 1580; x_wconf 80' lang='lat' dir='ltr'><strong>tribulationibus</strong></span> <span class='ocrx_word' id='word_1_551' title='bbox 3661 1525 3773 1577; x_wconf 86' lang='lat' dir='ltr'><strong>vita</strong></span> 
     </span>
     <span class='ocr_line' id='line_1_78' title="bbox 2208 1608 2372 1654; baseline 0 0"><span class='ocrx_word' id='word_1_552' title='bbox 2208 1608 2372 1654; x_wconf 85' lang='lat' dir='ltr'><strong>nitur.</strong></span> 
     </span>
    </p>
   </div>
   <div class='ocr_carea' id='block_1_76' title="bbox 2208 1601 2372 1655">
    <p class='ocr_par' dir='ltr' id='par_1_76' title="bbox 2208 1601 2372 1655">
     <span class='ocr_line' id='line_1_79' title="bbox 2208 1601 2372 1655; baseline 0.006 -1"><span class='ocrx_word' id='word_1_553' title='bbox 2208 1601 2372 1655; x_wconf 86' lang='lat' dir='ltr'><strong>nitur.</strong></span> 
     </span>
    </p>
   </div>
   <div class='ocr_carea' id='block_1_77' title="bbox 2742 1691 3156 1762">
    <p class='ocr_par' dir='ltr' id='par_1_77' title="bbox 2742 1691 3156 1762">
     <span class='ocr_line' id='line_1_80' title="bbox 2742 1691 3156 1762; baseline -0.002 -14"><span class='ocrx_word' id='word_1_554' title='bbox 2742 1691 2917 1762; x_wconf 86' lang='lat' dir='ltr'><strong>COph,</strong></span> <span class='ocrx_word' id='word_1_555' title='bbox 2944 1691 3156 1747; x_wconf 87' lang='lat' dir='ltr'><strong>vocatio</strong></span> 
     </span>
    </p>
   </div>
   <div class='ocr_carea' id='block_1_78' title="bbox 2786 1826 3140 1867">
    <p class='ocr_par' dir='ltr' id='par_1_78' title="bbox 2786 1826 3140 1867">
     <span class='ocr_line' id='line_1_81' title="bbox 2786 1826 3140 1867; baseline -0.006 0"><span class='ocrx_word' id='word_1_556' title='bbox 2786 1826 3140 1867; x_wconf 73' lang='lat' dir='ltr'><strong>EXPLANATIO.</strong></span> 
     </span>
    </p>
   </div>
   <div class='ocr_carea' id='block_1_79' title="bbox 2239 1903 3773 1975">
    <p class='ocr_par' dir='ltr' id='par_1_79' title="bbox 2239 1903 3773 1975">
     <span class='ocr_line' id='line_1_82' title="bbox 2239 1903 3773 1975; baseline -0.001 -15"><span class='ocrx_word' id='word_1_557' title='bbox 2239 1906 2451 1961; x_wconf 86' lang='lat' dir='ltr'><strong>Nonam</strong></span> <span class='ocrx_word' id='word_1_558' title='bbox 2478 1906 2724 1960; x_wconf 89' lang='lat' dir='ltr'><strong>decimam</strong></span> <span class='ocrx_word' id='word_1_559' title='bbox 2749 1905 2971 1959; x_wconf 88' lang='lat' dir='ltr'><strong>litteram</strong></span> <span class='ocrx_word' id='word_1_560' title='bbox 2998 1903 3283 1975; x_wconf 87' lang='lat' dir='ltr'><strong>ingreditur</strong></span> <span class='ocrx_word' id='word_1_561' title='bbox 3301 1906 3773 1959; x_wconf 76' lang='lat' dir='ltr'><strong>reverendissintus</strong></span> 
     </span>
    </p>
   </div>
   <div class='ocr_carea' id='block_1_80' title="bbox 2169 1976 3774 2048">
    <p class='ocr_par' dir='ltr' id='par_1_80' title="bbox 2169 1976 3774 2048">
     <span class='ocr_line' id='line_1_83' title="bbox 2169 1976 3774 2048; baseline -0.002 -16"><span class='ocrx_word' id='word_1_562' title='bbox 2169 1978 2373 2042; x_wconf 85' lang='lat' dir='ltr'><strong>chorus,</strong></span> <span class='ocrx_word' id='word_1_563' title='bbox 2403 1978 2459 2048; x_wconf 85' lang='lat' dir='ltr'><strong>in</strong></span> <span class='ocrx_word' id='word_1_564' title='bbox 2485 1992 2584 2045; x_wconf 88' lang='lat' dir='ltr'><strong>qua</strong></span> <span class='ocrx_word' id='word_1_565' title='bbox 2606 1980 2761 2048; x_wconf 71' lang='lat' dir='ltr'><strong>juxta</strong></span> <span class='ocrx_word' id='word_1_566' title='bbox 2790 1993 2971 2029; x_wconf 91' lang='lat' dir='ltr'><strong>nomen</strong></span> <span class='ocrx_word' id='word_1_567' title='bbox 2998 1979 3109 2046; x_wconf 89' lang='lat' dir='ltr'><strong>ejus</strong></span> <span class='ocrx_word' id='word_1_568' title='bbox 3136 1977 3191 2029; x_wconf 92' lang='lat' dir='ltr'><strong>in</strong></span> <span class='ocrx_word' id='word_1_569' title='bbox 3218 1984 3323 2048; x_wconf 82' lang='lat' dir='ltr'><strong>toto</strong></span> <span class='ocrx_word' id='word_1_570' title='bbox 3348 1976 3511 2048; x_wconf 83' lang='lat' dir='ltr'><strong>corde</strong></span> <span class='ocrx_word' id='word_1_571' title='bbox 3544 1993 3644 2030; x_wconf 88' lang='lat' dir='ltr'><strong>suo</strong></span> <span class='ocrx_word' id='word_1_572' title='bbox 3668 1979 3774 2029; x_wconf 83' lang='lat' dir='ltr'><strong>cta-</strong></span> 
     </span>
    </p>
   </div>
   <div class='ocr_carea' id='block_1_81' title="bbox 2134 2046 3772 2117">
    <p class='ocr_par' dir='ltr' id='par_1_81' title="bbox 2134 2046 3772 2117">
     <span class='ocr_line' id='line_1_84' title="bbox 2134 2046 3772 2117; baseline -0.002 -14"><span class='ocrx_word' id='word_1_573' title='bbox 2134 2102 2137 2103; x_wconf 30' lang='grc' dir='ltr'><em>ν</em></span> <span class='ocrx_word' id='word_1_574' title='bbox 2168 2059 2275 2103; x_wconf 88' lang='lat' dir='ltr'><strong>mat</strong></span> <span class='ocrx_word' id='word_1_575' title='bbox 2296 2050 2364 2102; x_wconf 86' lang='lat' dir='ltr'><strong>ad</strong></span> <span class='ocrx_word' id='word_1_576' title='bbox 2397 2046 2673 2101; x_wconf 85' lang='lat' dir='ltr'><strong>Dominum</strong></span> <span class='ocrx_word' id='word_1_577' title='bbox 2690 2048 3083 2117; x_wconf 70' lang='lat' dir='ltr'><strong>justiﬁi&#39;ationes</strong></span> <span class='ocrx_word' id='word_1_578' title='bbox 3103 2048 3211 2116; x_wconf 87' lang='lat' dir='ltr'><strong>ejus</strong></span> <span class='ocrx_word' id='word_1_579' title='bbox 3236 2046 3450 2100; x_wconf 86' lang='lat' dir='ltr'><strong>sedulus</strong></span> <span class='ocrx_word' id='word_1_580' title='bbox 3472 2049 3772 2115; x_wconf 69' lang='lat' dir='ltr'><strong>exquirens,</strong></span> 
     </span>
    </p>
   </div>
   <div class='ocr_carea' id='block_1_82' title="bbox 2172 2117 3774 2189">
    <p class='ocr_par' dir='ltr' id='par_1_82' title="bbox 2172 2117 3774 2189">
     <span class='ocr_line' id='line_1_85' title="bbox 2172 2117 3774 2189; baseline -0.004 -13"><span class='ocrx_word' id='word_1_581' title='bbox 2172 2130 2219 2176; x_wconf 87' lang='lat' dir='ltr'><strong>et</strong></span> <span class='ocrx_word' id='word_1_582' title='bbox 2254 2123 2307 2173; x_wconf 92' lang='lat' dir='ltr'><strong>in</strong></span> <span class='ocrx_word' id='word_1_583' title='bbox 2338 2119 2485 2174; x_wconf 83' lang='lat' dir='ltr'><strong>verbo</strong></span> <span class='ocrx_word' id='word_1_584' title='bbox 2512 2118 2651 2172; x_wconf 89' lang='lat' dir='ltr'><strong>illius</strong></span> <span class='ocrx_word' id='word_1_585' title='bbox 2680 2119 2958 2189; x_wconf 88' lang='lat' dir='ltr'><strong>anticipata</strong></span> <span class='ocrx_word' id='word_1_586' title='bbox 2988 2118 3304 2189; x_wconf 78' lang='lat' dir='ltr'><strong>confessione</strong></span> <span class='ocrx_word' id='word_1_587' title='bbox 3350 2117 3593 2187; x_wconf 78' lang='lat' dir='ltr'><strong>gavisus,</strong></span> <span class='ocrx_word' id='word_1_588' title='bbox 3639 2120 3774 2185; x_wconf 78' lang='lat' dir='ltr'><strong>adji-</strong></span> 
     </span>
    </p>
   </div>
   <div class='ocr_carea' id='block_1_83' title="bbox 2175 2188 3771 2333">
    <p class='ocr_par' dir='ltr' id='par_1_83' title="bbox 2175 2188 3771 2333">
     <span class='ocr_line' id='line_1_86' title="bbox 2175 2188 3771 2333; baseline -0.002 -87"><span class='ocrx_word' id='word_1_589' title='bbox 2175 2193 2485 2333; x_wconf 63' lang='lat' dir='ltr'><strong>ciensguedse</strong></span> <span class='ocrx_word' id='word_1_590' title='bbox 2530 2190 2823 2261; x_wconf 82' lang='lat' dir='ltr'><strong>cognovisse</strong></span> <span class='ocrx_word' id='word_1_591' title='bbox 2866 2190 3152 2244; x_wconf 90' lang='lat' dir='ltr'><strong>testimonia</strong></span> <span class='ocrx_word' id='word_1_592' title='bbox 3181 2188 3391 2244; x_wconf 87' lang='lat' dir='ltr'><strong>Domini</strong></span> <span class='ocrx_word' id='word_1_593' title='bbox 3429 2190 3485 2243; x_wconf 92' lang='lat' dir='ltr'><strong>in</strong></span> <span class='ocrx_word' id='word_1_594' title='bbox 3517 2199 3771 2243; x_wconf 69' lang='lat' dir='ltr'><strong>ceterum</strong></span> 
     </span>
     <span class='ocr_line' id='line_1_87' title="bbox 2175 2270 2550 2319; baseline -0.005 0"><span class='ocrx_word' id='word_1_595' title='bbox 2175 2278 2283 2319; x_wconf 87' lang='lat' dir='ltr'><strong>esse</strong></span> <span class='ocrx_word' id='word_1_596' title='bbox 2340 2278 2405 2315; x_wconf 90' lang='lat' dir='ltr'><strong>un</strong></span> <span class='ocrx_word' id='word_1_597' title='bbox 2444 2270 2550 2317; x_wconf 90' lang='lat' dir='ltr'><strong>ata.</strong></span> 
     </span>
    </p>
   </div>
   <div class='ocr_carea' id='block_1_84' title="bbox 2757 2330 3184 2407">
    <p class='ocr_par' dir='ltr' id='par_1_84' title="bbox 2757 2330 3184 2407">
     <span class='ocr_line' id='line_1_88' title="bbox 2757 2330 3184 2407; baseline 0 -1"><span class='ocrx_word' id='word_1_598' title='bbox 2757 2330 3184 2407; x_wconf 52' lang='lat' dir='ltr'><strong>COIHENTADIUS.</strong></span> 
     </span>
    </p>
   </div>
   <div class='ocr_carea' id='block_1_85' title="bbox 2251 2465 3779 2536">
    <p class='ocr_par' dir='ltr' id='par_1_85' title="bbox 2251 2465 3779 2536">
     <span class='ocr_line' id='line_1_89' title="bbox 2251 2465 3779 2536; baseline -0.003 -10"><span class='ocrx_word' id='word_1_599' title='bbox 2251 2468 2477 2526; x_wconf 88' lang='lat' dir='ltr'><strong>Clamavi</strong></span> <span class='ocrx_word' id='word_1_600' title='bbox 2498 2468 2551 2521; x_wconf 92' lang='lat' dir='ltr'><strong>in</strong></span> <span class='ocrx_word' id='word_1_601' title='bbox 2573 2476 2675 2521; x_wconf 88' lang='lat' dir='ltr'><strong>toto</strong></span> <span class='ocrx_word' id='word_1_602' title='bbox 2696 2468 2867 2523; x_wconf 90' lang='lat' dir='ltr'><strong>corde.</strong></span> <span class='ocrx_word' id='word_1_603' title='bbox 2883 2467 3047 2536; x_wconf 88' lang='lat' dir='ltr'><strong>Quasi</strong></span> <span class='ocrx_word' id='word_1_604' title='bbox 3063 2468 3232 2523; x_wconf 86' lang='lat' dir='ltr'><strong>dicat:</strong></span> <span class='ocrx_word' id='word_1_605' title='bbox 3256 2465 3447 2529; x_wconf 81' lang='lat' dir='ltr'><strong>Merito</strong></span> <span class='ocrx_word' id='word_1_606' title='bbox 3458 2465 3636 2522; x_wconf 80' lang='lat' dir='ltr'><strong>debes</strong></span> <span class='ocrx_word' id='word_1_607' title='bbox 3652 2467 3779 2523; x_wconf 87' lang='lat' dir='ltr'><strong>mihi</strong></span> 
     </span>
    </p>
   </div>
   <div class='ocr_carea' id='block_1_86' title="bbox 2182 2538 3777 2609">
    <p class='ocr_par' dir='ltr' id='par_1_86' title="bbox 2182 2538 3777 2609">
     <span class='ocr_line' id='line_1_90' title="bbox 2182 2538 3777 2609; baseline -0.002 -13"><span class='ocrx_word' id='word_1_608' title='bbox 2182 2541 2310 2596; x_wconf 90' lang='lat' dir='ltr'><strong>dare</strong></span> <span class='ocrx_word' id='word_1_609' title='bbox 2336 2539 2686 2607; x_wconf 89' lang='lat' dir='ltr'><strong>intellectum,</strong></span> <span class='ocrx_word' id='word_1_610' title='bbox 2716 2539 2837 2609; x_wconf 88' lang='lat' dir='ltr'><strong>quia</strong></span> <span class='ocrx_word' id='word_1_611' title='bbox 2881 2555 2980 2609; x_wconf 88' lang='lat' dir='ltr'><strong>ego</strong></span> <span class='ocrx_word' id='word_1_612' title='bbox 3009 2538 3227 2609; x_wconf 64' lang='lat' dir='ltr'><strong>quaesivi</strong></span> <span class='ocrx_word' id='word_1_613' title='bbox 3269 2540 3407 2609; x_wconf 85' lang='lat' dir='ltr'><strong>sicut</strong></span> <span class='ocrx_word' id='word_1_614' title='bbox 3447 2539 3777 2608; x_wconf 61' lang='lat' dir='ltr'><strong>quarendns</strong></span> 
     </span>
    </p>
   </div>
   <div class='ocr_carea' id='block_1_87' title="bbox 2184 2608 3779 2681">
    <p class='ocr_par' dir='ltr' id='par_1_87' title="bbox 2184 2608 3779 2681">
     <span class='ocr_line' id='line_1_91' title="bbox 2184 2608 3779 2681; baseline -0.002 -14"><span class='ocrx_word' id='word_1_615' title='bbox 2184 2625 2268 2679; x_wconf 87' lang='lat' dir='ltr'><strong>es,</strong></span> <span class='ocrx_word' id='word_1_616' title='bbox 2297 2613 2419 2681; x_wconf 89' lang='lat' dir='ltr'><strong>quia</strong></span> <span class='ocrx_word' id='word_1_617' title='bbox 2446 2610 2667 2681; x_wconf 84' lang='lat' dir='ltr'><strong>clamavi</strong></span> <span class='ocrx_word' id='word_1_618' title='bbox 2697 2608 2751 2662; x_wconf 88' lang='lat' dir='ltr'><strong>in</strong></span> <span class='ocrx_word' id='word_1_619' title='bbox 2789 2618 2893 2664; x_wconf 92' lang='lat' dir='ltr'><strong>toto</strong></span> <span class='ocrx_word' id='word_1_620' title='bbox 2922 2608 3109 2665; x_wconf 74' lang='lat' dir='ltr'><strong>corde.</strong></span> <span class='ocrx_word' id='word_1_621' title='bbox 3152 2608 3303 2681; x_wconf 76' lang='lat' dir='ltr'><strong>Multi</strong></span> <span class='ocrx_word' id='word_1_622' title='bbox 3342 2609 3493 2665; x_wconf 77' lang='lat' dir='ltr'><strong>enim</strong></span> <span class='ocrx_word' id='word_1_623' title='bbox 3540 2610 3779 2665; x_wconf 81' lang='lat' dir='ltr'><strong>clamant</strong></span> 
     </span>
    </p>
   </div>
   <div class='ocr_carea' id='block_1_88' title="bbox 2184 2680 3775 2749">
    <p class='ocr_par' dir='ltr' id='par_1_88' title="bbox 2184 2680 3775 2749">
     <span class='ocr_line' id='line_1_92' title="bbox 2184 2680 3775 2749; baseline -0.001 -12"><span class='ocrx_word' id='word_1_624' title='bbox 2184 2680 2380 2747; x_wconf 32' lang='lat' dir='ltr'><strong>ore,’et</strong></span> <span class='ocrx_word' id='word_1_625' title='bbox 2408 2697 2511 2735; x_wconf 93' lang='lat' dir='ltr'><strong>non</strong></span> <span class='ocrx_word' id='word_1_626' title='bbox 2540 2680 2725 2749; x_wconf 89' lang='lat' dir='ltr'><strong>corde,</strong></span> <span class='ocrx_word' id='word_1_627' title='bbox 2754 2691 2810 2736; x_wconf 88' lang='lat' dir='ltr'><strong>et</strong></span> <span class='ocrx_word' id='word_1_628' title='bbox 2838 2682 3009 2737; x_wconf 87' lang='lat' dir='ltr'><strong>inanis</strong></span> <span class='ocrx_word' id='word_1_629' title='bbox 3032 2690 3117 2736; x_wconf 89' lang='lat' dir='ltr'><strong>est</strong></span> <span class='ocrx_word' id='word_1_630' title='bbox 3146 2680 3351 2735; x_wconf 88' lang='lat' dir='ltr'><strong>clamor</strong></span> <span class='ocrx_word' id='word_1_631' title='bbox 3378 2694 3600 2734; x_wconf 86' lang='lat' dir='ltr'><strong>eorum.</strong></span> <span class='ocrx_word' id='word_1_632' title='bbox 3629 2680 3775 2735; x_wconf 73' lang='lat' dir='ltr'><strong>Multi</strong></span> 
     </span>
    </p>
   </div>
   <div class='ocr_carea' id='block_1_89' title="bbox 2187 2750 3776 2817">
    <p class='ocr_par' dir='ltr' id='par_1_89' title="bbox 2187 2750 3776 2817">
     <span class='ocr_line' id='line_1_93' title="bbox 2187 2750 3776 2817; baseline -0.002 -8"><span class='ocrx_word' id='word_1_633' title='bbox 2187 2754 2397 2809; x_wconf 82' lang='lat' dir='ltr'><strong>etiamsi</strong></span> <span class='ocrx_word' id='word_1_634' title='bbox 2431 2760 2608 2807; x_wconf 90' lang='lat' dir='ltr'><strong>tacent</strong></span> <span class='ocrx_word' id='word_1_635' title='bbox 2636 2767 2754 2817; x_wconf 90' lang='lat' dir='ltr'><strong>ore,</strong></span> <span class='ocrx_word' id='word_1_636' title='bbox 2785 2760 2839 2807; x_wconf 90' lang='lat' dir='ltr'><strong>et</strong></span> <span class='ocrx_word' id='word_1_637' title='bbox 2882 2753 3115 2806; x_wconf 82' lang='lat' dir='ltr'><strong>clamant</strong></span> <span class='ocrx_word' id='word_1_638' title='bbox 3140 2751 3324 2812; x_wconf 90' lang='lat' dir='ltr'><strong>corde.</strong></span> <span class='ocrx_word' id='word_1_639' title='bbox 3355 2759 3409 2804; x_wconf 90' lang='lat' dir='ltr'><strong>et</strong></span> <span class='ocrx_word' id='word_1_640' title='bbox 3438 2750 3645 2805; x_wconf 87' lang='lat' dir='ltr'><strong>borum</strong></span> <span class='ocrx_word' id='word_1_641' title='bbox 3674 2752 3776 2806; x_wconf 84' lang='lat' dir='ltr'><strong>cla-</strong></span> 
     </span>
    </p>
   </div>
   <div class='ocr_carea' id='block_1_90' title="bbox 2188 2821 3777 2892">
    <p class='ocr_par' dir='ltr' id='par_1_90' title="bbox 2188 2821 3777 2892">
     <span class='ocr_line' id='line_1_94' title="bbox 2188 2821 3777 2892; baseline -0.003 -12"><span class='ocrx_word' id='word_1_642' title='bbox 2188 2840 2307 2880; x_wconf 89' lang='lat' dir='ltr'><strong>mor</strong></span> <span class='ocrx_word' id='word_1_643' title='bbox 2341 2823 2587 2878; x_wconf 89' lang='lat' dir='ltr'><strong>homines</strong></span> <span class='ocrx_word' id='word_1_644' title='bbox 2610 2824 2824 2892; x_wconf 91' lang='lat' dir='ltr'><strong>quidem</strong></span> <span class='ocrx_word' id='word_1_645' title='bbox 2851 2824 3022 2878; x_wconf 88' lang='lat' dir='ltr'><strong>latere</strong></span> <span class='ocrx_word' id='word_1_646' title='bbox 3053 2831 3246 2891; x_wconf 88' lang='lat' dir='ltr'><strong>potest,</strong></span> <span class='ocrx_word' id='word_1_647' title='bbox 3280 2821 3449 2875; x_wconf 85' lang='lat' dir='ltr'><strong>Deum</strong></span> <span class='ocrx_word' id='word_1_648' title='bbox 3483 2831 3673 2876; x_wconf 85' lang='lat' dir='ltr'><strong>autem</strong></span> <span class='ocrx_word' id='word_1_649' title='bbox 3704 2823 3777 2877; x_wconf 84' lang='lat' dir='ltr'><strong>la-</strong></span> 
     </span>
    </p>
   </div>
   <div class='ocr_carea' id='block_1_91' title="bbox 2192 2892 3773 2961">
    <p class='ocr_par' dir='ltr' id='par_1_91' title="bbox 2192 2892 3773 2961">
     <span class='ocr_line' id='line_1_95' title="bbox 2192 2892 3773 2961; baseline -0.003 -10"><span class='ocrx_word' id='word_1_650' title='bbox 2192 2904 2309 2951; x_wconf 87' lang='lat' dir='ltr'><strong>tere</strong></span> <span class='ocrx_word' id='word_1_651' title='bbox 2339 2910 2443 2950; x_wconf 91' lang='lat' dir='ltr'><strong>non</strong></span> <span class='ocrx_word' id='word_1_652' title='bbox 2476 2902 2671 2961; x_wconf 84' lang='lat' dir='ltr'><strong>potest.</strong></span> <span class='ocrx_word' id='word_1_653' title='bbox 2705 2894 2796 2948; x_wconf 86' lang='lat' dir='ltr'><strong>Est</strong></span> <span class='ocrx_word' id='word_1_654' title='bbox 2827 2904 3004 2949; x_wconf 89' lang='lat' dir='ltr'><strong>autem</strong></span> <span class='ocrx_word' id='word_1_655' title='bbox 3035 2895 3238 2949; x_wconf 89' lang='lat' dir='ltr'><strong>clamor</strong></span> <span class='ocrx_word' id='word_1_656' title='bbox 3265 2892 3445 2947; x_wconf 88' lang='lat' dir='ltr'><strong>cordis</strong></span> <span class='ocrx_word' id='word_1_657' title='bbox 3477 2894 3661 2947; x_wconf 86' lang='lat' dir='ltr'><strong>valida</strong></span> <span class='ocrx_word' id='word_1_658' title='bbox 3698 2893 3773 2947; x_wconf 90' lang='lat' dir='ltr'><strong>in-</strong></span> 
     </span>
    </p>
   </div>
   <div class='ocr_carea' id='block_1_92' title="bbox 2194 2964 3776 3035">
    <p class='ocr_par' dir='ltr' id='par_1_92' title="bbox 2194 2964 3776 3035">
     <span class='ocr_line' id='line_1_96' title="bbox 2194 2964 3776 3035; baseline -0.003 -13"><span class='ocrx_word' id='word_1_659' title='bbox 2194 2968 2358 3023; x_wconf 87' lang='lat' dir='ltr'><strong>tentio</strong></span> <span class='ocrx_word' id='word_1_660' title='bbox 2406 2964 2764 3035; x_wconf 77' lang='lat' dir='ltr'><strong>cogitationis,</strong></span> <span class='ocrx_word' id='word_1_661' title='bbox 2792 2966 2880 3035; x_wconf 91' lang='lat' dir='ltr'><strong>qui</strong></span> <span class='ocrx_word' id='word_1_662' title='bbox 2927 2973 3009 3020; x_wconf 90' lang='lat' dir='ltr'><strong>est</strong></span> <span class='ocrx_word' id='word_1_663' title='bbox 3052 2965 3105 3019; x_wconf 91' lang='lat' dir='ltr'><strong>in</strong></span> <span class='ocrx_word' id='word_1_664' title='bbox 3149 2964 3411 3035; x_wconf 87' lang='lat' dir='ltr'><strong>oratione,</strong></span> <span class='ocrx_word' id='word_1_665' title='bbox 3443 2964 3776 3035; x_wconf 74' lang='lat' dir='ltr'><strong>exprimitur</strong></span> 
     </span>
    </p>
   </div>
   <div class='ocr_carea' id='block_1_93' title="bbox 2193 3032 3775 3107">
    <p class='ocr_par' dir='ltr' id='par_1_93' title="bbox 2193 3032 3775 3107">
     <span class='ocr_line' id='line_1_97' title="bbox 2193 3032 3775 3107; baseline -0.005 -13"><span class='ocrx_word' id='word_1_666' title='bbox 2193 3051 2419 3107; x_wconf 87' lang='lat' dir='ltr'><strong>magnus</strong></span> <span class='ocrx_word' id='word_1_667' title='bbox 2450 3032 3165 3107; x_wconf 9' lang='lat' dir='ltr'><strong>desiderantis&#39;aﬁ&#39;ectus,rut</strong></span> <span class='ocrx_word' id='word_1_668' title='bbox 3189 3050 3296 3091; x_wconf 90' lang='lat' dir='ltr'><strong>non</strong></span> <span class='ocrx_word' id='word_1_669' title='bbox 3326 3032 3655 3104; x_wconf 79' lang='lat' dir='ltr'><strong>desperetur</strong></span> <span class='ocrx_word' id='word_1_670' title='bbox 3676 3032 3775 3107; x_wconf 10' lang='lat' dir='ltr'><strong>fef-</strong></span> 
     </span>
    </p>
   </div>
   <div class='ocr_carea' id='block_1_94' title="bbox 2114 3106 3778 3202">
    <p class='ocr_par' dir='ltr' id='par_1_94' title="bbox 2114 3106 3778 3202">
     <span class='ocr_line' id='line_1_98' title="bbox 2114 3106 3778 3202; baseline 0 0"><span class='ocrx_word' id='word_1_671' title='bbox 2114 3134 2165 3202; x_wconf 88' lang='lat' dir='ltr'><strong>c</strong></span> <span class='ocrx_word' id='word_1_672' title='bbox 2197 3111 2410 3202; x_wconf 59' lang='grc' dir='ltr'><strong>Ῐῗξὲἓέἱζ</strong></span> <span class='ocrx_word' id='word_1_673' title='bbox 2440 3107 2604 3202; x_wconf 57' lang='lat' dir='ltr'><strong>T91”.</strong></span> <span class='ocrx_word' id='word_1_674' title='bbox 2612 3122 2782 3202; x_wconf 54' lang='grc' dir='ltr'><strong>ἐν.ῗὲ</strong></span> <span class='ocrx_word' id='word_1_675' title='bbox 2792 3116 2925 3202; x_wconf 56' lang='grc' dir='ltr'><strong>3⁷οὲξῖ</strong></span> <span class='ocrx_word' id='word_1_676' title='bbox 2972 3106 3466 3202; x_wconf 52' lang='grc' dir='ltr'><strong>ἓὲτδῗηῖἒῖίῖἔδῗέἔβ</strong></span> <span class='ocrx_word' id='word_1_677' title='bbox 3483 3106 3778 3202; x_wconf 55' lang='lat'><strong>31&#39;3&quot;}???</strong></span> 
     </span>
    </p>
   </div>
   <div class='ocr_carea' id='block_1_95' title="bbox 2195 3178 3777 3248">
    <p class='ocr_par' dir='ltr' id='par_1_95' title="bbox 2195 3178 3777 3248">
     <span class='ocr_line' id='line_1_99' title="bbox 2195 3178 3777 3248; baseline -0.003 -12"><span class='ocrx_word' id='word_1_678' title='bbox 2195 3179 2413 3236; x_wconf 88' lang='lat' dir='ltr'><strong>aliunde</strong></span> <span class='ocrx_word' id='word_1_679' title='bbox 2442 3192 2546 3232; x_wconf 92' lang='lat' dir='ltr'><strong>non</strong></span> <span class='ocrx_word' id='word_1_680' title='bbox 2578 3180 2830 3248; x_wconf 87' lang='lat' dir='ltr'><strong>cogitant.</strong></span> <span class='ocrx_word' id='word_1_681' title='bbox 2866 3179 2929 3233; x_wconf 86' lang='lat' dir='ltr'><strong>Et</strong></span> <span class='ocrx_word' id='word_1_682' title='bbox 2972 3179 3056 3234; x_wconf 67' lang='lat' dir='ltr'><strong>hae</strong></span> <span class='ocrx_word' id='word_1_683' title='bbox 3098 3178 3451 3248; x_wconf 86' lang='lat' dir='ltr'><strong>cogitationes</strong></span> <span class='ocrx_word' id='word_1_684' title='bbox 3480 3192 3621 3248; x_wconf 72' lang='lat' dir='ltr'><strong>mea:</strong></span> <span class='ocrx_word' id='word_1_685' title='bbox 3655 3187 3777 3232; x_wconf 87' lang='lat' dir='ltr'><strong>sunt</strong></span> 
     </span>
    </p>
   </div>
   <div class='ocr_carea' id='block_1_96' title="bbox 2190 3247 3777 3320">
    <p class='ocr_par' dir='ltr' id='par_1_96' title="bbox 2190 3247 3777 3320">
     <span class='ocr_line' id='line_1_100' title="bbox 2190 3247 3777 3320; baseline -0.001 -15"><span class='ocrx_word' id='word_1_686' title='bbox 2190 3252 2391 3316; x_wconf 85' lang='lat' dir='ltr'><strong>multis,</strong></span> <span class='ocrx_word' id='word_1_687' title='bbox 2422 3249 2627 3305; x_wconf 74' lang='lat' dir='ltr'><strong>crebra:</strong></span> <span class='ocrx_word' id='word_1_688' title='bbox 2653 3247 2781 3304; x_wconf 82' lang='lat' dir='ltr'><strong>sunt</strong></span> <span class='ocrx_word' id='word_1_689' title='bbox 2809 3250 3015 3320; x_wconf 88' lang='lat' dir='ltr'><strong>paucis,</strong></span> <span class='ocrx_word' id='word_1_690' title='bbox 3048 3247 3226 3318; x_wconf 34' lang='lat' dir='ltr'><strong>quia’a</strong></span> <span class='ocrx_word' id='word_1_691' title='bbox 3259 3248 3393 3320; x_wconf 75' lang='lat' dir='ltr'><strong>solis</strong></span> <span class='ocrx_word' id='word_1_692' title='bbox 3419 3247 3674 3320; x_wconf 71' lang='lat' dir='ltr'><strong>fidelibus</strong></span> <span class='ocrx_word' id='word_1_693' title='bbox 3700 3249 3777 3320; x_wconf 78' lang='lat' dir='ltr'><strong>sic</strong></span> 
     </span>
    </p>
   </div>
   <div class='ocr_carea' id='block_1_97' title="bbox 2191 3317 3783 3389">
    <p class='ocr_par' dir='ltr' id='par_1_97' title="bbox 2191 3317 3783 3389">
     <span class='ocr_line' id='line_1_101' title="bbox 2191 3317 3783 3389; baseline -0.003 -13"><span class='ocrx_word' id='word_1_694' title='bbox 2191 3321 2460 3386; x_wconf 88' lang='lat' dir='ltr'><strong>clamant,</strong></span> <span class='ocrx_word' id='word_1_695' title='bbox 2494 3328 2551 3375; x_wconf 90' lang='lat' dir='ltr'><strong>ut</strong></span> <span class='ocrx_word' id='word_1_696' title='bbox 2594 3317 2824 3374; x_wconf 78' lang='lat' dir='ltr'><strong>aliunde</strong></span> <span class='ocrx_word' id='word_1_697' title='bbox 2840 3336 2945 3376; x_wconf 91' lang='lat' dir='ltr'><strong>non</strong></span> <span class='ocrx_word' id='word_1_698' title='bbox 2984 3317 3269 3389; x_wconf 85' lang='lat' dir='ltr'><strong>cogitetur.</strong></span> <span class='ocrx_word' id='word_1_699' title='bbox 3298 3318 3450 3386; x_wconf 86' lang='lat' dir='ltr'><strong>Quod</strong></span> <span class='ocrx_word' id='word_1_700' title='bbox 3480 3320 3579 3389; x_wconf 85' lang='lat' dir='ltr'><strong>iste</strong></span> <span class='ocrx_word' id='word_1_701' title='bbox 3607 3317 3783 3389; x_wconf 54' lang='lat' dir='ltr'><strong>pgoli-</strong></span> 
     </span>
    </p>
   </div>
   <div class='ocr_carea' id='block_1_98' title="bbox 2192 3387 3767 3459">
    <p class='ocr_par' dir='ltr' id='par_1_98' title="bbox 2192 3387 3767 3459">
     <span class='ocr_line' id='line_1_102' title="bbox 2192 3387 3767 3459; baseline -0.004 -13"><span class='ocrx_word' id='word_1_702' title='bbox 2192 3401 2356 3459; x_wconf 90' lang='lat' dir='ltr'><strong>tetur,</strong></span> <span class='ocrx_word' id='word_1_703' title='bbox 2384 3392 2607 3447; x_wconf 89' lang='lat' dir='ltr'><strong>dicens:</strong></span> <span class='ocrx_word' id='word_1_704' title='bbox 2641 3389 2870 3446; x_wconf 87' lang='lat' dir='ltr'><strong>Ctamavi</strong></span> <span class='ocrx_word' id='word_1_705' title='bbox 2912 3394 2965 3444; x_wconf 90' lang='lat' dir='ltr'><strong>in</strong></span> <span class='ocrx_word' id='word_1_706' title='bbox 3013 3387 3115 3446; x_wconf 77' lang='lat' dir='ltr'><strong>toto</strong></span> <span class='ocrx_word' id='word_1_707' title='bbox 3159 3390 3332 3454; x_wconf 86' lang='lat' dir='ltr'><strong>corde,</strong></span> <span class='ocrx_word' id='word_1_708' title='bbox 3378 3399 3427 3444; x_wconf 90' lang='lat' dir='ltr'><strong>et</strong></span> <span class='ocrx_word' id='word_1_709' title='bbox 3466 3388 3610 3451; x_wconf 87' lang='lat' dir='ltr'><strong>ideo,</strong></span> <span class='ocrx_word' id='word_1_710' title='bbox 3644 3387 3767 3440; x_wconf 85' lang='lat' dir='ltr'><strong>Do-</strong></span> 
     </span>
    </p>
   </div>
   <div class='ocr_carea' id='block_1_99' title="bbox 2190 3460 3777 3533">
    <p class='ocr_par' dir='ltr' id='par_1_99' title="bbox 2190 3460 3777 3533">
     <span class='ocr_line' id='line_1_103' title="bbox 2190 3460 3777 3533; baseline -0.003 -17"><span class='ocrx_word' id='word_1_711' title='bbox 2190 3464 2348 3530; x_wconf 88' lang='lat' dir='ltr'><strong>mine,</strong></span> <span class='ocrx_word' id='word_1_712' title='bbox 2382 3462 2569 3517; x_wconf 74' lang='lat' dir='ltr'><strong>exaudi</strong></span> <span class='ocrx_word' id='word_1_713' title='bbox 2598 3478 2697 3525; x_wconf 90' lang='lat' dir='ltr'><strong>me,</strong></span> <span class='ocrx_word' id='word_1_714' title='bbox 2729 3472 2786 3516; x_wconf 89' lang='lat' dir='ltr'><strong>ut</strong></span> <span class='ocrx_word' id='word_1_715' title='bbox 2818 3478 2917 3533; x_wconf 88' lang='lat' dir='ltr'><strong>ego</strong></span> <span class='ocrx_word' id='word_1_716' title='bbox 2940 3461 3491 3531; x_wconf 77' lang='lat' dir='ltr'><strong>exauditus‘requiram</strong></span> <span class='ocrx_word' id='word_1_717' title='bbox 3511 3460 3777 3533; x_wconf 45' lang='lat' dir='ltr'><strong>justiﬁcaf</strong></span> 
     </span>
    </p>
   </div>
   <div class='ocr_carea' id='block_1_100' title="bbox 2191 3530 3779 3603">
    <p class='ocr_par' dir='ltr' id='par_1_100' title="bbox 2191 3530 3779 3603">
     <span class='ocr_line' id='line_1_104' title="bbox 2191 3530 3779 3603; baseline -0.002 -16"><span class='ocrx_word' id='word_1_718' title='bbox 2191 3534 2355 3588; x_wconf 87' lang='lat' dir='ltr'><strong>tiones</strong></span> <span class='ocrx_word' id='word_1_719' title='bbox 2400 3544 2512 3587; x_wconf 90' lang='lat' dir='ltr'><strong>tuas</strong></span> <span class='ocrx_word' id='word_1_720' title='bbox 2555 3534 2725 3603; x_wconf 84' lang='lat' dir='ltr'><strong>magis</strong></span> <span class='ocrx_word' id='word_1_721' title='bbox 2769 3541 2825 3587; x_wconf 92' lang='lat' dir='ltr'><strong>et</strong></span> <span class='ocrx_word' id='word_1_722' title='bbox 2854 3530 3056 3602; x_wconf 44' lang='lat' dir='ltr'><strong>‘magis,</strong></span> <span class='ocrx_word' id='word_1_723' title='bbox 3091 3547 3197 3587; x_wconf 89' lang='lat' dir='ltr'><strong>non</strong></span> <span class='ocrx_word' id='word_1_724' title='bbox 3241 3530 3311 3586; x_wconf 89' lang='lat' dir='ltr'><strong>ad</strong></span> <span class='ocrx_word' id='word_1_725' title='bbox 3350 3533 3655 3596; x_wconf 86' lang='lat' dir='ltr'><strong>sciendum,</strong></span> <span class='ocrx_word' id='word_1_726' title='bbox 3679 3530 3779 3585; x_wconf 84' lang='lat' dir='ltr'><strong>sed</strong></span> 
     </span>
    </p>
   </div>
   <div class='ocr_carea' id='block_1_101' title="bbox 2190 3603 3780 3671">
    <p class='ocr_par' dir='ltr' id='par_1_101' title="bbox 2190 3603 3780 3671">
     <span class='ocr_line' id='line_1_105' title="bbox 2190 3603 3780 3671; baseline -0.004 -11"><span class='ocrx_word' id='word_1_727' title='bbox 2190 3605 2258 3659; x_wconf 87' lang='lat' dir='ltr'><strong>ad</strong></span> <span class='ocrx_word' id='word_1_728' title='bbox 2304 3605 2627 3660; x_wconf 82' lang='lat' dir='ltr'><strong>faciendum.</strong></span> <span class='ocrx_word' id='word_1_729' title='bbox 2661 3603 2907 3669; x_wconf 86' lang='lat' dir='ltr'><strong>Ctamavi,</strong></span> <span class='ocrx_word' id='word_1_730' title='bbox 2938 3605 3076 3669; x_wconf 92' lang='lat' dir='ltr'><strong>dico,</strong></span> <span class='ocrx_word' id='word_1_731' title='bbox 3109 3605 3175 3656; x_wconf 89' lang='lat' dir='ltr'><strong>ad</strong></span> <span class='ocrx_word' id='word_1_732' title='bbox 3216 3612 3280 3671; x_wconf 91' lang='lat' dir='ltr'><strong>te,</strong></span> <span class='ocrx_word' id='word_1_733' title='bbox 3309 3612 3365 3657; x_wconf 91' lang='lat' dir='ltr'><strong>et</strong></span> <span class='ocrx_word' id='word_1_734' title='bbox 3412 3603 3540 3656; x_wconf 91' lang='lat' dir='ltr'><strong>ideo</strong></span> <span class='ocrx_word' id='word_1_735' title='bbox 3577 3603 3780 3655; x_wconf 72' lang='lat' dir='ltr'><strong>salvum</strong></span> 
     </span>
    </p>
   </div>
   <div class='ocr_carea' id='block_1_102' title="bbox 2190 3673 3777 3745">
    <p class='ocr_par' dir='ltr' id='par_1_102' title="bbox 2190 3673 3777 3745">
     <span class='ocr_line' id='line_1_106' title="bbox 2190 3673 3777 3745; baseline -0.003 -14"><span class='ocrx_word' id='word_1_736' title='bbox 2190 3692 2270 3731; x_wconf 82' lang='lat' dir='ltr'><strong>me</strong></span> <span class='ocrx_word' id='word_1_737' title='bbox 2300 3677 2384 3745; x_wconf 79' lang='lat' dir='ltr'><strong>fac</strong></span> <span class='ocrx_word' id='word_1_738' title='bbox 2427 3675 2603 3730; x_wconf 88' lang='lat' dir='ltr'><strong>dando</strong></span> <span class='ocrx_word' id='word_1_739' title='bbox 2650 3676 3123 3745; x_wconf 80' lang='lat' dir='ltr'><strong>perseverantiam,</strong></span> <span class='ocrx_word' id='word_1_740' title='bbox 3154 3689 3221 3729; x_wconf 89' lang='lat' dir='ltr'><strong>ne</strong></span> <span class='ocrx_word' id='word_1_741' title='bbox 3265 3688 3358 3743; x_wconf 90' lang='lat' dir='ltr'><strong>per</strong></span> <span class='ocrx_word' id='word_1_742' title='bbox 3404 3673 3777 3745; x_wconf 79' lang='lat' dir='ltr'><strong>inﬁrmitatem</strong></span> 
     </span>
    </p>
   </div>
   <div class='ocr_carea' id='block_1_103' title="bbox 2193 3744 3779 3818">
    <p class='ocr_par' dir='ltr' id='par_1_103' title="bbox 2193 3744 3779 3818">
     <span class='ocr_line' id='line_1_107' title="bbox 2193 3744 3779 3818; baseline -0.004 -15"><span class='ocrx_word' id='word_1_743' title='bbox 2193 3757 2246 3803; x_wconf 82' lang='lat' dir='ltr'><strong>te</strong></span> <span class='ocrx_word' id='word_1_744' title='bbox 2274 3744 2482 3818; x_wconf 88' lang='lat' dir='ltr'><strong>negem.</strong></span> <span class='ocrx_word' id='word_1_745' title='bbox 2503 3746 2628 3818; x_wconf 65' lang='lat' dir='ltr'><strong>Non</strong></span> <span class='ocrx_word' id='word_1_746' title='bbox 2668 3756 2751 3801; x_wconf 86' lang='lat' dir='ltr'><strong>est</strong></span> <span class='ocrx_word' id='word_1_747' title='bbox 2792 3746 2936 3801; x_wconf 88' lang='lat' dir='ltr'><strong>enim</strong></span> <span class='ocrx_word' id='word_1_748' title='bbox 2969 3747 3133 3818; x_wconf 84' lang='lat' dir='ltr'><strong>salus,</strong></span> <span class='ocrx_word' id='word_1_749' title='bbox 3163 3746 3250 3800; x_wconf 92' lang='lat' dir='ltr'><strong>ubi</strong></span> <span class='ocrx_word' id='word_1_750' title='bbox 3285 3744 3592 3818; x_wconf 84' lang='lat' dir='ltr'><strong>succumbit</strong></span> <span class='ocrx_word' id='word_1_751' title='bbox 3632 3744 3779 3797; x_wconf 83' lang='lat' dir='ltr'><strong>inﬁr-</strong></span> 
     </span>
    </p>
   </div>
   <div class='ocr_carea' id='block_1_104' title="bbox 2192 3816 3776 3885">
    <p class='ocr_par' dir='ltr' id='par_1_104' title="bbox 2192 3816 3776 3885">
     <span class='ocr_line' id='line_1_108' title="bbox 2192 3816 3776 3885; baseline -0.004 -12"><span class='ocrx_word' id='word_1_752' title='bbox 2192 3816 2371 3883; x_wconf 68' lang='lat' dir='ltr'><strong>mitas,</strong></span> <span class='ocrx_word' id='word_1_753' title='bbox 2402 3826 2457 3873; x_wconf 93' lang='lat' dir='ltr'><strong>et</strong></span> <span class='ocrx_word' id='word_1_754' title='bbox 2483 3817 2751 3873; x_wconf 89' lang='lat' dir='ltr'><strong>deseritur</strong></span> <span class='ocrx_word' id='word_1_755' title='bbox 2794 3819 3009 3872; x_wconf 76' lang='lat' dir='ltr'><strong>veritas.</strong></span> <span class='ocrx_word' id='word_1_756' title='bbox 3038 3816 3252 3873; x_wconf 71' lang='lat' dir='ltr'><strong>Salvum</strong></span> <span class='ocrx_word' id='word_1_757' title='bbox 3279 3833 3355 3869; x_wconf 88' lang='lat' dir='ltr'><strong>me</strong></span> <span class='ocrx_word' id='word_1_758' title='bbox 3389 3817 3496 3885; x_wconf 77' lang='lat' dir='ltr'><strong>fac,</strong></span> <span class='ocrx_word' id='word_1_759' title='bbox 3531 3817 3776 3881; x_wconf 82' lang='lat' dir='ltr'><strong>inquam,</strong></span> 
     </span>
    </p>
   </div>
   <div class='ocr_carea' id='block_1_105' title="bbox 2191 3885 3777 3950">
    <p class='ocr_par' dir='ltr' id='par_1_105' title="bbox 2191 3885 3777 3950">
     <span class='ocr_line' id='line_1_109' title="bbox 2191 3885 3777 3950; baseline -0.003 -7"><span class='ocrx_word' id='word_1_760' title='bbox 2191 3900 2248 3943; x_wconf 90' lang='lat' dir='ltr'><strong>ut</strong></span> <span class='ocrx_word' id='word_1_761' title='bbox 2277 3890 2560 3943; x_wconf 90' lang='lat' dir='ltr'><strong>custodiam</strong></span> <span class='ocrx_word' id='word_1_762' title='bbox 2593 3889 2835 3941; x_wconf 90' lang='lat' dir='ltr'><strong>mandata</strong></span> <span class='ocrx_word' id='word_1_763' title='bbox 2865 3899 2973 3942; x_wconf 90' lang='lat' dir='ltr'><strong>tua.</strong></span> <span class='ocrx_word' id='word_1_764' title='bbox 3005 3888 3070 3942; x_wconf 88' lang='lat' dir='ltr'><strong>Et</strong></span> <span class='ocrx_word' id='word_1_765' title='bbox 3105 3887 3268 3942; x_wconf 89' lang='lat' dir='ltr'><strong>debes</strong></span> <span class='ocrx_word' id='word_1_766' title='bbox 3308 3889 3526 3941; x_wconf 87' lang='lat' dir='ltr'><strong>salvum</strong></span> <span class='ocrx_word' id='word_1_767' title='bbox 3576 3885 3777 3950; x_wconf 79' lang='lat' dir='ltr'><strong>facere,</strong></span> 
     </span>
    </p>
   </div>
   <div class='ocr_carea' id='block_1_106' title="bbox 2193 3956 3781 4031">
    <p class='ocr_par' dir='ltr' id='par_1_106' title="bbox 2193 3956 3781 4031">
     <span class='ocr_line' id='line_1_110' title="bbox 2193 3956 3781 4031; baseline -0.003 -17"><span class='ocrx_word' id='word_1_768' title='bbox 2193 3960 2315 4031; x_wconf 84' lang='lat' dir='ltr'><strong>quia</strong></span> <span class='ocrx_word' id='word_1_769' title='bbox 2345 3962 2563 4031; x_wconf 71' lang='lat' dir='ltr'><strong>praeveni</strong></span> <span class='ocrx_word' id='word_1_770' title='bbox 2594 3958 2781 4015; x_wconf 82' lang='lat' dir='ltr'><strong>faciem</strong></span> <span class='ocrx_word' id='word_1_771' title='bbox 2815 3967 2967 4031; x_wconf 83' lang='lat' dir='ltr'><strong>tuam</strong></span> <span class='ocrx_word' id='word_1_772' title='bbox 3003 3959 3055 4014; x_wconf 94' lang='lat' dir='ltr'><strong>in</strong></span> <span class='ocrx_word' id='word_1_773' title='bbox 3085 3956 3479 4031; x_wconf 69' lang='lat' dir='ltr'><strong>confessionem</strong></span> <span class='ocrx_word' id='word_1_774' title='bbox 3511 3958 3568 4009; x_wconf 82' lang='lat' dir='ltr'><strong>in</strong></span> <span class='ocrx_word' id='word_1_775' title='bbox 3611 3968 3781 4010; x_wconf 75' lang='lat' dir='ltr'><strong>matu-</strong></span> 
     </span>
    </p>
   </div>
   <div class='ocr_carea' id='block_1_107' title="bbox 2192 4028 3782 4099">
    <p class='ocr_par' dir='ltr' id='par_1_107' title="bbox 2192 4028 3782 4099">
     <span class='ocr_line' id='line_1_111' title="bbox 2192 4028 3782 4099; baseline -0.003 -14"><span class='ocrx_word' id='word_1_776' title='bbox 2192 4028 2363 4098; x_wconf 76' lang='lat' dir='ltr'><strong>ritate,</strong></span> <span class='ocrx_word' id='word_1_777' title='bbox 2405 4031 2459 4086; x_wconf 90' lang='lat' dir='ltr'><strong>id</strong></span> <span class='ocrx_word' id='word_1_778' title='bbox 2502 4041 2602 4099; x_wconf 88' lang='lat' dir='ltr'><strong>est,</strong></span> <span class='ocrx_word' id='word_1_779' title='bbox 2638 4032 2690 4085; x_wconf 92' lang='lat' dir='ltr'><strong>in</strong></span> <span class='ocrx_word' id='word_1_780' title='bbox 2721 4030 3125 4086; x_wconf 88' lang='lat' dir='ltr'><strong>consedulitate.</strong></span> <span class='ocrx_word' id='word_1_781' title='bbox 3155 4028 3307 4096; x_wconf 89' lang='lat' dir='ltr'><strong>Quod</strong></span> <span class='ocrx_word' id='word_1_782' title='bbox 3354 4036 3592 4083; x_wconf 87' lang='lat' dir='ltr'><strong>tractum</strong></span> <span class='ocrx_word' id='word_1_783' title='bbox 3641 4038 3782 4082; x_wconf 87' lang='lat' dir='ltr'><strong>esta</strong></span> 
     </span>
    </p>
   </div>
   <div class='ocr_carea' id='block_1_108' title="bbox 2197 4099 3780 4169">
    <p class='ocr_par' dir='ltr' id='par_1_108' title="bbox 2197 4099 3780 4169">
     <span class='ocr_line' id='line_1_112' title="bbox 2197 4099 3780 4169; baseline -0.003 -13"><span class='ocrx_word' id='word_1_784' title='bbox 2197 4103 2406 4168; x_wconf 90' lang='lat' dir='ltr'><strong>vicinis,</strong></span> <span class='ocrx_word' id='word_1_785' title='bbox 2442 4102 2762 4157; x_wconf 87' lang='lat' dir='ltr'><strong>habentibus</strong></span> <span class='ocrx_word' id='word_1_786' title='bbox 2794 4116 2948 4169; x_wconf 91' lang='lat' dir='ltr'><strong>poma</strong></span> <span class='ocrx_word' id='word_1_787' title='bbox 2991 4100 3319 4165; x_wconf 89' lang='lat' dir='ltr'><strong>communia,</strong></span> <span class='ocrx_word' id='word_1_788' title='bbox 3348 4114 3586 4167; x_wconf 90' lang='lat' dir='ltr'><strong>quorum</strong></span> <span class='ocrx_word' id='word_1_789' title='bbox 3636 4099 3780 4169; x_wconf 87' lang='lat' dir='ltr'><strong>quis-</strong></span> 
     </span>
    </p>
   </div>
   <div class='ocr_carea' id='block_1_109' title="bbox 2194 4169 3783 4242">
    <p class='ocr_par' dir='ltr' id='par_1_109' title="bbox 2194 4169 3783 4242">
     <span class='ocr_line' id='line_1_113' title="bbox 2194 4169 3783 4242; baseline -0.001 -16"><span class='ocrx_word' id='word_1_790' title='bbox 2194 4190 2299 4242; x_wconf 92' lang='lat' dir='ltr'><strong>que</strong></span> <span class='ocrx_word' id='word_1_791' title='bbox 2342 4174 2562 4228; x_wconf 78' lang='lat' dir='ltr'><strong>sedulus</strong></span> <span class='ocrx_word' id='word_1_792' title='bbox 2591 4183 2677 4228; x_wconf 89' lang='lat' dir='ltr'><strong>est</strong></span> <span class='ocrx_word' id='word_1_793' title='bbox 2720 4173 3013 4239; x_wconf 88' lang='lat' dir='ltr'><strong>anticipare</strong></span> <span class='ocrx_word' id='word_1_794' title='bbox 3056 4172 3191 4226; x_wconf 84' lang='lat' dir='ltr'><strong>alios</strong></span> <span class='ocrx_word' id='word_1_795' title='bbox 3222 4170 3275 4224; x_wconf 92' lang='lat' dir='ltr'><strong>in</strong></span> <span class='ocrx_word' id='word_1_796' title='bbox 3317 4169 3652 4242; x_wconf 83' lang='lat' dir='ltr'><strong>collectione</strong></span> <span class='ocrx_word' id='word_1_797' title='bbox 3693 4185 3783 4238; x_wconf 85' lang='lat' dir='ltr'><strong>po-</strong></span> 
     </span>
    </p>
   </div>
   <div class='ocr_carea' id='block_1_110' title="bbox 2196 4239 3779 4313">
    <p class='ocr_par' dir='ltr' id='par_1_110' title="bbox 2196 4239 3779 4313">
     <span class='ocr_line' id='line_1_114' title="bbox 2196 4239 3779 4313; baseline -0.004 -14"><span class='ocrx_word' id='word_1_798' title='bbox 2196 4239 2426 4299; x_wconf 82' lang='lat' dir='ltr'><strong>morum.</strong></span> <span class='ocrx_word' id='word_1_799' title='bbox 2468 4244 2635 4313; x_wconf 33' lang='lat' dir='ltr'><strong>velvsi</strong></span> <span class='ocrx_word' id='word_1_800' title='bbox 2680 4244 2735 4296; x_wconf 88' lang='lat' dir='ltr'><strong>in</strong></span> <span class='ocrx_word' id='word_1_801' title='bbox 2781 4243 3035 4311; x_wconf 87' lang='lat' dir='ltr'><strong>accipitur</strong></span> <span class='ocrx_word' id='word_1_802' title='bbox 3078 4257 3181 4295; x_wconf 92' lang='lat' dir='ltr'><strong>non</strong></span> <span class='ocrx_word' id='word_1_803' title='bbox 3227 4239 3555 4313; x_wconf 89' lang='lat' dir='ltr'><strong>appositum,</strong></span> <span class='ocrx_word' id='word_1_804' title='bbox 3601 4250 3779 4309; x_wconf 86' lang='lat' dir='ltr'><strong>potest</strong></span> 
     </span>
    </p>
   </div>
   <div class='ocr_carea' id='block_1_111' title="bbox 2196 4312 3778 4383">
    <p class='ocr_par' dir='ltr' id='par_1_111' title="bbox 2196 4312 3778 4383">
     <span class='ocr_line' id='line_1_115' title="bbox 2196 4312 3778 4383; baseline -0.003 -13"><span class='ocrx_word' id='word_1_805' title='bbox 2196 4330 2314 4371; x_wconf 87' lang='lat' dir='ltr'><strong>esse</strong></span> <span class='ocrx_word' id='word_1_806' title='bbox 2341 4330 2441 4369; x_wconf 82' lang='lat' dir='ltr'><strong>vox</strong></span> <span class='ocrx_word' id='word_1_807' title='bbox 2475 4312 2683 4368; x_wconf 89' lang='lat' dir='ltr'><strong>illorum</strong></span> <span class='ocrx_word' id='word_1_808' title='bbox 2717 4313 2950 4368; x_wconf 88' lang='lat' dir='ltr'><strong>ﬁdelium</strong></span> <span class='ocrx_word' id='word_1_809' title='bbox 2989 4314 3081 4383; x_wconf 89' lang='lat' dir='ltr'><strong>qui</strong></span> <span class='ocrx_word' id='word_1_810' title='bbox 3107 4312 3208 4366; x_wconf 92' lang='lat' dir='ltr'><strong>sub</strong></span> <span class='ocrx_word' id='word_1_811' title='bbox 3237 4312 3353 4381; x_wconf 84' lang='lat' dir='ltr'><strong>lege</strong></span> <span class='ocrx_word' id='word_1_812' title='bbox 3392 4321 3576 4375; x_wconf 87' lang='lat' dir='ltr'><strong>erant,</strong></span> <span class='ocrx_word' id='word_1_813' title='bbox 3609 4320 3669 4365; x_wconf 89' lang='lat' dir='ltr'><strong>et</strong></span> <span class='ocrx_word' id='word_1_814' title='bbox 3702 4322 3778 4366; x_wconf 84' lang='lat' dir='ltr'><strong>ta-</strong></span> 
     </span>
    </p>
   </div>
   <div class='ocr_carea' id='block_1_112' title="bbox 2197 4384 3782 4451">
    <p class='ocr_par' dir='ltr' id='par_1_112' title="bbox 2197 4384 3782 4451">
     <span class='ocr_line' id='line_1_116' title="bbox 2197 4384 3782 4451; baseline -0.003 -10"><span class='ocrx_word' id='word_1_815' title='bbox 2197 4402 2317 4441; x_wconf 90' lang='lat' dir='ltr'><strong>men</strong></span> <span class='ocrx_word' id='word_1_816' title='bbox 2354 4385 2634 4440; x_wconf 91' lang='lat' dir='ltr'><strong>Dominum</strong></span> <span class='ocrx_word' id='word_1_817' title='bbox 2664 4384 2716 4438; x_wconf 89' lang='lat' dir='ltr'><strong>in</strong></span> <span class='ocrx_word' id='word_1_818' title='bbox 2742 4400 2903 4439; x_wconf 91' lang='lat' dir='ltr'><strong>carne</strong></span> <span class='ocrx_word' id='word_1_819' title='bbox 2929 4394 3211 4439; x_wconf 88' lang='lat' dir='ltr'><strong>venturum</strong></span> <span class='ocrx_word' id='word_1_820' title='bbox 3244 4398 3338 4451; x_wconf 87' lang='lat' dir='ltr'><strong>per</strong></span> <span class='ocrx_word' id='word_1_821' title='bbox 3362 4384 3618 4451; x_wconf 86' lang='lat' dir='ltr'><strong>spiritum</strong></span> <span class='ocrx_word' id='word_1_822' title='bbox 3648 4397 3782 4451; x_wconf 56' lang='lat' dir='ltr'><strong>prae.</strong></span> 
     </span>
    </p>
   </div>
   <div class='ocr_carea' id='block_1_113' title="bbox 2200 4452 3782 4521">
    <p class='ocr_par' dir='ltr' id='par_1_113' title="bbox 2200 4452 3782 4521">
     <span class='ocr_line' id='line_1_117' title="bbox 2200 4452 3782 4521; baseline -0.002 -11"><span class='ocrx_word' id='word_1_823' title='bbox 2200 4456 2468 4521; x_wconf 85' lang='lat' dir='ltr'><strong>videbant,</strong></span> <span class='ocrx_word' id='word_1_824' title='bbox 2492 4464 2547 4511; x_wconf 91' lang='lat' dir='ltr'><strong>et</strong></span> <span class='ocrx_word' id='word_1_825' title='bbox 2574 4455 2651 4510; x_wconf 82' lang='lat' dir='ltr'><strong>illi</strong></span> <span class='ocrx_word' id='word_1_826' title='bbox 2672 4470 2730 4510; x_wconf 88' lang='lat' dir='ltr'><strong>se</strong></span> <span class='ocrx_word' id='word_1_827' title='bbox 2750 4454 3175 4510; x_wconf 72' lang='lat' dir='ltr'><strong>conformabunt.</strong></span> <span class='ocrx_word' id='word_1_828' title='bbox 3194 4452 3545 4508; x_wconf 81' lang='lat' dir='ltr'><strong>lm&#39;maturum</strong></span> <span class='ocrx_word' id='word_1_829' title='bbox 3571 4464 3782 4521; x_wconf 88' lang='lat' dir='ltr'><strong>tempus</strong></span> 
     </span>
    </p>
   </div>
   <div class='ocr_carea' id='block_1_114' title="bbox 520 4508 3778 4599">
    <p class='ocr_par' dir='ltr' id='par_1_114' title="bbox 520 4508 3778 4599">
     <span class='ocr_line' id='line_1_118' title="bbox 520 4508 3778 4599; baseline 0 -23"><span class='ocrx_word' id='word_1_830' title='bbox 520 4508 1017 4599; x_wconf 58' lang='lat' dir='ltr'><strong>nivit&#39;vebementer</strong></span> <span class='ocrx_word' id='word_1_831' title='bbox 1039 4508 1304 4599; x_wconf 72' lang='lat' dir='ltr'><strong>eldguium</strong></span> <span class='ocrx_word' id='word_1_832' title='bbox 1323 4508 1475 4580; x_wconf 78' lang='lat' dir='ltr'><strong>tuum</strong></span> <span class='ocrx_word' id='word_1_833' title='bbox 1503 4508 1821 4599; x_wconf 70' lang='lat' dir='ltr'><strong>ignitum,ii_l</strong></span> <span class='ocrx_word' id='word_1_834' title='bbox 1844 4508 2097 4599; x_wconf 62' lang='grc' dir='ltr'><strong>ἓέὶζίεἶῖφ</strong></span> <span class='ocrx_word' id='word_1_835' title='bbox 2123 4508 2178 4569; x_wconf 82' lang='grc' dir='ltr'><strong>Ῑ)</strong></span> <span class='ocrx_word' id='word_1_836' title='bbox 2200 4508 2346 4594; x_wconf 57' lang='lat' dir='ltr'><strong>eiii,&quot;</strong></span> <span class='ocrx_word' id='word_1_837' title='bbox 2359 4508 2845 4599; x_wconf 24' lang='lat' dir='ltr'><strong>quoniamﬁadbuc</strong></span> <span class='ocrx_word' id='word_1_838' title='bbox 2863 4508 2978 4599; x_wconf 80' lang='lat' dir='ltr'><strong>lege</strong></span> <span class='ocrx_word' id='word_1_839' title='bbox 2998 4508 3487 4599; x_wconf 78' lang='lat' dir='ltr'><strong>premebantur._et</strong></span> <span class='ocrx_word' id='word_1_840' title='bbox 3537 4508 3778 4577; x_wconf 71' lang='lat' dir='ltr'><strong>nondum</strong></span> 
     </span>
    </p>
   </div>
   <div class='ocr_carea' id='block_1_115' title="bbox 521 4594 2099 4665">
    <p class='ocr_par' dir='ltr' id='par_1_115' title="bbox 521 4594 2099 4665">
     <span class='ocr_line' id='line_1_119' title="bbox 521 4594 2099 4665; baseline 0.004 -20"><span class='ocrx_word' id='word_1_841' title='bbox 521 4594 761 4649; x_wconf 87' lang='lat' dir='ltr'><strong>veritatis</strong></span> <span class='ocrx_word' id='word_1_842' title='bbox 786 4611 1089 4651; x_wconf 88' lang='lat' dir='ltr'><strong>accensum.</strong></span> <span class='ocrx_word' id='word_1_843' title='bbox 1123 4594 1200 4651; x_wconf 89' lang='lat' dir='ltr'><strong>De</strong></span> <span class='ocrx_word' id='word_1_844' title='bbox 1239 4613 1343 4665; x_wconf 88' lang='lat' dir='ltr'><strong>quo</strong></span> <span class='ocrx_word' id='word_1_845' title='bbox 1376 4599 1495 4665; x_wconf 84' lang='lat' dir='ltr'><strong>igne</strong></span> <span class='ocrx_word' id='word_1_846' title='bbox 1526 4594 1753 4651; x_wconf 77' lang='lat' dir='ltr'><strong>dicitur:</strong></span> <span class='ocrx_word' id='word_1_847' title='bbox 1788 4596 1961 4665; x_wconf 85' lang='lat' dir='ltr'><strong>Ignem</strong></span> <span class='ocrx_word' id='word_1_848' title='bbox 1988 4594 2099 4651; x_wconf 77' lang='lat' dir='ltr'><strong>veni</strong></span> 
     </span>
    </p>
   </div>
   <div class='ocr_carea' id='block_1_116' title="bbox 521 4666 2100 4737">
    <p class='ocr_par' dir='ltr' id='par_1_116' title="bbox 521 4666 2100 4737">
     <span class='ocr_line' id='line_1_120' title="bbox 521 4666 2100 4737; baseline 0.004 -21"><span class='ocrx_word' id='word_1_849' title='bbox 521 4666 721 4737; x_wconf 74' lang='lat' dir='ltr'><strong>mittere</strong></span> <span class='ocrx_word' id='word_1_850' title='bbox 754 4668 803 4719; x_wconf 89' lang='lat' dir='ltr'><strong>in</strong></span> <span class='ocrx_word' id='word_1_851' title='bbox 836 4677 1042 4731; x_wconf 89' lang='lat' dir='ltr'><strong>terram,</strong></span> <span class='ocrx_word' id='word_1_852' title='bbox 1066 4678 1109 4720; x_wconf 89' lang='lat' dir='ltr'><strong>et</strong></span> <span class='ocrx_word' id='word_1_853' title='bbox 1132 4668 1254 4735; x_wconf 87' lang='lat' dir='ltr'><strong>quid</strong></span> <span class='ocrx_word' id='word_1_854' title='bbox 1276 4668 1407 4731; x_wconf 87' lang='lat' dir='ltr'><strong>volo,</strong></span> <span class='ocrx_word' id='word_1_855' title='bbox 1431 4669 1528 4721; x_wconf 87' lang='lat' dir='ltr'><strong>nisi</strong></span> <span class='ocrx_word' id='word_1_856' title='bbox 1556 4677 1613 4721; x_wconf 91' lang='lat' dir='ltr'><strong>ut</strong></span> <span class='ocrx_word' id='word_1_857' title='bbox 1632 4668 1847 4722; x_wconf 86' lang='lat' dir='ltr'><strong>ardeat?</strong></span> <span class='ocrx_word' id='word_1_858' title='bbox 1868 4669 1962 4722; x_wconf 92' lang='lat' dir='ltr'><strong>lllo</strong></span> <span class='ocrx_word' id='word_1_859' title='bbox 1983 4670 2100 4737; x_wconf 83' lang='lat' dir='ltr'><strong>igne</strong></span> 
     </span>
    </p>
   </div>
   <div class='ocr_carea' id='block_1_117' title="bbox 521 4734 2101 4808">
    <p class='ocr_par' dir='ltr' id='par_1_117' title="bbox 521 4734 2101 4808">
     <span class='ocr_line' id='line_1_121' title="bbox 521 4734 2101 4808; baseline 0.001 -17"><span class='ocrx_word' id='word_1_860' title='bbox 521 4734 624 4791; x_wconf 87' lang='lat' dir='ltr'><strong>iste</strong></span> <span class='ocrx_word' id='word_1_861' title='bbox 651 4739 831 4792; x_wconf 89' lang='lat' dir='ltr'><strong>verius</strong></span> <span class='ocrx_word' id='word_1_862' title='bbox 861 4740 1056 4802; x_wconf 74' lang='lat' dir='ltr'><strong>ignitus</strong></span> <span class='ocrx_word' id='word_1_863' title='bbox 1088 4734 1203 4803; x_wconf 79' lang='lat' dir='ltr'><strong>fuit,</strong></span> <span class='ocrx_word' id='word_1_864' title='bbox 1231 4738 1353 4808; x_wconf 88' lang='lat' dir='ltr'><strong>quia</strong></span> <span class='ocrx_word' id='word_1_865' title='bbox 1377 4739 1442 4791; x_wconf 92' lang='lat' dir='ltr'><strong>ad</strong></span> <span class='ocrx_word' id='word_1_866' title='bbox 1480 4740 1576 4792; x_wconf 89' lang='lat' dir='ltr'><strong>hoc</strong></span> <span class='ocrx_word' id='word_1_867' title='bbox 1610 4740 1880 4808; x_wconf 79' lang='lat' dir='ltr'><strong>proximos</strong></span> <span class='ocrx_word' id='word_1_868' title='bbox 1905 4734 2101 4793; x_wconf 76' lang='lat' dir='ltr'><strong>ducere</strong></span> 
     </span>
    </p>
   </div>
   <div class='ocr_carea' id='block_1_118' title="bbox 524 4808 2099 4886">
    <p class='ocr_par' dir='ltr' id='par_1_118' title="bbox 524 4808 2099 4886">
     <span class='ocr_line' id='line_1_122' title="bbox 524 4808 2099 4886; baseline 0.003 -27"><span class='ocrx_word' id='word_1_869' title='bbox 524 4808 815 4886; x_wconf 74' lang='lat' dir='ltr'><strong>satagebat,</strong></span> <span class='ocrx_word' id='word_1_870' title='bbox 848 4808 987 4886; x_wconf 86' lang='lat' dir='ltr'><strong>quod</strong></span> <span class='ocrx_word' id='word_1_871' title='bbox 1017 4808 1133 4886; x_wconf 80' lang='lat' dir='ltr'><strong>ipse</strong></span> <span class='ocrx_word' id='word_1_872' title='bbox 1163 4808 1568 4886; x_wconf 70' lang='lat' dir='ltr'><strong>ﬂagrantissime</strong></span> <span class='ocrx_word' id='word_1_873' title='bbox 1594 4808 1865 4878; x_wconf 82' lang='lat' dir='ltr'><strong>diligebat,</strong></span> <span class='ocrx_word' id='word_1_874' title='bbox 1898 4811 1984 4878; x_wconf 90' lang='lat' dir='ltr'><strong>qui</strong></span> <span class='ocrx_word' id='word_1_875' title='bbox 2015 4810 2099 4863; x_wconf 85' lang='lat' dir='ltr'><strong>di-</strong></span> 
     </span>
    </p>
   </div>
   <div class='ocr_carea' id='block_1_119' title="bbox 520 4877 2101 4947">
    <p class='ocr_par' dir='ltr' id='par_1_119' title="bbox 520 4877 2101 4947">
     <span class='ocr_line' id='line_1_123' title="bbox 520 4877 2101 4947; baseline 0.002 -16"><span class='ocrx_word' id='word_1_876' title='bbox 520 4877 595 4931; x_wconf 90' lang='lat' dir='ltr'><strong>cit</strong></span> <span class='ocrx_word' id='word_1_877' title='bbox 621 4897 631 4928; x_wconf 88' lang='lat'><strong>:</strong></span> <span class='ocrx_word' id='word_1_878' title='bbox 658 4877 886 4947; x_wconf 81' lang='lat' dir='ltr'><strong>Ignitum</strong></span> <span class='ocrx_word' id='word_1_879' title='bbox 909 4882 1161 4946; x_wconf 87' lang='lat' dir='ltr'><strong>eloquium</strong></span> <span class='ocrx_word' id='word_1_880' title='bbox 1191 4892 1334 4933; x_wconf 91' lang='lat' dir='ltr'><strong>tuum</strong></span> <span class='ocrx_word' id='word_1_881' title='bbox 1359 4877 1763 4945; x_wconf 81' lang='lat' dir='ltr'><strong>vehementer,et</strong></span> <span class='ocrx_word' id='word_1_882' title='bbox 1794 4877 1962 4935; x_wconf 83' lang='lat' dir='ltr'><strong>servus</strong></span> <span class='ocrx_word' id='word_1_883' title='bbox 1988 4891 2101 4934; x_wconf 86' lang='lat' dir='ltr'><strong>tuus</strong></span> 
     </span>
    </p>
   </div>
   <div class='ocr_carea' id='block_1_120' title="bbox 524 4948 2104 5028">
    <p class='ocr_par' dir='ltr' id='par_1_120' title="bbox 524 4948 2104 5028">
     <span class='ocr_line' id='line_1_124' title="bbox 524 4948 2104 5028; baseline 0.003 -28"><span class='ocrx_word' id='word_1_884' title='bbox 524 4948 705 5028; x_wconf 71' lang='lat' dir='ltr'><strong>dilexit</strong></span> <span class='ocrx_word' id='word_1_885' title='bbox 734 4950 1021 5028; x_wconf 46' lang='lat' dir='ltr'><strong>illud.nPr0</strong></span> <span class='ocrx_word' id='word_1_886' title='bbox 1062 4966 1162 5018; x_wconf 90' lang='lat' dir='ltr'><strong>qua</strong></span> <span class='ocrx_word' id='word_1_887' title='bbox 1190 4951 1593 5028; x_wconf 71' lang='lat' dir='ltr'><strong>dilectioneego</strong></span> <span class='ocrx_word' id='word_1_888' title='bbox 1619 4952 1797 5028; x_wconf 75' lang='lat' dir='ltr'><strong>junior</strong></span> <span class='ocrx_word' id='word_1_889' title='bbox 1826 4953 1962 5028; x_wconf 83' lang='lat' dir='ltr'><strong>ﬁlius</strong></span> <span class='ocrx_word' id='word_1_890' title='bbox 2011 4953 2104 5005; x_wconf 87' lang='lat' dir='ltr'><strong>ha-</strong></span> 
     </span>
    </p>
   </div>
   <div class='ocr_carea' id='block_1_121' title="bbox 522 5018 2104 5091">
    <p class='ocr_par' dir='ltr' id='par_1_121' title="bbox 522 5018 2104 5091">
     <span class='ocr_line' id='line_1_125' title="bbox 522 5018 2104 5091; baseline 0.002 -18"><span class='ocrx_word' id='word_1_891' title='bbox 522 5018 667 5073; x_wconf 87' lang='lat' dir='ltr'><strong>bitus</strong></span> <span class='ocrx_word' id='word_1_892' title='bbox 693 5034 858 5091; x_wconf 76' lang='lat' dir='ltr'><strong>sunta</strong></span> <span class='ocrx_word' id='word_1_893' title='bbox 886 5018 1051 5075; x_wconf 80' lang='lat' dir='ltr'><strong>fratre</strong></span> <span class='ocrx_word' id='word_1_894' title='bbox 1078 5036 1197 5076; x_wconf 89' lang='lat' dir='ltr'><strong>meo</strong></span> <span class='ocrx_word' id='word_1_895' title='bbox 1225 5023 1458 5087; x_wconf 89' lang='lat' dir='ltr'><strong>seniore,</strong></span> <span class='ocrx_word' id='word_1_896' title='bbox 1488 5018 1549 5077; x_wconf 82' lang='lat' dir='ltr'><strong>id</strong></span> <span class='ocrx_word' id='word_1_897' title='bbox 1570 5018 1673 5087; x_wconf 84' lang='lat' dir='ltr'><strong>est,</strong></span> <span class='ocrx_word' id='word_1_898' title='bbox 1702 5038 1730 5075; x_wconf 89' lang='lat' dir='ltr'><strong>a</strong></span> <span class='ocrx_word' id='word_1_899' title='bbox 1760 5022 1979 5077; x_wconf 84' lang='lat' dir='ltr'><strong>Judaico</strong></span> <span class='ocrx_word' id='word_1_900' title='bbox 2010 5037 2104 5091; x_wconf 87' lang='lat' dir='ltr'><strong>po-</strong></span> 
     </span>
    </p>
   </div>
   <div class='ocr_carea' id='block_1_122' title="bbox 524 5090 2106 5162">
    <p class='ocr_par' dir='ltr' id='par_1_122' title="bbox 524 5090 2106 5162">
     <span class='ocr_line' id='line_1_126' title="bbox 524 5090 2106 5162; baseline 0.003 -19"><span class='ocrx_word' id='word_1_901' title='bbox 524 5090 651 5157; x_wconf 91' lang='lat' dir='ltr'><strong>pulo</strong></span> <span class='ocrx_word' id='word_1_902' title='bbox 692 5090 1126 5153; x_wconf 85' lang='lat' dir='ltr'><strong>adolescentulus,</strong></span> <span class='ocrx_word' id='word_1_903' title='bbox 1160 5094 1209 5147; x_wconf 93' lang='lat' dir='ltr'><strong>id</strong></span> <span class='ocrx_word' id='word_1_904' title='bbox 1254 5103 1364 5157; x_wconf 88' lang='lat' dir='ltr'><strong>est,</strong></span> <span class='ocrx_word' id='word_1_905' title='bbox 1406 5092 1663 5162; x_wconf 88' lang='lat' dir='ltr'><strong>insipidus</strong></span> <span class='ocrx_word' id='word_1_906' title='bbox 1707 5104 1756 5147; x_wconf 88' lang='lat' dir='ltr'><strong>et</strong></span> <span class='ocrx_word' id='word_1_907' title='bbox 1804 5109 2027 5161; x_wconf 81' lang='lat' dir='ltr'><strong>parvus;</strong></span> <span class='ocrx_word' id='word_1_908' title='bbox 2059 5102 2106 5147; x_wconf 92' lang='lat' dir='ltr'><strong>et</strong></span> 
     </span>
    </p>
   </div>
   <div class='ocr_carea' id='block_1_123' title="bbox 526 5162 2105 5239">
    <p class='ocr_par' dir='ltr' id='par_1_123' title="bbox 526 5162 2105 5239">
     <span class='ocr_line' id='line_1_127' title="bbox 526 5162 2105 5239; baseline 0.006 -28"><span class='ocrx_word' id='word_1_909' title='bbox 526 5162 696 5239; x_wconf 71' lang='lat' dir='ltr'><strong>etiam</strong></span> <span class='ocrx_word' id='word_1_910' title='bbox 715 5172 1048 5239; x_wconf 77' lang='lat' dir='ltr'><strong>contemptus,</strong></span> <span class='ocrx_word' id='word_1_911' title='bbox 1072 5164 1122 5217; x_wconf 91' lang='lat' dir='ltr'><strong>id</strong></span> <span class='ocrx_word' id='word_1_912' title='bbox 1146 5174 1253 5239; x_wconf 82' lang='lat' dir='ltr'><strong>est,</strong></span> <span class='ocrx_word' id='word_1_913' title='bbox 1278 5163 1693 5239; x_wconf 83' lang='lat' dir='ltr'><strong>contemptibilis</strong></span> <span class='ocrx_word' id='word_1_914' title='bbox 1717 5167 1981 5239; x_wconf 71' lang='lat' dir='ltr'><strong>omnibus.</strong></span> <span class='ocrx_word' id='word_1_915' title='bbox 2010 5163 2105 5239; x_wconf 51' lang='grc' dir='ltr'><strong>γει</strong></span> 
     </span>
    </p>
   </div>
   <div class='ocr_carea' id='block_1_124' title="bbox 524 5233 2105 5305">
    <p class='ocr_par' dir='ltr' id='par_1_124' title="bbox 524 5233 2105 5305">
     <span class='ocr_line' id='line_1_128' title="bbox 524 5233 2105 5305; baseline 0.006 -23"><span class='ocrx_word' id='word_1_916' title='bbox 524 5233 630 5285; x_wconf 86' lang='lat' dir='ltr'><strong>ita:</strong></span> <span class='ocrx_word' id='word_1_917' title='bbox 657 5233 764 5305; x_wconf 76' lang='lat' dir='ltr'><strong>Per</strong></span> <span class='ocrx_word' id='word_1_918' title='bbox 792 5249 951 5305; x_wconf 86' lang='lat' dir='ltr'><strong>quam</strong></span> <span class='ocrx_word' id='word_1_919' title='bbox 978 5235 1318 5289; x_wconf 85' lang='lat' dir='ltr'><strong>dilectionem</strong></span> <span class='ocrx_word' id='word_1_920' title='bbox 1349 5252 1462 5287; x_wconf 88' lang='lat' dir='ltr'><strong>sum</strong></span> <span class='ocrx_word' id='word_1_921' title='bbox 1483 5252 1575 5305; x_wconf 88' lang='lat' dir='ltr'><strong>ego</strong></span> <span class='ocrx_word' id='word_1_922' title='bbox 1605 5236 2027 5301; x_wconf 84' lang='lat' dir='ltr'><strong>adolescentulus,</strong></span> <span class='ocrx_word' id='word_1_923' title='bbox 2052 5235 2105 5291; x_wconf 91' lang='lat' dir='ltr'><strong>id</strong></span> 
     </span>
    </p>
   </div>
   <div class='ocr_carea' id='block_1_125' title="bbox 525 5303 2103 5382">
    <p class='ocr_par' dir='ltr' id='par_1_125' title="bbox 525 5303 2103 5382">
     <span class='ocr_line' id='line_1_129' title="bbox 525 5303 2103 5382; baseline 0.004 -28"><span class='ocrx_word' id='word_1_924' title='bbox 525 5309 628 5382; x_wconf 72' lang='lat' dir='ltr'><strong>est,</strong></span> <span class='ocrx_word' id='word_1_925' title='bbox 654 5303 707 5356; x_wconf 92' lang='lat' dir='ltr'><strong>in</strong></span> <span class='ocrx_word' id='word_1_926' title='bbox 738 5304 841 5359; x_wconf 88' lang='lat' dir='ltr'><strong>ﬁde</strong></span> <span class='ocrx_word' id='word_1_927' title='bbox 873 5315 1178 5382; x_wconf 70' lang='lat' dir='ltr'><strong>renovatus,</strong></span> <span class='ocrx_word' id='word_1_928' title='bbox 1207 5306 1257 5360; x_wconf 88' lang='lat' dir='ltr'><strong>id</strong></span> <span class='ocrx_word' id='word_1_929' title='bbox 1286 5316 1362 5382; x_wconf 80' lang='lat' dir='ltr'><strong>est</strong></span> <span class='ocrx_word' id='word_1_930' title='bbox 1376 5303 1727 5382; x_wconf 69' lang='lat' dir='ltr'><strong>,_’_contemptus</strong></span> <span class='ocrx_word' id='word_1_931' title='bbox 1749 5307 1815 5359; x_wconf 90' lang='lat' dir='ltr'><strong>ab</strong></span> <span class='ocrx_word' id='word_1_932' title='bbox 1837 5308 2103 5382; x_wconf 73' lang='lat' dir='ltr'><strong>omnibus.</strong></span> 
     </span>
    </p>
   </div>
   <div class='ocr_carea' id='block_1_126' title="bbox 528 5374 2103 5453">
    <p class='ocr_par' dir='ltr' id='par_1_126' title="bbox 528 5374 2103 5453">
     <span class='ocr_line' id='line_1_130' title="bbox 528 5374 2103 5453; baseline 0.005 -30"><span class='ocrx_word' id='word_1_933' title='bbox 528 5374 795 5453; x_wconf 63' lang='lat' dir='ltr'><strong>littatnen</strong></span> <span class='ocrx_word' id='word_1_934' title='bbox 824 5392 922 5453; x_wconf 85' lang='lat' dir='ltr'><strong>ego</strong></span> <span class='ocrx_word' id='word_1_935' title='bbox 946 5392 1048 5453; x_wconf 84' lang='lat' dir='ltr'><strong>non</strong></span> <span class='ocrx_word' id='word_1_936' title='bbox 1083 5376 1190 5453; x_wconf 80' lang='lat' dir='ltr'><strong>ieci</strong></span> <span class='ocrx_word' id='word_1_937' title='bbox 1211 5378 1348 5445; x_wconf 92' lang='lat' dir='ltr'><strong>quod</strong></span> <span class='ocrx_word' id='word_1_938' title='bbox 1384 5379 1545 5432; x_wconf 75' lang='lat' dir='ltr'><strong>frater</strong></span> <span class='ocrx_word' id='word_1_939' title='bbox 1568 5374 1717 5432; x_wconf 87' lang='lat' dir='ltr'><strong>meus</strong></span> <span class='ocrx_word' id='word_1_940' title='bbox 1747 5378 1925 5453; x_wconf 73' lang='lat' dir='ltr'><strong>senior</strong></span> <span class='ocrx_word' id='word_1_941' title='bbox 1958 5378 2103 5453; x_wconf 80' lang='lat' dir='ltr'><strong>fecit,</strong></span> 
     </span>
    </p>
   </div>
   <div class='ocr_carea' id='block_1_127' title="bbox 523 5446 2108 5517">
    <p class='ocr_par' dir='ltr' id='par_1_127' title="bbox 523 5446 2108 5517">
     <span class='ocr_line' id='line_1_131' title="bbox 523 5446 2108 5517; baseline 0.005 -22"><span class='ocrx_word' id='word_1_942' title='bbox 523 5446 644 5517; x_wconf 60' lang='lat' dir='ltr'><strong>Quia</strong></span> <span class='ocrx_word' id='word_1_943' title='bbox 677 5446 765 5499; x_wconf 88' lang='lat' dir='ltr'><strong>ille</strong></span> <span class='ocrx_word' id='word_1_944' title='bbox 799 5450 983 5501; x_wconf 76' lang='lat' dir='ltr'><strong>volens</strong></span> <span class='ocrx_word' id='word_1_945' title='bbox 1024 5449 1280 5513; x_wconf 84' lang='lat' dir='ltr'><strong>justitiam</strong></span> <span class='ocrx_word' id='word_1_946' title='bbox 1312 5463 1461 5501; x_wconf 88' lang='lat' dir='ltr'><strong>suam</strong></span> <span class='ocrx_word' id='word_1_947' title='bbox 1499 5458 1761 5515; x_wconf 87' lang='lat' dir='ltr'><strong>statuere,</strong></span> <span class='ocrx_word' id='word_1_948' title='bbox 1802 5459 1853 5502; x_wconf 90' lang='lat' dir='ltr'><strong>et</strong></span> <span class='ocrx_word' id='word_1_949' title='bbox 1888 5446 2108 5517; x_wconf 71' lang='lat' dir='ltr'><strong>justitia:</strong></span> 
     </span>
    </p>
   </div>
   <div class='ocr_carea' id='block_1_128' title="bbox 527 5511 2108 5588">
    <p class='ocr_par' dir='ltr' id='par_1_128' title="bbox 527 5511 2108 5588">
     <span class='ocr_line' id='line_1_132' title="bbox 527 5511 2108 5588; baseline 0.005 -23"><span class='ocrx_word' id='word_1_950' title='bbox 527 5511 623 5565; x_wconf 66' lang='lat' dir='ltr'><strong>Dii</strong></span> <span class='ocrx_word' id='word_1_951' title='bbox 658 5532 759 5588; x_wconf 57' lang='lat' dir='ltr'><strong>min</strong></span> <span class='ocrx_word' id='word_1_952' title='bbox 795 5532 911 5571; x_wconf 87' lang='lat' dir='ltr'><strong>esse</strong></span> <span class='ocrx_word' id='word_1_953' title='bbox 955 5511 1247 5587; x_wconf 83' lang='lat' dir='ltr'><strong>subjectus,</strong></span> <span class='ocrx_word' id='word_1_954' title='bbox 1276 5518 1683 5588; x_wconf 76' lang='lat' dir='ltr'><strong>justilicutiones</strong></span> <span class='ocrx_word' id='word_1_955' title='bbox 1728 5511 1840 5573; x_wconf 83' lang='lat' dir='ltr'><strong>tuas</strong></span> <span class='ocrx_word' id='word_1_956' title='bbox 1867 5511 1947 5574; x_wconf 77' lang='lat' dir='ltr'><strong>est</strong></span> <span class='ocrx_word' id='word_1_957' title='bbox 1972 5520 2108 5573; x_wconf 85' lang='lat' dir='ltr'><strong>obli-</strong></span> 
     </span>
    </p>
   </div>
   <div class='ocr_carea' id='block_1_129' title="bbox 527 5584 2105 5667">
    <p class='ocr_par' dir='ltr' id='par_1_129' title="bbox 527 5584 2105 5667">
     <span class='ocr_line' id='line_1_133' title="bbox 527 5584 2105 5667; baseline 0.005 -31"><span class='ocrx_word' id='word_1_958' title='bbox 527 5594 633 5667; x_wconf 58' lang='lat' dir='ltr'><strong>ius.</strong></span> <span class='ocrx_word' id='word_1_959' title='bbox 668 5584 777 5666; x_wconf 77' lang='lat' dir='ltr'><strong>Ego</strong></span> <span class='ocrx_word' id='word_1_960' title='bbox 813 5599 987 5667; x_wconf 40' lang='lat' dir='ltr'><strong>ante-tn</strong></span> <span class='ocrx_word' id='word_1_961' title='bbox 1020 5584 1140 5667; x_wconf 67' lang='lat' dir='ltr'><strong>non</strong></span> <span class='ocrx_word' id='word_1_962' title='bbox 1164 5584 1292 5667; x_wconf 44' lang='lat' dir='ltr'><strong>sum&#39;</strong></span> <span class='ocrx_word' id='word_1_963' title='bbox 1314 5592 1929 5667; x_wconf 80' lang='lat' dir='ltr'><strong>oblitnsjustiﬁcationes</strong></span> <span class='ocrx_word' id='word_1_964' title='bbox 1969 5600 2105 5667; x_wconf 79' lang='lat' dir='ltr'><strong>tuas.</strong></span> 
     </span>
    </p>
   </div>
   <div class='ocr_carea' id='block_1_130' title="bbox 526 5654 2108 5731">
    <p class='ocr_par' dir='ltr' id='par_1_130' title="bbox 526 5654 2108 5731">
     <span class='ocr_line' id='line_1_134' title="bbox 526 5654 2108 5731; baseline 0.005 -24"><span class='ocrx_word' id='word_1_965' title='bbox 526 5654 594 5707; x_wconf 80' lang='lat' dir='ltr'><strong>Et</strong></span> <span class='ocrx_word' id='word_1_966' title='bbox 622 5659 833 5722; x_wconf 87' lang='lat' dir='ltr'><strong>merito,</strong></span> <span class='ocrx_word' id='word_1_967' title='bbox 858 5659 978 5725; x_wconf 89' lang='lat' dir='ltr'><strong>quia</strong></span> <span class='ocrx_word' id='word_1_968' title='bbox 1010 5661 1216 5730; x_wconf 85' lang='lat' dir='ltr'><strong>justitia</strong></span> <span class='ocrx_word' id='word_1_969' title='bbox 1256 5672 1341 5714; x_wconf 89' lang='lat' dir='ltr'><strong>tua</strong></span> <span class='ocrx_word' id='word_1_970' title='bbox 1379 5674 1458 5715; x_wconf 89' lang='lat' dir='ltr'><strong>est</strong></span> <span class='ocrx_word' id='word_1_971' title='bbox 1500 5654 1697 5729; x_wconf 72' lang='lat' dir='ltr'><strong>iustitia</strong></span> <span class='ocrx_word' id='word_1_972' title='bbox 1730 5664 2025 5731; x_wconf 81' lang='lat' dir='ltr'><strong>producens</strong></span> <span class='ocrx_word' id='word_1_973' title='bbox 2056 5663 2108 5715; x_wconf 90' lang='lat' dir='ltr'><strong>in</strong></span> 
     </span>
    </p>
   </div>
   <div class='ocr_carea' id='block_1_131' title="bbox 530 5731 2107 5794">
    <p class='ocr_par' dir='ltr' id='par_1_131' title="bbox 530 5731 2107 5794">
     <span class='ocr_line' id='line_1_135' title="bbox 530 5731 2107 5794; baseline 0.005 -15"><span class='ocrx_word' id='word_1_974' title='bbox 530 5736 815 5794; x_wconf 71' lang='lat' dir='ltr'><strong>eternum;</strong></span> <span class='ocrx_word' id='word_1_975' title='bbox 850 5731 1062 5784; x_wconf 83' lang='lat' dir='ltr'><strong>illorum</strong></span> <span class='ocrx_word' id='word_1_976' title='bbox 1093 5742 1267 5787; x_wconf 90' lang='lat' dir='ltr'><strong>autem</strong></span> <span class='ocrx_word' id='word_1_977' title='bbox 1305 5732 1505 5794; x_wconf 84' lang='lat' dir='ltr'><strong>juStitia</strong></span> <span class='ocrx_word' id='word_1_978' title='bbox 1544 5744 1623 5787; x_wconf 73' lang='lat' dir='ltr'><strong>est</strong></span> <span class='ocrx_word' id='word_1_979' title='bbox 1668 5736 1717 5787; x_wconf 92' lang='lat' dir='ltr'><strong>in</strong></span> <span class='ocrx_word' id='word_1_980' title='bbox 1752 5736 1989 5788; x_wconf 78' lang='lat' dir='ltr'><strong>lavandis</strong></span> <span class='ocrx_word' id='word_1_981' title='bbox 2018 5750 2107 5787; x_wconf 87' lang='lat' dir='ltr'><strong>ur-</strong></span> 
     </span>
    </p>
   </div>
   <div class='ocr_carea' id='block_1_132' title="bbox 523 5800 2111 5875">
    <p class='ocr_par' dir='ltr' id='par_1_132' title="bbox 523 5800 2111 5875">
     <span class='ocr_line' id='line_1_136' title="bbox 523 5800 2111 5875; baseline 0.006 -24"><span class='ocrx_word' id='word_1_982' title='bbox 523 5800 691 5856; x_wconf 84' lang='lat' dir='ltr'><strong>ceolis</strong></span> <span class='ocrx_word' id='word_1_983' title='bbox 710 5812 762 5857; x_wconf 86' lang='lat' dir='ltr'><strong>et</strong></span> <span class='ocrx_word' id='word_1_984' title='bbox 793 5802 1000 5857; x_wconf 77' lang='lat' dir='ltr'><strong>czeteris</strong></span> <span class='ocrx_word' id='word_1_985' title='bbox 1030 5804 1240 5859; x_wconf 90' lang='lat' dir='ltr'><strong>talibus.</strong></span> <span class='ocrx_word' id='word_1_986' title='bbox 1269 5800 1335 5857; x_wconf 77' lang='lat' dir='ltr'><strong>Et</strong></span> <span class='ocrx_word' id='word_1_987' title='bbox 1364 5804 1447 5859; x_wconf 76' lang='lat' dir='ltr'><strong>lex</strong></span> <span class='ocrx_word' id='word_1_988' title='bbox 1478 5814 1566 5859; x_wconf 88' lang='lat' dir='ltr'><strong>tua</strong></span> <span class='ocrx_word' id='word_1_989' title='bbox 1597 5821 1699 5860; x_wconf 90' lang='lat' dir='ltr'><strong>non</strong></span> <span class='ocrx_word' id='word_1_990' title='bbox 1732 5807 1939 5875; x_wconf 85' lang='lat' dir='ltr'><strong>umbra,</strong></span> <span class='ocrx_word' id='word_1_991' title='bbox 1970 5806 2111 5862; x_wconf 88' lang='lat' dir='ltr'><strong>sicut</strong></span> 
     </span>
    </p>
   </div>
   <div class='ocr_carea' id='block_1_133' title="bbox 2200 4596 3778 4669">
    <p class='ocr_par' dir='ltr' id='par_1_133' title="bbox 2200 4596 3778 4669">
     <span class='ocr_line' id='line_1_137' title="bbox 2200 4596 3778 4669; baseline -0.003 -16"><span class='ocrx_word' id='word_1_992' title='bbox 2200 4596 2758 4669; x_wconf 56' lang='lat' dir='ltr'><strong>gratia&#39;juvabantur,</strong></span> <span class='ocrx_word' id='word_1_993' title='bbox 2801 4598 2920 4666; x_wconf 86' lang='lat' dir='ltr'><strong>quia</strong></span> <span class='ocrx_word' id='word_1_994' title='bbox 2961 4598 3132 4655; x_wconf 89' lang='lat' dir='ltr'><strong>sancti</strong></span> <span class='ocrx_word' id='word_1_995' title='bbox 3184 4596 3503 4669; x_wconf 65' lang='lat' dir='ltr'><strong>patriarchae</strong></span> <span class='ocrx_word' id='word_1_996' title='bbox 3544 4605 3604 4650; x_wconf 92' lang='lat' dir='ltr'><strong>et</strong></span> <span class='ocrx_word' id='word_1_997' title='bbox 3654 4610 3778 4663; x_wconf 82' lang='lat' dir='ltr'><strong>pro-</strong></span> 
     </span>
    </p>
   </div>
   <div class='ocr_carea' id='block_1_134' title="bbox 2242 4666 3776 4738">
    <p class='ocr_par' dir='ltr' id='par_1_134' title="bbox 2242 4666 3776 4738">
     <span class='ocr_line' id='line_1_138' title="bbox 2242 4666 3776 4738; baseline -0.003 -15"><span class='ocrx_word' id='word_1_998' title='bbox 2242 4675 2378 4725; x_wconf 67' lang='lat' dir='ltr'><strong>betaa</strong></span> <span class='ocrx_word' id='word_1_999' title='bbox 2405 4666 2581 4724; x_wconf 81' lang='lat' dir='ltr'><strong>adhuc</strong></span> <span class='ocrx_word' id='word_1_1000' title='bbox 2622 4668 2906 4723; x_wconf 87' lang='lat' dir='ltr'><strong>Dominum</strong></span> <span class='ocrx_word' id='word_1_1001' title='bbox 2937 4671 3085 4738; x_wconf 90' lang='lat' dir='ltr'><strong>quasi</strong></span> <span class='ocrx_word' id='word_1_1002' title='bbox 3116 4670 3168 4721; x_wconf 89' lang='lat' dir='ltr'><strong>in</strong></span> <span class='ocrx_word' id='word_1_1003' title='bbox 3214 4666 3449 4723; x_wconf 90' lang='lat' dir='ltr'><strong>tenebris</strong></span> <span class='ocrx_word' id='word_1_1004' title='bbox 3471 4674 3776 4738; x_wconf 76' lang='lat' dir='ltr'><strong>exspecta-</strong></span> 
     </span>
    </p>
   </div>
   <div class='ocr_carea' id='block_1_135' title="bbox 2241 4736 3772 4809">
    <p class='ocr_par' dir='ltr' id='par_1_135' title="bbox 2241 4736 3772 4809">
     <span class='ocr_line' id='line_1_139' title="bbox 2241 4736 3772 4809; baseline -0.002 -16"><span class='ocrx_word' id='word_1_1005' title='bbox 2241 4750 2349 4807; x_wconf 88' lang='lat' dir='ltr'><strong>ant,</strong></span> <span class='ocrx_word' id='word_1_1006' title='bbox 2384 4756 2477 4809; x_wconf 90' lang='lat' dir='ltr'><strong>per</strong></span> <span class='ocrx_word' id='word_1_1007' title='bbox 2505 4754 2665 4809; x_wconf 89' lang='lat' dir='ltr'><strong>quem</strong></span> <span class='ocrx_word' id='word_1_1008' title='bbox 2705 4740 2897 4809; x_wconf 87' lang='lat' dir='ltr'><strong>gratia,</strong></span> <span class='ocrx_word' id='word_1_1009' title='bbox 2926 4736 2983 4792; x_wconf 84' lang='lat' dir='ltr'><strong>ut</strong></span> <span class='ocrx_word' id='word_1_1010' title='bbox 3026 4738 3378 4803; x_wconf 83' lang='lat' dir='ltr'><strong>salvarentur,</strong></span> <span class='ocrx_word' id='word_1_1011' title='bbox 3411 4736 3772 4792; x_wconf 84' lang='lat' dir='ltr'><strong>ministratur.</strong></span> 
     </span>
    </p>
   </div>
   <div class='ocr_carea' id='block_1_136' title="bbox 2202 4809 3777 4879">
    <p class='ocr_par' dir='ltr' id='par_1_136' title="bbox 2202 4809 3777 4879">
     <span class='ocr_line' id='line_1_140' title="bbox 2202 4809 3777 4879; baseline -0.005 -13"><span class='ocrx_word' id='word_1_1012' title='bbox 2202 4812 2259 4866; x_wconf 88' lang='lat' dir='ltr'><strong>lo</strong></span> <span class='ocrx_word' id='word_1_1013' title='bbox 2290 4812 2393 4867; x_wconf 86' lang='lat' dir='ltr'><strong>hoc</strong></span> <span class='ocrx_word' id='word_1_1014' title='bbox 2422 4814 2704 4866; x_wconf 91' lang='lat' dir='ltr'><strong>immaturo</strong></span> <span class='ocrx_word' id='word_1_1015' title='bbox 2746 4819 2988 4879; x_wconf 91' lang='lat' dir='ltr'><strong>tempore</strong></span> <span class='ocrx_word' id='word_1_1016' title='bbox 3033 4811 3243 4878; x_wconf 81' lang='lat' dir='ltr'><strong>plurimi</strong></span> <span class='ocrx_word' id='word_1_1017' title='bbox 3289 4816 3671 4878; x_wconf 62' lang='lat' dir='ltr'><strong>prieveneruut</strong></span> <span class='ocrx_word' id='word_1_1018' title='bbox 3702 4809 3777 4869; x_wconf 68' lang='grc' dir='ltr'>ΐειτ</span> 
     </span>
    </p>
   </div>
   <div class='ocr_carea' id='block_1_137' title="bbox 2203 4880 3779 4953">
    <p class='ocr_par' dir='ltr' id='par_1_137' title="bbox 2203 4880 3779 4953">
     <span class='ocr_line' id='line_1_141' title="bbox 2203 4880 3779 4953; baseline -0.003 -17"><span class='ocrx_word' id='word_1_1019' title='bbox 2203 4883 2338 4938; x_wconf 85' lang='lat' dir='ltr'><strong>ciem</strong></span> <span class='ocrx_word' id='word_1_1020' title='bbox 2371 4882 2486 4953; x_wconf 89' lang='lat' dir='ltr'><strong>ejus</strong></span> <span class='ocrx_word' id='word_1_1021' title='bbox 2530 4882 2583 4935; x_wconf 93' lang='lat' dir='ltr'><strong>in</strong></span> <span class='ocrx_word' id='word_1_1022' title='bbox 2609 4881 2980 4953; x_wconf 82' lang='lat' dir='ltr'><strong>confessione,</strong></span> <span class='ocrx_word' id='word_1_1023' title='bbox 3010 4897 3115 4953; x_wconf 76' lang='lat' dir='ltr'><strong>non</strong></span> <span class='ocrx_word' id='word_1_1024' title='bbox 3156 4882 3435 4953; x_wconf 86' lang='lat' dir='ltr'><strong>credentes</strong></span> <span class='ocrx_word' id='word_1_1025' title='bbox 3466 4894 3563 4953; x_wconf 86' lang='lat' dir='ltr'><strong>per</strong></span> <span class='ocrx_word' id='word_1_1026' title='bbox 3608 4880 3779 4948; x_wconf 83' lang='lat' dir='ltr'><strong>legem</strong></span> 
     </span>
    </p>
   </div>
   <div class='ocr_carea' id='block_1_138' title="bbox 2201 4952 3781 5023">
    <p class='ocr_par' dir='ltr' id='par_1_138' title="bbox 2201 4952 3781 5023">
     <span class='ocr_line' id='line_1_142' title="bbox 2201 4952 3781 5023; baseline -0.001 -16"><span class='ocrx_word' id='word_1_1027' title='bbox 2201 4952 2503 5022; x_wconf 76' lang='lat' dir='ltr'><strong>iustiﬁcari,</strong></span> <span class='ocrx_word' id='word_1_1028' title='bbox 2531 4952 2623 5007; x_wconf 88' lang='lat' dir='ltr'><strong>sed</strong></span> <span class='ocrx_word' id='word_1_1029' title='bbox 2660 4966 2752 5021; x_wconf 89' lang='lat' dir='ltr'><strong>per</strong></span> <span class='ocrx_word' id='word_1_1030' title='bbox 2778 4953 3005 5023; x_wconf 89' lang='lat' dir='ltr'><strong>gratiam</strong></span> <span class='ocrx_word' id='word_1_1031' title='bbox 3038 4952 3272 5019; x_wconf 90' lang='lat' dir='ltr'><strong>Domini,</strong></span> <span class='ocrx_word' id='word_1_1032' title='bbox 3299 4962 3352 5007; x_wconf 91' lang='lat' dir='ltr'><strong>et</strong></span> <span class='ocrx_word' id='word_1_1033' title='bbox 3387 4952 3466 5005; x_wconf 91' lang='lat' dir='ltr'><strong>sic</strong></span> <span class='ocrx_word' id='word_1_1034' title='bbox 3507 4952 3781 5023; x_wconf 73' lang='lat' dir='ltr'><strong>clamare-</strong></span> 
     </span>
    </p>
   </div>
   <div class='ocr_carea' id='block_1_139' title="bbox 2206 5022 3780 5093">
    <p class='ocr_par' dir='ltr' id='par_1_139' title="bbox 2206 5022 3780 5093">
     <span class='ocr_line' id='line_1_143' title="bbox 2206 5022 3780 5093; baseline -0.003 -16"><span class='ocrx_word' id='word_1_1035' title='bbox 2206 5034 2329 5079; x_wconf 90' lang='lat' dir='ltr'><strong>runt</strong></span> <span class='ocrx_word' id='word_1_1036' title='bbox 2349 5024 2417 5079; x_wconf 90' lang='lat' dir='ltr'><strong>ad</strong></span> <span class='ocrx_word' id='word_1_1037' title='bbox 2443 5040 2585 5088; x_wconf 87' lang='lat' dir='ltr'><strong>eum,</strong></span> <span class='ocrx_word' id='word_1_1038' title='bbox 2614 5023 2735 5093; x_wconf 88' lang='lat' dir='ltr'><strong>quia</strong></span> <span class='ocrx_word' id='word_1_1039' title='bbox 2760 5022 2813 5079; x_wconf 84' lang='lat' dir='ltr'><strong>in</strong></span> <span class='ocrx_word' id='word_1_1040' title='bbox 2834 5023 3009 5078; x_wconf 86' lang='lat' dir='ltr'><strong>verbis</strong></span> <span class='ocrx_word' id='word_1_1041' title='bbox 3036 5032 3090 5078; x_wconf 91' lang='lat' dir='ltr'><strong>et</strong></span> <span class='ocrx_word' id='word_1_1042' title='bbox 3116 5026 3169 5078; x_wconf 89' lang='lat' dir='ltr'><strong>in</strong></span> <span class='ocrx_word' id='word_1_1043' title='bbox 3198 5022 3644 5093; x_wconf 89' lang='lat' dir='ltr'><strong>promissionibus</strong></span> <span class='ocrx_word' id='word_1_1044' title='bbox 3665 5022 3780 5090; x_wconf 86' lang='lat' dir='ltr'><strong>ejus</strong></span> 
     </span>
    </p>
   </div>
   <div class='ocr_carea' id='block_1_140' title="bbox 2207 5094 3782 5164">
    <p class='ocr_par' dir='ltr' id='par_1_140' title="bbox 2207 5094 3782 5164">
     <span class='ocr_line' id='line_1_144' title="bbox 2207 5094 3782 5164; baseline -0.002 -15"><span class='ocrx_word' id='word_1_1045' title='bbox 2207 5102 2737 5164; x_wconf 79' lang='lat' dir='ltr'><strong>supersperaverunt.</strong></span> <span class='ocrx_word' id='word_1_1046' title='bbox 2788 5094 2883 5150; x_wconf 86' lang='lat' dir='ltr'><strong>Vel</strong></span> <span class='ocrx_word' id='word_1_1047' title='bbox 2937 5094 3277 5150; x_wconf 88' lang='lat' dir='ltr'><strong>immaturum</strong></span> <span class='ocrx_word' id='word_1_1048' title='bbox 3333 5103 3545 5162; x_wconf 88' lang='lat' dir='ltr'><strong>tempus</strong></span> <span class='ocrx_word' id='word_1_1049' title='bbox 3605 5102 3782 5161; x_wconf 86' lang='lat' dir='ltr'><strong>potest</strong></span> 
     </span>
    </p>
   </div>
   <div class='ocr_carea' id='block_1_141' title="bbox 2208 5166 3782 5234">
    <p class='ocr_par' dir='ltr' id='par_1_141' title="bbox 2208 5166 3782 5234">
     <span class='ocr_line' id='line_1_145' title="bbox 2208 5166 3782 5234; baseline -0.002 -16"><span class='ocrx_word' id='word_1_1050' title='bbox 2208 5167 2371 5233; x_wconf 87' lang='lat' dir='ltr'><strong>accipi</strong></span> <span class='ocrx_word' id='word_1_1051' title='bbox 2419 5166 2522 5219; x_wconf 92' lang='lat' dir='ltr'><strong>hoc</strong></span> <span class='ocrx_word' id='word_1_1052' title='bbox 2566 5175 2774 5234; x_wconf 89' lang='lat' dir='ltr'><strong>tempus</strong></span> <span class='ocrx_word' id='word_1_1053' title='bbox 2808 5166 3159 5220; x_wconf 85' lang='lat' dir='ltr'><strong>tribulationis</strong></span> <span class='ocrx_word' id='word_1_1054' title='bbox 3189 5178 3243 5221; x_wconf 87' lang='lat' dir='ltr'><strong>et</strong></span> <span class='ocrx_word' id='word_1_1055' title='bbox 3280 5166 3498 5231; x_wconf 86' lang='lat' dir='ltr'><strong>laboris,</strong></span> <span class='ocrx_word' id='word_1_1056' title='bbox 3525 5174 3585 5218; x_wconf 74' lang='grc' dir='ltr'>οι</span> <span class='ocrx_word' id='word_1_1057' title='bbox 3615 5166 3782 5217; x_wconf 85' lang='lat' dir='ltr'><strong>totius</strong></span> 
     </span>
    </p>
   </div>
   <div class='ocr_carea' id='block_1_142' title="bbox 2209 5235 3785 5306">
    <p class='ocr_par' dir='ltr' id='par_1_142' title="bbox 2209 5235 3785 5306">
     <span class='ocr_line' id='line_1_146' title="bbox 2209 5235 3785 5306; baseline -0.003 -15"><span class='ocrx_word' id='word_1_1058' title='bbox 2209 5235 2457 5301; x_wconf 70' lang='lat' dir='ltr'><strong>miserim,</strong></span> <span class='ocrx_word' id='word_1_1059' title='bbox 2488 5245 2742 5304; x_wconf 87' lang='lat' dir='ltr'><strong>quantum</strong></span> <span class='ocrx_word' id='word_1_1060' title='bbox 2773 5238 2840 5290; x_wconf 94' lang='lat' dir='ltr'><strong>ad</strong></span> <span class='ocrx_word' id='word_1_1061' title='bbox 2870 5235 3000 5290; x_wconf 91' lang='lat' dir='ltr'><strong>illud</strong></span> <span class='ocrx_word' id='word_1_1062' title='bbox 3033 5246 3243 5302; x_wconf 88' lang='lat' dir='ltr'><strong>tempus</strong></span> <span class='ocrx_word' id='word_1_1063' title='bbox 3274 5238 3457 5306; x_wconf 80' lang='lat' dir='ltr'><strong>inquo</strong></span> <span class='ocrx_word' id='word_1_1064' title='bbox 3489 5238 3631 5291; x_wconf 88' lang='lat' dir='ltr'><strong>Deus</strong></span> <span class='ocrx_word' id='word_1_1065' title='bbox 3657 5236 3785 5288; x_wconf 84' lang='lat' dir='ltr'><strong>abs-</strong></span> 
     </span>
    </p>
   </div>
   <div class='ocr_carea' id='block_1_143' title="bbox 2209 5308 3783 5379">
    <p class='ocr_par' dir='ltr' id='par_1_143' title="bbox 2209 5308 3783 5379">
     <span class='ocr_line' id='line_1_147' title="bbox 2209 5308 3783 5379; baseline -0.002 -18"><span class='ocrx_word' id='word_1_1066' title='bbox 2209 5316 2380 5378; x_wconf 88' lang='lat' dir='ltr'><strong>terget</strong></span> <span class='ocrx_word' id='word_1_1067' title='bbox 2420 5322 2633 5360; x_wconf 89' lang='lat' dir='ltr'><strong>omnem</strong></span> <span class='ocrx_word' id='word_1_1068' title='bbox 2672 5308 2961 5379; x_wconf 87' lang='lat' dir='ltr'><strong>lacrymam</strong></span> <span class='ocrx_word' id='word_1_1069' title='bbox 2988 5309 3053 5362; x_wconf 89' lang='lat' dir='ltr'><strong>ab</strong></span> <span class='ocrx_word' id='word_1_1070' title='bbox 3082 5309 3251 5363; x_wconf 92' lang='lat' dir='ltr'><strong>oculis</strong></span> <span class='ocrx_word' id='word_1_1071' title='bbox 3291 5308 3783 5379; x_wconf 25' lang='lat' dir='ltr'><strong>sanctorttmpquia</strong></span> 
     </span>
    </p>
   </div>
   <div class='ocr_carea' id='block_1_144' title="bbox 2211 5378 3778 5447">
    <p class='ocr_par' dir='ltr' id='par_1_144' title="bbox 2211 5378 3778 5447">
     <span class='ocr_line' id='line_1_148' title="bbox 2211 5378 3778 5447; baseline -0.002 -16"><span class='ocrx_word' id='word_1_1072' title='bbox 2211 5380 2297 5433; x_wconf 90' lang='lat' dir='ltr'><strong>hic</strong></span> <span class='ocrx_word' id='word_1_1073' title='bbox 2322 5380 2373 5432; x_wconf 91' lang='lat' dir='ltr'><strong>in</strong></span> <span class='ocrx_word' id='word_1_1074' title='bbox 2394 5392 2487 5445; x_wconf 80' lang='lat' dir='ltr'><strong>Spe</strong></span> <span class='ocrx_word' id='word_1_1075' title='bbox 2511 5386 2713 5432; x_wconf 88' lang='lat' dir='ltr'><strong>tantum</strong></span> <span class='ocrx_word' id='word_1_1076' title='bbox 2738 5378 3097 5447; x_wconf 86' lang='lat' dir='ltr'><strong>gaudendum,</strong></span> <span class='ocrx_word' id='word_1_1077' title='bbox 3124 5379 3197 5435; x_wconf 92' lang='lat' dir='ltr'><strong>ibi</strong></span> <span class='ocrx_word' id='word_1_1078' title='bbox 3227 5381 3280 5434; x_wconf 93' lang='lat' dir='ltr'><strong>in</strong></span> <span class='ocrx_word' id='word_1_1079' title='bbox 3305 5395 3362 5434; x_wconf 90' lang='lat' dir='ltr'><strong>re</strong></span> <span class='ocrx_word' id='word_1_1080' title='bbox 3385 5378 3778 5445; x_wconf 86' lang='lat' dir='ltr'><strong>recipiendum.</strong></span> 
     </span>
    </p>
   </div>
   <div class='ocr_carea' id='block_1_145' title="bbox 2210 5449 3784 5518">
    <p class='ocr_par' dir='ltr' id='par_1_145' title="bbox 2210 5449 3784 5518">
     <span class='ocr_line' id='line_1_149' title="bbox 2210 5449 3784 5518; baseline -0.003 -14"><span class='ocrx_word' id='word_1_1081' title='bbox 2210 5450 2437 5518; x_wconf 82' lang='lat' dir='ltr'><strong>ideoque</strong></span> <span class='ocrx_word' id='word_1_1082' title='bbox 2468 5450 2553 5503; x_wconf 91' lang='lat' dir='ltr'><strong>hic</strong></span> <span class='ocrx_word' id='word_1_1083' title='bbox 2584 5459 2667 5504; x_wconf 88' lang='lat' dir='ltr'><strong>est</strong></span> <span class='ocrx_word' id='word_1_1084' title='bbox 2694 5449 3023 5515; x_wconf 87' lang='lat' dir='ltr'><strong>donandum,</strong></span> <span class='ocrx_word' id='word_1_1085' title='bbox 3056 5450 3109 5504; x_wconf 93' lang='lat' dir='ltr'><strong>in</strong></span> <span class='ocrx_word' id='word_1_1086' title='bbox 3139 5450 3315 5507; x_wconf 89' lang='lat' dir='ltr'><strong>verbis</strong></span> <span class='ocrx_word' id='word_1_1087' title='bbox 3345 5449 3554 5506; x_wconf 89' lang='lat' dir='ltr'><strong>Domini</strong></span> <span class='ocrx_word' id='word_1_1088' title='bbox 3592 5464 3784 5515; x_wconf 89' lang='lat' dir='ltr'><strong>super-</strong></span> 
     </span>
    </p>
   </div>
   <div class='ocr_carea' id='block_1_146' title="bbox 2212 5520 3785 5590">
    <p class='ocr_par' dir='ltr' id='par_1_146' title="bbox 2212 5520 3785 5590">
     <span class='ocr_line' id='line_1_150' title="bbox 2212 5520 3785 5590; baseline -0.001 -17"><span class='ocrx_word' id='word_1_1089' title='bbox 2212 5521 2557 5590; x_wconf 89' lang='lat' dir='ltr'><strong>sperandum.</strong></span> <span class='ocrx_word' id='word_1_1090' title='bbox 2594 5520 2776 5575; x_wconf 88' lang='lat' dir='ltr'><strong>Potest</strong></span> <span class='ocrx_word' id='word_1_1091' title='bbox 2805 5531 2858 5576; x_wconf 91' lang='lat' dir='ltr'><strong>et</strong></span> <span class='ocrx_word' id='word_1_1092' title='bbox 2889 5522 3044 5576; x_wconf 85' lang='lat' dir='ltr'><strong>aliter</strong></span> <span class='ocrx_word' id='word_1_1093' title='bbox 3071 5520 3246 5577; x_wconf 90' lang='lat' dir='ltr'><strong>adhuc</strong></span> <span class='ocrx_word' id='word_1_1094' title='bbox 3275 5524 3400 5587; x_wconf 89' lang='lat' dir='ltr'><strong>dici,</strong></span> <span class='ocrx_word' id='word_1_1095' title='bbox 3432 5531 3487 5576; x_wconf 91' lang='lat' dir='ltr'><strong>ut</strong></span> <span class='ocrx_word' id='word_1_1096' title='bbox 3528 5521 3657 5575; x_wconf 85' lang='lat' dir='ltr'><strong>insit</strong></span> <span class='ocrx_word' id='word_1_1097' title='bbox 3688 5534 3785 5587; x_wconf 81' lang='lat' dir='ltr'><strong>ap-</strong></span> 
     </span>
    </p>
   </div>
   <div class='ocr_carea' id='block_1_147' title="bbox 2209 5592 3788 5663">
    <p class='ocr_par' dir='ltr' id='par_1_147' title="bbox 2209 5592 3788 5663">
     <span class='ocr_line' id='line_1_151' title="bbox 2209 5592 3788 5663; baseline -0.003 -16"><span class='ocrx_word' id='word_1_1098' title='bbox 2209 5593 2423 5658; x_wconf 90' lang='lat' dir='ltr'><strong>positio,</strong></span> <span class='ocrx_word' id='word_1_1099' title='bbox 2457 5607 2560 5663; x_wconf 80' lang='lat' dir='ltr'><strong>non</strong></span> <span class='ocrx_word' id='word_1_1100' title='bbox 2590 5595 2924 5662; x_wconf 90' lang='lat' dir='ltr'><strong>compositio,</strong></span> <span class='ocrx_word' id='word_1_1101' title='bbox 2954 5592 3089 5650; x_wconf 90' lang='lat' dir='ltr'><strong>sicut</strong></span> <span class='ocrx_word' id='word_1_1102' title='bbox 3118 5593 3171 5647; x_wconf 89' lang='lat' dir='ltr'><strong>in</strong></span> <span class='ocrx_word' id='word_1_1103' title='bbox 3204 5593 3372 5663; x_wconf 89' lang='lat' dir='ltr'><strong>prima</strong></span> <span class='ocrx_word' id='word_1_1104' title='bbox 3401 5593 3667 5648; x_wconf 83' lang='lat' dir='ltr'><strong>sententia</strong></span> <span class='ocrx_word' id='word_1_1105' title='bbox 3698 5601 3788 5645; x_wconf 84' lang='lat' dir='ltr'><strong>est</strong></span> 
     </span>
    </p>
   </div>
   <div class='ocr_carea' id='block_1_148' title="bbox 2212 5662 3785 5735">
    <p class='ocr_par' dir='ltr' id='par_1_148' title="bbox 2212 5662 3785 5735">
     <span class='ocr_line' id='line_1_152' title="bbox 2212 5662 3785 5735; baseline -0.001 -18"><span class='ocrx_word' id='word_1_1106' title='bbox 2212 5664 2430 5718; x_wconf 90' lang='lat' dir='ltr'><strong>dictum.</strong></span> <span class='ocrx_word' id='word_1_1107' title='bbox 2482 5662 2724 5735; x_wconf 60' lang='lat' dir='ltr'><strong>Praesens</strong></span> <span class='ocrx_word' id='word_1_1108' title='bbox 2772 5665 2912 5719; x_wconf 87' lang='lat' dir='ltr'><strong>enim</strong></span> <span class='ocrx_word' id='word_1_1109' title='bbox 2962 5662 3215 5733; x_wconf 61' lang='lat' dir='ltr'><strong>tempus,</strong></span> <span class='ocrx_word' id='word_1_1110' title='bbox 3244 5663 3387 5735; x_wconf 84' lang='lat' dir='ltr'><strong>quod</strong></span> <span class='ocrx_word' id='word_1_1111' title='bbox 3434 5666 3785 5735; x_wconf 86' lang='lat' dir='ltr'><strong>immaturum</strong></span> 
     </span>
    </p>
   </div>
   <div class='ocr_carea' id='block_1_149' title="bbox 2211 5734 3790 5805">
    <p class='ocr_par' dir='ltr' id='par_1_149' title="bbox 2211 5734 3790 5805">
     <span class='ocr_line' id='line_1_153' title="bbox 2211 5734 3790 5805; baseline -0.003 -16"><span class='ocrx_word' id='word_1_1112' title='bbox 2211 5744 2313 5801; x_wconf 89' lang='lat' dir='ltr'><strong>est,</strong></span> <span class='ocrx_word' id='word_1_1113' title='bbox 2348 5743 2613 5789; x_wconf 88' lang='lat' dir='ltr'><strong>maturum</strong></span> <span class='ocrx_word' id='word_1_1114' title='bbox 2637 5734 2800 5790; x_wconf 89' lang='lat' dir='ltr'><strong>etiam</strong></span> <span class='ocrx_word' id='word_1_1115' title='bbox 2831 5737 2937 5791; x_wconf 92' lang='lat' dir='ltr'><strong>alio</strong></span> <span class='ocrx_word' id='word_1_1116' title='bbox 2966 5749 3210 5805; x_wconf 77' lang='lat' dir='ltr'><strong>reschtu</strong></span> <span class='ocrx_word' id='word_1_1117' title='bbox 3237 5737 3341 5792; x_wconf 91' lang='lat' dir='ltr'><strong>dici</strong></span> <span class='ocrx_word' id='word_1_1118' title='bbox 3371 5746 3563 5805; x_wconf 85' lang='lat' dir='ltr'><strong>potest,</strong></span> <span class='ocrx_word' id='word_1_1119' title='bbox 3597 5734 3790 5790; x_wconf 78' lang='lat' dir='ltr'><strong>videli-</strong></span> 
     </span>
    </p>
   </div>
   <div class='ocr_carea' id='block_1_150' title="bbox 2211 5806 3787 5880">
    <p class='ocr_par' dir='ltr' id='par_1_150' title="bbox 2211 5806 3787 5880">
     <span class='ocr_line' id='line_1_154' title="bbox 2211 5806 3787 5880; baseline -0.001 -17"><span class='ocrx_word' id='word_1_1120' title='bbox 2211 5814 2317 5874; x_wconf 83' lang='lat' dir='ltr'><strong>cet,</strong></span> <span class='ocrx_word' id='word_1_1121' title='bbox 2339 5806 2461 5877; x_wconf 88' lang='lat' dir='ltr'><strong>quia</strong></span> <span class='ocrx_word' id='word_1_1122' title='bbox 2486 5821 2625 5869; x_wconf 83' lang='lat' dir='ltr'><strong>nunc</strong></span> <span class='ocrx_word' id='word_1_1123' title='bbox 2650 5806 2806 5865; x_wconf 83' lang='lat' dir='ltr'><strong>ﬂetus</strong></span> <span class='ocrx_word' id='word_1_1124' title='bbox 2827 5807 3067 5878; x_wconf 82' lang='lat' dir='ltr'><strong>prodest,</strong></span> <span class='ocrx_word' id='word_1_1125' title='bbox 3089 5816 3144 5866; x_wconf 81' lang='lat' dir='ltr'><strong>et</strong></span> <span class='ocrx_word' id='word_1_1126' title='bbox 3173 5810 3485 5880; x_wconf 70' lang='lat' dir='ltr'><strong>poenitentia</strong></span> <span class='ocrx_word' id='word_1_1127' title='bbox 3508 5808 3787 5867; x_wconf 78' lang='lat' dir='ltr'><strong>fructuosa</strong></span> 
     </span>
    </p>
   </div>
  </div>
