4006 6364
341 279 482 337 1081

1018 272 1088 331 IN
1125 272 1545 333 PSALMORUM
1584 273 1842 333 LIBRUM
1884 271 2237 333 EXEGESIS.
2278 304 2349 318 —
2387 275 2636 335 PSALM.
2678 277 2910 337 CXVIII.

3476 282 3620 345 1082

339 406 465 460 est;
504 395 849 452 immaturum
896 407 1026 449 vero
1064 401 1275 462 tempus
1306 395 1410 451 erit
1454 403 1663 464 tempus
1696 397 1927 451 extremi
1953 394 2009 455 Α
2033 399 2140 465 tate
2162 391 2273 459 illa,
2304 405 2463 464 quam
2489 396 2714 465 quisque
2741 396 2916 453 ﬁdelis
2956 396 3116 455 debet
3161 398 3419 457 exhibere
3444 401 3619 461 linlir-

336 468 554 536 iudicii,
581 466 831 537 quoniam
862 466 1023 521 etiam
1056 475 1180 521 tunc
1205 467 1308 521 erit
1355 467 1686 537 paenitentia,
1719 466 1814 520 sed
1849 466 1932 519 in-

343 536 638 605 fructuosa,
670 546 871 609 quanto
900 536 1082 593 dicent
1122 538 1309 607 impii:
1348 536 1462 592 Nos
1504 538 1749 591 insensali
1776 540 1933 609 msti-

342 612 613 665 mabamus
656 613 810 664 vitam
854 609 1066 663 illorum
1108 609 1395 675 insaniam,
1433 618 1482 664 et
1522 609 1675 674 finem
1720 608 1932 665 illorum

339 683 453 736 sine
492 682 699 735 honore.
734 680 864 735 Ecce
909 680 1162 746 quomodo
1191 682 1469 748 computati
1496 689 1636 747 sunt,
1670 682 1929 749 quomodo

338 752 477 807 inter
502 752 635 820 ﬁlios
659 752 773 817 Dei,
798 761 903 807 etc.
932 750 997 805 Et
1022 751 1142 806 ideo
1161 760 1242 806 est
1264 751 1317 806 in
1346 751 1443 807 hac
1467 752 1773 807 maturitate
1797 761 1931 808 tem-

341 825 496 890 poris
527 824 890 879 conlitendum
921 833 973 879 et
998 821 1331 877 clamandum
1361 823 1426 878 ad
1454 824 1756 885 Dominum,
1791 834 1845 878 et
1875 825 1928 881 in

339 896 524 950 verbis
552 894 670 965 ejus
698 894 1202 963 supersperandum.
1237 892 1384 948 Unde
1411 896 1499 965 qui
1530 896 1580 949 in
1606 894 1723 965 Aliae
1754 904 1931 949 matu-

339 968 503 1047 ritate
530 963 785 1049 temporis
814 965 1043 1035 venerit,
1069 975 1123 1022 et
1148 963 1457 1036 pulsaverit,
1489 963 1772 1021 confestim
1801 980 1925 1037 ape-

339 1049 513 1093 rietnr
537 1052 604 1091 el.

418 1109 778 1164 Prcevenerunt
807 1110 939 1163 oculi
968 1109 1080 1162 mei.
1122 1107 1244 1165 ideo
1274 1107 1723 1164 manifestioribus
1750 1108 1928 1167 verbis

337 1179 473 1233 dicit
504 1199 519 1235 :
555 1180 703 1234 Oculi
747 1180 816 1233 ad
841 1190 907 1244 te,
938 1180 1247 1235 subauditur
1276 1181 1326 1233 in
1372 1190 1629 1248 tempore,
1675 1195 1928 1247 prtevene-

338 1262 466 1303 runt
498 1262 549 1308 te
592 1252 643 1305 in
676 1252 920 1313 diluculo,
954 1251 1005 1305 id
1030 1259 1134 1316 est,
1166 1251 1218 1305 in
1248 1250 1549 1306 sedulitate.
1580 1252 1732 1307 Unde
1759 1250 1885 1306 alibi
1911 1270 1924 1307 :

337 1322 761 1393 Anticipaverunt
788 1324 985 1393 vigilias
1014 1322 1148 1376 oculi
1173 1325 1293 1387 mei,
1325 1321 1410 1377 vel
1438 1322 1573 1376 oculi
1602 1324 1720 1385 mei,
1755 1323 1927 1377 inten-

338 1391 532 1449 dentes
558 1394 623 1448 ad
658 1405 728 1459 te,
757 1391 1104 1464 prtevenerunt
1133 1408 1227 1462 per
1270 1394 1529 1464 lacrymas
1573 1393 1749 1464 cordis
1775 1408 1927 1449 com-

338 1468 687 1532 punctiouem
735 1463 1022 1520 diluculum
1073 1464 1202 1519 illud
1252 1463 1510 1531 futurum,
1542 1463 1791 1531 quoniam
1837 1480 1927 1520 re-

340 1535 667 1591 velabuntur
691 1536 1001 1591 abscondita
1049 1537 1227 1591 cordis
1268 1535 1631 1600 tenebrarum,
1666 1545 1718 1589 et
1758 1536 1929 1590 mani-

341 1604 539 1661 festata
579 1607 797 1663 consilia
839 1606 1103 1663 cordium.
1144 1605 1241 1661 Vel
1285 1605 1332 1661 si
1380 1620 1501 1674 pars
1545 1607 1635 1661 illa
1687 1606 1926 1662 lidelium

337 1675 597 1746 loquitur,
626 1694 744 1748 quae
773 1678 873 1733 sub
902 1679 1017 1747 lege
1047 1677 1164 1743 luit,
1202 1692 1486 1748 possumus
1511 1679 1757 1746 accipere
1784 1678 1925 1732 dilu-

2036 462 2281 539 mitatem
2306 462 2458 539 suam
2506 462 2849 539 agnoscendo
2868 510 2885 537 ,
2935 478 2989 525 et
3022 480 3199 525 tamen
3227 471 3298 526 de
3326 486 3385 527 se
3414 487 3617 539 praesu-

2032 534 2248 601 mendo,
2296 536 2383 611 vel
2425 551 2521 606 pro
2543 533 2889 611 iribulatione
2937 550 2991 595 et
3035 540 3339 611 dejectione
3388 533 3534 599 illata
3586 561 3614 600 a

2033 607 2494 686 persecutoribus,
2545 610 2762 686 vel__pro
2793 607 3161 686 humiliatione
3188 612 3328 669 facta
3354 614 3407 669 in
3441 615 3616 686 primo

2032 687 2273 754 parente.
2293 679 2359 733 Et
2380 679 2492 754 _h_oc
2513 689 2603 754 est
2624 682 2803 737 dicere
2828 700 2839 735 :
2867 682 3059 752 Prope,
3089 685 3326 754 inquam,
3345 679 3483 753 esto,
3508 686 3615 741 Do-

2031 747 2197 825 inine,
2245 758 2300 803 et
2342 751 2456 825 vide
2500 752 2839 825 humilitatem
2884 747 3088 822 meam,
3144 747 3246 811 lioc
3294 747 3403 825 prce
3443 747 3614 814 oculis

2036 815 2199 883 habe,
2229 822 2369 898 quod
2392 836 2606 898 egente
2635 824 2874 889 humilio,
2905 835 2953 879 et
2983 815 3118 897 eripe
3146 843 3227 881 me
3258 815 3324 882 ab
3353 829 3609 898 elatione,

2031 898 2089 970 ut
2120 892 2318 970 possim
2343 892 2647 970 humiliari:
2681 897 2928 970 quiaego
2957 892 3066 970 non
3086 914 3200 951 sum
3232 898 3416 954 oblitus
3448 892 3608 970 legem

2030 965 2193 1014 tuam.
2227 959 2373 1038 Illam
2404 964 2629 1038 scilicet,
2654 959 2773 1037 qum
2805 959 3210 1023 iin'mutabiliter
3238 970 3338 1024 lixa
3368 979 3450 1025 εει
3469 959 3609 1038 apud

2032 1038 2107 1110 te,
2138 1033 2279 1110 quod
2302 1034 2478 1110 omnis
2529 1038 2617 1107 qui
2646 1033 2703 1110 se
2729 1038 2949 1103 exaltat,
2980 1039 3288 1095 humiliatur
3314 1061 3325 1095 :
3358 1052 3411 1095 et
3436 1033 3608 1110 quise

2031 1102 2297 1182 humiliat,
2327 1102 2713 1182 exaltatur._Et
2740 1111 2882 1177 ideo,
2918 1111 3178 1182 Domine,
3201 1102 3465 1182 judicium
3511 1114 3611 1169 hoc

2031 1174 2324 1254 secundum
2353 1176 2495 1245 quod
2520 1178 2839 1254 judicio‘me
2863 1174 3410 1254 esseliumiliandnm,
3429 1186 3612 1253 judica

2032 1242 2277 1322 faciendo
2302 1242 2422 1302 esse
2450 1242 2639 1322 meum,
2692 1251 2745 1306 id
2773 1261 2873 1315 est,
2915 1253 3042 1307 mihi
3069 1254 3198 1309 utile
3227 1263 3281 1308 et
3302 1242 3608 1322 matorium,

2031 1323 2086 1396 et
2100 1318 2293 1396 redime
2317 1335 2397 1396 me
2420 1320 2487 1375 ab
2515 1322 2766 1396 elatione,
2816 1333 2869 1396 et
2894 1322 3105 1396 demum
3134 1325 3331 1394 viviﬁca
3371 1342 3449 1379 me
3478 1318 3603 1396 pro;

2032 1395 2143 1467 pter
2171 1388 2427 1458 eloquium
2453 1402 2595 1467 tuum
2622 1408 2638 1445 :
2670 1393 2770 1447 hoc
2799 1394 3063 1464 eloquium
3082 1388 3313 1465 pertinet
3342 1398 3408 1451 ad
3434 1388 3604 1467 legem

2031 1456 2201 1538 illam,
2233 1456 2393 1538 quam
2416 1461 2613 1517 oblitus
2641 1478 2744 1538 non
2767 1474 2869 1538 est,
2901 1456 2970 1538 'ut
2999 1480 3057 1520 se
3086 1456 3399 1522 exaltandus
3432 1456 3607 1522 inimi-

2032 1526 2393 1605 liaret:_'_ip_sa
2441 1542 2618 1588 autem
2666 1526 2978 1603 justillcatio
3027 1547 3110 1593 est
3135 1539 3407 1594 exultatio.
3463 1538 3606 1605 Quid

2032 1601 2173 1678 enim
2205 1602 2350 1657 aliud
2377 1616 2461 1678 est
2479 1601 2745 1674 justorum
2772 1607 3045 1673 exaltatio,
3069 1623 3226 1678 quam
3245 1610 3348 1664 vita
3369 1601 3609 1665 aeterna?

2031 1669 2113 1746 ad
2142 1686 2300 1746 quam
2332 1675 2454 1743 quia
2479 1669 2795 1744 peccatores
2821 1695 2925 1731 non
2966 1669 3304 1746 perveniunt,
3338 1680 3460 1736 ideo
3481 1681 3608 1736 sub-

336 1738 521 1824 cuium
542 1821 555 1824 _
574 1738 716 1824 diem
757 1738 1175 1824 incarnationis
1205 1738 1455 1824 Domini,
1507 1738 1766 1824 quoniam,
1808 1750 1925 1818 ipse
1952 1763 2002 1824 Β
2028 1738 2173 1824 dit”!
2200 1738 2377 1823 ιτοηθὲ
2400 1763 2433 1799 a
2458 1738 2808 1816 peccatoribus
2835 1738 2989 1824 salus.
3028 1751 3092 1804 Et
3122 1738 3332 1824 merito,
3375 1753 3497 1824 quia
3526 1755 3611 1816 iu-

336 1819 647 1891 unigenitus
677 1820 769 1876 Dei
810 1819 996 1887 Filius,
1028 1822 1178 1890 quasi
1208 1820 1289 1875 sol
1319 1820 1659 1891 verusradio
1687 1822 1768 1874 sui
1806 1834 1922 1874 om-

333 1890 463 1945 nem
493 1891 698 1961 depulit
727 1891 965 1946 veritatis
994 1905 1230 1946 errorem
1262 1908 1276 1943 :
1309 1890 1451 1945 hunc
1476 1890 1615 1945 diem
1648 1906 1921 1958 praevene-

331 1969 467 2032 runt
496 1963 707 2030 plurimi
737 1962 1025 2032 sperando,
1054 1972 1109 2017 et
1136 1962 1189 2016 in
1224 1961 1327 2016 lide
1356 1961 1493 2017 bene
1532 1961 1825 2027 operando.
1856 1963 1922 2019 Et

332 2030 417 2086 illi
447 2033 575 2089 tales
599 2030 783 2089 dicere
813 2042 1037 2102 possunt
1062 2052 1073 2086 :
1105 2033 1255 2085 Oculi
1281 2033 1380 2085 mei
1406 2035 1474 2085 ad
1501 2041 1546 2085 te
1573 2032 1762 2088 intenti
1790 2048 1921 2103 pra:-

330 2113 577 2158 venerunt
606 2104 920 2170 diluculum,
950 2104 1123 2159 adhuc
1152 2114 1207 2157 ut
1234 2105 1444 2157 mediter
1469 2104 1670 2173 eloquia
1695 2114 1782 2158 tua
1812 2120 1919 2161 non

329 2174 405 2228 ad
432 2176 727 2239 sciendum,
760 2175 853 2230 sed
899 2175 964 2229 ad
996 2175 1295 2230 faciendum
1324 2192 1334 2227 :
1369 2190 1515 2243 ergo,
1561 2176 1799 2238 Domine,
1828 2192 1919 2229 vo-

330 2258 449 2298 cem
489 2262 676 2312 meam,
703 2246 757 2301 id
785 2253 890 2313 est,
920 2261 1106 2301 vocem
1135 2246 1313 2301 cordis
1339 2246 1463 2298 audi
1492 2261 1597 2301 non
1626 2246 1920 2303 secundum

331 2318 609 2381 meritum,
639 2318 732 2373 sed
773 2319 1050 2371 secundum
1096 2317 1498 2371 misericordiam
1532 2326 1693 2383 tuam,
1733 2317 1785 2372 id
1815 2326 1917 2385 est,

332 2389 409 2459 ita
438 2396 497 2443 ut
522 2387 799 2459 impendas
828 2388 959 2459 milii
999 2387 1443 2452 misericordiam,
1469 2398 1515 2443 et
1543 2389 1738 2444 deinde
1785 2390 1920 2443 vivi-

329 2457 437 2525 ﬁca
457 2475 535 2514 me
559 2457 655 2528 per
676 2458 934 2528 judicium
960 2477 972 2513 :
1000 2459 1146 2529 prius
1168 2459 1398 2527 roganda
1421 2470 1501 2514 est
1523 2459 1916 2527 misericordia,

330 2543 739 2600 ne_gravemur
783 2529 1006 2600 judicio,
1055 2531 1177 2595 quia
1228 2530 1371 2600 prius
1418 2531 1920 2586 immisericorditer

328 2598 510 2670 aufert
557 2603 694 2657 Deus
731 2598 1195 2667 a‘peccatoribus,
1230 2598 1434 2670 quibus
1477 2603 1622 2669 prius
1658 2601 1916 2670 judicium

330 2669 483 2726 dabit
518 2673 701 2728 vitam.
750 2672 899 2740 Quod
949 2673 1048 2727 iste
1089 2669 1369 2727 attendens
1413 2672 1583 2727 dicit:
1619 2674 1919 2727 Secundum

319 2743 590 2813 judicium
616 2754 758 2798 tuum
798 2744 997 2812 viviﬁca
1025 2759 1122 2797 me.
1169 2742 1231 2797 Et
1277 2758 1411 2809 opus
1441 2754 1542 2810 est,
1584 2752 1644 2797 ut
1683 2744 1918 2799 vivilices

330 2827 424 2883 me
454 2813 694 2883 interius,
726 2814 847 2883 quia
878 2824 1002 2868 sunt
1042 2814 1130 2883 qui
1162 2816 1486 2869 mortilicent
1528 2829 1615 2868 me
1655 2815 1914 2869 exterius.

330 2882 470 2938 Nam
500 2882 847 2957 persequentes
867 2882 1400 2954 appropinquaverunt
1428 2885 1579 2957 mihi.
1605 2886 1745 2957 Satis
1774 2887 1917 2941 enim

329 2958 916 3025 appropinquaverunt,
949 2957 1039 3024 qni
1080 2970 1294 3010 carnem
1346 2966 1486 3010 tuam
1529 2956 1803 3011 dilaniant.
1853 2957 1918 3010 Et

331 3027 823 3097 appropinquantes
872 3026 1032 3092 mihi,
1065 3029 1596 3097 appropinquaverimt
1642 3028 1771 3081 mihi
1817 3029 1911 3080 ini-

331 3098 538 3163 quitati.
568 3100 778 3162 Quanto
809 3099 992 3168 magis
1032 3100 1173 3152 enim
1220 3099 1409 3167 aliquis
1436 3100 1607 3167 jusms
1637 3099 1915 3167 prosequi-

333 3173 442 3233 tur,
477 3178 624 3224 tauto
653 3167 882 3237 iniquior
907 3167 1212 3236 deputatur.
1244 3169 1311 3223 Et
1341 3171 1418 3224 sic
1446 3172 1593 3239 longe
1636 3171 1759 3236 {acti
1800 3181 1918 3223 sunt

332 3252 368 3289 a
398 3239 506 3311 lege
534 3247 644 3305 tua,
674 3254 792 3309 qua:
821 3240 1057 3309 praecipit
1085 3239 1241 3293 etiam
1271 3241 1520 3301 inimcos
1550 3240 1798 3309 diligere,
1830 3241 1917 3295 vel

333 3322 367 3363 a
400 3324 485 3365 me
515 3319 771 3382 servante
792 3320 931 3382 tuam
960 3312 1127 3378 legem
1160 3311 1314 3382 longe
1348 3312 1473 3366 lacti
1504 3318 1649 3378 sunt,
1678 3310 1802 3366 licet
1825 3326 1920 3381 ap-

333 3382 698 3451 propinquare
726 3380 1055 3436 viderentur.

410 3449 580 3523 Prope
607 3468 681 3507 es.
730 3454 888 3523 Quasi
920 3452 1063 3506 dicat
1092 3468 1103 3505 :
1157 3451 1545 3521 Persequentes
1574 3453 1788 3523 quidem
1818 3470 1918 3523 ap-

334 3522 698 3593 propinquant
723 3522 979 3588 exterius,
1015 3533 1069 3577 tu
1100 3532 1298 3586 autem,
1334 3524 1574 3591 Domine,
1598 3542 1757 3593 prope
1786 3543 1838 3580 es
1858 3522 1917 3581 tu

334 3594 581 3648 interius.
636 3593 705 3647 Et
738 3611 909 3648 omnes
956 3594 1048 3647 via:
1092 3605 1213 3665 tum,
1267 3595 1448 3661 idest,
1498 3596 1675 3649 omnia
1710 3598 1915 3665 ﬂagella

333 3673 447 3731 tua,
479 3680 597 3736 qua:
618 3674 742 3719 sunt
770 3665 973 3736 veritas,
1016 3664 1135 3734 quia
1168 3665 1369 3736 nullum
1402 3670 1518 3720 sine
1544 3682 1705 3721 causa
1735 3664 1916 3736 ﬂagel-

242 3794 247 3799 ,
334 3736 438 3789 las.
486 3735 690 3791 Dicitur
718 3736 843 3790 alibi
871 3755 882 3788 :
918 3735 1173 3790 Universte
1211 3738 1304 3791 vite
1331 3735 1538 3791 Domini
1566 3735 1918 3795 misericordia

332 3815 382 3861 et
403 3808 607 3879 veritas.
658 3806 722 3860 Et
763 3807 847 3861 ltic
878 3807 1017 3877 quod
1050 3824 1220 3879 omnes
1266 3809 1360 3863 via:
1409 3820 1510 3863 tua:
1554 3810 1660 3862 sint
1709 3813 1913 3879 veritas,

333 3877 478 3951 quod
518 3877 725 3932 videtur
750 3892 872 3951 esse
900 3878 1247 3951 contrarium,
1283 3879 1375 3934 sed
1406 3884 1511 3934 non
1542 3888 1642 3943 est,
1692 3882 1810 3951 quia
1858 3877 1913 3938 in

332 3947 489 4019 bonis
530 3950 891 4015 utrumquein
924 3949 1018 4003 viis
1050 3949 1259 4003 Domini
1302 3960 1405 4019 est,
1457 3952 1663 4006 scilicet
1699 3947 1913 4009 iniseri-

333 4018 524 4090 cordia
544 4028 599 4074 et
626 4021 843 4085 veritas,
866 4022 989 4090 quia
1018 4031 1073 4074 et
1096 4018 1397 4087 iudicando
1428 4022 1694 4089 subvenit,
1721 4033 1777 4079 et
1804 4027 1910 4080 mi-

334 4088 565 4160 serando
586 4092 829 4156 exhibet,
858 4088 999 4159 quod
1028 4092 1292 4160 promisit.
1340 4093 1392 4146 In
1423 4093 1575 4148 malis
1602 4088 1729 4149 vero
1756 4106 1807 4150 et
1856 4096 1909 4152 in

335 4159 586 4215 omnibus
621 4161 951 4230 ﬂagellandis
980 4162 1078 4216 viae
1128 4162 1338 4218 Domini
1380 4173 1504 4219 sunt
1534 4174 1734 4220 tantum
1764 4169 1909 4221 veri-

337 4242 438 4295 tas,
464 4232 609 4300 quia,
656 4241 718 4287 ut
744 4247 902 4301 supra
935 4233 1185 4301 diximus,
1235 4236 1439 4290 nullum
1474 4236 1593 4291 sine
1618 4251 1779 4293 causa
1810 4238 1909 4292 lla-

333 4303 515 4372 gellat.
571 4302 639 4355 Et
687 4304 807 4367 hoc,
856 4304 1009 4371 quasi
1058 4306 1234 4359 dicat:
1286 4307 1436 4372 Quod
1468 4324 1641 4361 omnes
1684 4309 1773 4361 via:
1810 4320 1911 4362 tua:

334 4374 440 4427 sint
466 4374 670 4437 veritas,
714 4375 925 4446 cognovi
953 4377 1026 4446 de
1068 4377 1365 4446 testimoniis
1387 4379 1508 4443 tuis,
1540 4380 1619 4431 vel
1653 4392 1748 4446 per
1776 4394 1909 4445 pree-

334 4452 485 4512 cepta
518 4452 605 4516 tua
630 4446 679 4516 in
704 4444 870 4516 initio,
916 4444 966 4497 id
998 4453 1098 4516 est,
1131 4444 1183 4516 in
1216 4446 1401 4512 primis
1428 4448 1623 4515 justis:
1655 4444 1907 4516 alioquin

1944 3130 1993 3195 C

2029 1812 2361 1879 sti/icationes
2406 1812 2523 1890 tuas
2566 1834 2667 1871 non
2697 1821 3077 1890 Aexquisierunt.
3132 1822 3201 1875 Et
3229 1812 3397 1890 quasi.
3429 1823 3495 1875 ab
3526 1812 3610 1877 reo

2028 1893 2361 1960 quaereretur
2381 1904 2391 1938 :
2414 1888 2556 1960 Quis
2600 1898 2651 1942 te
2680 1888 2935 1944 discrevit
2960 1893 3059 1952 sic,
3092 1902 3147 1945 ut
3181 1888 3275 1947 tibi
3305 1893 3517 1960 proprie
3538 1894 3610 1949 sit

2026 1953 2199 2033 sal_us,_
2243 1972 2361 2033 quae
2412 1958 2566 2033 longe
2595 1970 2677 2033 est
2710 1975 2750 2033 ia
2780 1962 3190 2029 peccatoribus?
3238 1953 3424 2017 Nonne
3472 1963 3595 2029 hoc,

2026 2026 2152 2092 quia
2171 2026 2595 2103 justilicationcs
2629 2026 3032 2103 Deiexquisivi,
3068 2048 3196 2103 quas
3232 2034 3309 2087 illi
3360 2026 3608 2103 negleer-

2024 2097 2200 2172 τηειιῖ
2239 2096 2362 2172 iste
2388 2114 2517 2172 vero
2561 2096 2852 2172 attendens
2894 2096 3032 2157 hanc
3079 2096 3489 2172 exquisitioneni
3539 2120 3606 2161 ex

2023 2166 2137 2220 sola
2171 2168 2264 2223 Dei
2294 2169 2658 2225 misericordia
2686 2187 2826 2236 esse,
2857 2174 3070 2229 subdit:
3108 2166 3476 2231 Misericordia:
3505 2185 3607 2230 tua:

2023 2237 2219 2316 multa,
2257 2237 2498 2316 Domine.
2547 2242 2707 2316 Quasi
2731 2243 2874 2316 dicat
2902 2263 2914 2298 :
2949 2246 2992 2298 Α
3021 2247 3365 2313 peccatoribus
3395 2247 3607 2316 quidem

2024 2304 2175 2388 longe
2200 2304 2284 2388 e_s_t
2304 2311 2468 2388 salus,
2500 2304 2619 2383 quia
2637 2304 3037 2388 justi/icationes
3080 2327 3323 2388 luasinon
3347 2304 3603 2387 exquisie-

2022 2387 2162 2433 runt.
2215 2379 2399 2436 Multa:
2421 2379 2596 2438 autem
2631 2379 2993 2441 misericordia:
3020 2398 3141 2456 tute,
3191 2379 3431 2455 Domine,
3483 2398 3609 2444 sunt

2024 2458 2551 2532 βτετξηθκίιυεςεειιθε,
2573 2456 2938 2532 _quia_vocas,_
2963 2468 3181 2532 peccata
3209 2460 3501 2526 condonas,
3554 2470 3610 2515 et

2018 2521 2301 2602 justiﬁeas.
2323 2523 2392 2578 Et
2412 2524 2554 2602 ideo,
2572 2521 2817 2602 Domine,
2842 2521 3043 2602 vivi/ica
3063 2542 3144 2584 me
3164 2521 3606 2602 secundumjudi-

2024 2596 2162 2672 cium
2185 2600 2362 2672 t_uum_,_
2399 2598 2618 2672 quodtu
2644 2596 2792 2672 facis,
2824 2601 3032 2655 scilicet
3064 2602 3207 2671 quod
3238 2617 3342 2657 non
3383 2596 3469 2656 sit'
3490 2601 3606 2657 sine

2028 2664 2558 2741 miser_icordia,_qui
2609 2668 2827 2723 exhibet
2874 2664 3322 2741 misericordiam,
3383 2674 3465 2727 vel
3514 2674 3606 2741 qui

2022 2730 2242 2814 dixisti:
2279 2733 2390 2814 ιξθο
2414 2730 2681 2814 diligentes
2706 2743 3005 2814 nte‘diligo.
3045 2740 3127 2814 Et
3158 2730 3401 2813 cpus'est
3430 2730 3606 2814 (quasi

2022 2801 2188 2883 dicat)
2221 2814 2277 2859 ut
2300 2801 2565 2884 iustitiae}
2588 2825 2695 2884 me,
2725 2812 2847 2880 quia
2892 2801 2996 2867 non
3026 2801 3219 2868 desuni
3250 2801 3496 2884 urgentes
3520 2828 3605 2869 me

2024 2878 2075 2927 in
2102 2885 2355 2956 mortem.
2410 2878 2566 2956 .ifulti
2592 2878 2926 2956 enimsunt,
2979 2885 3079 2956 qui
3112 2878 3481 2956 persequuntur
3531 2902 3611 2941 me

2022 2951 2275 3025 citerius,
2314 2959 2359 3001 et
2383 2951 2628 3025 tribulam
2648 2968 2729 3025 me
2755 2951 2998 3025 interius.
3041 2954 3154 3024 Ego
3186 2951 3361 3010 tamen
3390 2973 3491 3010 non
3519 2956 3608 3009 de-

2019 3016 2207 3095 clinavi
2236 3034 2266 3070 a
2290 3021 2586 3095 testimoniis
2617 3024 2737 3095 tuis.
2768 3024 3036 3095 Neemihi
3059 3016 3269 3081 sulTecit
3296 3029 3347 3081 in
3377 3041 3460 3081 me
3491 3027 3610 3095 ipso

2024 3100 2148 3167 esse
2182 3088 2400 3167 bonum,
2431 3093 2525 3145 sed
2553 3094 2724 3159 potius
2746 3093 2899 3167 volui
2924 3096 3056 3149 alios
3087 3110 3207 3151 esse
3237 3097 3443 3162 bonos;
3478 3088 3603 3166 quia

2022 3158 2125 3233 vidi
2164 3158 2573 3233 prwvaricantes,
2607 3171 2653 3215 et
2682 3164 2995 3219 tabescebam
3036 3168 3152 3222 zelo
3192 3170 3353 3233 bono,
3404 3158 3509 3222 non
3538 3184 3604 3224 ex

2027 3228 2213 3294 livore,
2258 3232 2356 3308 sed
2381 3245 2445 3285 ex
2494 3247 2676 3287 amore
2706 3236 3098 3308 pr_oveniente:
3140 3244 3259 3307 quia
3286 3228 3487 3308 eloquia
3518 3250 3607 3294 tua

2020 3313 2122 3378 non
2155 3301 2721 3378 custodierunt,_ergo,
2742 3303 2984 3376 Domine,
3018 3308 3130 3361 vide
3152 3301 3226 3363 'in
3255 3301 3460 3373 me,'id
3500 3318 3603 3377 est,

2022 3370 2445 3450 misericordiam
2488 3370 2881 3433 inihi'eithibe:
2927 3370 3166 3447 quoniam
3202 3370 3449 3434 mandata
3492 3370 3603 3450 tua,

2025 3438 2265 3521 Domine,
2319 3442 2419 3497 hoc
2456 3454 2559 3513 est,
2593 3461 2705 3521 non
2733 3450 2922 3505 timore
2939 3438 3144 3521 poenae,
3183 3452 3279 3506 sed
3304 3466 3487 3507 amore
3508 3438 3603 3521 ju-Z

2020 3518 2201 3593 smne,
2253 3526 2510 3593 quantum
2562 3518 2727 3585 potui,
2773 3518 3008 3589 implevi.
3059 3521 3124 3575 Et
3164 3521 3309 3589 ideo,
3357 3518 3603 3592 Domine,

2016 3584 2253 3662 justilica
2283 3600 2368 3662 me
2395 3586 2499 3639 vita
2543 3584 2938 3662 vera,non'in
2979 3594 3176 3647 merito
3206 3584 3351 3658 meo,
3404 3593 3496 3648 sed
3549 3584 3603 3650 in

2020 3654 2390 3733 misericordia
2421 3664 2528 3733 tua.
2569 3659 2817 3733 captatio
2842 3674 2924 3718 est
2969 3654 3471 3731 proﬁcientispcum
3514 3663 3603 3721 liic

2020 3728 2236 3807 vivitur.
2267 3728 2351 3807 .Et
2381 3728 2575 3807 merito
2604 3729 2763 3787 dilexi
2792 3745 2879 3786 tua
2923 3728 3203 3807 mandata,
3252 3728 3372 3804 quia
3416 3737 3603 3791 veritas

2018 3805 2090 3847 est
2114 3799 2421 3875 principium
2451 3802 2713 3855 verborum
2743 3813 2977 3872 tuorum,
3026 3806 3081 3861 id
3106 3799 3208 3872 est,
3259 3799 3421 3863 verba
3452 3818 3539 3861 tua
3571 3823 3602 3862 a

2018 3870 2267 3934 veritate,
2299 3870 2425 3945 quia
2448 3886 2477 3924 a
2501 3881 2572 3939 te,
2598 3875 2685 3943 qui
2710 3877 2907 3931 veritas
2927 3870 3008 3942 es,
3046 3870 3356 3945 procedunt.
3391 3879 3456 3932 Et
3478 3879 3601 3934 ideo

2018 3945 2145 4017 sunt
2174 3953 2321 4017 vera,
2374 3941 2427 3996 id
2456 3952 2557 4009 est,
2590 3941 2862 4001 neminem
2886 3941 3139 4011 fallentia,
3176 3949 3597 4016 praenunciautia

2019 4012 2180 4087 vitam
2213 4012 2404 4087 p_io,__e_t
2431 4028 2639 4087 poenam
2664 4030 2775 4069 reo.
2813 4018 2877 4069 Et
2901 4018 3000 4071 hoc
3026 4012 3449 4084 imtnutabiliter,
3474 4019 3598 4087 quia

2018 4081 2186 4155 omnia
2224 4081 2444 4155 judicia
2466 4085 2686 4155 justitia:
2727 4095 2827 4139 tua:
2867 4097 2991 4141 sunt
3031 4087 3088 4140 in
3124 4097 3387 4142 ceternum.
3436 4081 3600 4145 'U'nde

2016 4149 2185 4203 alibi:
2225 4149 2482 4206 'Verbum'
2505 4153 2715 4208 Domini
2761 4168 2927 4212 manet
2973 4158 3025 4211 in
3069 4168 3336 4215 wternum.
3387 4160 3596 4216 Aliter:

2024 4217 2177 4299 Vide,
2222 4221 2467 4299 Domine,
2524 4226 2863 4299 humilitatem
2902 4245 3090 4296 meam,
3142 4229 3195 4283 id
3227 4241 3329 4297 est,
3380 4231 3597 4288 attende

2018 4291 2417 4372 tribulationem
2469 4303 2521 4351 et
2568 4297 2927 4372 dejectionem
2956 4343 2971 4367 ,
3024 4291 3517 4372 quomodo'patior
3565 4318 3598 4357 a

2016 4366 2474 4444 persecutoribus,
2525 4376 2572 4421 et
2602 4370 2738 4438 eripe
2766 4385 2843 4444 me
2871 4366 3271 4444 abiltu'militate
3319 4366 3442 4441 lt'ac,
3488 4383 3594 4428 non

2018 4434 2449 4512 ut_tribulatione
2479 4434 2715 4512 caream,
2749 4442 2844 4512 sed
2874 4442 3009 4497 utin
3038 4443 3153 4512 ipsa
3184 4460 3291 4500 non
3308 4434 3593 4511 deliciam;

334 4497 477 4570 enim
512 4514 639 4568 Abel
670 4522 725 4585 et
749 4497 871 4585 Job,
907 4523 959 4568 et
981 4497 1110 4568 alios
1136 4497 1651 4585 jus'tosprit'tiivtivos,
1676 4497 1910 4573 ’ὲίὸῖιΊιῑξιῖ

2022 4506 2133 4585 quia
2155 4520 2253 4585 ego
2284 4523 2389 4585 non
2410 4525 2521 4585 sum
2548 4497 2730 4585 oblitus
2757 4510 2916 4581 legem
2941 4497 3113 4581 tuam,
3135 4497 3484 4584 scil‘icci‘qua:
3507 4497 3596 4583 iu:-

333 4584 520 4658 gellas,
553 4585 651 4658 nisi
679 4584 883 4655 ﬂagella
912 4594 997 4639 tua
1023 4588 1216 4641 veritas
1247 4584 1445 4658 essent.
1499 4588 1606 4643 Nec
1632 4601 1784 4658 putet
1813 4592 1911 4644 ali-

334 4659 453 4723 quis
485 4655 697 4730 _i_njuste
754 4662 947 4730 tactum
989 4671 1128 4730 esse,
1181 4657 1321 4726 quod
1366 4659 1499 4730 Abel
1536 4655 1914 4730 martyrizatus

334 4736 433 4801 est.
479 4726 566 4781 Sic
595 4727 771 4801 enim,
823 4728 867 4781 si
915 4728 1039 4797 quid
1058 4740 1344 4801 peccatum
1379 4729 1476 4784 luit
1526 4726 1910 4801 temporaliter,

334 4796 415 4865 ﬁt,
448 4811 515 4853 ne
544 4800 821 4868 puniretur
849 4796 1199 4853 mternaliter.

948 4911 1076 4978 Res,
1105 4921 1285 4979 caput.

940 5018 1295 5058 εΧΡιΛΝΑτιο.

404 5091 536 5148 Ecce
575 5095 687 5162 jam
718 5093 1004 5146 vicesimam
1045 5095 1266 5147 litteram
1310 5098 1534 5163 papulas
1564 5099 1804 5154 vitiorum
1832 5102 1911 5155 vi-

333 5173 439 5217 ctor
468 5164 768 5237 ingreditur,
802 5166 853 5216 in
880 5181 981 5231 qua
1001 5181 1052 5217 se
1072 5169 1189 5237 petit
1212 5167 1479 5231 viviﬁcari,
1507 5173 1742 5237 quoniam
1766 5189 1915 5226 man-

334 5238 453 5311 data
484 5235 692 5311 Domini
732 5250 929 5287 summo
960 5236 1126 5288 studio
1154 5239 1409 5311 requisivit
1439 5255 1455 5291 :
1495 5235 1643 5311 longe
1670 5260 1701 5294 a
1727 5260 1910 5311 perca-

335 5305 768 5382 toribttsjalutem
793 5323 1229 5382 commemorans,
1260 5310 1377 5375 quia
1423 5305 1612 5382 similia
1645 5305 1745 5366 non
1775 5318 1909 5382 fece-

332 5388 472 5431 runt.
522 5377 842 5443 Principium
887 5394 1083 5446 quoque
1128 5380 1388 5433 verborum
1442 5379 1645 5435 Domini
1696 5377 1913 5438 testatur

329 5465 439 5503 csse
468 5451 741 5524 veritatem.
787 5447 850 5501 Et
880 5449 975 5501 hoc
1004 5459 1078 5502 est
1104 5459 1277 5519 caput,
1320 5454 1456 5521 quod
1484 5454 1649 5507 littera
1688 5472 1911 5524 praesens

332 5520 569 5575 ostendit.

909 5627 1341 5669 COMMENTARIUS.

408 5700 535 5759 Vtide
562 5704 898 5777 humilitatem
926 5723 1093 5761 meam
1134 5719 1178 5761 ct
1206 5710 1343 5777 eripe
1372 5726 1469 5765 me.
1505 5710 1784 5767 Humilitas
1816 5715 1909 5771 tri-

330 5775 431 5833 bus
468 5776 643 5835 modis
671 5777 758 5836 hic
777 5780 949 5850 accipi
976 5788 1175 5850 potest,
1219 5775 1425 5839 scilicet
1448 5783 1530 5839 vel
1564 5799 1658 5853 pro
1689 5785 1907 5845 humili-

2021 4574 2111 4629 bet
2134 4579 2563 4655 etiam_inimicos
2590 4574 2830 4651 diligere",
2865 4595 2917 4639 et
2944 4574 3178 4640 animam
3206 4600 3303 4655 pro
3335 4574 3591 4641 fratribus

2020 4660 2256 4727 pon_ere._
2270 4649 2337 4702 Et
2355 4652 2486 4727 quia
2495 4650 2657 4727 legem
2676 4649 2859 4709 oblitas
2883 4673 2983 4711 non
3004 4674 3138 4723 sum,
3154 4649 3303 4726 ergo,
3336 4657 3589 4727 Domine,

2012 4719 2194 4791 judica
2244 4720 2343 4774 lioc
2374 4719 2658 4798 judicium
2681 4741 2870 4798 meum,
2920 4728 2976 4781 id
3020 4719 3134 4798 est,
3179 4719 3591 4798 hoc'ﬂagelluni

2021 4804 2223 4856 meum,
2257 4800 2315 4845 ut
2343 4794 2413 4846 sit
2439 4793 2569 4848 mihi
2597 4795 2661 4849 ad
2699 4796 3015 4864 profectum.
3058 4793 3126 4852 Et
3154 4799 3345 4854 redime
3376 4793 3473 4864 me,
3525 4813 3594 4855 ne

2020 4864 2283 4936 pressaris
2314 4866 2623 4936 urgentibus
2667 4867 2937 4936 deliciam,
2985 4878 3042 4925 et
3086 4887 3165 4925 me
3210 4870 3590 4926 mortilicatum

2020 4933 2274 5012 exterius,
2305 4933 2501 5012 viviﬁca
2530 4938 2773 5012 interius,
2808 4933 3014 5012 propter
3040 4943 3294 5012 eloquium
3325 4951 3468 4995 tuum
3498 4956 3590 4995 cu~

2017 5003 2298 5083 sioditum.
2333 5003 2465 5061 Nam
2494 5003 2878 5083 mortiﬁcamur
2902 5003 3004 5083 'alii
3035 5003 3253 5083 propter
3274 5028 3381 5083 non
3402 5020 3584 5067 custo-

2018 5074 2208 5143 ditum,
2261 5078 2360 5154 boc
2398 5079 2801 5154 tequipollenter
2846 5074 3048 5154 ponit;
3080 5074 3303 5139 dicens:
3353 5082 3529 5154 Longe
3555 5102 3586 5137 a

2018 5149 2364 5226 peccatoribus
2402 5152 2562 5213 salus,
2590 5153 2707 5217 quia
2726 5149 3119 5222 justiﬁcationes
3146 5163 3258 5209 tuas
3288 5170 3386 5207 non
3410 5149 3587 5226 exqui-

2017 5222 2259 5291 siverunt.
2289 5222 2442 5275 Circa
2471 5230 2649 5275 autem
2680 5225 3022 5291 exquirentes
3060 5226 3439 5281 misericordia
3483 5222 3589 5282 tuae

2018 5289 2202 5344 multze
2230 5300 2372 5357 sunt,
2399 5302 2455 5344 ut
2480 5292 2644 5359 prius.
2680 5289 2870 5349 Aliter.
2911 5294 3060 5362 Vide,
3089 5296 3334 5363 Domine,
3368 5296 3581 5351 humili-

2018 5367 2175 5438 tatem
2204 5378 2389 5426 meam,
2415 5362 2465 5416 id
2498 5372 2599 5438 cst,
2650 5366 2865 5421 attende
2912 5369 3288 5424 mortalitatem
3331 5380 3385 5423 et
3414 5368 3589 5438 passi-

2016 5431 2275 5509 bilitatem
2301 5447 2496 5499 meam,
2528 5435 2581 5488 in
2607 5450 2765 5509 quam
2798 5451 2891 5505 per
2918 5440 3147 5507 primum
3181 5431 3458 5509 parentem
3490 5444 3589 5494 hu-

2016 5504 2249 5576 miliatus
2277 5519 2394 5558 sum
2426 5523 2437 5557 :
2482 5515 2526 5559 et
2549 5506 2687 5576 eripe
2714 5504 2813 5572 me,
2847 5504 3001 5565 Ie'iu
3032 5510 3133 5565 hac
3161 5504 3463 5567 liumilitate
3492 5512 3587 5566 de-

2017 5572 2213 5652 liciam,
2263 5576 2405 5652 quod
2428 5576 2611 5652 _lacere
2626 5572 2800 5634 debes
2820 5622 2835 5645 ,
2867 5581 2990 5650 quia
3018 5597 3111 5652 ego
3134 5599 3237 5637 non
3258 5600 3369 5638 sum
3400 5584 3591 5638 oblitus
3656 5604 3671 5649 λ

2015 5643 2176 5713 legem
2190 5638 2358 5724 luant,
2389 5646 2440 5724 id
2465 5657 2568 5724 est,
2594 5638 2854 5724 praecepta
2879 5638 2968 5724 ius
3000 5638 3136 5708 sicut
3165 5654 3239 5709 illi
3267 5655 3423 5724 primi
3451 5656 3591 5710 l'ece-
3651 5638 3681 5687 λ

2015 5725 2157 5796 runt.
2187 5716 2363 5796 Et_tu_,_
2406 5716 2651 5796 Domine,
2694 5716 2785 5789 qui
2827 5722 3085 5796 judicium
3134 5716 3347 5782 illorum
3397 5740 3588 5796 supera

1986 5786 2204 5845 borum
2248 5787 2501 5861 judimti
2530 5790 2588 5849 in
2623 5786 3018 5867 moiteﬁ'udioa
3040 5796 3304 5868 judicium
3348 5786 3587 5857 mei'liu-
