  <div class='ocr_page' id='page_1' title='image "/cluster/home/n/w/nwhite01/storage/ocr_20150623/93/hvd.32044015471196/550.png"; bbox 0 0 4006 6364; ppageno 0'>
   <div class='ocr_carea' id='block_1_1' title="bbox 82 313 205 368">
    <p class='ocr_par' dir='ltr' id='par_1_1' title="bbox 82 313 205 368">
     <span class='ocr_line' id='line_1_1' title="bbox 82 313 205 368; baseline 0.008 -1"><span class='ocrx_word' id='word_1_1' title='bbox 82 313 205 368; x_wconf 83' lang='grc'><strong>089</strong></span> 
     </span>
    </p>
   </div>
   <div class='ocr_carea' id='block_1_2' title="bbox 79 494 1649 563">
    <p class='ocr_par' dir='ltr' id='par_1_2' title="bbox 79 494 1649 563">
     <span class='ocr_line' id='line_1_2' title="bbox 79 494 1649 563; baseline -0.002 -12"><span class='ocrx_word' id='word_1_2' title='bbox 79 513 179 551; x_wconf 89' lang='lat' dir='ltr'><strong>am</strong></span> <span class='ocrx_word' id='word_1_3' title='bbox 208 496 512 561; x_wconf 73' lang='lat' dir='ltr'><strong>tendimus,</strong></span> <span class='ocrx_word' id='word_1_4' title='bbox 542 511 605 549; x_wconf 85' lang='lat' dir='ltr'><strong>ex</strong></span> <span class='ocrx_word' id='word_1_5' title='bbox 628 495 789 550; x_wconf 87' lang='lat' dir='ltr'><strong>nimia</strong></span> <span class='ocrx_word' id='word_1_6' title='bbox 818 494 1103 551; x_wconf 84' lang='lat' dir='ltr'><strong>allectione</strong></span> <span class='ocrx_word' id='word_1_7' title='bbox 1130 512 1229 551; x_wconf 90' lang='lat' dir='ltr'><strong>nos</strong></span> <span class='ocrx_word' id='word_1_8' title='bbox 1258 496 1329 550; x_wconf 90' lang='lat' dir='ltr'><strong>ibi</strong></span> <span class='ocrx_word' id='word_1_9' title='bbox 1354 496 1474 551; x_wconf 78' lang='lat' dir='ltr'><strong>esse</strong></span> <span class='ocrx_word' id='word_1_10' title='bbox 1502 505 1649 563; x_wconf 84' lang='lat' dir='ltr'><strong>pute-</strong></span> 
     </span>
    </p>
   </div>
   <div class='ocr_carea' id='block_1_3' title="bbox 73 566 1652 631">
    <p class='ocr_par' dir='ltr' id='par_1_3' title="bbox 73 566 1652 631">
     <span class='ocr_line' id='line_1_3' title="bbox 73 566 1652 631; baseline 0 -10"><span class='ocrx_word' id='word_1_11' title='bbox 73 584 204 623; x_wconf 82' lang='lat' dir='ltr'><strong>nus.</strong></span> <span class='ocrx_word' id='word_1_12' title='bbox 244 568 314 622; x_wconf 84' lang='lat' dir='ltr'><strong>Et</strong></span> <span class='ocrx_word' id='word_1_13' title='bbox 348 581 452 622; x_wconf 91' lang='lat' dir='ltr'><strong>non</strong></span> <span class='ocrx_word' id='word_1_14' title='bbox 498 567 721 631; x_wconf 90' lang='lat' dir='ltr'><strong>mirum,</strong></span> <span class='ocrx_word' id='word_1_15' title='bbox 772 566 817 619; x_wconf 88' lang='lat' dir='ltr'><strong>si</strong></span> <span class='ocrx_word' id='word_1_16' title='bbox 845 580 903 621; x_wconf 89' lang='lat' dir='ltr'><strong>se</strong></span> <span class='ocrx_word' id='word_1_17' title='bbox 957 567 1186 622; x_wconf 81' lang='lat' dir='ltr'><strong>habeant</strong></span> <span class='ocrx_word' id='word_1_18' title='bbox 1234 578 1540 621; x_wconf 77' lang='lat' dir='ltr'><strong>currrentes</strong></span> <span class='ocrx_word' id='word_1_19' title='bbox 1586 567 1652 621; x_wconf 86' lang='lat' dir='ltr'><strong>ad</strong></span> 
     </span>
    </p>
   </div>
   <div class='ocr_carea' id='block_1_4' title="bbox 73 637 1650 709">
    <p class='ocr_par' dir='ltr' id='par_1_4' title="bbox 73 637 1650 709">
     <span class='ocr_line' id='line_1_4' title="bbox 73 637 1650 709; baseline -0.001 -16"><span class='ocrx_word' id='word_1_20' title='bbox 73 655 205 693; x_wconf 73' lang='lat' dir='ltr'><strong>iano</strong></span> <span class='ocrx_word' id='word_1_21' title='bbox 228 639 507 692; x_wconf 88' lang='lat' dir='ltr'><strong>civitatem</strong></span> <span class='ocrx_word' id='word_1_22' title='bbox 538 639 591 692; x_wconf 93' lang='lat' dir='ltr'><strong>in</strong></span> <span class='ocrx_word' id='word_1_23' title='bbox 624 637 726 709; x_wconf 76' lang='lat' dir='ltr'><strong>via,</strong></span> <span class='ocrx_word' id='word_1_24' title='bbox 750 637 901 705; x_wconf 90' lang='lat' dir='ltr'><strong>quasi</strong></span> <span class='ocrx_word' id='word_1_25' title='bbox 926 638 998 709; x_wconf 84' lang='lat' dir='ltr'><strong>ibi</strong></span> <span class='ocrx_word' id='word_1_26' title='bbox 1022 639 1146 701; x_wconf 86' lang='lat' dir='ltr'><strong>sint,</strong></span> <span class='ocrx_word' id='word_1_27' title='bbox 1171 639 1299 692; x_wconf 92' lang='lat' dir='ltr'><strong>dum</strong></span> <span class='ocrx_word' id='word_1_28' title='bbox 1326 638 1398 691; x_wconf 88' lang='lat' dir='ltr'><strong>illi</strong></span> <span class='ocrx_word' id='word_1_29' title='bbox 1421 638 1511 706; x_wconf 86' lang='lat' dir='ltr'><strong>qui</strong></span> <span class='ocrx_word' id='word_1_30' title='bbox 1537 649 1650 692; x_wconf 89' lang='lat' dir='ltr'><strong>ten-</strong></span> 
     </span>
    </p>
   </div>
   <div class='ocr_carea' id='block_1_5' title="bbox 73 706 1655 779">
    <p class='ocr_par' dir='ltr' id='par_1_5' title="bbox 73 706 1655 779">
     <span class='ocr_line' id='line_1_5' title="bbox 73 706 1655 779; baseline 0.001 -18"><span class='ocrx_word' id='word_1_31' title='bbox 73 712 199 764; x_wconf 81' lang='lat' dir='ltr'><strong>lunt</strong></span> <span class='ocrx_word' id='word_1_32' title='bbox 230 708 300 763; x_wconf 87' lang='lat' dir='ltr'><strong>ad</strong></span> <span class='ocrx_word' id='word_1_33' title='bbox 334 709 627 776; x_wconf 78' lang='lat' dir='ltr'><strong>temporale</strong></span> <span class='ocrx_word' id='word_1_34' title='bbox 657 706 849 762; x_wconf 85' lang='lat' dir='ltr'><strong>festum</strong></span> <span class='ocrx_word' id='word_1_35' title='bbox 893 708 971 762; x_wconf 87' lang='lat' dir='ltr'><strong>sic</strong></span> <span class='ocrx_word' id='word_1_36' title='bbox 1019 710 1070 763; x_wconf 94' lang='lat' dir='ltr'><strong>in</strong></span> <span class='ocrx_word' id='word_1_37' title='bbox 1098 711 1184 763; x_wconf 91' lang='lat' dir='ltr'><strong>via</strong></span> <span class='ocrx_word' id='word_1_38' title='bbox 1234 709 1376 779; x_wconf 89' lang='lat' dir='ltr'><strong>loqui</strong></span> <span class='ocrx_word' id='word_1_39' title='bbox 1426 710 1655 770; x_wconf 86' lang='lat' dir='ltr'><strong>soleant.</strong></span> 
     </span>
    </p>
   </div>
   <div class='ocr_carea' id='block_1_6' title="bbox 73 778 1654 850">
    <p class='ocr_par' dir='ltr' id='par_1_6' title="bbox 73 778 1654 850">
     <span class='ocr_line' id='line_1_6' title="bbox 73 778 1654 850; baseline -0.001 -16"><span class='ocrx_word' id='word_1_40' title='bbox 73 783 230 849; x_wconf 76' lang='lat' dir='ltr'><strong>luasi</strong></span> <span class='ocrx_word' id='word_1_41' title='bbox 256 778 371 850; x_wconf 81' lang='lat' dir='ltr'><strong>jam</strong></span> <span class='ocrx_word' id='word_1_42' title='bbox 401 780 527 850; x_wconf 81' lang='lat' dir='ltr'><strong>illuc</strong></span> <span class='ocrx_word' id='word_1_43' title='bbox 558 779 971 850; x_wconf 79' lang='lat' dir='ltr'><strong>pervenissent;</strong></span> <span class='ocrx_word' id='word_1_44' title='bbox 995 780 1136 849; x_wconf 92' lang='lat' dir='ltr'><strong>quod</strong></span> <span class='ocrx_word' id='word_1_45' title='bbox 1162 780 1260 833; x_wconf 89' lang='lat' dir='ltr'><strong>iste</strong></span> <span class='ocrx_word' id='word_1_46' title='bbox 1291 778 1536 843; x_wconf 85' lang='lat' dir='ltr'><strong>attendit,</strong></span> <span class='ocrx_word' id='word_1_47' title='bbox 1562 779 1654 847; x_wconf 89' lang='lat' dir='ltr'><strong>qui</strong></span> 
     </span>
    </p>
   </div>
   <div class='ocr_carea' id='block_1_7' title="bbox 73 849 1657 906">
    <p class='ocr_par' dir='ltr' id='par_1_7' title="bbox 73 849 1657 906">
     <span class='ocr_line' id='line_1_7' title="bbox 73 849 1657 906; baseline -0.001 -1"><span class='ocrx_word' id='word_1_48' title='bbox 73 854 154 906; x_wconf 76' lang='lat' dir='ltr'><strong>lic</strong></span> <span class='ocrx_word' id='word_1_49' title='bbox 183 849 359 906; x_wconf 86' lang='lat' dir='ltr'><strong>dicit:</strong></span> <span class='ocrx_word' id='word_1_50' title='bbox 395 849 458 905; x_wconf 91' lang='lat' dir='ltr'><strong>In</strong></span> <span class='ocrx_word' id='word_1_51' title='bbox 487 854 697 905; x_wconf 87' lang='lat' dir='ltr'><strong>domum</strong></span> <span class='ocrx_word' id='word_1_52' title='bbox 725 849 931 903; x_wconf 86' lang='lat' dir='ltr'><strong>Domini</strong></span> <span class='ocrx_word' id='word_1_53' title='bbox 968 852 1173 904; x_wconf 83' lang='lat' dir='ltr'><strong>ibimus.</strong></span> <span class='ocrx_word' id='word_1_54' title='bbox 1208 850 1273 903; x_wconf 85' lang='lat' dir='ltr'><strong>Et</strong></span> <span class='ocrx_word' id='word_1_55' title='bbox 1304 864 1408 904; x_wconf 89' lang='lat' dir='ltr'><strong>non</strong></span> <span class='ocrx_word' id='word_1_56' title='bbox 1452 859 1657 904; x_wconf 85' lang='lat' dir='ltr'><strong>tantum</strong></span> 
     </span>
    </p>
   </div>
   <div class='ocr_carea' id='block_1_8' title="bbox 73 920 1662 992">
    <p class='ocr_par' dir='ltr' id='par_1_8' title="bbox 73 920 1662 992">
     <span class='ocr_line' id='line_1_8' title="bbox 73 920 1662 992; baseline -0.001 -16"><span class='ocrx_word' id='word_1_57' title='bbox 73 932 255 977; x_wconf 88' lang='lat' dir='ltr'><strong>:ertus</strong></span> <span class='ocrx_word' id='word_1_58' title='bbox 278 936 399 975; x_wconf 89' lang='lat' dir='ltr'><strong>sum</strong></span> <span class='ocrx_word' id='word_1_59' title='bbox 428 922 570 992; x_wconf 90' lang='lat' dir='ltr'><strong>quod</strong></span> <span class='ocrx_word' id='word_1_60' title='bbox 592 920 806 986; x_wconf 89' lang='lat' dir='ltr'><strong>ibimus,</strong></span> <span class='ocrx_word' id='word_1_61' title='bbox 840 920 955 986; x_wconf 90' lang='lat' dir='ltr'><strong>sed,</strong></span> <span class='ocrx_word' id='word_1_62' title='bbox 986 922 1091 976; x_wconf 87' lang='lat' dir='ltr'><strong>illis</strong></span> <span class='ocrx_word' id='word_1_63' title='bbox 1117 920 1339 992; x_wconf 79' lang='lat' dir='ltr'><strong>auditis,</strong></span> <span class='ocrx_word' id='word_1_64' title='bbox 1362 922 1417 975; x_wconf 93' lang='lat' dir='ltr'><strong>in</strong></span> <span class='ocrx_word' id='word_1_65' title='bbox 1450 922 1662 975; x_wconf 86' lang='lat' dir='ltr'><strong>Jerusa-</strong></span> 
     </span>
    </p>
   </div>
   <div class='ocr_carea' id='block_1_9' title="bbox 74 991 1653 1060">
    <p class='ocr_par' dir='ltr' id='par_1_9' title="bbox 74 991 1653 1060">
     <span class='ocr_line' id='line_1_9' title="bbox 74 991 1653 1060; baseline -0.001 -14"><span class='ocrx_word' id='word_1_66' title='bbox 74 1010 170 1046; x_wconf 88' lang='lat' dir='ltr'><strong>em</strong></span> <span class='ocrx_word' id='word_1_67' title='bbox 204 994 259 1045; x_wconf 90' lang='lat' dir='ltr'><strong>in</strong></span> <span class='ocrx_word' id='word_1_68' title='bbox 289 991 597 1060; x_wconf 29' lang='lat' dir='ltr'><strong>atriis’tuis,</strong></span> <span class='ocrx_word' id='word_1_69' title='bbox 627 991 680 1046; x_wconf 89' lang='lat' dir='ltr'><strong>id</strong></span> <span class='ocrx_word' id='word_1_70' title='bbox 709 1000 812 1055; x_wconf 88' lang='lat' dir='ltr'><strong>est,</strong></span> <span class='ocrx_word' id='word_1_71' title='bbox 839 992 893 1045; x_wconf 77' lang='lat' dir='ltr'><strong>it.</strong></span> <span class='ocrx_word' id='word_1_72' title='bbox 916 991 1366 1060; x_wconf 79' lang='lat' dir='ltr'><strong>contemplatione</strong></span> <span class='ocrx_word' id='word_1_73' title='bbox 1390 994 1463 1046; x_wconf 91' lang='lat' dir='ltr'><strong>ttti</strong></span> <span class='ocrx_word' id='word_1_74' title='bbox 1488 1007 1653 1045; x_wconf 89' lang='lat' dir='ltr'><strong>orna-</strong></span> 
     </span>
    </p>
   </div>
   <div class='ocr_carea' id='block_1_10' title="bbox 81 1062 1659 1134">
    <p class='ocr_par' dir='ltr' id='par_1_10' title="bbox 81 1062 1659 1134">
     <span class='ocr_line' id='line_1_10' title="bbox 81 1062 1659 1134; baseline -0.002 -15"><span class='ocrx_word' id='word_1_75' title='bbox 81 1080 180 1129; x_wconf 91' lang='lat' dir='ltr'><strong>us,</strong></span> <span class='ocrx_word' id='word_1_76' title='bbox 205 1064 303 1134; x_wconf 91' lang='lat' dir='ltr'><strong>qui</strong></span> <span class='ocrx_word' id='word_1_77' title='bbox 338 1078 431 1132; x_wconf 89' lang='lat' dir='ltr'><strong>per</strong></span> <span class='ocrx_word' id='word_1_78' title='bbox 453 1064 658 1134; x_wconf 13' lang='lat' dir='ltr'><strong>atrium,</strong></span> <span class='ocrx_word' id='word_1_79' title='bbox 676 1063 1006 1134; x_wconf 80' lang='lat' dir='ltr'><strong>intelligitur,</strong></span> <span class='ocrx_word' id='word_1_80' title='bbox 1029 1065 1151 1130; x_wconf 85' lang='lat' dir='ltr'><strong>quia</strong></span> <span class='ocrx_word' id='word_1_81' title='bbox 1176 1062 1370 1117; x_wconf 85' lang='lat' dir='ltr'><strong>atrium</strong></span> <span class='ocrx_word' id='word_1_82' title='bbox 1404 1073 1486 1117; x_wconf 85' lang='lat' dir='ltr'><strong>est</strong></span> <span class='ocrx_word' id='word_1_83' title='bbox 1512 1063 1659 1117; x_wconf 89' lang='lat' dir='ltr'><strong>locus</strong></span> 
     </span>
    </p>
   </div>
   <div class='ocr_carea' id='block_1_11' title="bbox 73 1132 1661 1203">
    <p class='ocr_par' dir='ltr' id='par_1_11' title="bbox 73 1132 1661 1203">
     <span class='ocr_line' id='line_1_11' title="bbox 73 1132 1661 1203; baseline -0.001 -15"><span class='ocrx_word' id='word_1_84' title='bbox 73 1144 203 1189; x_wconf 77' lang='lat' dir='ltr'><strong>inte</strong></span> <span class='ocrx_word' id='word_1_85' title='bbox 225 1132 487 1201; x_wconf 82' lang='lat' dir='ltr'><strong>domum,</strong></span> <span class='ocrx_word' id='word_1_86' title='bbox 524 1133 664 1203; x_wconf 92' lang='lat' dir='ltr'><strong>quod</strong></span> <span class='ocrx_word' id='word_1_87' title='bbox 694 1132 834 1188; x_wconf 86' lang='lat' dir='ltr'><strong>solet</strong></span> <span class='ocrx_word' id='word_1_88' title='bbox 880 1134 1057 1189; x_wconf 90' lang='lat' dir='ltr'><strong>ornari</strong></span> <span class='ocrx_word' id='word_1_89' title='bbox 1076 1174 1097 1203; x_wconf 16' lang='grc' dir='ltr'><strong>,ί</strong></span> <span class='ocrx_word' id='word_1_90' title='bbox 1136 1144 1193 1188; x_wconf 93' lang='lat' dir='ltr'><strong>ut</strong></span> <span class='ocrx_word' id='word_1_91' title='bbox 1220 1135 1366 1187; x_wconf 89' lang='lat' dir='ltr'><strong>visus</strong></span> <span class='ocrx_word' id='word_1_92' title='bbox 1414 1133 1538 1187; x_wconf 90' lang='lat' dir='ltr'><strong>illuc</strong></span> <span class='ocrx_word' id='word_1_93' title='bbox 1567 1147 1661 1187; x_wconf 92' lang='lat' dir='ltr'><strong>ve-</strong></span> 
     </span>
    </p>
   </div>
   <div class='ocr_carea' id='block_1_12' title="bbox 74 1202 1663 1287">
    <p class='ocr_par' dir='ltr' id='par_1_12' title="bbox 74 1202 1663 1287">
     <span class='ocr_line' id='line_1_12' title="bbox 74 1202 1663 1287; baseline 0.001 -29"><span class='ocrx_word' id='word_1_94' title='bbox 74 1206 288 1287; x_wconf 69' lang='lat' dir='ltr'><strong>iientis</strong></span> <span class='ocrx_word' id='word_1_95' title='bbox 325 1202 553 1274; x_wconf 83' lang='lat' dir='ltr'><strong>quadam</strong></span> <span class='ocrx_word' id='word_1_96' title='bbox 582 1204 943 1260; x_wconf 80' lang='lat' dir='ltr'><strong>delectatione</strong></span> <span class='ocrx_word' id='word_1_97' title='bbox 983 1202 1229 1275; x_wconf 83' lang='lat' dir='ltr'><strong>gaudeat.</strong></span> <span class='ocrx_word' id='word_1_98' title='bbox 1263 1204 1318 1259; x_wconf 93' lang='lat' dir='ltr'><strong>In</strong></span> <span class='ocrx_word' id='word_1_99' title='bbox 1359 1218 1464 1274; x_wconf 87' lang='lat' dir='ltr'><strong>qua</strong></span> <span class='ocrx_word' id='word_1_100' title='bbox 1512 1204 1663 1259; x_wconf 87' lang='lat' dir='ltr'><strong>dele-</strong></span> 
     </span>
    </p>
   </div>
   <div class='ocr_carea' id='block_1_13' title="bbox 74 1286 1662 1331">
    <p class='ocr_par' dir='ltr' id='par_1_13' title="bbox 74 1286 1662 1331">
     <span class='ocr_line' id='line_1_13' title="bbox 74 1286 1662 1331; baseline -0.001 0"><span class='ocrx_word' id='word_1_101' title='bbox 74 1286 1662 1331; x_wconf 85' lang='lat' dir='ltr'><strong>:tattone..&#39;.............</strong></span> 
     </span>
    </p>
   </div>
   <div class='ocr_carea' id='block_1_14' title="bbox 643 1435 1163 1492">
    <p class='ocr_par' dir='ltr' id='par_1_14' title="bbox 643 1435 1163 1492">
     <span class='ocr_line' id='line_1_14' title="bbox 643 1435 1163 1492; baseline 0 -1"><span class='ocrx_word' id='word_1_102' title='bbox 643 1438 734 1491; x_wconf 85' lang='lat' dir='ltr'><strong>AD</strong></span> <span class='ocrx_word' id='word_1_103' title='bbox 774 1435 1163 1492; x_wconf 79' lang='lat' dir='ltr'><strong>LECTOREM.</strong></span> 
     </span>
    </p>
   </div>
   <div class='ocr_carea' id='block_1_15' title="bbox 152 1532 1662 1603">
    <p class='ocr_par' dir='ltr' id='par_1_15' title="bbox 152 1532 1662 1603">
     <span class='ocr_line' id='line_1_15' title="bbox 152 1532 1662 1603; baseline 0 -14"><span class='ocrx_word' id='word_1_104' title='bbox 152 1535 300 1590; x_wconf 85' lang='lat' dir='ltr'><strong>Beda</strong></span> <span class='ocrx_word' id='word_1_105' title='bbox 328 1550 445 1588; x_wconf 88' lang='lat' dir='ltr'><strong>cum</strong></span> <span class='ocrx_word' id='word_1_106' title='bbox 473 1534 771 1599; x_wconf 80' lang='lat' dir='ltr'><strong>historiam,</strong></span> <span class='ocrx_word' id='word_1_107' title='bbox 824 1550 979 1603; x_wconf 92' lang='lat' dir='ltr'><strong>quam</strong></span> <span class='ocrx_word' id='word_1_108' title='bbox 1023 1532 1441 1603; x_wconf 86' lang='lat' dir='ltr'><strong>Ecclesiasticam</strong></span> <span class='ocrx_word' id='word_1_109' title='bbox 1495 1542 1662 1599; x_wconf 87' lang='lat' dir='ltr'><strong>vocat,</strong></span> 
     </span>
    </p>
   </div>
   <div class='ocr_carea' id='block_1_16' title="bbox 73 1602 1669 1677">
    <p class='ocr_par' dir='ltr' id='par_1_16' title="bbox 73 1602 1669 1677">
     <span class='ocr_line' id='line_1_16' title="bbox 73 1602 1669 1677; baseline -0.002 -16"><span class='ocrx_word' id='word_1_110' title='bbox 73 1608 380 1677; x_wconf 84' lang='lat' dir='ltr'><strong>scripserat,</strong></span> <span class='ocrx_word' id='word_1_111' title='bbox 411 1608 521 1674; x_wconf 83' lang='lat' dir='ltr'><strong>jam</strong></span> <span class='ocrx_word' id='word_1_112' title='bbox 544 1616 649 1658; x_wconf 87' lang='lat' dir='ltr'><strong>tum</strong></span> <span class='ocrx_word' id='word_1_113' title='bbox 680 1621 870 1659; x_wconf 89' lang='lat' dir='ltr'><strong>annum</strong></span> <span class='ocrx_word' id='word_1_114' title='bbox 896 1604 1071 1676; x_wconf 83' lang='lat' dir='ltr'><strong>agebat</strong></span> <span class='ocrx_word' id='word_1_115' title='bbox 1098 1602 1198 1677; x_wconf 70' lang='lat'><strong>60;</strong></span> <span class='ocrx_word' id='word_1_116' title='bbox 1232 1622 1262 1657; x_wconf 91' lang='lat' dir='ltr'><strong>a</strong></span> <span class='ocrx_word' id='word_1_117' title='bbox 1291 1604 1555 1671; x_wconf 78' lang='lat' dir='ltr'><strong>discipulis</strong></span> <span class='ocrx_word' id='word_1_118' title='bbox 1581 1606 1669 1658; x_wconf 86' lang='lat' dir='ltr'><strong>de-</strong></span> 
     </span>
    </p>
   </div>
   <div class='ocr_carea' id='block_1_17' title="bbox 74 1675 1668 1746">
    <p class='ocr_par' dir='ltr' id='par_1_17' title="bbox 74 1675 1668 1746">
     <span class='ocr_line' id='line_1_17' title="bbox 74 1675 1668 1746; baseline -0.002 -13"><span class='ocrx_word' id='word_1_119' title='bbox 74 1675 229 1741; x_wconf 82' lang='lat' dir='ltr'><strong>inde,</strong></span> <span class='ocrx_word' id='word_1_120' title='bbox 262 1677 379 1730; x_wconf 91' lang='lat' dir='ltr'><strong>licet</strong></span> <span class='ocrx_word' id='word_1_121' title='bbox 408 1677 596 1744; x_wconf 77' lang='lat' dir='ltr'><strong>smpius</strong></span> <span class='ocrx_word' id='word_1_122' title='bbox 624 1686 831 1746; x_wconf 86' lang='lat' dir='ltr'><strong>rogatus</strong></span> <span class='ocrx_word' id='word_1_123' title='bbox 854 1717 868 1740; x_wconf 91' lang='lat'><strong>,</strong></span> <span class='ocrx_word' id='word_1_124' title='bbox 900 1675 1258 1744; x_wconf 86' lang='lat' dir='ltr'><strong>mysteriorum</strong></span> <span class='ocrx_word' id='word_1_125' title='bbox 1307 1692 1668 1745; x_wconf 88' lang='lat' dir='ltr'><strong>sacrarumque</strong></span> 
     </span>
    </p>
   </div>
   <div class='ocr_carea' id='block_1_18' title="bbox 74 1746 1666 1817">
    <p class='ocr_par' dir='ltr' id='par_1_18' title="bbox 74 1746 1666 1817">
     <span class='ocr_line' id='line_1_18' title="bbox 74 1746 1666 1817; baseline -0.001 -16"><span class='ocrx_word' id='word_1_126' title='bbox 74 1752 131 1801; x_wconf 86' lang='lat' dir='ltr'><strong>in</strong></span> <span class='ocrx_word' id='word_1_127' title='bbox 160 1746 391 1800; x_wconf 75' lang='lat' dir='ltr'><strong>Psalmis</strong></span> <span class='ocrx_word' id='word_1_128' title='bbox 416 1748 785 1799; x_wconf 78' lang='lat' dir='ltr'><strong>divinationum</strong></span> <span class='ocrx_word' id='word_1_129' title='bbox 833 1761 1055 1799; x_wconf 78' lang='lat' dir='ltr'><strong>recessus</strong></span> <span class='ocrx_word' id='word_1_130' title='bbox 1077 1746 1327 1817; x_wconf 90' lang='lat' dir='ltr'><strong>cogitans,</strong></span> <span class='ocrx_word' id='word_1_131' title='bbox 1358 1747 1666 1814; x_wconf 73' lang='lat' dir='ltr'><strong>explicatio-</strong></span> 
     </span>
    </p>
   </div>
   <div class='ocr_carea' id='block_1_19' title="bbox 76 1817 1668 1888">
    <p class='ocr_par' dir='ltr' id='par_1_19' title="bbox 76 1817 1668 1888">
     <span class='ocr_line' id='line_1_19' title="bbox 76 1817 1668 1888; baseline -0.001 -16"><span class='ocrx_word' id='word_1_132' title='bbox 76 1836 200 1873; x_wconf 88' lang='lat' dir='ltr'><strong>nem</strong></span> <span class='ocrx_word' id='word_1_133' title='bbox 222 1819 363 1872; x_wconf 90' lang='lat' dir='ltr'><strong>illius</strong></span> <span class='ocrx_word' id='word_1_134' title='bbox 396 1818 511 1871; x_wconf 87' lang='lat' dir='ltr'><strong>libri</strong></span> <span class='ocrx_word' id='word_1_135' title='bbox 540 1818 751 1888; x_wconf 84' lang='lat' dir='ltr'><strong>aggredi</strong></span> <span class='ocrx_word' id='word_1_136' title='bbox 773 1817 1009 1879; x_wconf 86' lang='lat' dir='ltr'><strong>nolebat;</strong></span> <span class='ocrx_word' id='word_1_137' title='bbox 1030 1826 1197 1888; x_wconf 86' lang='lat' dir='ltr'><strong>tamen</strong></span> <span class='ocrx_word' id='word_1_138' title='bbox 1216 1827 1272 1871; x_wconf 90' lang='lat' dir='ltr'><strong>ut</strong></span> <span class='ocrx_word' id='word_1_139' title='bbox 1291 1832 1492 1887; x_wconf 89' lang='lat' dir='ltr'><strong>quoquo</strong></span> <span class='ocrx_word' id='word_1_140' title='bbox 1516 1817 1668 1870; x_wconf 90' lang='lat' dir='ltr'><strong>modo</strong></span> 
     </span>
    </p>
   </div>
   <div class='ocr_carea' id='block_1_20' title="bbox 74 1886 1668 1959">
    <p class='ocr_par' dir='ltr' id='par_1_20' title="bbox 74 1886 1668 1959">
     <span class='ocr_line' id='line_1_20' title="bbox 74 1886 1668 1959; baseline -0.004 -14"><span class='ocrx_word' id='word_1_141' title='bbox 74 1891 195 1945; x_wconf 85' lang='lat' dir='ltr'><strong>suis</strong></span> <span class='ocrx_word' id='word_1_142' title='bbox 224 1886 891 1959; x_wconf 74' lang='lat' dir='ltr'><strong>satisfaceret,argumenta</strong></span> <span class='ocrx_word' id='word_1_143' title='bbox 922 1889 973 1940; x_wconf 89' lang='lat' dir='ltr'><strong>in</strong></span> <span class='ocrx_word' id='word_1_144' title='bbox 1000 1886 1231 1956; x_wconf 87' lang='lat' dir='ltr'><strong>singulos</strong></span> <span class='ocrx_word' id='word_1_145' title='bbox 1282 1886 1505 1957; x_wconf 87' lang='lat' dir='ltr'><strong>psalmos</strong></span> <span class='ocrx_word' id='word_1_146' title='bbox 1536 1888 1668 1941; x_wconf 84' lang='lat' dir='ltr'><strong>brevi</strong></span> 
     </span>
    </p>
   </div>
   <div class='ocr_carea' id='block_1_21' title="bbox 76 1960 1669 2031">
    <p class='ocr_par' dir='ltr' id='par_1_21' title="bbox 76 1960 1669 2031">
     <span class='ocr_line' id='line_1_21' title="bbox 76 1960 1669 2031; baseline -0.001 -18"><span class='ocrx_word' id='word_1_147' title='bbox 76 1962 328 2031; x_wconf 77' lang='lat' dir='ltr'><strong>confecit.</strong></span> <span class='ocrx_word' id='word_1_148' title='bbox 360 1960 631 2014; x_wconf 79' lang='lat' dir='ltr'><strong>Auditores</strong></span> <span class='ocrx_word' id='word_1_149' title='bbox 672 1976 788 2013; x_wconf 90' lang='lat' dir='ltr'><strong>vero</strong></span> <span class='ocrx_word' id='word_1_150' title='bbox 808 2030 813 2031; x_wconf 17' lang='grc' dir='ltr'><em>ν</em></span> <span class='ocrx_word' id='word_1_151' title='bbox 835 1960 1014 2027; x_wconf 78' lang='lat' dir='ltr'><strong>ipsius,</strong></span> <span class='ocrx_word' id='word_1_152' title='bbox 1046 1974 1158 2031; x_wconf 89' lang='lat' dir='ltr'><strong>cum</strong></span> <span class='ocrx_word' id='word_1_153' title='bbox 1188 1960 1464 2029; x_wconf 88' lang='lat' dir='ltr'><strong>importuni</strong></span> <span class='ocrx_word' id='word_1_154' title='bbox 1489 1960 1669 2012; x_wconf 82' lang='lat' dir='ltr'><strong>iterum</strong></span> 
     </span>
    </p>
   </div>
   <div class='ocr_carea' id='block_1_22' title="bbox 78 2030 1670 2097">
    <p class='ocr_par' dir='ltr' id='par_1_22' title="bbox 78 2030 1670 2097">
     <span class='ocr_line' id='line_1_22' title="bbox 78 2030 1670 2097; baseline -0.001 -12"><span class='ocrx_word' id='word_1_155' title='bbox 78 2034 377 2097; x_wconf 82' lang='lat' dir='ltr'><strong>instarent,</strong></span> <span class='ocrx_word' id='word_1_156' title='bbox 413 2031 619 2083; x_wconf 88' lang='lat' dir='ltr'><strong>tandem</strong></span> <span class='ocrx_word' id='word_1_157' title='bbox 664 2031 734 2083; x_wconf 86' lang='lat' dir='ltr'><strong>eis</strong></span> <span class='ocrx_word' id='word_1_158' title='bbox 778 2030 953 2083; x_wconf 87' lang='lat' dir='ltr'><strong>titulos</strong></span> <span class='ocrx_word' id='word_1_159' title='bbox 1004 2030 1319 2095; x_wconf 79' lang='lat' dir='ltr'><strong>psalmorum</strong></span> <span class='ocrx_word' id='word_1_160' title='bbox 1366 2031 1670 2084; x_wconf 80' lang='lat' dir='ltr'><strong>brevissimis</strong></span> 
     </span>
    </p>
   </div>
   <div class='ocr_carea' id='block_1_23' title="bbox 79 2099 1671 2171">
    <p class='ocr_par' dir='ltr' id='par_1_23' title="bbox 79 2099 1671 2171">
     <span class='ocr_line' id='line_1_23' title="bbox 79 2099 1671 2171; baseline -0.002 -14"><span class='ocrx_word' id='word_1_161' title='bbox 79 2103 511 2171; x_wconf 73' lang='lat' dir='ltr'><strong>explicationibus</strong></span> <span class='ocrx_word' id='word_1_162' title='bbox 540 2102 845 2171; x_wconf 82' lang='lat' dir='ltr'><strong>illustravit;</strong></span> <span class='ocrx_word' id='word_1_163' title='bbox 895 2099 1073 2170; x_wconf 82' lang='lat' dir='ltr'><strong>quibus</strong></span> <span class='ocrx_word' id='word_1_164' title='bbox 1098 2101 1369 2165; x_wconf 82' lang='lat' dir='ltr'><strong>absolutis,</strong></span> <span class='ocrx_word' id='word_1_165' title='bbox 1406 2101 1671 2155; x_wconf 83' lang='lat' dir='ltr'><strong>desideriis</strong></span> 
     </span>
    </p>
   </div>
   <div class='ocr_carea' id='block_1_24' title="bbox 83 2170 1674 2243">
    <p class='ocr_par' dir='ltr' id='par_1_24' title="bbox 83 2170 1674 2243">
     <span class='ocr_line' id='line_1_24' title="bbox 83 2170 1674 2243; baseline -0.001 -17"><span class='ocrx_word' id='word_1_166' title='bbox 83 2170 317 2243; x_wconf 74' lang='lat' dir='ltr'><strong>propriis</strong></span> <span class='ocrx_word' id='word_1_167' title='bbox 346 2173 463 2241; x_wconf 85' lang='lat' dir='ltr'><strong>plus</strong></span> <span class='ocrx_word' id='word_1_168' title='bbox 510 2170 853 2243; x_wconf 72' lang='lat' dir='ltr'><strong>indulgentes,</strong></span> <span class='ocrx_word' id='word_1_169' title='bbox 902 2186 1053 2239; x_wconf 89' lang='lat' dir='ltr'><strong>quam</strong></span> <span class='ocrx_word' id='word_1_170' title='bbox 1102 2173 1431 2241; x_wconf 75' lang='lat' dir='ltr'><strong>pra&#39;ceptoris</strong></span> <span class='ocrx_word' id='word_1_171' title='bbox 1476 2173 1674 2225; x_wconf 86' lang='lat' dir='ltr'><strong>senium</strong></span> 
     </span>
    </p>
   </div>
   <div class='ocr_carea' id='block_1_25' title="bbox 78 2242 1670 2313">
    <p class='ocr_par' dir='ltr' id='par_1_25' title="bbox 78 2242 1670 2313">
     <span class='ocr_line' id='line_1_25' title="bbox 78 2242 1670 2313; baseline -0.001 -17"><span class='ocrx_word' id='word_1_172' title='bbox 78 2242 395 2308; x_wconf 81' lang='lat' dir='ltr'><strong>reverentes,</strong></span> <span class='ocrx_word' id='word_1_173' title='bbox 423 2259 482 2297; x_wconf 91' lang='lat' dir='ltr'><strong>eo</strong></span> <span class='ocrx_word' id='word_1_174' title='bbox 520 2242 866 2296; x_wconf 86' lang='lat' dir='ltr'><strong>Venerabilem</strong></span> <span class='ocrx_word' id='word_1_175' title='bbox 890 2244 1053 2295; x_wconf 89' lang='lat' dir='ltr'><strong>virum</strong></span> <span class='ocrx_word' id='word_1_176' title='bbox 1083 2243 1400 2313; x_wconf 88' lang='lat' dir='ltr'><strong>adegerunt,</strong></span> <span class='ocrx_word' id='word_1_177' title='bbox 1431 2250 1485 2295; x_wconf 87' lang='lat' dir='ltr'><strong>ut</strong></span> <span class='ocrx_word' id='word_1_178' title='bbox 1515 2244 1670 2296; x_wconf 90' lang='lat' dir='ltr'><strong>etiam</strong></span> 
     </span>
    </p>
   </div>
   <div class='ocr_carea' id='block_1_26' title="bbox 83 2312 1674 2387">
    <p class='ocr_par' dir='ltr' id='par_1_26' title="bbox 83 2312 1674 2387">
     <span class='ocr_line' id='line_1_26' title="bbox 83 2312 1674 2387; baseline -0.003 -18"><span class='ocrx_word' id='word_1_179' title='bbox 83 2318 321 2387; x_wconf 82' lang='lat' dir='ltr'><strong>integros</strong></span> <span class='ocrx_word' id='word_1_180' title='bbox 352 2315 741 2367; x_wconf 88' lang='lat' dir='ltr'><strong>commentarios</strong></span> <span class='ocrx_word' id='word_1_181' title='bbox 764 2315 815 2367; x_wconf 91' lang='lat' dir='ltr'><strong>in</strong></span> <span class='ocrx_word' id='word_1_182' title='bbox 840 2316 1059 2380; x_wconf 86' lang='lat' dir='ltr'><strong>psalmos</strong></span> <span class='ocrx_word' id='word_1_183' title='bbox 1085 2312 1342 2366; x_wconf 83' lang='lat' dir='ltr'><strong>scriberet.</strong></span> <span class='ocrx_word' id='word_1_184' title='bbox 1386 2312 1529 2387; x_wconf 84' lang='lat' dir='ltr'><strong>Quos</strong></span> <span class='ocrx_word' id='word_1_185' title='bbox 1560 2314 1674 2382; x_wconf 91' lang='lat' dir='ltr'><strong>qui-</strong></span> 
     </span>
    </p>
   </div>
   <div class='ocr_carea' id='block_1_27' title="bbox 86 2385 1670 2455">
    <p class='ocr_par' dir='ltr' id='par_1_27' title="bbox 86 2385 1670 2455">
     <span class='ocr_line' id='line_1_27' title="bbox 86 2385 1670 2455; baseline -0.003 -14"><span class='ocrx_word' id='word_1_186' title='bbox 86 2385 396 2441; x_wconf 81' lang='lat' dir='ltr'><strong>deniomnes</strong></span> <span class='ocrx_word' id='word_1_187' title='bbox 425 2395 587 2438; x_wconf 90' lang='lat' dir='ltr'><strong>morte</strong></span> <span class='ocrx_word' id='word_1_188' title='bbox 610 2393 912 2452; x_wconf 68' lang='lat' dir='ltr'><strong>praventus,</strong></span> <span class='ocrx_word' id='word_1_189' title='bbox 942 2400 1057 2437; x_wconf 90' lang='lat' dir='ltr'><strong>cum</strong></span> <span class='ocrx_word' id='word_1_190' title='bbox 1076 2387 1192 2454; x_wconf 90' lang='lat' dir='ltr'><strong>jam</strong></span> <span class='ocrx_word' id='word_1_191' title='bbox 1220 2400 1321 2439; x_wconf 86' lang='lat' dir='ltr'><strong>cxx</strong></span> <span class='ocrx_word' id='word_1_192' title='bbox 1350 2385 1670 2455; x_wconf 78' lang='lat' dir='ltr'><strong>explicasset,</strong></span> 
     </span>
    </p>
   </div>
   <div class='ocr_carea' id='block_1_28' title="bbox 84 2455 1674 2525">
    <p class='ocr_par' dir='ltr' id='par_1_28' title="bbox 84 2455 1674 2525">
     <span class='ocr_line' id='line_1_28' title="bbox 84 2455 1674 2525; baseline -0.001 -14"><span class='ocrx_word' id='word_1_193' title='bbox 84 2458 352 2512; x_wconf 86' lang='lat' dir='ltr'><strong>absolvere</strong></span> <span class='ocrx_word' id='word_1_194' title='bbox 380 2473 478 2510; x_wconf 90' lang='lat' dir='ltr'><strong>non</strong></span> <span class='ocrx_word' id='word_1_195' title='bbox 506 2457 688 2525; x_wconf 91' lang='lat' dir='ltr'><strong>potuit,</strong></span> <span class='ocrx_word' id='word_1_196' title='bbox 714 2471 842 2524; x_wconf 83' lang='lat' dir='ltr'><strong>Opus</strong></span> <span class='ocrx_word' id='word_1_197' title='bbox 866 2466 1032 2509; x_wconf 89' lang='lat' dir='ltr'><strong>tamen</strong></span> <span class='ocrx_word' id='word_1_198' title='bbox 1064 2455 1368 2508; x_wconf 88' lang='lat' dir='ltr'><strong>inimitabile</strong></span> <span class='ocrx_word' id='word_1_199' title='bbox 1398 2456 1495 2509; x_wconf 84' lang='lat' dir='ltr'><strong>hoc</strong></span> <span class='ocrx_word' id='word_1_200' title='bbox 1513 2456 1674 2509; x_wconf 86' lang='lat' dir='ltr'><strong>relin-</strong></span> 
     </span>
    </p>
   </div>
   <div class='ocr_carea' id='block_1_29' title="bbox 84 2527 1679 2603">
    <p class='ocr_par' dir='ltr' id='par_1_29' title="bbox 84 2527 1679 2603">
     <span class='ocr_line' id='line_1_29' title="bbox 84 2527 1679 2603; baseline -0.003 -17"><span class='ocrx_word' id='word_1_201' title='bbox 84 2546 274 2603; x_wconf 82' lang='lat' dir='ltr'><strong>quens.</strong></span> <span class='ocrx_word' id='word_1_202' title='bbox 302 2527 669 2603; x_wconf 67' lang='lat' dir='ltr'><strong>Desiderantur</strong></span> <span class='ocrx_word' id='word_1_203' title='bbox 695 2536 939 2603; x_wconf 71' lang='lat' dir='ltr'><strong>pratterca</strong></span> <span class='ocrx_word' id='word_1_204' title='bbox 964 2527 1084 2603; x_wconf 83' lang='lat' dir='ltr'><strong>hinc</strong></span> <span class='ocrx_word' id='word_1_205' title='bbox 1106 2527 1224 2583; x_wconf 82' lang='lat' dir='ltr'><strong>inde</strong></span> <span class='ocrx_word' id='word_1_206' title='bbox 1244 2527 1555 2597; x_wconf 65' lang='lat' dir='ltr'><strong>quaedamin</strong></span> <span class='ocrx_word' id='word_1_207' title='bbox 1584 2527 1679 2603; x_wconf 86' lang='lat' dir='ltr'><strong>hoc</strong></span> 
     </span>
    </p>
   </div>
   <div class='ocr_carea' id='block_1_30' title="bbox 87 2601 1679 2672">
    <p class='ocr_par' dir='ltr' id='par_1_30' title="bbox 87 2601 1679 2672">
     <span class='ocr_line' id='line_1_30' title="bbox 87 2601 1679 2672; baseline -0.003 -14"><span class='ocrx_word' id='word_1_208' title='bbox 87 2601 271 2659; x_wconf 82' lang='lat' dir='ltr'><strong>nostra</strong></span> <span class='ocrx_word' id='word_1_209' title='bbox 294 2601 616 2672; x_wconf 77' lang='lat' dir='ltr'><strong>Exemplari,</strong></span> <span class='ocrx_word' id='word_1_210' title='bbox 648 2602 735 2653; x_wconf 88' lang='lat' dir='ltr'><strong>ubi</strong></span> <span class='ocrx_word' id='word_1_211' title='bbox 760 2611 948 2669; x_wconf 90' lang='lat' dir='ltr'><strong>puncta</strong></span> <span class='ocrx_word' id='word_1_212' title='bbox 976 2601 1139 2667; x_wconf 89' lang='lat' dir='ltr'><strong>posita</strong></span> <span class='ocrx_word' id='word_1_213' title='bbox 1164 2610 1319 2665; x_wconf 79' lang='lat' dir='ltr'><strong>situt;</strong></span> <span class='ocrx_word' id='word_1_214' title='bbox 1343 2617 1421 2667; x_wconf 91' lang='lat' dir='ltr'><strong>ea,</strong></span> <span class='ocrx_word' id='word_1_215' title='bbox 1446 2617 1512 2653; x_wconf 88' lang='lat' dir='ltr'><strong>an</strong></span> <span class='ocrx_word' id='word_1_216' title='bbox 1543 2602 1679 2654; x_wconf 89' lang='lat' dir='ltr'><strong>senis</strong></span> 
     </span>
    </p>
   </div>
   <div class='ocr_carea' id='block_1_31' title="bbox 88 2673 1681 2741">
    <p class='ocr_par' dir='ltr' id='par_1_31' title="bbox 88 2673 1681 2741">
     <span class='ocr_line' id='line_1_31' title="bbox 88 2673 1681 2741; baseline -0.003 -11"><span class='ocrx_word' id='word_1_217' title='bbox 88 2674 361 2740; x_wconf 84' lang='lat' dir='ltr'><strong>scriptoris</strong></span> <span class='ocrx_word' id='word_1_218' title='bbox 414 2673 815 2736; x_wconf 88' lang='lat' dir='ltr'><strong>intermissione,</strong></span> <span class='ocrx_word' id='word_1_219' title='bbox 868 2682 954 2725; x_wconf 90' lang='lat' dir='ltr'><strong>aut</strong></span> <span class='ocrx_word' id='word_1_220' title='bbox 983 2673 1352 2741; x_wconf 89' lang='lat' dir='ltr'><strong>discipulorum</strong></span> <span class='ocrx_word' id='word_1_221' title='bbox 1382 2673 1681 2725; x_wconf 85' lang='lat' dir='ltr'><strong>collectione</strong></span> 
     </span>
    </p>
   </div>
   <div class='ocr_carea' id='block_1_32' title="bbox 90 2743 1681 2818">
    <p class='ocr_par' dir='ltr' id='par_1_32' title="bbox 90 2743 1681 2818">
     <span class='ocr_line' id='line_1_32' title="bbox 90 2743 1681 2818; baseline -0.004 -17"><span class='ocrx_word' id='word_1_222' title='bbox 90 2747 341 2818; x_wconf 87' lang='lat' dir='ltr'><strong>neglecta,</strong></span> <span class='ocrx_word' id='word_1_223' title='bbox 375 2752 463 2798; x_wconf 91' lang='lat' dir='ltr'><strong>aut</strong></span> <span class='ocrx_word' id='word_1_224' title='bbox 487 2745 877 2800; x_wconf 87' lang='lat' dir='ltr'><strong>amanuensium</strong></span> <span class='ocrx_word' id='word_1_225' title='bbox 908 2744 1107 2797; x_wconf 91' lang='lat' dir='ltr'><strong>incuria</strong></span> <span class='ocrx_word' id='word_1_226' title='bbox 1134 2743 1442 2812; x_wconf 87' lang='lat' dir='ltr'><strong>deperierint</strong></span> <span class='ocrx_word' id='word_1_227' title='bbox 1462 2784 1481 2812; x_wconf 93' lang='lat'><strong>,</strong></span> <span class='ocrx_word' id='word_1_228' title='bbox 1511 2743 1681 2797; x_wconf 83' lang='lat' dir='ltr'><strong>incer-</strong></span> 
     </span>
    </p>
   </div>
   <div class='ocr_carea' id='block_1_33' title="bbox 94 2817 494 2873">
    <p class='ocr_par' dir='ltr' id='par_1_33' title="bbox 94 2817 494 2873">
     <span class='ocr_line' id='line_1_33' title="bbox 94 2817 494 2873; baseline 0.003 -3"><span class='ocrx_word' id='word_1_229' title='bbox 94 2817 207 2872; x_wconf 88' lang='lat' dir='ltr'><strong>tum</strong></span> <span class='ocrx_word' id='word_1_230' title='bbox 228 2817 372 2873; x_wconf 90' lang='lat' dir='ltr'><strong>nobis</strong></span> <span class='ocrx_word' id='word_1_231' title='bbox 398 2826 494 2873; x_wconf 89' lang='lat' dir='ltr'><strong>est.</strong></span> 
     </span>
    </p>
   </div>
   <div class='ocr_carea' id='block_1_34' title="bbox 548 2904 1246 2963">
    <p class='ocr_par' dir='ltr' id='par_1_34' title="bbox 548 2904 1246 2963">
     <span class='ocr_line' id='line_1_34' title="bbox 548 2904 1246 2963; baseline -0.003 -1"><span class='ocrx_word' id='word_1_232' title='bbox 548 2906 615 2962; x_wconf 91' lang='lat' dir='ltr'><strong>IN</strong></span> <span class='ocrx_word' id='word_1_233' title='bbox 654 2905 984 2963; x_wconf 79' lang='lat' dir='ltr'><strong>PSALMUM</strong></span> <span class='ocrx_word' id='word_1_234' title='bbox 1021 2904 1246 2962; x_wconf 80' lang='lat' dir='ltr'><strong>CXXII.‘</strong></span> 
     </span>
    </p>
   </div>
   <div class='ocr_carea' id='block_1_35' title="bbox 580 3000 1193 3057">
    <p class='ocr_par' dir='ltr' id='par_1_35' title="bbox 580 3000 1193 3057">
     <span class='ocr_line' id='line_1_35' title="bbox 580 3000 1193 3057; baseline -0.003 0"><span class='ocrx_word' id='word_1_235' title='bbox 580 3000 859 3057; x_wconf 88' lang='lat' dir='ltr'><strong>Canticum</strong></span> <span class='ocrx_word' id='word_1_236' title='bbox 899 3000 1193 3057; x_wconf 88' lang='lat' dir='ltr'><strong>Graduum.</strong></span> 
     </span>
    </p>
   </div>
   <div class='ocr_carea' id='block_1_36' title="bbox 692 3109 1074 3151">
    <p class='ocr_par' dir='ltr' id='par_1_36' title="bbox 692 3109 1074 3151">
     <span class='ocr_line' id='line_1_36' title="bbox 692 3109 1074 3151; baseline -0.005 -2"><span class='ocrx_word' id='word_1_237' title='bbox 692 3109 1074 3151; x_wconf 68' lang='lat' dir='ltr'><strong>ARGUMENTUI.</strong></span> 
     </span>
    </p>
   </div>
   <div class='ocr_carea' id='block_1_37' title="bbox 172 3174 1757 3256">
    <p class='ocr_par' dir='ltr' id='par_1_37' title="bbox 172 3174 1757 3256">
     <span class='ocr_line' id='line_1_37' title="bbox 172 3174 1757 3256; baseline -0.006 -9"><span class='ocrx_word' id='word_1_238' title='bbox 172 3189 250 3247; x_wconf 81' lang='lat' dir='ltr'><strong>Ex</strong></span> <span class='ocrx_word' id='word_1_239' title='bbox 275 3190 541 3246; x_wconf 89' lang='lat' dir='ltr'><strong>communi</strong></span> <span class='ocrx_word' id='word_1_240' title='bbox 570 3188 809 3243; x_wconf 90' lang='lat' dir='ltr'><strong>omnium</strong></span> <span class='ocrx_word' id='word_1_241' title='bbox 839 3202 1072 3256; x_wconf 82' lang='lat' dir='ltr'><strong>persona</strong></span> <span class='ocrx_word' id='word_1_242' title='bbox 1104 3189 1194 3255; x_wconf 92' lang='lat' dir='ltr'><strong>qul</strong></span> <span class='ocrx_word' id='word_1_243' title='bbox 1226 3187 1277 3241; x_wconf 93' lang='lat' dir='ltr'><strong>in</strong></span> <span class='ocrx_word' id='word_1_244' title='bbox 1304 3186 1676 3256; x_wconf 84' lang='lat' dir='ltr'><strong>captivitatem</strong></span> <span class='ocrx_word' id='word_1_245' title='bbox 1711 3174 1757 3237; x_wconf 91' lang='lat' dir='ltr'><strong>C</strong></span> 
     </span>
    </p>
   </div>
   <div class='ocr_carea' id='block_1_38' title="bbox 103 3258 1673 3323">
    <p class='ocr_par' dir='ltr' id='par_1_38' title="bbox 103 3258 1673 3323">
     <span class='ocr_line' id='line_1_38' title="bbox 103 3258 1673 3323; baseline -0.003 -4"><span class='ocrx_word' id='word_1_246' title='bbox 103 3264 250 3319; x_wconf 91' lang='lat' dir='ltr'><strong>ducti</strong></span> <span class='ocrx_word' id='word_1_247' title='bbox 278 3271 399 3317; x_wconf 91' lang='lat' dir='ltr'><strong>sunt</strong></span> <span class='ocrx_word' id='word_1_248' title='bbox 425 3261 653 3323; x_wconf 90' lang='lat' dir='ltr'><strong>canitur,</strong></span> <span class='ocrx_word' id='word_1_249' title='bbox 701 3260 1005 3314; x_wconf 88' lang='lat' dir='ltr'><strong>libertatem</strong></span> <span class='ocrx_word' id='word_1_250' title='bbox 1031 3258 1358 3314; x_wconf 86' lang='lat' dir='ltr'><strong>reversionis</strong></span> <span class='ocrx_word' id='word_1_251' title='bbox 1389 3274 1417 3311; x_wconf 89' lang='lat' dir='ltr'><strong>a</strong></span> <span class='ocrx_word' id='word_1_252' title='bbox 1448 3258 1673 3315; x_wconf 91' lang='lat' dir='ltr'><strong>Domino</strong></span> 
     </span>
    </p>
   </div>
   <div class='ocr_carea' id='block_1_39' title="bbox 102 3328 1437 3405">
    <p class='ocr_par' dir='ltr' id='par_1_39' title="bbox 102 3328 1437 3405">
     <span class='ocr_line' id='line_1_39' title="bbox 102 3328 1437 3405; baseline -0.004 -16"><span class='ocrx_word' id='word_1_253' title='bbox 102 3332 504 3405; x_wconf 89' lang='lat' dir='ltr'><strong>postulandum.</strong></span> <span class='ocrx_word' id='word_1_254' title='bbox 536 3331 723 3397; x_wconf 85' lang='lat' dir='ltr'><strong>Aliter,</strong></span> <span class='ocrx_word' id='word_1_255' title='bbox 756 3345 857 3385; x_wconf 81' lang='lat' dir='ltr'><strong>vox</strong></span> <span class='ocrx_word' id='word_1_256' title='bbox 884 3328 1082 3385; x_wconf 88' lang='lat' dir='ltr'><strong>Christi</strong></span> <span class='ocrx_word' id='word_1_257' title='bbox 1106 3329 1172 3385; x_wconf 91' lang='lat' dir='ltr'><strong>ad</strong></span> <span class='ocrx_word' id='word_1_258' title='bbox 1205 3329 1437 3385; x_wconf 89' lang='lat' dir='ltr'><strong>Patrem.</strong></span> 
     </span>
    </p>
   </div>
   <div class='ocr_carea' id='block_1_40' title="bbox 716 3437 1069 3477">
    <p class='ocr_par' dir='ltr' id='par_1_40' title="bbox 716 3437 1069 3477">
     <span class='ocr_line' id='line_1_40' title="bbox 716 3437 1069 3477; baseline -0.003 0"><span class='ocrx_word' id='word_1_259' title='bbox 716 3437 1069 3477; x_wconf 75' lang='lat' dir='ltr'><strong>EXPLANATIO.</strong></span> 
     </span>
    </p>
   </div>
   <div class='ocr_carea' id='block_1_41' title="bbox 182 3516 1690 3590">
    <p class='ocr_par' dir='ltr' id='par_1_41' title="bbox 182 3516 1690 3590">
     <span class='ocr_line' id='line_1_41' title="bbox 182 3516 1690 3590; baseline -0.003 -17"><span class='ocrx_word' id='word_1_260' title='bbox 182 3520 281 3585; x_wconf 83' lang='lat' dir='ltr'><strong>Qui</strong></span> <span class='ocrx_word' id='word_1_261' title='bbox 311 3518 453 3590; x_wconf 89' lang='lat' dir='ltr'><strong>prius</strong></span> <span class='ocrx_word' id='word_1_262' title='bbox 487 3519 556 3571; x_wconf 88' lang='lat' dir='ltr'><strong>ad</strong></span> <span class='ocrx_word' id='word_1_263' title='bbox 587 3526 785 3590; x_wconf 84' lang='lat' dir='ltr'><strong>montes</strong></span> <span class='ocrx_word' id='word_1_264' title='bbox 815 3517 986 3590; x_wconf 86' lang='lat' dir='ltr'><strong>oculos</strong></span> <span class='ocrx_word' id='word_1_265' title='bbox 1017 3516 1226 3590; x_wconf 65' lang='lat' dir='ltr'><strong>levavit,</strong></span> <span class='ocrx_word' id='word_1_266' title='bbox 1260 3531 1396 3590; x_wconf 86' lang='lat' dir='ltr'><strong>nunc</strong></span> <span class='ocrx_word' id='word_1_267' title='bbox 1422 3516 1491 3569; x_wconf 89' lang='lat' dir='ltr'><strong>ad</strong></span> <span class='ocrx_word' id='word_1_268' title='bbox 1518 3516 1690 3584; x_wconf 90' lang='lat' dir='ltr'><strong>ipsum</strong></span> 
     </span>
    </p>
   </div>
   <div class='ocr_carea' id='block_1_42' title="bbox 101 3585 1691 3653">
    <p class='ocr_par' dir='ltr' id='par_1_42' title="bbox 101 3585 1691 3653">
     <span class='ocr_line' id='line_1_42' title="bbox 101 3585 1691 3653; baseline -0.001 -9"><span class='ocrx_word' id='word_1_269' title='bbox 101 3585 388 3645; x_wconf 83' lang='lat' dir='ltr'><strong>Dominum</strong></span> <span class='ocrx_word' id='word_1_270' title='bbox 414 3591 608 3644; x_wconf 90' lang='lat' dir='ltr'><strong>lumina</strong></span> <span class='ocrx_word' id='word_1_271' title='bbox 644 3589 722 3642; x_wconf 88' lang='lat' dir='ltr'><strong>sui</strong></span> <span class='ocrx_word' id='word_1_272' title='bbox 754 3588 921 3642; x_wconf 89' lang='lat' dir='ltr'><strong>cordis</strong></span> <span class='ocrx_word' id='word_1_273' title='bbox 946 3587 1131 3641; x_wconf 74' lang='lat' dir='ltr'><strong>ere-xit.</strong></span> <span class='ocrx_word' id='word_1_274' title='bbox 1164 3585 1427 3653; x_wconf 83' lang='lat' dir='ltr'><strong>Propheta</strong></span> <span class='ocrx_word' id='word_1_275' title='bbox 1464 3597 1691 3642; x_wconf 87' lang='lat' dir='ltr'><strong>metuens</strong></span> 
     </span>
    </p>
   </div>
   <div class='ocr_carea' id='block_1_43' title="bbox 99 3658 1691 3731">
    <p class='ocr_par' dir='ltr' id='par_1_43' title="bbox 99 3658 1691 3731">
     <span class='ocr_line' id='line_1_43' title="bbox 99 3658 1691 3731; baseline -0.002 -16"><span class='ocrx_word' id='word_1_276' title='bbox 99 3664 331 3716; x_wconf 86' lang='lat' dir='ltr'><strong>amittere</strong></span> <span class='ocrx_word' id='word_1_277' title='bbox 367 3661 500 3731; x_wconf 91' lang='lat' dir='ltr'><strong>quod</strong></span> <span class='ocrx_word' id='word_1_278' title='bbox 542 3659 777 3727; x_wconf 87' lang='lat' dir='ltr'><strong>tenebat,</strong></span> <span class='ocrx_word' id='word_1_279' title='bbox 818 3666 864 3713; x_wconf 89' lang='lat' dir='ltr'><strong>et</strong></span> <span class='ocrx_word' id='word_1_280' title='bbox 893 3668 1072 3711; x_wconf 86' lang='lat' dir='ltr'><strong>cautus</strong></span> <span class='ocrx_word' id='word_1_281' title='bbox 1116 3673 1178 3731; x_wconf 78' lang='lat' dir='ltr'><strong>ea:</strong></span> <span class='ocrx_word' id='word_1_282' title='bbox 1213 3658 1326 3729; x_wconf 91' lang='lat' dir='ltr'><strong>ipsa</strong></span> <span class='ocrx_word' id='word_1_283' title='bbox 1366 3669 1543 3725; x_wconf 89' lang='lat' dir='ltr'><strong>parte,</strong></span> <span class='ocrx_word' id='word_1_284' title='bbox 1590 3675 1691 3729; x_wconf 89' lang='lat' dir='ltr'><strong>qua</strong></span> 
     </span>
    </p>
   </div>
   <div class='ocr_carea' id='block_1_44' title="bbox 100 3730 1693 3802">
    <p class='ocr_par' dir='ltr' id='par_1_44' title="bbox 100 3730 1693 3802">
     <span class='ocr_line' id='line_1_44' title="bbox 100 3730 1693 3802; baseline -0.003 -14"><span class='ocrx_word' id='word_1_285' title='bbox 100 3741 329 3788; x_wconf 80' lang='lat' dir='ltr'><strong>creverat</strong></span> <span class='ocrx_word' id='word_1_286' title='bbox 351 3730 565 3802; x_wconf 83' lang='lat' dir='ltr'><strong>,prima</strong></span> <span class='ocrx_word' id='word_1_287' title='bbox 606 3741 749 3801; x_wconf 89' lang='lat' dir='ltr'><strong>parte</strong></span> <span class='ocrx_word' id='word_1_288' title='bbox 792 3730 1220 3802; x_wconf 83' lang='lat' dir='ltr'><strong>perseverantiam</strong></span> <span class='ocrx_word' id='word_1_289' title='bbox 1250 3745 1454 3802; x_wconf 87' lang='lat' dir='ltr'><strong>precum</strong></span> <span class='ocrx_word' id='word_1_290' title='bbox 1485 3731 1693 3785; x_wconf 88' lang='lat' dir='ltr'><strong>devotus</strong></span> 
     </span>
    </p>
   </div>
   <div class='ocr_carea' id='block_1_45' title="bbox 102 3800 1694 3873">
    <p class='ocr_par' dir='ltr' id='par_1_45' title="bbox 102 3800 1694 3873">
     <span class='ocr_line' id='line_1_45' title="bbox 102 3800 1694 3873; baseline -0.004 -15"><span class='ocrx_word' id='word_1_291' title='bbox 102 3800 405 3873; x_wconf 76' lang='lat' dir='ltr'><strong>exequitur,</strong></span> <span class='ocrx_word' id='word_1_292' title='bbox 424 3814 478 3857; x_wconf 89' lang='lat' dir='ltr'><strong>ut</strong></span> <span class='ocrx_word' id='word_1_293' title='bbox 508 3811 741 3872; x_wconf 86' lang='lat' dir='ltr'><strong>suscepta</strong></span> <span class='ocrx_word' id='word_1_294' title='bbox 784 3817 996 3855; x_wconf 88' lang='lat' dir='ltr'><strong>munera</strong></span> <span class='ocrx_word' id='word_1_295' title='bbox 1025 3800 1194 3854; x_wconf 87' lang='lat' dir='ltr'><strong>divino</strong></span> <span class='ocrx_word' id='word_1_296' title='bbox 1224 3801 1437 3873; x_wconf 82' lang='lat' dir='ltr'><strong>prwmio</strong></span> <span class='ocrx_word' id='word_1_297' title='bbox 1468 3802 1694 3873; x_wconf 88' lang='lat' dir='ltr'><strong>contine-</strong></span> 
     </span>
    </p>
   </div>
   <div class='ocr_carea' id='block_1_46' title="bbox 103 3872 1695 3941">
    <p class='ocr_par' dir='ltr' id='par_1_46' title="bbox 103 3872 1695 3941">
     <span class='ocr_line' id='line_1_46' title="bbox 103 3872 1695 3941; baseline -0.004 -11"><span class='ocrx_word' id='word_1_298' title='bbox 103 3872 470 3931; x_wconf 22' lang='lat' dir='ltr'><strong>ret.’Secundo</strong></span> <span class='ocrx_word' id='word_1_299' title='bbox 505 3874 781 3927; x_wconf 90' lang='lat' dir='ltr'><strong>Dominum</strong></span> <span class='ocrx_word' id='word_1_300' title='bbox 822 3880 1081 3941; x_wconf 86' lang='lat' dir='ltr'><strong>precatur,</strong></span> <span class='ocrx_word' id='word_1_301' title='bbox 1125 3880 1181 3925; x_wconf 86' lang='lat' dir='ltr'><strong>ut</strong></span> <span class='ocrx_word' id='word_1_302' title='bbox 1224 3872 1376 3926; x_wconf 89' lang='lat' dir='ltr'><strong>donet</strong></span> <span class='ocrx_word' id='word_1_303' title='bbox 1414 3873 1461 3925; x_wconf 90' lang='lat' dir='ltr'><strong>ei</strong></span> <span class='ocrx_word' id='word_1_304' title='bbox 1494 3872 1695 3925; x_wconf 86' lang='lat' dir='ltr'><strong>miscri-</strong></span> 
     </span>
    </p>
   </div>
   <div class='ocr_carea' id='block_1_47' title="bbox 104 3942 1696 4015">
    <p class='ocr_par' dir='ltr' id='par_1_47' title="bbox 104 3942 1696 4015">
     <span class='ocr_line' id='line_1_47' title="bbox 104 3942 1696 4015; baseline -0.003 -15"><span class='ocrx_word' id='word_1_305' title='bbox 104 3948 371 4013; x_wconf 87' lang='lat' dir='ltr'><strong>cordiam,</strong></span> <span class='ocrx_word' id='word_1_306' title='bbox 424 3947 546 4012; x_wconf 85' lang='lat' dir='ltr'><strong>quia</strong></span> <span class='ocrx_word' id='word_1_307' title='bbox 593 3945 921 4015; x_wconf 88' lang='lat' dir='ltr'><strong>instigatione</strong></span> <span class='ocrx_word' id='word_1_308' title='bbox 970 3942 1165 3997; x_wconf 89' lang='lat' dir='ltr'><strong>diaboli</strong></span> <span class='ocrx_word' id='word_1_309' title='bbox 1215 3944 1278 3996; x_wconf 93' lang='lat' dir='ltr'><strong>ab</strong></span> <span class='ocrx_word' id='word_1_310' title='bbox 1332 3942 1696 4015; x_wconf 88' lang='lat' dir='ltr'><strong>insultantibus</strong></span> 
     </span>
    </p>
   </div>
   <div class='ocr_carea' id='block_1_48' title="bbox 102 4014 1697 4089">
    <p class='ocr_par' dir='ltr' id='par_1_48' title="bbox 102 4014 1697 4089">
     <span class='ocr_line' id='line_1_48' title="bbox 102 4014 1697 4089; baseline -0.003 -17"><span class='ocrx_word' id='word_1_311' title='bbox 102 4020 272 4072; x_wconf 83' lang='lat' dir='ltr'><strong>multa</strong></span> <span class='ocrx_word' id='word_1_312' title='bbox 301 4018 587 4089; x_wconf 86' lang='lat' dir='ltr'><strong>patiebatur</strong></span> <span class='ocrx_word' id='word_1_313' title='bbox 615 4014 848 4089; x_wconf 83' lang='lat' dir='ltr'><strong>adversa,</strong></span> <span class='ocrx_word' id='word_1_314' title='bbox 880 4023 1111 4089; x_wconf 83' lang='lat' dir='ltr'><strong>utquem</strong></span> <span class='ocrx_word' id='word_1_315' title='bbox 1139 4014 1396 4089; x_wconf 82' lang='lat' dir='ltr'><strong>consortio</strong></span> <span class='ocrx_word' id='word_1_316' title='bbox 1428 4030 1528 4069; x_wconf 91' lang='lat' dir='ltr'><strong>non</strong></span> <span class='ocrx_word' id='word_1_317' title='bbox 1557 4024 1697 4086; x_wconf 87' lang='lat' dir='ltr'><strong>pote-</strong></span> 
     </span>
    </p>
   </div>
   <div class='ocr_carea' id='block_1_49' title="bbox 104 4084 1503 4159">
    <p class='ocr_par' dir='ltr' id='par_1_49' title="bbox 104 4084 1503 4159">
     <span class='ocr_line' id='line_1_49' title="bbox 104 4084 1503 4159; baseline -0.004 -16"><span class='ocrx_word' id='word_1_318' title='bbox 104 4098 249 4155; x_wconf 80' lang='lat' dir='ltr'><strong>rant,</strong></span> <span class='ocrx_word' id='word_1_319' title='bbox 278 4084 455 4145; x_wconf 78' lang='lat' dir='ltr'><strong>saltem</strong></span> <span class='ocrx_word' id='word_1_320' title='bbox 481 4087 711 4159; x_wconf 89' lang='lat' dir='ltr'><strong>superbis</strong></span> <span class='ocrx_word' id='word_1_321' title='bbox 737 4085 1145 4155; x_wconf 86' lang='lat' dir='ltr'><strong>despeclionibus</strong></span> <span class='ocrx_word' id='word_1_322' title='bbox 1169 4084 1503 4139; x_wconf 85' lang='lat' dir='ltr'><strong>macularent.</strong></span> 
     </span>
    </p>
   </div>
   <div class='ocr_carea' id='block_1_50' title="bbox 550 4198 1258 4257">
    <p class='ocr_par' dir='ltr' id='par_1_50' title="bbox 550 4198 1258 4257">
     <span class='ocr_line' id='line_1_50' title="bbox 550 4198 1258 4257; baseline -0.003 0"><span class='ocrx_word' id='word_1_323' title='bbox 550 4202 617 4257; x_wconf 87' lang='lat' dir='ltr'><strong>IN</strong></span> <span class='ocrx_word' id='word_1_324' title='bbox 659 4200 987 4257; x_wconf 83' lang='lat' dir='ltr'><strong>PSALMUM</strong></span> <span class='ocrx_word' id='word_1_325' title='bbox 1025 4198 1258 4256; x_wconf 81' lang='lat' dir='ltr'><strong>CXXIII.</strong></span> 
     </span>
    </p>
   </div>
   <div class='ocr_carea' id='block_1_51' title="bbox 490 4292 1313 4351">
    <p class='ocr_par' dir='ltr' id='par_1_51' title="bbox 490 4292 1313 4351">
     <span class='ocr_line' id='line_1_51' title="bbox 490 4292 1313 4351; baseline -0.005 -1"><span class='ocrx_word' id='word_1_326' title='bbox 490 4294 768 4351; x_wconf 88' lang='lat' dir='ltr'><strong>Canticum</strong></span> <span class='ocrx_word' id='word_1_327' title='bbox 811 4292 1084 4349; x_wconf 86' lang='lat' dir='ltr'><strong>Graduum</strong></span> <span class='ocrx_word' id='word_1_328' title='bbox 1124 4292 1313 4348; x_wconf 89' lang='lat' dir='ltr'><strong>David.</strong></span> 
     </span>
    </p>
   </div>
   <div class='ocr_carea' id='block_1_52' title="bbox 718 4401 1099 4441">
    <p class='ocr_par' dir='ltr' id='par_1_52' title="bbox 718 4401 1099 4441">
     <span class='ocr_line' id='line_1_52' title="bbox 718 4401 1099 4441; baseline -0.005 -1"><span class='ocrx_word' id='word_1_329' title='bbox 718 4401 1099 4441; x_wconf 69' lang='lat' dir='ltr'><strong>ARGUIENTUI.</strong></span> 
     </span>
    </p>
   </div>
   <div class='ocr_carea' id='block_1_53' title="bbox 189 4476 1697 4545">
    <p class='ocr_par' dir='ltr' id='par_1_53' title="bbox 189 4476 1697 4545">
     <span class='ocr_line' id='line_1_53' title="bbox 189 4476 1697 4545; baseline -0.004 -10"><span class='ocrx_word' id='word_1_330' title='bbox 189 4479 363 4535; x_wconf 81' lang='lat' dir='ltr'><strong>Etiam</strong></span> <span class='ocrx_word' id='word_1_331' title='bbox 404 4477 505 4532; x_wconf 85' lang='lat' dir='ltr'><strong>sub</strong></span> <span class='ocrx_word' id='word_1_332' title='bbox 543 4491 773 4545; x_wconf 86' lang='lat' dir='ltr'><strong>persona</strong></span> <span class='ocrx_word' id='word_1_333' title='bbox 816 4478 997 4545; x_wconf 86' lang='lat' dir='ltr'><strong>populi</strong></span> <span class='ocrx_word' id='word_1_334' title='bbox 1032 4477 1140 4544; x_wconf 86' lang='lat' dir='ltr'><strong>jam</strong></span> <span class='ocrx_word' id='word_1_335' title='bbox 1183 4476 1390 4530; x_wconf 89' lang='lat' dir='ltr'><strong>liberati</strong></span> <span class='ocrx_word' id='word_1_336' title='bbox 1432 4484 1697 4540; x_wconf 78' lang='lat' dir='ltr'><strong>cantatur,</strong></span> 
     </span>
    </p>
   </div>
   <div class='ocr_carea' id='block_1_54' title="bbox 108 4545 1777 4621">
    <p class='ocr_par' dir='ltr' id='par_1_54' title="bbox 108 4545 1777 4621">
     <span class='ocr_line' id='line_1_54' title="bbox 108 4545 1777 4621; baseline -0.005 -14"><span class='ocrx_word' id='word_1_337' title='bbox 108 4550 321 4621; x_wconf 79' lang='lat' dir='ltr'><strong>agentis</strong></span> <span class='ocrx_word' id='word_1_338' title='bbox 356 4549 705 4621; x_wconf 76' lang='lat' dir='ltr'><strong>gratiascum</strong></span> <span class='ocrx_word' id='word_1_339' title='bbox 743 4548 1144 4621; x_wconf 84' lang='lat' dir='ltr'><strong>enumeratione</strong></span> <span class='ocrx_word' id='word_1_340' title='bbox 1188 4547 1468 4621; x_wconf 76' lang='lat' dir='ltr'><strong>malorum,</strong></span> <span class='ocrx_word' id='word_1_341' title='bbox 1512 4561 1630 4616; x_wconf 76' lang='lat' dir='ltr'><strong>qua:</strong></span> <span class='ocrx_word' id='word_1_342' title='bbox 1668 4562 1697 4599; x_wconf 87' lang='lat' dir='ltr'><strong>a</strong></span> <span class='ocrx_word' id='word_1_343' title='bbox 1724 4545 1777 4605; x_wconf 90' lang='lat' dir='ltr'><strong>D</strong></span> 
     </span>
    </p>
   </div>
   <div class='ocr_carea' id='block_1_55' title="bbox 113 4617 1514 4693">
    <p class='ocr_par' dir='ltr' id='par_1_55' title="bbox 113 4617 1514 4693">
     <span class='ocr_line' id='line_1_55' title="bbox 113 4617 1514 4693; baseline -0.006 -15"><span class='ocrx_word' id='word_1_344' title='bbox 113 4617 383 4693; x_wconf 72' lang='lat' dir='ltr'><strong>Babylone</strong></span> <span class='ocrx_word' id='word_1_345' title='bbox 413 4619 762 4690; x_wconf 86' lang='lat' dir='ltr'><strong>pertulerant.</strong></span> <span class='ocrx_word' id='word_1_346' title='bbox 799 4619 964 4672; x_wconf 84' lang='lat' dir='ltr'><strong>Aliter</strong></span> <span class='ocrx_word' id='word_1_347' title='bbox 994 4632 1099 4673; x_wconf 85' lang='lat' dir='ltr'><strong>vox</strong></span> <span class='ocrx_word' id='word_1_348' title='bbox 1129 4617 1514 4687; x_wconf 86' lang='lat' dir='ltr'><strong>apostolorum.</strong></span> 
     </span>
    </p>
   </div>
   <div class='ocr_carea' id='block_1_56' title="bbox 732 4724 1084 4764">
    <p class='ocr_par' dir='ltr' id='par_1_56' title="bbox 732 4724 1084 4764">
     <span class='ocr_line' id='line_1_56' title="bbox 732 4724 1084 4764; baseline -0.003 0"><span class='ocrx_word' id='word_1_349' title='bbox 732 4724 1084 4764; x_wconf 75' lang='lat' dir='ltr'><strong>EXPLANATIO.</strong></span> 
     </span>
    </p>
   </div>
   <div class='ocr_carea' id='block_1_57' title="bbox 192 4779 1701 4851">
    <p class='ocr_par' dir='ltr' id='par_1_57' title="bbox 192 4779 1701 4851">
     <span class='ocr_line' id='line_1_57' title="bbox 192 4779 1701 4851; baseline -0.002 -15"><span class='ocrx_word' id='word_1_350' title='bbox 192 4783 322 4850; x_wconf 84' lang='lat' dir='ltr'><strong>Quia</strong></span> <span class='ocrx_word' id='word_1_351' title='bbox 360 4783 549 4851; x_wconf 84' lang='lat' dir='ltr'><strong>gradus</strong></span> <span class='ocrx_word' id='word_1_352' title='bbox 586 4784 710 4836; x_wconf 89' lang='lat' dir='ltr'><strong>istos</strong></span> <span class='ocrx_word' id='word_1_353' title='bbox 737 4791 782 4833; x_wconf 92' lang='lat' dir='ltr'><strong>et</strong></span> <span class='ocrx_word' id='word_1_354' title='bbox 812 4798 913 4834; x_wconf 90' lang='lat' dir='ltr'><strong>una</strong></span> <span class='ocrx_word' id='word_1_355' title='bbox 942 4790 1136 4834; x_wconf 89' lang='lat' dir='ltr'><strong>tantum</strong></span> <span class='ocrx_word' id='word_1_356' title='bbox 1168 4779 1433 4843; x_wconf 86' lang='lat' dir='ltr'><strong>Ecclesia,</strong></span> <span class='ocrx_word' id='word_1_357' title='bbox 1469 4790 1514 4833; x_wconf 90' lang='lat' dir='ltr'><strong>et</strong></span> <span class='ocrx_word' id='word_1_358' title='bbox 1546 4781 1701 4833; x_wconf 85' lang='lat' dir='ltr'><strong>innu-</strong></span> 
     </span>
    </p>
   </div>
   <div class='ocr_carea' id='block_1_58' title="bbox 116 4851 1702 4924">
    <p class='ocr_par' dir='ltr' id='par_1_58' title="bbox 116 4851 1702 4924">
     <span class='ocr_line' id='line_1_58' title="bbox 116 4851 1702 4924; baseline -0.004 -15"><span class='ocrx_word' id='word_1_359' title='bbox 116 4855 379 4910; x_wconf 85' lang='lat' dir='ltr'><strong>merabilia</strong></span> <span class='ocrx_word' id='word_1_360' title='bbox 406 4858 520 4924; x_wconf 86' lang='lat' dir='ltr'><strong>ejus</strong></span> <span class='ocrx_word' id='word_1_361' title='bbox 553 4854 774 4907; x_wconf 87' lang='lat' dir='ltr'><strong>ntembra</strong></span> <span class='ocrx_word' id='word_1_362' title='bbox 818 4854 1005 4906; x_wconf 85' lang='lat' dir='ltr'><strong>viritim</strong></span> <span class='ocrx_word' id='word_1_363' title='bbox 1044 4851 1422 4924; x_wconf 87' lang='lat' dir='ltr'><strong>conscendunt,</strong></span> <span class='ocrx_word' id='word_1_364' title='bbox 1472 4858 1623 4904; x_wconf 87' lang='lat' dir='ltr'><strong>modo</strong></span> <span class='ocrx_word' id='word_1_365' title='bbox 1650 4854 1702 4924; x_wconf 87' lang='lat' dir='ltr'><strong>in</strong></span> 
     </span>
    </p>
   </div>
   <div class='ocr_carea' id='block_1_59' title="bbox 120 4923 1701 4996">
    <p class='ocr_par' dir='ltr' id='par_1_59' title="bbox 120 4923 1701 4996">
     <span class='ocr_line' id='line_1_59' title="bbox 120 4923 1701 4996; baseline -0.003 -16"><span class='ocrx_word' id='word_1_366' title='bbox 120 4929 192 4980; x_wconf 86' lang='lat' dir='ltr'><strong>eis</strong></span> <span class='ocrx_word' id='word_1_367' title='bbox 224 4923 483 4994; x_wconf 85' lang='lat' dir='ltr'><strong>psalmista</strong></span> <span class='ocrx_word' id='word_1_368' title='bbox 512 4924 783 4996; x_wconf 84' lang='lat' dir='ltr'><strong>singulari,</strong></span> <span class='ocrx_word' id='word_1_369' title='bbox 816 4926 965 4977; x_wconf 89' lang='lat' dir='ltr'><strong>modo</strong></span> <span class='ocrx_word' id='word_1_370' title='bbox 993 4939 1205 4976; x_wconf 86' lang='lat' dir='ltr'><strong>numero</strong></span> <span class='ocrx_word' id='word_1_371' title='bbox 1235 4923 1457 4992; x_wconf 86' lang='lat' dir='ltr'><strong>loquitur</strong></span> <span class='ocrx_word' id='word_1_372' title='bbox 1490 4923 1701 4996; x_wconf 76' lang='lat' dir='ltr'><strong>plurali.</strong></span> 
     </span>
    </p>
   </div>
   <div class='ocr_carea' id='block_1_60' title="bbox 122 4994 1703 5065">
    <p class='ocr_par' dir='ltr' id='par_1_60' title="bbox 122 4994 1703 5065">
     <span class='ocr_line' id='line_1_60' title="bbox 122 4994 1703 5065; baseline -0.003 -13"><span class='ocrx_word' id='word_1_373' title='bbox 122 4996 372 5052; x_wconf 61' lang='lat' dir='ltr'><strong>Memores</strong></span> <span class='ocrx_word' id='word_1_374' title='bbox 418 4994 983 5063; x_wconf 43' lang='lat' dir='ltr'><strong>sancti&#39;confessores,</strong></span> <span class='ocrx_word' id='word_1_375' title='bbox 1033 5005 1153 5065; x_wconf 90' lang='lat' dir='ltr'><strong>quot</strong></span> <span class='ocrx_word' id='word_1_376' title='bbox 1209 4996 1435 5064; x_wconf 84' lang='lat' dir='ltr'><strong>pericula</strong></span> <span class='ocrx_word' id='word_1_377' title='bbox 1485 4994 1703 5047; x_wconf 89' lang='lat' dir='ltr'><strong>Domino</strong></span> 
     </span>
    </p>
   </div>
   <div class='ocr_carea' id='block_1_61' title="bbox 115 5065 1705 5135">
    <p class='ocr_par' dir='ltr' id='par_1_61' title="bbox 115 5065 1705 5135">
     <span class='ocr_line' id='line_1_61' title="bbox 115 5065 1705 5135; baseline -0.003 -12"><span class='ocrx_word' id='word_1_378' title='bbox 115 5070 387 5123; x_wconf 85' lang='lat' dir='ltr'><strong>miserante</strong></span> <span class='ocrx_word' id='word_1_379' title='bbox 428 5068 564 5120; x_wconf 89' lang='lat' dir='ltr'><strong>velut</strong></span> <span class='ocrx_word' id='word_1_380' title='bbox 608 5068 849 5135; x_wconf 90' lang='lat' dir='ltr'><strong>impetum</strong></span> <span class='ocrx_word' id='word_1_381' title='bbox 897 5068 1133 5119; x_wconf 84' lang='lat' dir='ltr'><strong>torrentis</strong></span> <span class='ocrx_word' id='word_1_382' title='bbox 1176 5065 1427 5119; x_wconf 86' lang='lat' dir='ltr'><strong>evaserint</strong></span> <span class='ocrx_word' id='word_1_383' title='bbox 1472 5081 1490 5119; x_wconf 88' lang='lat'><em>:</em></span> <span class='ocrx_word' id='word_1_384' title='bbox 1540 5067 1705 5135; x_wconf 91' lang='lat' dir='ltr'><strong>primo</strong></span> 
     </span>
    </p>
   </div>
   <div class='ocr_carea' id='block_1_62' title="bbox 118 5135 1705 5208">
    <p class='ocr_par' dir='ltr' id='par_1_62' title="bbox 118 5135 1705 5208">
     <span class='ocr_line' id='line_1_62' title="bbox 118 5135 1705 5208; baseline -0.003 -15"><span class='ocrx_word' id='word_1_385' title='bbox 118 5139 282 5208; x_wconf 87' lang='lat' dir='ltr'><strong>capite</strong></span> <span class='ocrx_word' id='word_1_386' title='bbox 310 5140 532 5203; x_wconf 79' lang='lat' dir='ltr'><strong>fatentur</strong></span> <span class='ocrx_word' id='word_1_387' title='bbox 562 5154 614 5191; x_wconf 87' lang='lat' dir='ltr'><strong>se</strong></span> <span class='ocrx_word' id='word_1_388' title='bbox 637 5140 697 5190; x_wconf 87' lang='lat' dir='ltr'><strong>de</strong></span> <span class='ocrx_word' id='word_1_389' title='bbox 728 5146 799 5191; x_wconf 91' lang='lat' dir='ltr'><strong>tot</strong></span> <span class='ocrx_word' id='word_1_390' title='bbox 828 5138 1068 5190; x_wconf 75' lang='lat' dir='ltr'><strong>(erumnis</strong></span> <span class='ocrx_word' id='word_1_391' title='bbox 1095 5135 1206 5191; x_wconf 85' lang='lat' dir='ltr'><strong>sola</strong></span> <span class='ocrx_word' id='word_1_392' title='bbox 1238 5136 1332 5191; x_wconf 89' lang='lat' dir='ltr'><strong>Dei</strong></span> <span class='ocrx_word' id='word_1_393' title='bbox 1357 5136 1705 5190; x_wconf 85' lang='lat' dir='ltr'><strong>misericordia</strong></span> 
     </span>
    </p>
   </div>
   <div class='ocr_carea' id='block_1_63' title="bbox 121 5208 1705 5278">
    <p class='ocr_par' dir='ltr' id='par_1_63' title="bbox 121 5208 1705 5278">
     <span class='ocr_line' id='line_1_63' title="bbox 121 5208 1705 5278; baseline -0.003 -14"><span class='ocrx_word' id='word_1_394' title='bbox 121 5211 380 5264; x_wconf 86' lang='lat' dir='ltr'><strong>liberatos.</strong></span> <span class='ocrx_word' id='word_1_395' title='bbox 426 5208 669 5263; x_wconf 87' lang='lat' dir='ltr'><strong>Secundo</strong></span> <span class='ocrx_word' id='word_1_396' title='bbox 710 5210 904 5278; x_wconf 85' lang='lat' dir='ltr'><strong>gratias</strong></span> <span class='ocrx_word' id='word_1_397' title='bbox 936 5220 1123 5276; x_wconf 87' lang='lat' dir='ltr'><strong>agunt,</strong></span> <span class='ocrx_word' id='word_1_398' title='bbox 1168 5211 1287 5275; x_wconf 87' lang='lat' dir='ltr'><strong>quia</strong></span> <span class='ocrx_word' id='word_1_399' title='bbox 1331 5224 1433 5260; x_wconf 91' lang='lat' dir='ltr'><strong>non</strong></span> <span class='ocrx_word' id='word_1_400' title='bbox 1471 5216 1588 5261; x_wconf 87' lang='lat' dir='ltr'><strong>sunt</strong></span> <span class='ocrx_word' id='word_1_401' title='bbox 1617 5208 1705 5260; x_wconf 90' lang='lat' dir='ltr'><strong>de-</strong></span> 
     </span>
    </p>
   </div>
   <div class='ocr_carea' id='block_1_64' title="bbox 118 5278 1703 5351">
    <p class='ocr_par' dir='ltr' id='par_1_64' title="bbox 118 5278 1703 5351">
     <span class='ocr_line' id='line_1_64' title="bbox 118 5278 1703 5351; baseline -0.003 -17"><span class='ocrx_word' id='word_1_402' title='bbox 118 5281 253 5351; x_wconf 87' lang='lat' dir='ltr'><strong>cepti</strong></span> <span class='ocrx_word' id='word_1_403' title='bbox 280 5298 308 5332; x_wconf 93' lang='lat' dir='ltr'><strong>a</strong></span> <span class='ocrx_word' id='word_1_404' title='bbox 339 5281 759 5349; x_wconf 85' lang='lat' dir='ltr'><strong>persecutoribus,</strong></span> <span class='ocrx_word' id='word_1_405' title='bbox 798 5280 885 5333; x_wconf 88' lang='lat' dir='ltr'><strong>sed</strong></span> <span class='ocrx_word' id='word_1_406' title='bbox 923 5295 1065 5331; x_wconf 75' lang='lat' dir='ltr'><strong>versa</strong></span> <span class='ocrx_word' id='word_1_407' title='bbox 1092 5280 1198 5333; x_wconf 82' lang='lat' dir='ltr'><strong>vice</strong></span> <span class='ocrx_word' id='word_1_408' title='bbox 1223 5278 1450 5332; x_wconf 89' lang='lat' dir='ltr'><strong>contritis</strong></span> <span class='ocrx_word' id='word_1_409' title='bbox 1480 5280 1703 5351; x_wconf 89' lang='lat' dir='ltr'><strong>ipsorum</strong></span> 
     </span>
    </p>
   </div>
   <div class='ocr_carea' id='block_1_65' title="bbox 120 5352 521 5422">
    <p class='ocr_par' dir='ltr' id='par_1_65' title="bbox 120 5352 521 5422">
     <span class='ocr_line' id='line_1_65' title="bbox 120 5352 521 5422; baseline -0.007 -16"><span class='ocrx_word' id='word_1_410' title='bbox 120 5352 318 5406; x_wconf 86' lang='lat' dir='ltr'><strong>insidiis</strong></span> <span class='ocrx_word' id='word_1_411' title='bbox 346 5352 521 5422; x_wconf 86' lang='lat' dir='ltr'><strong>erepti.</strong></span> 
     </span>
    </p>
   </div>
   <div class='ocr_carea' id='block_1_66' title="bbox 554 5442 1262 5500">
    <p class='ocr_par' dir='ltr' id='par_1_66' title="bbox 554 5442 1262 5500">
     <span class='ocr_line' id='line_1_66' title="bbox 554 5442 1262 5500; baseline -0.004 0"><span class='ocrx_word' id='word_1_412' title='bbox 554 5443 622 5500; x_wconf 91' lang='lat' dir='ltr'><strong>IN</strong></span> <span class='ocrx_word' id='word_1_413' title='bbox 660 5442 988 5500; x_wconf 79' lang='lat' dir='ltr'><strong>PSALMUM</strong></span> <span class='ocrx_word' id='word_1_414' title='bbox 1027 5442 1262 5498; x_wconf 83' lang='lat' dir='ltr'><strong>CXXIV.</strong></span> 
     </span>
    </p>
   </div>
   <div class='ocr_carea' id='block_1_67' title="bbox 605 5536 1216 5591">
    <p class='ocr_par' dir='ltr' id='par_1_67' title="bbox 605 5536 1216 5591">
     <span class='ocr_line' id='line_1_67' title="bbox 605 5536 1216 5591; baseline -0.005 0"><span class='ocrx_word' id='word_1_415' title='bbox 605 5537 880 5591; x_wconf 87' lang='lat' dir='ltr'><strong>Canticum</strong></span> <span class='ocrx_word' id='word_1_416' title='bbox 921 5536 1216 5591; x_wconf 87' lang='lat' dir='ltr'><strong>Graduum.</strong></span> 
     </span>
    </p>
   </div>
   <div class='ocr_carea' id='block_1_68' title="bbox 728 5644 1102 5685">
    <p class='ocr_par' dir='ltr' id='par_1_68' title="bbox 728 5644 1102 5685">
     <span class='ocr_line' id='line_1_68' title="bbox 728 5644 1102 5685; baseline -0.005 -2"><span class='ocrx_word' id='word_1_417' title='bbox 728 5644 1102 5685; x_wconf 72' lang='lat' dir='ltr'><strong>ARGUMENTUM.</strong></span> 
     </span>
    </p>
   </div>
   <div class='ocr_carea' id='block_1_69' title="bbox 200 5696 1706 5769">
    <p class='ocr_par' dir='ltr' id='par_1_69' title="bbox 200 5696 1706 5769">
     <span class='ocr_line' id='line_1_69' title="bbox 200 5696 1706 5769; baseline -0.003 -14"><span class='ocrx_word' id='word_1_418' title='bbox 200 5701 272 5755; x_wconf 87' lang='lat' dir='ltr'><strong>Ex</strong></span> <span class='ocrx_word' id='word_1_419' title='bbox 314 5714 547 5769; x_wconf 77' lang='lat' dir='ltr'><strong>persona</strong></span> <span class='ocrx_word' id='word_1_420' title='bbox 567 5715 751 5755; x_wconf 91' lang='lat' dir='ltr'><strong>eorum</strong></span> <span class='ocrx_word' id='word_1_421' title='bbox 783 5702 1012 5764; x_wconf 87' lang='lat' dir='ltr'><strong>canitur,</strong></span> <span class='ocrx_word' id='word_1_422' title='bbox 1050 5698 1138 5767; x_wconf 91' lang='lat' dir='ltr'><strong>qui</strong></span> <span class='ocrx_word' id='word_1_423' title='bbox 1176 5698 1243 5753; x_wconf 89' lang='lat' dir='ltr'><strong>de</strong></span> <span class='ocrx_word' id='word_1_424' title='bbox 1274 5696 1577 5768; x_wconf 82' lang='lat' dir='ltr'><strong>captivitate</strong></span> <span class='ocrx_word' id='word_1_425' title='bbox 1618 5711 1706 5751; x_wconf 84' lang='lat' dir='ltr'><strong>re-</strong></span> 
     </span>
    </p>
   </div>
   <div class='ocr_carea' id='block_1_70' title="bbox 128 5770 1707 5842">
    <p class='ocr_par' dir='ltr' id='par_1_70' title="bbox 128 5770 1707 5842">
     <span class='ocr_line' id='line_1_70' title="bbox 128 5770 1707 5842; baseline -0.002 -16"><span class='ocrx_word' id='word_1_426' title='bbox 128 5774 370 5838; x_wconf 85' lang='lat' dir='ltr'><strong>deuntes,</strong></span> <span class='ocrx_word' id='word_1_427' title='bbox 405 5772 805 5842; x_wconf 81' lang='lat' dir='ltr'><strong>im’pugnatores</strong></span> <span class='ocrx_word' id='word_1_428' title='bbox 832 5784 977 5833; x_wconf 90' lang='lat' dir='ltr'><strong>suos,</strong></span> <span class='ocrx_word' id='word_1_429' title='bbox 1010 5770 1219 5842; x_wconf 83' lang='lat' dir='ltr'><strong>hocest</strong></span> <span class='ocrx_word' id='word_1_430' title='bbox 1240 5811 1255 5834; x_wconf 92' lang='lat'><strong>,</strong></span> <span class='ocrx_word' id='word_1_431' title='bbox 1291 5771 1543 5825; x_wconf 80' lang='lat' dir='ltr'><strong>ﬁnitimas</strong></span> <span class='ocrx_word' id='word_1_432' title='bbox 1574 5784 1707 5839; x_wconf 85' lang='lat' dir='ltr'><strong>geo-</strong></span> 
     </span>
    </p>
   </div>
   <div class='ocr_carea' id='block_1_71' title="bbox 134 5841 1701 5913">
    <p class='ocr_par' dir='ltr' id='par_1_71' title="bbox 134 5841 1701 5913">
     <span class='ocr_line' id='line_1_71' title="bbox 134 5841 1701 5913; baseline -0.004 -12"><span class='ocrx_word' id='word_1_433' title='bbox 134 5854 212 5901; x_wconf 79' lang='lat' dir='ltr'><strong>tcs</strong></span> <span class='ocrx_word' id='word_1_434' title='bbox 256 5843 357 5898; x_wconf 86' lang='lat' dir='ltr'><strong>Deo</strong></span> <span class='ocrx_word' id='word_1_435' title='bbox 379 5841 683 5913; x_wconf 78' lang='lat' dir='ltr'><strong>adjuvante,</strong></span> <span class='ocrx_word' id='word_1_436' title='bbox 713 5850 1041 5913; x_wconf 88' lang='lat' dir='ltr'><strong>presserunt.</strong></span> <span class='ocrx_word' id='word_1_437' title='bbox 1067 5841 1261 5911; x_wconf 86' lang='lat' dir='ltr'><strong>Aliter,</strong></span> <span class='ocrx_word' id='word_1_438' title='bbox 1291 5857 1395 5899; x_wconf 85' lang='lat' dir='ltr'><strong>vox</strong></span> <span class='ocrx_word' id='word_1_439' title='bbox 1427 5842 1701 5898; x_wconf 68' lang='lat' dir='ltr'><strong>Ecclesiae.</strong></span> 
     </span>
    </p>
   </div>
   <div class='ocr_carea' id='block_1_72' title="bbox 791 307 2706 369">
    <p class='ocr_par' dir='ltr' id='par_1_72' title="bbox 791 307 2706 369">
     <span class='ocr_line' id='line_1_72' title="bbox 791 307 2706 369; baseline -0.001 -4"><span class='ocrx_word' id='word_1_440' title='bbox 791 310 855 366; x_wconf 89' lang='lat' dir='ltr'><strong>IN</strong></span> <span class='ocrx_word' id='word_1_441' title='bbox 898 310 1318 369; x_wconf 76' lang='lat' dir='ltr'><strong>PSALMORUM</strong></span> <span class='ocrx_word' id='word_1_442' title='bbox 1360 309 1616 367; x_wconf 78' lang='lat' dir='ltr'><strong>LIBRUM</strong></span> <span class='ocrx_word' id='word_1_443' title='bbox 1657 308 2013 368; x_wconf 79' lang='lat' dir='ltr'><strong>EXEGESIS.</strong></span> <span class='ocrx_word' id='word_1_444' title='bbox 2054 338 2121 353; x_wconf 82' lang='lat'><strong>-—-</strong></span> <span class='ocrx_word' id='word_1_445' title='bbox 2162 310 2407 367; x_wconf 74' lang='lat' dir='ltr'><strong>PSALM.</strong></span> <span class='ocrx_word' id='word_1_446' title='bbox 2448 307 2706 366; x_wconf 79' lang='lat' dir='ltr'><strong>CXXVII.</strong></span> 
     </span>
    </p>
   </div>
   <div class='ocr_carea' id='block_1_73' title="bbox 82 406 1729 493">
    <p class='ocr_par' dir='ltr' id='par_1_73' title="bbox 82 406 1729 493">
     <span class='ocr_line' id='line_1_73' title="bbox 82 406 1729 493; baseline 0.001 -16"><span class='ocrx_word' id='word_1_447' title='bbox 82 439 221 481; x_wconf 84' lang='lat' dir='ltr'><strong>nam</strong></span> <span class='ocrx_word' id='word_1_448' title='bbox 254 430 409 479; x_wconf 88' lang='lat' dir='ltr'><strong>tanta</strong></span> <span class='ocrx_word' id='word_1_449' title='bbox 434 412 715 480; x_wconf 79' lang='lat' dir='ltr'><strong>aﬂ&#39;ectione</strong></span> <span class='ocrx_word' id='word_1_450' title='bbox 736 424 1003 493; x_wconf 76' lang='lat' dir='ltr'><strong>suSpirare</strong></span> <span class='ocrx_word' id='word_1_451' title='bbox 1027 425 1303 488; x_wconf 87' lang='lat' dir='ltr'><strong>debemus,</strong></span> <span class='ocrx_word' id='word_1_452' title='bbox 1336 411 1393 478; x_wconf 89' lang='lat' dir='ltr'><strong>ut</strong></span> <span class='ocrx_word' id='word_1_453' title='bbox 1431 423 1555 478; x_wconf 92' lang='lat' dir='ltr'><strong>dum</strong></span> <span class='ocrx_word' id='word_1_454' title='bbox 1585 423 1652 479; x_wconf 91' lang='lat' dir='ltr'><strong>ad</strong></span> <span class='ocrx_word' id='word_1_455' title='bbox 1682 406 1729 488; x_wconf 77' lang='grc' dir='ltr'><strong>Α</strong></span> 
     </span>
    </p>
   </div>
   <div class='ocr_carea' id='block_1_74' title="bbox 3193 310 3333 366">
    <p class='ocr_par' dir='ltr' id='par_1_74' title="bbox 3193 310 3333 366">
     <span class='ocr_line' id='line_1_74' title="bbox 3193 310 3333 366; baseline 0 -1"><span class='ocrx_word' id='word_1_456' title='bbox 3193 310 3333 366; x_wconf 76' lang='grc'><strong>1090</strong></span> 
     </span>
    </p>
   </div>
   <div class='ocr_carea' id='block_1_75' title="bbox 2380 440 2730 482">
    <p class='ocr_par' dir='ltr' id='par_1_75' title="bbox 2380 440 2730 482">
     <span class='ocr_line' id='line_1_75' title="bbox 2380 440 2730 482; baseline 0 -1"><span class='ocrx_word' id='word_1_457' title='bbox 2380 440 2730 482; x_wconf 72' lang='grc' dir='ltr'><strong>ειριΑΝΑτιο.</strong></span> 
     </span>
    </p>
   </div>
   <div class='ocr_carea' id='block_1_76' title="bbox 1829 518 3337 589">
    <p class='ocr_par' dir='ltr' id='par_1_76' title="bbox 1829 518 3337 589">
     <span class='ocr_line' id='line_1_76' title="bbox 1829 518 3337 589; baseline -0.001 -14"><span class='ocrx_word' id='word_1_458' title='bbox 1829 519 1985 575; x_wconf 75' lang='lat' dir='ltr'><strong>Sexto</strong></span> <span class='ocrx_word' id='word_1_459' title='bbox 2010 519 2173 589; x_wconf 88' lang='lat' dir='ltr'><strong>gradu</strong></span> <span class='ocrx_word' id='word_1_460' title='bbox 2202 521 2385 574; x_wconf 82' lang='lat' dir='ltr'><strong>clamat</strong></span> <span class='ocrx_word' id='word_1_461' title='bbox 2412 520 2657 587; x_wconf 85' lang='lat' dir='ltr'><strong>propheta</strong></span> <span class='ocrx_word' id='word_1_462' title='bbox 2689 520 2831 574; x_wconf 89' lang='lat' dir='ltr'><strong>nobis</strong></span> <span class='ocrx_word' id='word_1_463' title='bbox 2873 520 2925 574; x_wconf 89' lang='lat' dir='ltr'><strong>in</strong></span> <span class='ocrx_word' id='word_1_464' title='bbox 2958 518 3176 573; x_wconf 90' lang='lat' dir='ltr'><strong>Domino</strong></span> <span class='ocrx_word' id='word_1_465' title='bbox 3204 536 3337 574; x_wconf 90' lang='lat' dir='ltr'><strong>con-</strong></span> 
     </span>
    </p>
   </div>
   <div class='ocr_carea' id='block_1_77' title="bbox 1758 590 3337 659">
    <p class='ocr_par' dir='ltr' id='par_1_77' title="bbox 1758 590 3337 659">
     <span class='ocr_line' id='line_1_77' title="bbox 1758 590 3337 659; baseline 0.003 -18"><span class='ocrx_word' id='word_1_466' title='bbox 1758 590 2021 659; x_wconf 82' lang='lat' dir='ltr'><strong>ﬁtendum,</strong></span> <span class='ocrx_word' id='word_1_467' title='bbox 2070 609 2129 645; x_wconf 89' lang='lat' dir='ltr'><strong>ne</strong></span> <span class='ocrx_word' id='word_1_468' title='bbox 2174 592 2455 646; x_wconf 87' lang='lat' dir='ltr'><strong>laboremus</strong></span> <span class='ocrx_word' id='word_1_469' title='bbox 2503 594 2776 646; x_wconf 88' lang='lat' dir='ltr'><strong>incassum.</strong></span> <span class='ocrx_word' id='word_1_470' title='bbox 2828 590 3009 646; x_wconf 89' lang='lat' dir='ltr'><strong>Prima</strong></span> <span class='ocrx_word' id='word_1_471' title='bbox 3053 592 3337 645; x_wconf 87' lang='lat' dir='ltr'><strong>commoni-</strong></span> 
     </span>
    </p>
   </div>
   <div class='ocr_carea' id='block_1_78' title="bbox 1759 662 3340 732">
    <p class='ocr_par' dir='ltr' id='par_1_78' title="bbox 1759 662 3340 732">
     <span class='ocr_line' id='line_1_78' title="bbox 1759 662 3340 732; baseline 0 -17"><span class='ocrx_word' id='word_1_472' title='bbox 1759 662 1893 732; x_wconf 78' lang='lat' dir='ltr'><strong>tione</strong></span> <span class='ocrx_word' id='word_1_473' title='bbox 1942 672 2148 731; x_wconf 88' lang='lat' dir='ltr'><strong>propter</strong></span> <span class='ocrx_word' id='word_1_474' title='bbox 2193 665 2436 732; x_wconf 87' lang='lat' dir='ltr'><strong>populum</strong></span> <span class='ocrx_word' id='word_1_475' title='bbox 2487 664 2690 729; x_wconf 74' lang='lat' dir='ltr'><strong>fidelem</strong></span> <span class='ocrx_word' id='word_1_476' title='bbox 2735 662 3045 731; x_wconf 79' lang='lat' dir='ltr'><strong>conﬁrmat,</strong></span> <span class='ocrx_word' id='word_1_477' title='bbox 3101 662 3272 717; x_wconf 89' lang='lat' dir='ltr'><strong>dicens</strong></span> <span class='ocrx_word' id='word_1_478' title='bbox 3321 678 3340 715; x_wconf 89' lang='lat'><strong><em>:</em></strong></span> 
     </span>
    </p>
   </div>
   <div class='ocr_carea' id='block_1_79' title="bbox 1762 731 3342 803">
    <p class='ocr_par' dir='ltr' id='par_1_79' title="bbox 1762 731 3342 803">
     <span class='ocr_line' id='line_1_79' title="bbox 1762 731 3342 803; baseline 0.001 -18"><span class='ocrx_word' id='word_1_479' title='bbox 1762 731 1814 785; x_wconf 90' lang='lat' dir='ltr'><strong>N</strong></span> <span class='ocrx_word' id='word_1_480' title='bbox 1823 733 2073 786; x_wconf 88' lang='lat' dir='ltr'><strong>ullatenus</strong></span> <span class='ocrx_word' id='word_1_481' title='bbox 2103 731 2407 787; x_wconf 81' lang='lat' dir='ltr'><strong>commoveri</strong></span> <span class='ocrx_word' id='word_1_482' title='bbox 2432 734 2596 803; x_wconf 82' lang='lat' dir='ltr'><strong>posse,</strong></span> <span class='ocrx_word' id='word_1_483' title='bbox 2630 735 2717 802; x_wconf 89' lang='lat' dir='ltr'><strong>qui</strong></span> <span class='ocrx_word' id='word_1_484' title='bbox 2755 735 2808 787; x_wconf 91' lang='lat' dir='ltr'><strong>in</strong></span> <span class='ocrx_word' id='word_1_485' title='bbox 2839 733 3057 789; x_wconf 90' lang='lat' dir='ltr'><strong>Domino</strong></span> <span class='ocrx_word' id='word_1_486' title='bbox 3086 734 3188 787; x_wconf 89' lang='lat' dir='ltr'><strong>sint</strong></span> <span class='ocrx_word' id='word_1_487' title='bbox 3219 750 3342 787; x_wconf 87' lang='lat' dir='ltr'><strong>con-</strong></span> 
     </span>
    </p>
   </div>
   <div class='ocr_carea' id='block_1_80' title="bbox 1761 803 3341 878">
    <p class='ocr_par' dir='ltr' id='par_1_80' title="bbox 1761 803 3341 878">
     <span class='ocr_line' id='line_1_80' title="bbox 1761 803 3341 878; baseline 0.002 -24"><span class='ocrx_word' id='word_1_488' title='bbox 1761 803 1864 878; x_wconf 65' lang='lat' dir='ltr'><strong>ﬁsi,</strong></span> <span class='ocrx_word' id='word_1_489' title='bbox 1908 803 2124 858; x_wconf 86' lang='lat' dir='ltr'><strong>reddens</strong></span> <span class='ocrx_word' id='word_1_490' title='bbox 2167 820 2399 872; x_wconf 88' lang='lat' dir='ltr'><strong>causam,</strong></span> <span class='ocrx_word' id='word_1_491' title='bbox 2443 821 2600 873; x_wconf 87' lang='lat' dir='ltr'><strong>quare</strong></span> <span class='ocrx_word' id='word_1_492' title='bbox 2640 816 2926 878; x_wconf 79' lang='lat' dir='ltr'><strong>peccatores</strong></span> <span class='ocrx_word' id='word_1_493' title='bbox 2964 821 3117 873; x_wconf 90' lang='lat' dir='ltr'><strong>supra</strong></span> <span class='ocrx_word' id='word_1_494' title='bbox 3153 815 3341 859; x_wconf 90' lang='lat' dir='ltr'><strong>sortem</strong></span> 
     </span>
    </p>
   </div>
   <div class='ocr_carea' id='block_1_81' title="bbox 1750 875 3336 947">
    <p class='ocr_par' dir='ltr' id='par_1_81' title="bbox 1750 875 3336 947">
     <span class='ocr_line' id='line_1_81' title="bbox 1750 875 3336 947; baseline 0.003 -22"><span class='ocrx_word' id='word_1_495' title='bbox 1750 875 2013 947; x_wconf 87' lang='lat' dir='ltr'><strong>justorum</strong></span> <span class='ocrx_word' id='word_1_496' title='bbox 2041 892 2142 929; x_wconf 88' lang='lat' dir='ltr'><strong>non</strong></span> <span class='ocrx_word' id='word_1_497' title='bbox 2180 878 2433 943; x_wconf 91' lang='lat' dir='ltr'><strong>permittat</strong></span> <span class='ocrx_word' id='word_1_498' title='bbox 2472 875 2777 931; x_wconf 74' lang='lat' dir='ltr'><strong>excrescere.</strong></span> <span class='ocrx_word' id='word_1_499' title='bbox 2814 875 3047 932; x_wconf 88' lang='lat' dir='ltr'><strong>Secundo</strong></span> <span class='ocrx_word' id='word_1_500' title='bbox 3079 886 3336 947; x_wconf 85' lang='lat' dir='ltr'><strong>precatur,</strong></span> 
     </span>
    </p>
   </div>
   <div class='ocr_carea' id='block_1_82' title="bbox 1761 946 3107 1018">
    <p class='ocr_par' dir='ltr' id='par_1_82' title="bbox 1761 946 3107 1018">
     <span class='ocr_line' id='line_1_82' title="bbox 1761 946 3107 1018; baseline 0.004 -21"><span class='ocrx_word' id='word_1_501' title='bbox 1761 953 1818 998; x_wconf 89' lang='lat' dir='ltr'><strong>ut</strong></span> <span class='ocrx_word' id='word_1_502' title='bbox 1843 946 1991 1011; x_wconf 85' lang='lat' dir='ltr'><strong>rectis</strong></span> <span class='ocrx_word' id='word_1_503' title='bbox 2018 950 2352 1018; x_wconf 86' lang='lat' dir='ltr'><strong>prosperitas,</strong></span> <span class='ocrx_word' id='word_1_504' title='bbox 2382 948 2552 1016; x_wconf 88' lang='lat' dir='ltr'><strong>pravis</strong></span> <span class='ocrx_word' id='word_1_505' title='bbox 2580 948 2803 1001; x_wconf 86' lang='lat' dir='ltr'><strong>vindicta</strong></span> <span class='ocrx_word' id='word_1_506' title='bbox 2833 946 3107 1018; x_wconf 87' lang='lat' dir='ltr'><strong>proveniat.</strong></span> 
     </span>
    </p>
   </div>
   <div class='ocr_carea' id='block_1_83' title="bbox 2214 1058 2894 1121">
    <p class='ocr_par' dir='ltr' id='par_1_83' title="bbox 2214 1058 2894 1121">
     <span class='ocr_line' id='line_1_83' title="bbox 2214 1058 2894 1121; baseline -0.001 -1"><span class='ocrx_word' id='word_1_507' title='bbox 2214 1062 2282 1120; x_wconf 90' lang='lat' dir='ltr'><strong>IN</strong></span> <span class='ocrx_word' id='word_1_508' title='bbox 2320 1062 2442 1120; x_wconf 85' lang='lat' dir='ltr'><strong>PSA</strong></span> <span class='ocrx_word' id='word_1_509' title='bbox 2454 1058 2644 1121; x_wconf 77' lang='lat' dir='ltr'><strong>LMUM</strong></span> <span class='ocrx_word' id='word_1_510' title='bbox 2683 1064 2894 1121; x_wconf 85' lang='lat' dir='ltr'><strong>CXXV.</strong></span> 
     </span>
    </p>
   </div>
   <div class='ocr_carea' id='block_1_84' title="bbox 2252 1156 2861 1213">
    <p class='ocr_par' dir='ltr' id='par_1_84' title="bbox 2252 1156 2861 1213">
     <span class='ocr_line' id='line_1_84' title="bbox 2252 1156 2861 1213; baseline 0 -1"><span class='ocrx_word' id='word_1_511' title='bbox 2252 1156 2529 1213; x_wconf 84' lang='lat' dir='ltr'><strong>Canticum</strong></span> <span class='ocrx_word' id='word_1_512' title='bbox 2569 1156 2861 1213; x_wconf 89' lang='lat' dir='ltr'><strong>Graduum.</strong></span> 
     </span>
    </p>
   </div>
   <div class='ocr_carea' id='block_1_85' title="bbox 2372 1264 2749 1306">
    <p class='ocr_par' dir='ltr' id='par_1_85' title="bbox 2372 1264 2749 1306">
     <span class='ocr_line' id='line_1_85' title="bbox 2372 1264 2749 1306; baseline 0 -3"><span class='ocrx_word' id='word_1_513' title='bbox 2372 1264 2749 1306; x_wconf 69' lang='lat' dir='ltr'><strong>ABGUIENTUN.</strong></span> 
     </span>
    </p>
   </div>
   <div class='ocr_carea' id='block_1_86' title="bbox 1841 1339 3345 1411">
    <p class='ocr_par' dir='ltr' id='par_1_86' title="bbox 1841 1339 3345 1411">
     <span class='ocr_line' id='line_1_86' title="bbox 1841 1339 3345 1411; baseline 0.002 -18"><span class='ocrx_word' id='word_1_514' title='bbox 1841 1339 1895 1394; x_wconf 89' lang='lat' dir='ltr'><strong>In</strong></span> <span class='ocrx_word' id='word_1_515' title='bbox 1943 1341 2273 1410; x_wconf 89' lang='lat' dir='ltr'><strong>captivorum</strong></span> <span class='ocrx_word' id='word_1_516' title='bbox 2326 1354 2607 1409; x_wconf 90' lang='lat' dir='ltr'><strong>personam</strong></span> <span class='ocrx_word' id='word_1_517' title='bbox 2658 1340 2889 1407; x_wconf 90' lang='lat' dir='ltr'><strong>canitur,</strong></span> <span class='ocrx_word' id='word_1_518' title='bbox 2940 1340 3345 1411; x_wconf 84' lang='lat' dir='ltr'><strong>supplicantium</strong></span> 
     </span>
    </p>
   </div>
   <div class='ocr_carea' id='block_1_87' title="bbox 1769 1410 3352 1482">
    <p class='ocr_par' dir='ltr' id='par_1_87' title="bbox 1769 1410 3352 1482">
     <span class='ocr_line' id='line_1_87' title="bbox 1769 1410 3352 1482; baseline 0.001 -17"><span class='ocrx_word' id='word_1_519' title='bbox 1769 1425 1866 1479; x_wconf 87' lang='lat' dir='ltr'><strong>pro</strong></span> <span class='ocrx_word' id='word_1_520' title='bbox 1915 1411 2192 1475; x_wconf 88' lang='lat' dir='ltr'><strong>libertate,</strong></span> <span class='ocrx_word' id='word_1_521' title='bbox 2239 1419 2397 1482; x_wconf 80' lang='lat' dir='ltr'><strong>atque</strong></span> <span class='ocrx_word' id='word_1_522' title='bbox 2444 1410 2774 1478; x_wconf 88' lang='lat' dir='ltr'><strong>dicentium,</strong></span> <span class='ocrx_word' id='word_1_523' title='bbox 2826 1410 3018 1482; x_wconf 89' lang='lat' dir='ltr'><strong>quanta</strong></span> <span class='ocrx_word' id='word_1_524' title='bbox 3070 1413 3240 1478; x_wconf 90' lang='lat' dir='ltr'><strong>bona,</strong></span> <span class='ocrx_word' id='word_1_525' title='bbox 3297 1422 3352 1467; x_wconf 89' lang='lat' dir='ltr'><strong>et</strong></span> 
     </span>
    </p>
   </div>
   <div class='ocr_carea' id='block_1_88' title="bbox 1770 1481 3347 1552">
    <p class='ocr_par' dir='ltr' id='par_1_88' title="bbox 1770 1481 3347 1552">
     <span class='ocr_line' id='line_1_88' title="bbox 1770 1481 3347 1552; baseline 0 -17"><span class='ocrx_word' id='word_1_526' title='bbox 1770 1491 1964 1552; x_wconf 88' lang='lat' dir='ltr'><strong>quanta</strong></span> <span class='ocrx_word' id='word_1_527' title='bbox 2003 1483 2146 1537; x_wconf 86' lang='lat' dir='ltr'><strong>clara</strong></span> <span class='ocrx_word' id='word_1_528' title='bbox 2187 1481 2419 1536; x_wconf 86' lang='lat' dir='ltr'><strong>laudatio</strong></span> <span class='ocrx_word' id='word_1_529' title='bbox 2458 1481 2855 1538; x_wconf 83' lang='lat' dir='ltr'><strong>absolutionem</strong></span> <span class='ocrx_word' id='word_1_530' title='bbox 2894 1482 3051 1537; x_wconf 80' lang='lat' dir='ltr'><strong>talem</strong></span> <span class='ocrx_word' id='word_1_531' title='bbox 3101 1494 3347 1539; x_wconf 86' lang='lat' dir='ltr'><strong>secutura</strong></span> 
     </span>
    </p>
   </div>
   <div class='ocr_carea' id='block_1_89' title="bbox 1773 1552 3347 1621">
    <p class='ocr_par' dir='ltr' id='par_1_89' title="bbox 1773 1552 3347 1621">
     <span class='ocr_line' id='line_1_89' title="bbox 1773 1552 3347 1621; baseline 0.001 -16"><span class='ocrx_word' id='word_1_532' title='bbox 1773 1555 1865 1609; x_wconf 90' lang='lat' dir='ltr'><strong>sit.</strong></span> <span class='ocrx_word' id='word_1_533' title='bbox 1914 1554 2081 1608; x_wconf 90' lang='lat' dir='ltr'><strong>Aliter</strong></span> <span class='ocrx_word' id='word_1_534' title='bbox 2122 1561 2466 1607; x_wconf 83' lang='lat' dir='ltr'><strong>convertente</strong></span> <span class='ocrx_word' id='word_1_535' title='bbox 2514 1552 2741 1608; x_wconf 90' lang='lat' dir='ltr'><strong>Domino</strong></span> <span class='ocrx_word' id='word_1_536' title='bbox 2789 1555 3145 1621; x_wconf 84' lang='lat' dir='ltr'><strong>captivitatem</strong></span> <span class='ocrx_word' id='word_1_537' title='bbox 3194 1555 3347 1617; x_wconf 84' lang='lat' dir='ltr'><strong>Sion,</strong></span> 
     </span>
    </p>
   </div>
   <div class='ocr_carea' id='block_1_90' title="bbox 1686 1624 3351 1694">
    <p class='ocr_par' dir='ltr' id='par_1_90' title="bbox 1686 1624 3351 1694">
     <span class='ocr_line' id='line_1_90' title="bbox 1686 1624 3351 1694; baseline -0.002 -13"><span class='ocrx_word' id='word_1_538' title='bbox 1686 1676 1691 1681; x_wconf 89' lang='lat'><strong>.</strong></span> <span class='ocrx_word' id='word_1_539' title='bbox 1774 1624 1875 1678; x_wconf 88' lang='lat' dir='ltr'><strong>hoc</strong></span> <span class='ocrx_word' id='word_1_540' title='bbox 1922 1635 2029 1687; x_wconf 87' lang='lat' dir='ltr'><strong>est,</strong></span> <span class='ocrx_word' id='word_1_541' title='bbox 2081 1624 2556 1694; x_wconf 80' lang='lat' dir='ltr'><strong>Jerosolymorum,</strong></span> <span class='ocrx_word' id='word_1_542' title='bbox 2608 1640 2729 1693; x_wconf 62' lang='lat' dir='ltr'><strong>quae</strong></span> <span class='ocrx_word' id='word_1_543' title='bbox 2776 1625 2946 1693; x_wconf 87' lang='lat' dir='ltr'><strong>prima</strong></span> <span class='ocrx_word' id='word_1_544' title='bbox 2994 1627 3207 1679; x_wconf 90' lang='lat' dir='ltr'><strong>domum</strong></span> <span class='ocrx_word' id='word_1_545' title='bbox 3264 1640 3351 1678; x_wconf 85' lang='lat' dir='ltr'><strong>re-</strong></span> 
     </span>
    </p>
   </div>
   <div class='ocr_carea' id='block_1_91' title="bbox 1774 1694 3348 1763">
    <p class='ocr_par' dir='ltr' id='par_1_91' title="bbox 1774 1694 3348 1763">
     <span class='ocr_line' id='line_1_91' title="bbox 1774 1694 3348 1763; baseline 0.001 -16"><span class='ocrx_word' id='word_1_546' title='bbox 1774 1695 1963 1758; x_wconf 86' lang='lat' dir='ltr'><strong>dierat,</strong></span> <span class='ocrx_word' id='word_1_547' title='bbox 1999 1694 2119 1749; x_wconf 83' lang='lat' dir='ltr'><strong>lacti</strong></span> <span class='ocrx_word' id='word_1_548' title='bbox 2145 1708 2330 1749; x_wconf 90' lang='lat' dir='ltr'><strong>sumus</strong></span> <span class='ocrx_word' id='word_1_549' title='bbox 2357 1695 2495 1749; x_wconf 88' lang='lat' dir='ltr'><strong>sicut</strong></span> <span class='ocrx_word' id='word_1_550' title='bbox 2521 1694 2765 1763; x_wconf 82' lang='lat' dir='ltr'><strong>desolati,</strong></span> <span class='ocrx_word' id='word_1_551' title='bbox 2792 1711 2895 1750; x_wconf 90' lang='lat' dir='ltr'><strong>non</strong></span> <span class='ocrx_word' id='word_1_552' title='bbox 2923 1694 3050 1749; x_wconf 89' lang='lat' dir='ltr'><strong>dicit</strong></span> <span class='ocrx_word' id='word_1_553' title='bbox 3071 1695 3348 1751; x_wconf 82' lang='lat' dir='ltr'><strong>Consolati.</strong></span> 
     </span>
    </p>
   </div>
   <div class='ocr_carea' id='block_1_92' title="bbox 1775 1764 3352 1834">
    <p class='ocr_par' dir='ltr' id='par_1_92' title="bbox 1775 1764 3352 1834">
     <span class='ocr_line' id='line_1_92' title="bbox 1775 1764 3352 1834; baseline 0.001 -15"><span class='ocrx_word' id='word_1_554' title='bbox 1775 1764 2019 1819; x_wconf 88' lang='lat' dir='ltr'><strong>Nondum</strong></span> <span class='ocrx_word' id='word_1_555' title='bbox 2051 1774 2132 1820; x_wconf 86' lang='lat' dir='ltr'><strong>est</strong></span> <span class='ocrx_word' id='word_1_556' title='bbox 2160 1766 2304 1820; x_wconf 86' lang='lat' dir='ltr'><strong>enim</strong></span> <span class='ocrx_word' id='word_1_557' title='bbox 2338 1767 2489 1833; x_wconf 82' lang='lat' dir='ltr'><strong>plena</strong></span> <span class='ocrx_word' id='word_1_558' title='bbox 2522 1766 2701 1820; x_wconf 68' lang='lat' dir='ltr'><strong>lcetitia</strong></span> <span class='ocrx_word' id='word_1_559' title='bbox 2730 1767 2940 1821; x_wconf 70' lang='lat' dir='ltr'><strong>caeteris</strong></span> <span class='ocrx_word' id='word_1_560' title='bbox 2970 1767 3020 1821; x_wconf 92' lang='lat' dir='ltr'><strong>in</strong></span> <span class='ocrx_word' id='word_1_561' title='bbox 3050 1766 3352 1834; x_wconf 86' lang='lat' dir='ltr'><strong>captivitate</strong></span> 
     </span>
    </p>
   </div>
   <div class='ocr_carea' id='block_1_93' title="bbox 1776 1836 3257 1907">
    <p class='ocr_par' dir='ltr' id='par_1_93' title="bbox 1776 1836 3257 1907">
     <span class='ocr_line' id='line_1_93' title="bbox 1776 1836 3257 1907; baseline 0.001 -15"><span class='ocrx_word' id='word_1_562' title='bbox 1776 1836 1980 1906; x_wconf 84' lang='lat' dir='ltr'><strong>positis.</strong></span> <span class='ocrx_word' id='word_1_563' title='bbox 2014 1836 2187 1892; x_wconf 86' lang='lat' dir='ltr'><strong>Aliter</strong></span> <span class='ocrx_word' id='word_1_564' title='bbox 2216 1852 2320 1891; x_wconf 82' lang='lat' dir='ltr'><strong>vox</strong></span> <span class='ocrx_word' id='word_1_565' title='bbox 2346 1838 2709 1907; x_wconf 89' lang='lat' dir='ltr'><strong>apostolorum</strong></span> <span class='ocrx_word' id='word_1_566' title='bbox 2740 1838 2807 1893; x_wconf 90' lang='lat' dir='ltr'><strong>de</strong></span> <span class='ocrx_word' id='word_1_567' title='bbox 2834 1837 3010 1907; x_wconf 87' lang='lat' dir='ltr'><strong>impiis</strong></span> <span class='ocrx_word' id='word_1_568' title='bbox 3036 1838 3257 1893; x_wconf 68' lang='lat' dir='ltr'><strong>JlIdlDIS.</strong></span> 
     </span>
    </p>
   </div>
   <div class='ocr_carea' id='block_1_94' title="bbox 2391 1968 2742 2009">
    <p class='ocr_par' dir='ltr' id='par_1_94' title="bbox 2391 1968 2742 2009">
     <span class='ocr_line' id='line_1_94' title="bbox 2391 1968 2742 2009; baseline 0 -2"><span class='ocrx_word' id='word_1_569' title='bbox 2391 1968 2742 2009; x_wconf 77' lang='lat' dir='ltr'><strong>EXPLANATIO.</strong></span> 
     </span>
    </p>
   </div>
   <div class='ocr_carea' id='block_1_95' title="bbox 1846 2044 3358 2114">
    <p class='ocr_par' dir='ltr' id='par_1_95' title="bbox 1846 2044 3358 2114">
     <span class='ocr_line' id='line_1_95' title="bbox 1846 2044 3358 2114; baseline 0.002 -17"><span class='ocrx_word' id='word_1_570' title='bbox 1846 2044 1975 2097; x_wconf 89' lang='lat' dir='ltr'><strong>Post</strong></span> <span class='ocrx_word' id='word_1_571' title='bbox 2017 2045 2360 2111; x_wconf 83' lang='lat' dir='ltr'><strong>captivitatem</strong></span> <span class='ocrx_word' id='word_1_572' title='bbox 2398 2047 2623 2099; x_wconf 90' lang='lat' dir='ltr'><strong>omnium</strong></span> <span class='ocrx_word' id='word_1_573' title='bbox 2651 2054 2976 2114; x_wconf 89' lang='lat' dir='ltr'><strong>peccatorum</strong></span> <span class='ocrx_word' id='word_1_574' title='bbox 3004 2062 3149 2100; x_wconf 87' lang='lat' dir='ltr'><strong>voces</strong></span> <span class='ocrx_word' id='word_1_575' title='bbox 3189 2046 3358 2100; x_wconf 87' lang='lat' dir='ltr'><strong>beato-</strong></span> 
     </span>
    </p>
   </div>
   <div class='ocr_carea' id='block_1_96' title="bbox 1775 2116 3361 2186">
    <p class='ocr_par' dir='ltr' id='par_1_96' title="bbox 1775 2116 3361 2186">
     <span class='ocr_line' id='line_1_96' title="bbox 1775 2116 3361 2186; baseline 0.002 -18"><span class='ocrx_word' id='word_1_576' title='bbox 1775 2132 1891 2168; x_wconf 87' lang='lat' dir='ltr'><strong>rum</strong></span> <span class='ocrx_word' id='word_1_577' title='bbox 1916 2117 2293 2169; x_wconf 88' lang='lat' dir='ltr'><strong>ascendentium</strong></span> <span class='ocrx_word' id='word_1_578' title='bbox 2314 2116 2383 2167; x_wconf 90' lang='lat' dir='ltr'><strong>ad</strong></span> <span class='ocrx_word' id='word_1_579' title='bbox 2409 2132 2679 2185; x_wconf 88' lang='lat' dir='ltr'><strong>supernam</strong></span> <span class='ocrx_word' id='word_1_580' title='bbox 2706 2116 2993 2171; x_wconf 82' lang='lat' dir='ltr'><strong>Jerusalem</strong></span> <span class='ocrx_word' id='word_1_581' title='bbox 3017 2157 3032 2181; x_wconf 98' lang='lat'><strong>,</strong></span> <span class='ocrx_word' id='word_1_582' title='bbox 3062 2134 3215 2186; x_wconf 90' lang='lat' dir='ltr'><strong>quam</strong></span> <span class='ocrx_word' id='word_1_583' title='bbox 3242 2135 3361 2171; x_wconf 88' lang='lat' dir='ltr'><strong>sua-</strong></span> 
     </span>
    </p>
   </div>
   <div class='ocr_carea' id='block_1_97' title="bbox 1775 2186 3359 2255">
    <p class='ocr_par' dir='ltr' id='par_1_97' title="bbox 1775 2186 3359 2255">
     <span class='ocr_line' id='line_1_97' title="bbox 1775 2186 3359 2255; baseline 0.001 -15"><span class='ocrx_word' id='word_1_584' title='bbox 1775 2188 1897 2240; x_wconf 90' lang='lat' dir='ltr'><strong>viter</strong></span> <span class='ocrx_word' id='word_1_585' title='bbox 1924 2186 2224 2251; x_wconf 78' lang='lat' dir='ltr'><strong>oﬂ&#39;eruntur,</strong></span> <span class='ocrx_word' id='word_1_586' title='bbox 2267 2194 2321 2238; x_wconf 90' lang='lat' dir='ltr'><strong>ut</strong></span> <span class='ocrx_word' id='word_1_587' title='bbox 2364 2187 2546 2240; x_wconf 89' lang='lat' dir='ltr'><strong>itinere</strong></span> <span class='ocrx_word' id='word_1_588' title='bbox 2578 2188 2743 2241; x_wconf 92' lang='lat' dir='ltr'><strong>arduo</strong></span> <span class='ocrx_word' id='word_1_589' title='bbox 2771 2188 2923 2255; x_wconf 90' lang='lat' dir='ltr'><strong>positi</strong></span> <span class='ocrx_word' id='word_1_590' title='bbox 2950 2198 3127 2241; x_wconf 91' lang='lat' dir='ltr'><strong>sancto</strong></span> <span class='ocrx_word' id='word_1_591' title='bbox 3166 2204 3219 2241; x_wconf 90' lang='lat' dir='ltr'><strong>se</strong></span> <span class='ocrx_word' id='word_1_592' title='bbox 3244 2204 3359 2242; x_wconf 87' lang='lat' dir='ltr'><strong>car-</strong></span> 
     </span>
    </p>
   </div>
   <div class='ocr_carea' id='block_1_98' title="bbox 1777 2257 3363 2313">
    <p class='ocr_par' dir='ltr' id='par_1_98' title="bbox 1777 2257 3363 2313">
     <span class='ocr_line' id='line_1_98' title="bbox 1777 2257 3363 2313; baseline 0.001 -3"><span class='ocrx_word' id='word_1_593' title='bbox 1777 2258 1909 2310; x_wconf 89' lang='lat' dir='ltr'><strong>mine</strong></span> <span class='ocrx_word' id='word_1_594' title='bbox 1944 2258 2288 2312; x_wconf 90' lang='lat' dir='ltr'><strong>consolentur.</strong></span> <span class='ocrx_word' id='word_1_595' title='bbox 2329 2257 2651 2313; x_wconf 88' lang='lat' dir='ltr'><strong>Sanctissimi</strong></span> <span class='ocrx_word' id='word_1_596' title='bbox 2690 2260 2781 2312; x_wconf 91' lang='lat' dir='ltr'><strong>viri</strong></span> <span class='ocrx_word' id='word_1_597' title='bbox 2821 2259 2997 2312; x_wconf 89' lang='lat' dir='ltr'><strong>divina</strong></span> <span class='ocrx_word' id='word_1_598' title='bbox 3036 2260 3363 2313; x_wconf 82' lang='lat' dir='ltr'><strong>miseratione</strong></span> 
     </span>
    </p>
   </div>
   <div class='ocr_carea' id='block_1_99' title="bbox 1779 2328 3363 2399">
    <p class='ocr_par' dir='ltr' id='par_1_99' title="bbox 1779 2328 3363 2399">
     <span class='ocr_line' id='line_1_99' title="bbox 1779 2328 3363 2399; baseline 0 -17"><span class='ocrx_word' id='word_1_599' title='bbox 1779 2328 2008 2391; x_wconf 87' lang='lat' dir='ltr'><strong>liberati,</strong></span> <span class='ocrx_word' id='word_1_600' title='bbox 2055 2330 2220 2397; x_wconf 88' lang='lat' dir='ltr'><strong>prima</strong></span> <span class='ocrx_word' id='word_1_601' title='bbox 2261 2338 2405 2393; x_wconf 89' lang='lat' dir='ltr'><strong>parte</strong></span> <span class='ocrx_word' id='word_1_602' title='bbox 2446 2328 2633 2399; x_wconf 87' lang='lat' dir='ltr'><strong>psalmi</strong></span> <span class='ocrx_word' id='word_1_603' title='bbox 2672 2330 2867 2399; x_wconf 89' lang='lat' dir='ltr'><strong>gratias</strong></span> <span class='ocrx_word' id='word_1_604' title='bbox 2906 2338 3086 2398; x_wconf 84' lang='lat' dir='ltr'><strong>agunt,</strong></span> <span class='ocrx_word' id='word_1_605' title='bbox 3125 2332 3260 2398; x_wconf 86' lang='lat' dir='ltr'><strong>quod</strong></span> <span class='ocrx_word' id='word_1_606' title='bbox 3300 2331 3363 2383; x_wconf 89' lang='lat' dir='ltr'><strong>de</strong></span> 
     </span>
    </p>
   </div>
   <div class='ocr_carea' id='block_1_100' title="bbox 1780 2399 3363 2477">
    <p class='ocr_par' dir='ltr' id='par_1_100' title="bbox 1780 2399 3363 2477">
     <span class='ocr_line' id='line_1_100' title="bbox 1780 2399 3363 2477; baseline 0.001 -24"><span class='ocrx_word' id='word_1_607' title='bbox 1780 2399 2404 2477; x_wconf 65' lang='lat' dir='ltr'><strong>obnixretateswvissima</strong></span> <span class='ocrx_word' id='word_1_608' title='bbox 2447 2410 2768 2477; x_wconf 80' lang='lat' dir='ltr'><strong>peccatorum</strong></span> <span class='ocrx_word' id='word_1_609' title='bbox 2814 2402 2869 2454; x_wconf 87' lang='lat' dir='ltr'><strong>in</strong></span> <span class='ocrx_word' id='word_1_610' title='bbox 2916 2411 3110 2459; x_wconf 84' lang='lat' dir='ltr'><strong>tantam</strong></span> <span class='ocrx_word' id='word_1_611' title='bbox 3148 2404 3363 2477; x_wconf 83' lang='lat' dir='ltr'><strong>gratiam</strong></span> 
     </span>
    </p>
   </div>
   <div class='ocr_carea' id='block_1_101' title="bbox 1779 2472 3365 2543">
    <p class='ocr_par' dir='ltr' id='par_1_101' title="bbox 1779 2472 3365 2543">
     <span class='ocr_line' id='line_1_101' title="bbox 1779 2472 3365 2543; baseline 0.006 -21"><span class='ocrx_word' id='word_1_612' title='bbox 1779 2480 1895 2543; x_wconf 70' lang='lat' dir='ltr'><strong>sunt</strong></span> <span class='ocrx_word' id='word_1_613' title='bbox 1922 2472 2127 2541; x_wconf 85' lang='lat' dir='ltr'><strong>recepti,</strong></span> <span class='ocrx_word' id='word_1_614' title='bbox 2149 2481 2202 2524; x_wconf 86' lang='lat' dir='ltr'><strong>nt</strong></span> <span class='ocrx_word' id='word_1_615' title='bbox 2225 2473 2356 2524; x_wconf 90' lang='lat' dir='ltr'><strong>inter</strong></span> <span class='ocrx_word' id='word_1_616' title='bbox 2376 2481 2548 2541; x_wconf 87' lang='lat' dir='ltr'><strong>gentes</strong></span> <span class='ocrx_word' id='word_1_617' title='bbox 2574 2472 2913 2543; x_wconf 74' lang='lat' dir='ltr'><strong>probarentur</strong></span> <span class='ocrx_word' id='word_1_618' title='bbox 2933 2493 3040 2531; x_wconf 89' lang='lat' dir='ltr'><strong>esse</strong></span> <span class='ocrx_word' id='word_1_619' title='bbox 3059 2472 3365 2531; x_wconf 76' lang='lat' dir='ltr'><strong>laudabiles.</strong></span> 
     </span>
    </p>
   </div>
   <div class='ocr_carea' id='block_1_102' title="bbox 1780 2540 3366 2613">
    <p class='ocr_par' dir='ltr' id='par_1_102' title="bbox 1780 2540 3366 2613">
     <span class='ocr_line' id='line_1_102' title="bbox 1780 2540 3366 2613; baseline 0.001 -14"><span class='ocrx_word' id='word_1_620' title='bbox 1780 2540 2039 2599; x_wconf 73' lang='lat' dir='ltr'><strong>Secunda</strong></span> <span class='ocrx_word' id='word_1_621' title='bbox 2058 2540 2414 2613; x_wconf 82' lang='lat' dir='ltr'><strong>deprecantur,</strong></span> <span class='ocrx_word' id='word_1_622' title='bbox 2446 2556 2502 2599; x_wconf 90' lang='lat' dir='ltr'><strong>ut</strong></span> <span class='ocrx_word' id='word_1_623' title='bbox 2531 2540 2799 2613; x_wconf 86' lang='lat' dir='ltr'><strong>captivitas</strong></span> <span class='ocrx_word' id='word_1_624' title='bbox 2829 2564 3001 2602; x_wconf 83' lang='lat' dir='ltr'><strong>eorum</strong></span> <span class='ocrx_word' id='word_1_625' title='bbox 3029 2557 3366 2603; x_wconf 88' lang='lat' dir='ltr'><strong>commutetur</strong></span> 
     </span>
    </p>
   </div>
   <div class='ocr_carea' id='block_1_103' title="bbox 1781 2616 3366 2689">
    <p class='ocr_par' dir='ltr' id='par_1_103' title="bbox 1781 2616 3366 2689">
     <span class='ocr_line' id='line_1_103' title="bbox 1781 2616 3366 2689; baseline 0.003 -20"><span class='ocrx_word' id='word_1_626' title='bbox 1781 2617 1832 2689; x_wconf 85' lang='lat' dir='ltr'><strong>in</strong></span> <span class='ocrx_word' id='word_1_627' title='bbox 1858 2618 2134 2685; x_wconf 88' lang='lat' dir='ltr'><strong>gaudium,</strong></span> <span class='ocrx_word' id='word_1_628' title='bbox 2168 2616 2529 2689; x_wconf 87' lang='lat' dir='ltr'><strong>subjungentes</strong></span> <span class='ocrx_word' id='word_1_629' title='bbox 2556 2618 2841 2672; x_wconf 89' lang='lat' dir='ltr'><strong>mirabilem</strong></span> <span class='ocrx_word' id='word_1_630' title='bbox 2869 2635 3137 2689; x_wconf 91' lang='lat' dir='ltr'><strong>veramque</strong></span> <span class='ocrx_word' id='word_1_631' title='bbox 3162 2629 3366 2675; x_wconf 83' lang='lat' dir='ltr'><strong>senten-</strong></span> 
     </span>
    </p>
   </div>
   <div class='ocr_carea' id='block_1_104' title="bbox 1783 2687 3363 2763">
    <p class='ocr_par' dir='ltr' id='par_1_104' title="bbox 1783 2687 3363 2763">
     <span class='ocr_line' id='line_1_104' title="bbox 1783 2687 3363 2763; baseline 0.002 -22"><span class='ocrx_word' id='word_1_632' title='bbox 1783 2687 1906 2743; x_wconf 87' lang='lat' dir='ltr'><strong>tiant</strong></span> <span class='ocrx_word' id='word_1_633' title='bbox 1930 2702 1947 2741; x_wconf 90' lang='lat'><strong><em>:</em></strong></span> <span class='ocrx_word' id='word_1_634' title='bbox 1968 2689 2091 2759; x_wconf 88' lang='lat' dir='ltr'><strong>quia</strong></span> <span class='ocrx_word' id='word_1_635' title='bbox 2114 2688 2202 2758; x_wconf 91' lang='lat' dir='ltr'><strong>qui</strong></span> <span class='ocrx_word' id='word_1_636' title='bbox 2226 2687 2477 2743; x_wconf 80' lang='lat' dir='ltr'><strong>seminam</strong></span> <span class='ocrx_word' id='word_1_637' title='bbox 2500 2690 2554 2743; x_wconf 90' lang='lat' dir='ltr'><strong>in</strong></span> <span class='ocrx_word' id='word_1_638' title='bbox 2583 2691 2844 2761; x_wconf 81' lang='lat' dir='ltr'><strong>lacrymis,</strong></span> <span class='ocrx_word' id='word_1_639' title='bbox 2868 2693 2920 2744; x_wconf 90' lang='lat' dir='ltr'><strong>in</strong></span> <span class='ocrx_word' id='word_1_640' title='bbox 2941 2687 3130 2763; x_wconf 81' lang='lat' dir='ltr'><strong>gaudio</strong></span> <span class='ocrx_word' id='word_1_641' title='bbox 3160 2699 3363 2746; x_wconf 87' lang='lat' dir='ltr'><strong>metent.</strong></span> 
     </span>
    </p>
   </div>
   <div class='ocr_carea' id='block_1_105' title="bbox 2225 2798 2928 2858">
    <p class='ocr_par' dir='ltr' id='par_1_105' title="bbox 2225 2798 2928 2858">
     <span class='ocr_line' id='line_1_105' title="bbox 2225 2798 2928 2858; baseline 0.004 -3"><span class='ocrx_word' id='word_1_642' title='bbox 2225 2798 2289 2855; x_wconf 93' lang='lat' dir='ltr'><strong>IN</strong></span> <span class='ocrx_word' id='word_1_643' title='bbox 2329 2798 2654 2856; x_wconf 81' lang='lat' dir='ltr'><strong>PSALMUM</strong></span> <span class='ocrx_word' id='word_1_644' title='bbox 2692 2800 2928 2858; x_wconf 88' lang='lat' dir='ltr'><strong>CXXVI.</strong></span> 
     </span>
    </p>
   </div>
   <div class='ocr_carea' id='block_1_106' title="bbox 2108 2891 3041 2951">
    <p class='ocr_par' dir='ltr' id='par_1_106' title="bbox 2108 2891 3041 2951">
     <span class='ocr_line' id='line_1_106' title="bbox 2108 2891 3041 2951; baseline 0.003 -3"><span class='ocrx_word' id='word_1_645' title='bbox 2108 2891 2386 2949; x_wconf 90' lang='lat' dir='ltr'><strong>Canticum</strong></span> <span class='ocrx_word' id='word_1_646' title='bbox 2426 2891 2700 2949; x_wconf 79' lang='lat' dir='ltr'><strong>Graduum</strong></span> <span class='ocrx_word' id='word_1_647' title='bbox 2742 2894 3041 2951; x_wconf 82' lang='lat' dir='ltr'><strong>Salomonis</strong></span> 
     </span>
    </p>
   </div>
   <div class='ocr_carea' id='block_1_107' title="bbox 2396 3003 2773 3044">
    <p class='ocr_par' dir='ltr' id='par_1_107' title="bbox 2396 3003 2773 3044">
     <span class='ocr_line' id='line_1_107' title="bbox 2396 3003 2773 3044; baseline 0.005 -3"><span class='ocrx_word' id='word_1_648' title='bbox 2396 3003 2773 3044; x_wconf 68' lang='lat' dir='ltr'><strong>ABGUMENTUII.</strong></span> 
     </span>
    </p>
   </div>
   <div class='ocr_carea' id='block_1_108' title="bbox 1860 3077 3369 3149">
    <p class='ocr_par' dir='ltr' id='par_1_108' title="bbox 1860 3077 3369 3149">
     <span class='ocr_line' id='line_1_108' title="bbox 1860 3077 3369 3149; baseline 0.003 -16"><span class='ocrx_word' id='word_1_649' title='bbox 1860 3077 2086 3134; x_wconf 85' lang='lat' dir='ltr'><strong>Carmen</strong></span> <span class='ocrx_word' id='word_1_650' title='bbox 2117 3077 2254 3144; x_wconf 90' lang='lat' dir='ltr'><strong>hoc,</strong></span> <span class='ocrx_word' id='word_1_651' title='bbox 2282 3078 2410 3133; x_wconf 90' lang='lat' dir='ltr'><strong>licet</strong></span> <span class='ocrx_word' id='word_1_652' title='bbox 2437 3079 2739 3135; x_wconf 88' lang='lat' dir='ltr'><strong>Salomonis</strong></span> <span class='ocrx_word' id='word_1_653' title='bbox 2771 3094 3013 3149; x_wconf 70' lang='lat' dir='ltr'><strong>persona:</strong></span> <span class='ocrx_word' id='word_1_654' title='bbox 3042 3081 3369 3137; x_wconf 88' lang='lat' dir='ltr'><strong>constituen-</strong></span> 
     </span>
    </p>
   </div>
   <div class='ocr_carea' id='block_1_109' title="bbox 1791 3149 3373 3220">
    <p class='ocr_par' dir='ltr' id='par_1_109' title="bbox 1791 3149 3373 3220">
     <span class='ocr_line' id='line_1_109' title="bbox 1791 3149 3373 3220; baseline 0.003 -16"><span class='ocrx_word' id='word_1_655' title='bbox 1791 3149 1859 3205; x_wconf 91' lang='lat' dir='ltr'><strong>tis</strong></span> <span class='ocrx_word' id='word_1_656' title='bbox 1904 3149 2119 3205; x_wconf 91' lang='lat' dir='ltr'><strong>domum</strong></span> <span class='ocrx_word' id='word_1_657' title='bbox 2170 3150 2380 3204; x_wconf 90' lang='lat' dir='ltr'><strong>Domini</strong></span> <span class='ocrx_word' id='word_1_658' title='bbox 2429 3160 2703 3217; x_wconf 83' lang='lat' dir='ltr'><strong>congruat,</strong></span> <span class='ocrx_word' id='word_1_659' title='bbox 2759 3152 3052 3220; x_wconf 71' lang='lat' dir='ltr'><strong>prophetia:</strong></span> <span class='ocrx_word' id='word_1_660' title='bbox 3102 3162 3276 3207; x_wconf 88' lang='lat' dir='ltr'><strong>tamen</strong></span> <span class='ocrx_word' id='word_1_661' title='bbox 3321 3161 3373 3207; x_wconf 74' lang='lat' dir='ltr'><strong>et</strong></span> 
     </span>
    </p>
   </div>
   <div class='ocr_carea' id='block_1_110' title="bbox 1795 3220 3375 3290">
    <p class='ocr_par' dir='ltr' id='par_1_110' title="bbox 1795 3220 3375 3290">
     <span class='ocr_line' id='line_1_110' title="bbox 1795 3220 3375 3290; baseline 0.001 -15"><span class='ocrx_word' id='word_1_662' title='bbox 1795 3221 2043 3276; x_wconf 69' lang='lat' dir='ltr'><strong>secundae</strong></span> <span class='ocrx_word' id='word_1_663' title='bbox 2089 3220 2428 3275; x_wconf 80' lang='lat' dir='ltr'><strong>aedilicationi</strong></span> <span class='ocrx_word' id='word_1_664' title='bbox 2476 3222 2763 3290; x_wconf 91' lang='lat' dir='ltr'><strong>aptandum</strong></span> <span class='ocrx_word' id='word_1_665' title='bbox 2812 3230 2910 3286; x_wconf 89' lang='lat' dir='ltr'><strong>est,</strong></span> <span class='ocrx_word' id='word_1_666' title='bbox 2963 3237 3123 3289; x_wconf 91' lang='lat' dir='ltr'><strong>quam</strong></span> <span class='ocrx_word' id='word_1_667' title='bbox 3164 3222 3375 3279; x_wconf 83' lang='lat' dir='ltr'><strong>adnite-</strong></span> 
     </span>
    </p>
   </div>
   <div class='ocr_carea' id='block_1_111' title="bbox 1795 3291 3375 3364">
    <p class='ocr_par' dir='ltr' id='par_1_111' title="bbox 1795 3291 3375 3364">
     <span class='ocr_line' id='line_1_111' title="bbox 1795 3291 3375 3364; baseline 0.003 -19"><span class='ocrx_word' id='word_1_668' title='bbox 1795 3292 1988 3345; x_wconf 88' lang='lat' dir='ltr'><strong>bantur</strong></span> <span class='ocrx_word' id='word_1_669' title='bbox 2019 3292 2241 3364; x_wconf 86' lang='lat' dir='ltr'><strong>_rev_ersi</strong></span> <span class='ocrx_word' id='word_1_670' title='bbox 2294 3292 2360 3347; x_wconf 90' lang='lat' dir='ltr'><strong>de</strong></span> <span class='ocrx_word' id='word_1_671' title='bbox 2415 3291 2715 3364; x_wconf 80' lang='lat' dir='ltr'><strong>Babylone;</strong></span> <span class='ocrx_word' id='word_1_672' title='bbox 2767 3294 2891 3362; x_wconf 90' lang='lat' dir='ltr'><strong>quia</strong></span> <span class='ocrx_word' id='word_1_673' title='bbox 2948 3302 3169 3364; x_wconf 84' lang='lat' dir='ltr'><strong>utraque</strong></span> <span class='ocrx_word' id='word_1_674' title='bbox 3220 3308 3375 3351; x_wconf 83' lang='lat' dir='ltr'><strong>cassa</strong></span> 
     </span>
    </p>
   </div>
   <div class='ocr_carea' id='block_1_112' title="bbox 1795 3361 3356 3433">
    <p class='ocr_par' dir='ltr' id='par_1_112' title="bbox 1795 3361 3356 3433">
     <span class='ocr_line' id='line_1_112' title="bbox 1795 3361 3356 3433; baseline 0.003 -16"><span class='ocrx_word' id='word_1_675' title='bbox 1795 3376 1957 3433; x_wconf 84' lang='lat' dir='ltr'><strong>esse,</strong></span> <span class='ocrx_word' id='word_1_676' title='bbox 1979 3361 2079 3417; x_wconf 85' lang='lat' dir='ltr'><strong>nisi</strong></span> <span class='ocrx_word' id='word_1_677' title='bbox 2121 3361 2231 3433; x_wconf 89' lang='lat' dir='ltr'><strong>Deo</strong></span> <span class='ocrx_word' id='word_1_678' title='bbox 2268 3362 2488 3417; x_wconf 84' lang='lat' dir='ltr'><strong>custode</strong></span> <span class='ocrx_word' id='word_1_679' title='bbox 2524 3372 2578 3417; x_wconf 91' lang='lat' dir='ltr'><strong>et</strong></span> <span class='ocrx_word' id='word_1_680' title='bbox 2618 3361 2845 3433; x_wconf 64' lang='lat' dir='ltr'><strong>praeside</strong></span> <span class='ocrx_word' id='word_1_681' title='bbox 2876 3361 3155 3420; x_wconf 86' lang='lat' dir='ltr'><strong>niteretur.</strong></span> <span class='ocrx_word' id='word_1_682' title='bbox 3186 3364 3356 3421; x_wconf 83' lang='lat' dir='ltr'><strong>Aliter</strong></span> 
     </span>
    </p>
   </div>
   <div class='ocr_carea' id='block_1_113' title="bbox 1793 3432 2823 3491">
    <p class='ocr_par' dir='ltr' id='par_1_113' title="bbox 1793 3432 2823 3491">
     <span class='ocr_line' id='line_1_113' title="bbox 1793 3432 2823 3491; baseline 0.001 -3"><span class='ocrx_word' id='word_1_683' title='bbox 1793 3448 1893 3489; x_wconf 81' lang='lat' dir='ltr'><strong>vox</strong></span> <span class='ocrx_word' id='word_1_684' title='bbox 1924 3432 2121 3489; x_wconf 85' lang='lat' dir='ltr'><strong>Christi</strong></span> <span class='ocrx_word' id='word_1_685' title='bbox 2152 3432 2219 3489; x_wconf 91' lang='lat' dir='ltr'><strong>ad</strong></span> <span class='ocrx_word' id='word_1_686' title='bbox 2253 3433 2480 3490; x_wconf 87' lang='lat' dir='ltr'><strong>loturam</strong></span> <span class='ocrx_word' id='word_1_687' title='bbox 2510 3434 2823 3491; x_wconf 79' lang='lat' dir='ltr'><strong>Ecclesiam.</strong></span> 
     </span>
    </p>
   </div>
   <div class='ocr_carea' id='block_1_114' title="bbox 2408 3562 2763 3604">
    <p class='ocr_par' dir='ltr' id='par_1_114' title="bbox 2408 3562 2763 3604">
     <span class='ocr_line' id='line_1_114' title="bbox 2408 3562 2763 3604; baseline 0.006 -3"><span class='ocrx_word' id='word_1_688' title='bbox 2408 3562 2763 3604; x_wconf 79' lang='lat' dir='ltr'><strong>EXPLANATIO.</strong></span> 
     </span>
    </p>
   </div>
   <div class='ocr_carea' id='block_1_115' title="bbox 1869 3655 3379 3729">
    <p class='ocr_par' dir='ltr' id='par_1_115' title="bbox 1869 3655 3379 3729">
     <span class='ocr_line' id='line_1_115' title="bbox 1869 3655 3379 3729; baseline 0.005 -19"><span class='ocrx_word' id='word_1_689' title='bbox 1869 3655 2001 3729; x_wconf 86' lang='lat' dir='ltr'><strong>Ideo</strong></span> <span class='ocrx_word' id='word_1_690' title='bbox 2036 3657 2263 3727; x_wconf 88' lang='lat' dir='ltr'><strong>psalmus</strong></span> <span class='ocrx_word' id='word_1_691' title='bbox 2302 3658 2397 3713; x_wconf 90' lang='lat' dir='ltr'><strong>iste</strong></span> <span class='ocrx_word' id='word_1_692' title='bbox 2426 3658 2720 3714; x_wconf 88' lang='lat' dir='ltr'><strong>Salomonis</strong></span> <span class='ocrx_word' id='word_1_693' title='bbox 2760 3660 2908 3715; x_wconf 89' lang='lat' dir='ltr'><strong>titulo</strong></span> <span class='ocrx_word' id='word_1_694' title='bbox 2946 3669 3281 3729; x_wconf 73' lang='lat' dir='ltr'><strong>praenotatur,</strong></span> <span class='ocrx_word' id='word_1_695' title='bbox 3324 3674 3379 3718; x_wconf 93' lang='lat' dir='ltr'><strong>ut</strong></span> 
     </span>
    </p>
   </div>
   <div class='ocr_carea' id='block_1_116' title="bbox 1795 3728 3378 3799">
    <p class='ocr_par' dir='ltr' id='par_1_116' title="bbox 1795 3728 3378 3799">
     <span class='ocr_line' id='line_1_116' title="bbox 1795 3728 3378 3799; baseline 0.004 -16"><span class='ocrx_word' id='word_1_696' title='bbox 1795 3729 1906 3793; x_wconf 88' lang='lat' dir='ltr'><strong>ipse</strong></span> <span class='ocrx_word' id='word_1_697' title='bbox 1928 3728 2204 3797; x_wconf 85' lang='lat' dir='ltr'><strong>fabricator</strong></span> <span class='ocrx_word' id='word_1_698' title='bbox 2228 3731 2401 3799; x_wconf 87' lang='lat' dir='ltr'><strong>templi</strong></span> <span class='ocrx_word' id='word_1_699' title='bbox 2424 3732 2601 3785; x_wconf 86' lang='lat' dir='ltr'><strong>doceat</strong></span> <span class='ocrx_word' id='word_1_700' title='bbox 2627 3748 2679 3786; x_wconf 90' lang='lat' dir='ltr'><strong>se</strong></span> <span class='ocrx_word' id='word_1_701' title='bbox 2702 3732 2831 3785; x_wconf 86' lang='lat' dir='ltr'><strong>nihil</strong></span> <span class='ocrx_word' id='word_1_702' title='bbox 2858 3732 3028 3786; x_wconf 88' lang='lat' dir='ltr'><strong>valere</strong></span> <span class='ocrx_word' id='word_1_703' title='bbox 3052 3732 3122 3786; x_wconf 90' lang='lat' dir='ltr'><strong>ad</strong></span> <span class='ocrx_word' id='word_1_704' title='bbox 3150 3735 3378 3793; x_wconf 77' lang='lat' dir='ltr'><strong>cedi/ica-</strong></span> 
     </span>
    </p>
   </div>
   <div class='ocr_carea' id='block_1_117' title="bbox 1799 3800 3381 3869">
    <p class='ocr_par' dir='ltr' id='par_1_117' title="bbox 1799 3800 3381 3869">
     <span class='ocr_line' id='line_1_117' title="bbox 1799 3800 3381 3869; baseline 0.004 -16"><span class='ocrx_word' id='word_1_705' title='bbox 1799 3802 1984 3854; x_wconf 91' lang='lat' dir='ltr'><strong>tionem</strong></span> <span class='ocrx_word' id='word_1_706' title='bbox 2012 3801 2121 3869; x_wconf 87' lang='lat' dir='ltr'><strong>ejus</strong></span> <span class='ocrx_word' id='word_1_707' title='bbox 2149 3801 2257 3854; x_wconf 90' lang='lat' dir='ltr'><strong>sine</strong></span> <span class='ocrx_word' id='word_1_708' title='bbox 2285 3800 2495 3854; x_wconf 85' lang='lat' dir='ltr'><strong>Domini</strong></span> <span class='ocrx_word' id='word_1_709' title='bbox 2523 3804 2737 3856; x_wconf 75' lang='lat' dir='ltr'><strong>auxilio.</strong></span> <span class='ocrx_word' id='word_1_710' title='bbox 2780 3802 2998 3869; x_wconf 77' lang='lat' dir='ltr'><strong>Mystice</strong></span> <span class='ocrx_word' id='word_1_711' title='bbox 3018 3814 3187 3859; x_wconf 89' lang='lat' dir='ltr'><strong>autem</strong></span> <span class='ocrx_word' id='word_1_712' title='bbox 3226 3805 3381 3860; x_wconf 88' lang='lat' dir='ltr'><strong>Salo-</strong></span> 
     </span>
    </p>
   </div>
   <div class='ocr_carea' id='block_1_118' title="bbox 1798 3872 3377 3945">
    <p class='ocr_par' dir='ltr' id='par_1_118' title="bbox 1798 3872 3377 3945">
     <span class='ocr_line' id='line_1_118' title="bbox 1798 3872 3377 3945; baseline 0.004 -21"><span class='ocrx_word' id='word_1_713' title='bbox 1798 3886 1946 3945; x_wconf 80' lang='lat' dir='ltr'><strong>mon,</strong></span> <span class='ocrx_word' id='word_1_714' title='bbox 1978 3872 2066 3945; x_wconf 83' lang='lat' dir='ltr'><strong>qui</strong></span> <span class='ocrx_word' id='word_1_715' title='bbox 2094 3872 2341 3945; x_wconf 74' lang='lat' dir='ltr'><strong>paci/ictis</strong></span> <span class='ocrx_word' id='word_1_716' title='bbox 2376 3874 2761 3945; x_wconf 75' lang='lat' dir='ltr'><strong>interpretatur,</strong></span> <span class='ocrx_word' id='word_1_717' title='bbox 2795 3872 3053 3929; x_wconf 78' lang='lat' dir='ltr'><strong>Christum</strong></span> <span class='ocrx_word' id='word_1_718' title='bbox 3095 3877 3377 3945; x_wconf 73' lang='lat' dir='ltr'><strong>signiﬁcat.</strong></span> 
     </span>
    </p>
   </div>
   <div class='ocr_carea' id='block_1_119' title="bbox 1800 3942 3381 4016">
    <p class='ocr_par' dir='ltr' id='par_1_119' title="bbox 1800 3942 3381 4016">
     <span class='ocr_line' id='line_1_119' title="bbox 1800 3942 3381 4016; baseline 0.004 -21"><span class='ocrx_word' id='word_1_719' title='bbox 1800 3942 2005 4016; x_wconf 75' lang='lat' dir='ltr'><strong>Deque</strong></span> <span class='ocrx_word' id='word_1_720' title='bbox 2034 3942 2305 4012; x_wconf 78' lang='lat' dir='ltr'><strong>Apostolus</strong></span> <span class='ocrx_word' id='word_1_721' title='bbox 2334 3944 2405 3997; x_wconf 89' lang='lat' dir='ltr'><strong>ait</strong></span> <span class='ocrx_word' id='word_1_722' title='bbox 2436 3961 2455 3998; x_wconf 88' lang='lat'><em>:</em></span> <span class='ocrx_word' id='word_1_723' title='bbox 2488 3942 2608 4013; x_wconf 85' lang='lat' dir='ltr'><strong>Ipse</strong></span> <span class='ocrx_word' id='word_1_724' title='bbox 2638 3955 2709 3998; x_wconf 87' lang='lat' dir='ltr'><strong>est</strong></span> <span class='ocrx_word' id='word_1_725' title='bbox 2738 3947 2874 4016; x_wconf 84' lang='lat' dir='ltr'><strong>enim</strong></span> <span class='ocrx_word' id='word_1_726' title='bbox 2913 3961 3015 4009; x_wconf 74' lang='lat' dir='ltr'><strong>pax</strong></span> <span class='ocrx_word' id='word_1_727' title='bbox 3052 3942 3258 4009; x_wconf 77' lang='lat' dir='ltr'><strong>nostra,</strong></span> <span class='ocrx_word' id='word_1_728' title='bbox 3291 3949 3381 4016; x_wconf 81' lang='lat' dir='ltr'><strong>qui</strong></span> 
     </span>
    </p>
   </div>
   <div class='ocr_carea' id='block_1_120' title="bbox 1801 4014 3384 4085">
    <p class='ocr_par' dir='ltr' id='par_1_120' title="bbox 1801 4014 3384 4085">
     <span class='ocr_line' id='line_1_120' title="bbox 1801 4014 3384 4085; baseline 0.002 -18"><span class='ocrx_word' id='word_1_729' title='bbox 1801 4014 1917 4085; x_wconf 79' lang='lat' dir='ltr'><strong>fecit</strong></span> <span class='ocrx_word' id='word_1_730' title='bbox 1956 4022 2168 4081; x_wconf 89' lang='lat' dir='ltr'><strong>utraque</strong></span> <span class='ocrx_word' id='word_1_731' title='bbox 2200 4031 2387 4081; x_wconf 89' lang='lat' dir='ltr'><strong>unum,</strong></span> <span class='ocrx_word' id='word_1_732' title='bbox 2418 4016 2473 4068; x_wconf 90' lang='lat' dir='ltr'><strong>id</strong></span> <span class='ocrx_word' id='word_1_733' title='bbox 2500 4025 2602 4085; x_wconf 78' lang='lat' dir='ltr'><strong>est,</strong></span> <span class='ocrx_word' id='word_1_734' title='bbox 2636 4015 3067 4069; x_wconf 88' lang='lat' dir='ltr'><strong>circumcisionem</strong></span> <span class='ocrx_word' id='word_1_735' title='bbox 3102 4026 3147 4069; x_wconf 87' lang='lat' dir='ltr'><strong>et</strong></span> <span class='ocrx_word' id='word_1_736' title='bbox 3176 4014 3384 4085; x_wconf 75' lang='lat' dir='ltr'><strong>prwpu-</strong></span> 
     </span>
    </p>
   </div>
   <div class='ocr_carea' id='block_1_121' title="bbox 1802 4084 3383 4155">
    <p class='ocr_par' dir='ltr' id='par_1_121' title="bbox 1802 4084 3383 4155">
     <span class='ocr_line' id='line_1_121' title="bbox 1802 4084 3383 4155; baseline 0.001 -16"><span class='ocrx_word' id='word_1_737' title='bbox 1802 4084 1927 4139; x_wconf 89' lang='lat' dir='ltr'><strong>tium</strong></span> <span class='ocrx_word' id='word_1_738' title='bbox 1949 4101 2052 4138; x_wconf 88' lang='lat' dir='ltr'><strong>una</strong></span> <span class='ocrx_word' id='word_1_739' title='bbox 2072 4086 2174 4152; x_wconf 82' lang='lat' dir='ltr'><strong>[ide</strong></span> <span class='ocrx_word' id='word_1_740' title='bbox 2196 4087 2487 4155; x_wconf 77' lang='lat' dir='ltr'><strong>conjunxit.</strong></span> <span class='ocrx_word' id='word_1_741' title='bbox 2515 4084 2663 4138; x_wconf 86' lang='lat' dir='ltr'><strong>Unde</strong></span> <span class='ocrx_word' id='word_1_742' title='bbox 2682 4085 2956 4137; x_wconf 86' lang='lat' dir='ltr'><strong>rectissime</strong></span> <span class='ocrx_word' id='word_1_743' title='bbox 2973 4096 3177 4153; x_wconf 86' lang='lat' dir='ltr'><strong>prapter</strong></span> <span class='ocrx_word' id='word_1_744' title='bbox 3198 4084 3383 4142; x_wconf 77' lang='lat' dir='ltr'><strong>distin-</strong></span> 
     </span>
    </p>
   </div>
   <div class='ocr_carea' id='block_1_122' title="bbox 1801 4154 3380 4227">
    <p class='ocr_par' dir='ltr' id='par_1_122' title="bbox 1801 4154 3380 4227">
     <span class='ocr_line' id='line_1_122' title="bbox 1801 4154 3380 4227; baseline 0.001 -16"><span class='ocrx_word' id='word_1_745' title='bbox 1801 4158 2017 4211; x_wconf 87' lang='lat' dir='ltr'><strong>ctionem</strong></span> <span class='ocrx_word' id='word_1_746' title='bbox 2060 4154 2510 4227; x_wconf 88' lang='lat' dir='ltr'><strong>testamentorum,</strong></span> <span class='ocrx_word' id='word_1_747' title='bbox 2545 4154 2837 4227; x_wconf 83' lang='lat' dir='ltr'><strong>Salomonis</strong></span> <span class='ocrx_word' id='word_1_748' title='bbox 2864 4171 3042 4208; x_wconf 79' lang='lat' dir='ltr'><strong>nomen</strong></span> <span class='ocrx_word' id='word_1_749' title='bbox 3082 4168 3128 4209; x_wconf 89' lang='lat' dir='ltr'><strong>et</strong></span> <span class='ocrx_word' id='word_1_750' title='bbox 3159 4158 3239 4210; x_wconf 91' lang='lat' dir='ltr'><strong>hic</strong></span> <span class='ocrx_word' id='word_1_751' title='bbox 3266 4166 3380 4227; x_wconf 88' lang='lat' dir='ltr'><strong>post</strong></span> 
     </span>
    </p>
   </div>
   <div class='ocr_carea' id='block_1_123' title="bbox 1802 4224 3383 4298">
    <p class='ocr_par' dir='ltr' id='par_1_123' title="bbox 1802 4224 3383 4298">
     <span class='ocr_line' id='line_1_123' title="bbox 1802 4224 3383 4298; baseline 0 -16"><span class='ocrx_word' id='word_1_752' title='bbox 1802 4235 1989 4297; x_wconf 84' lang='lat' dir='ltr'><strong>septem</strong></span> <span class='ocrx_word' id='word_1_753' title='bbox 2018 4227 2210 4298; x_wconf 54' lang='lat' dir='ltr'><strong>gradu}</strong></span> <span class='ocrx_word' id='word_1_754' title='bbox 2238 4226 2289 4298; x_wconf 87' lang='lat' dir='ltr'><strong>in</strong></span> <span class='ocrx_word' id='word_1_755' title='bbox 2318 4227 2483 4295; x_wconf 88' lang='lat' dir='ltr'><strong>capite</strong></span> <span class='ocrx_word' id='word_1_756' title='bbox 2513 4234 2624 4278; x_wconf 88' lang='lat' dir='ltr'><strong>octo</strong></span> <span class='ocrx_word' id='word_1_757' title='bbox 2654 4224 2981 4298; x_wconf 88' lang='lat' dir='ltr'><strong>reliquorum,</strong></span> <span class='ocrx_word' id='word_1_758' title='bbox 3012 4237 3059 4280; x_wconf 88' lang='lat' dir='ltr'><strong>et</strong></span> <span class='ocrx_word' id='word_1_759' title='bbox 3086 4243 3245 4295; x_wconf 90' lang='lat' dir='ltr'><strong>supra</strong></span> <span class='ocrx_word' id='word_1_760' title='bbox 3267 4224 3383 4298; x_wconf 83' lang='lat' dir='ltr'><strong>post</strong></span> 
     </span>
    </p>
   </div>
   <div class='ocr_carea' id='block_1_124' title="bbox 1802 4296 3384 4368">
    <p class='ocr_par' dir='ltr' id='par_1_124' title="bbox 1802 4296 3384 4368">
     <span class='ocr_line' id='line_1_124' title="bbox 1802 4296 3384 4368; baseline -0.001 -15"><span class='ocrx_word' id='word_1_761' title='bbox 1802 4296 2124 4365; x_wconf 83' lang='lat' dir='ltr'><strong>septuaginta</strong></span> <span class='ocrx_word' id='word_1_762' title='bbox 2164 4296 2400 4349; x_wconf 87' lang='lat' dir='ltr'><strong>Psalmos</strong></span> <span class='ocrx_word' id='word_1_763' title='bbox 2444 4297 2509 4368; x_wconf 67' lang='lat' dir='ltr'><strong>in</strong></span> <span class='ocrx_word' id='word_1_764' title='bbox 2561 4297 2723 4366; x_wconf 85' lang='lat' dir='ltr'><strong>capite</strong></span> <span class='ocrx_word' id='word_1_765' title='bbox 2770 4298 3024 4368; x_wconf 89' lang='lat' dir='ltr'><strong>octoginta</strong></span> <span class='ocrx_word' id='word_1_766' title='bbox 3067 4296 3384 4368; x_wconf 84' lang='lat' dir='ltr'><strong>sequentium</strong></span> 
     </span>
    </p>
   </div>
   <div class='ocr_carea' id='block_1_125' title="bbox 1802 4366 3387 4438">
    <p class='ocr_par' dir='ltr' id='par_1_125' title="bbox 1802 4366 3387 4438">
     <span class='ocr_line' id='line_1_125' title="bbox 1802 4366 3387 4438; baseline 0.003 -17"><span class='ocrx_word' id='word_1_767' title='bbox 1802 4376 1997 4421; x_wconf 87' lang='lat' dir='ltr'><strong>constat</strong></span> <span class='ocrx_word' id='word_1_768' title='bbox 2048 4367 2366 4422; x_wconf 86' lang='lat' dir='ltr'><strong>adnotatum.</strong></span> <span class='ocrx_word' id='word_1_769' title='bbox 2432 4366 2715 4421; x_wconf 66' lang='lat' dir='ltr'><strong>Emsultans</strong></span> <span class='ocrx_word' id='word_1_770' title='bbox 2762 4366 3042 4437; x_wconf 85' lang='lat' dir='ltr'><strong>propheta,</strong></span> <span class='ocrx_word' id='word_1_771' title='bbox 3086 4366 3221 4438; x_wconf 83' lang='lat' dir='ltr'><strong>quod</strong></span> <span class='ocrx_word' id='word_1_772' title='bbox 3272 4373 3387 4426; x_wconf 88' lang='lat' dir='ltr'><strong>novi</strong></span> 
     </span>
    </p>
   </div>
   <div class='ocr_carea' id='block_1_126' title="bbox 1803 4438 3387 4510">
    <p class='ocr_par' dir='ltr' id='par_1_126' title="bbox 1803 4438 3387 4510">
     <span class='ocr_line' id='line_1_126' title="bbox 1803 4438 3387 4510; baseline 0.003 -20"><span class='ocrx_word' id='word_1_773' title='bbox 1803 4439 2089 4491; x_wconf 81' lang='lat' dir='ltr'><strong>testamenti</strong></span> <span class='ocrx_word' id='word_1_774' title='bbox 2136 4439 2353 4509; x_wconf 88' lang='lat' dir='ltr'><strong>gratiam</strong></span> <span class='ocrx_word' id='word_1_775' title='bbox 2403 4438 2716 4506; x_wconf 62' lang='lat' dir='ltr'><strong>praevidisset</strong></span> <span class='ocrx_word' id='word_1_776' title='bbox 2761 4442 2811 4491; x_wconf 90' lang='lat' dir='ltr'><strong>in</strong></span> <span class='ocrx_word' id='word_1_777' title='bbox 2860 4441 3082 4510; x_wconf 88' lang='lat' dir='ltr'><strong>spiritu,</strong></span> <span class='ocrx_word' id='word_1_778' title='bbox 3130 4457 3221 4494; x_wconf 89' lang='lat' dir='ltr'><strong>nec</strong></span> <span class='ocrx_word' id='word_1_779' title='bbox 3269 4442 3387 4496; x_wconf 88' lang='lat' dir='ltr'><strong>inde</strong></span> 
     </span>
    </p>
   </div>
   <div class='ocr_carea' id='block_1_127' title="bbox 1804 4511 3388 4579">
    <p class='ocr_par' dir='ltr' id='par_1_127' title="bbox 1804 4511 3388 4579">
     <span class='ocr_line' id='line_1_127' title="bbox 1804 4511 3388 4579; baseline 0.001 -16"><span class='ocrx_word' id='word_1_780' title='bbox 1804 4519 1941 4563; x_wconf 89' lang='lat' dir='ltr'><strong>tanto</strong></span> <span class='ocrx_word' id='word_1_781' title='bbox 1974 4526 2179 4562; x_wconf 87' lang='lat' dir='ltr'><strong>munere</strong></span> <span class='ocrx_word' id='word_1_782' title='bbox 2206 4513 2552 4577; x_wconf 79' lang='lat' dir='ltr'><strong>prcesumptio-</strong></span> <span class='ocrx_word' id='word_1_783' title='bbox 2564 4511 2847 4579; x_wconf 83' lang='lat' dir='ltr'><strong>perniciosa</strong></span> <span class='ocrx_word' id='word_1_784' title='bbox 2876 4512 3187 4578; x_wconf 86' lang='lat' dir='ltr'><strong>subriperet,</strong></span> <span class='ocrx_word' id='word_1_785' title='bbox 3220 4512 3388 4579; x_wconf 90' lang='lat' dir='ltr'><strong>primo</strong></span> 
     </span>
    </p>
   </div>
   <div class='ocr_carea' id='block_1_128' title="bbox 1804 4581 3388 4652">
    <p class='ocr_par' dir='ltr' id='par_1_128' title="bbox 1804 4581 3388 4652">
     <span class='ocr_line' id='line_1_128' title="bbox 1804 4581 3388 4652; baseline 0.001 -17"><span class='ocrx_word' id='word_1_786' title='bbox 1804 4584 2035 4649; x_wconf 83' lang='lat' dir='ltr'><strong>ingressu</strong></span> <span class='ocrx_word' id='word_1_787' title='bbox 2064 4581 2237 4645; x_wconf 86' lang='lat' dir='ltr'><strong>docet,</strong></span> <span class='ocrx_word' id='word_1_788' title='bbox 2278 4598 2339 4635; x_wconf 90' lang='lat' dir='ltr'><strong>ne</strong></span> <span class='ocrx_word' id='word_1_789' title='bbox 2378 4583 2596 4651; x_wconf 78' lang='lat' dir='ltr'><strong>praprits</strong></span> <span class='ocrx_word' id='word_1_790' title='bbox 2629 4582 2813 4634; x_wconf 83' lang='lat' dir='ltr'><strong>viribus</strong></span> <span class='ocrx_word' id='word_1_791' title='bbox 2843 4581 3041 4649; x_wconf 88' lang='lat' dir='ltr'><strong>aliquid</strong></span> <span class='ocrx_word' id='word_1_792' title='bbox 3069 4582 3186 4635; x_wconf 90' lang='lat' dir='ltr'><strong>boni</strong></span> <span class='ocrx_word' id='word_1_793' title='bbox 3220 4585 3388 4652; x_wconf 85' lang='lat' dir='ltr'><strong>appli-</strong></span> 
     </span>
    </p>
   </div>
   <div class='ocr_carea' id='block_1_129' title="bbox 1804 4652 3390 4720">
    <p class='ocr_par' dir='ltr' id='par_1_129' title="bbox 1804 4652 3390 4720">
     <span class='ocr_line' id='line_1_129' title="bbox 1804 4652 3390 4720; baseline 0.001 -14"><span class='ocrx_word' id='word_1_794' title='bbox 1804 4662 1899 4716; x_wconf 87' lang='lat' dir='ltr'><strong>cet,</strong></span> <span class='ocrx_word' id='word_1_795' title='bbox 1927 4668 2038 4703; x_wconf 83' lang='lat' dir='ltr'><strong>cant</strong></span> <span class='ocrx_word' id='word_1_796' title='bbox 2066 4652 2236 4704; x_wconf 91' lang='lat' dir='ltr'><strong>omnia</strong></span> <span class='ocrx_word' id='word_1_797' title='bbox 2258 4652 2309 4705; x_wconf 90' lang='lat' dir='ltr'><strong>in</strong></span> <span class='ocrx_word' id='word_1_798' title='bbox 2334 4654 2504 4705; x_wconf 90' lang='lat' dir='ltr'><strong>divina</strong></span> <span class='ocrx_word' id='word_1_799' title='bbox 2531 4662 2773 4719; x_wconf 88' lang='lat' dir='ltr'><strong>potestate</strong></span> <span class='ocrx_word' id='word_1_800' title='bbox 2793 4653 2894 4705; x_wconf 88' lang='lat' dir='ltr'><strong>sint</strong></span> <span class='ocrx_word' id='word_1_801' title='bbox 2923 4653 3109 4720; x_wconf 88' lang='lat' dir='ltr'><strong>posita,</strong></span> <span class='ocrx_word' id='word_1_802' title='bbox 3138 4669 3230 4706; x_wconf 91' lang='lat' dir='ltr'><strong>nec</strong></span> <span class='ocrx_word' id='word_1_803' title='bbox 3258 4669 3390 4720; x_wconf 79' lang='lat' dir='ltr'><strong>prte-</strong></span> 
     </span>
    </p>
   </div>
   <div class='ocr_carea' id='block_1_130' title="bbox 1804 4723 3385 4790">
    <p class='ocr_par' dir='ltr' id='par_1_130' title="bbox 1804 4723 3385 4790">
     <span class='ocr_line' id='line_1_130' title="bbox 1804 4723 3385 4790; baseline 0.001 -15"><span class='ocrx_word' id='word_1_804' title='bbox 1804 4738 2008 4775; x_wconf 86' lang='lat' dir='ltr'><strong>currere</strong></span> <span class='ocrx_word' id='word_1_805' title='bbox 2047 4723 2164 4775; x_wconf 88' lang='lat' dir='ltr'><strong>velit</strong></span> <span class='ocrx_word' id='word_1_806' title='bbox 2204 4731 2399 4790; x_wconf 86' lang='lat' dir='ltr'><strong>tempus</strong></span> <span class='ocrx_word' id='word_1_807' title='bbox 2442 4723 2649 4777; x_wconf 87' lang='lat' dir='ltr'><strong>Domini</strong></span> <span class='ocrx_word' id='word_1_808' title='bbox 2693 4723 3015 4777; x_wconf 84' lang='lat' dir='ltr'><strong>ordinatione</strong></span> <span class='ocrx_word' id='word_1_809' title='bbox 3056 4725 3385 4790; x_wconf 86' lang='lat' dir='ltr'><strong>dispositum.</strong></span> 
     </span>
    </p>
   </div>
   <div class='ocr_carea' id='block_1_131' title="bbox 1805 4793 3389 4864">
    <p class='ocr_par' dir='ltr' id='par_1_131' title="bbox 1805 4793 3389 4864">
     <span class='ocr_line' id='line_1_131' title="bbox 1805 4793 3389 4864; baseline 0.001 -17"><span class='ocrx_word' id='word_1_810' title='bbox 1805 4794 2041 4848; x_wconf 82' lang='lat' dir='ltr'><strong>Secundo</strong></span> <span class='ocrx_word' id='word_1_811' title='bbox 2080 4794 2230 4846; x_wconf 90' lang='lat' dir='ltr'><strong>modo</strong></span> <span class='ocrx_word' id='word_1_812' title='bbox 2266 4796 2328 4847; x_wconf 89' lang='lat' dir='ltr'><strong>de</strong></span> <span class='ocrx_word' id='word_1_813' title='bbox 2358 4796 2469 4861; x_wconf 91' lang='lat' dir='ltr'><strong>ipso</strong></span> <span class='ocrx_word' id='word_1_814' title='bbox 2512 4793 2753 4859; x_wconf 89' lang='lat' dir='ltr'><strong>Domino,</strong></span> <span class='ocrx_word' id='word_1_815' title='bbox 2798 4795 2957 4864; x_wconf 89' lang='lat' dir='ltr'><strong>deque</strong></span> <span class='ocrx_word' id='word_1_816' title='bbox 2996 4796 3107 4864; x_wconf 85' lang='lat' dir='ltr'><strong>ejus</strong></span> <span class='ocrx_word' id='word_1_817' title='bbox 3143 4795 3389 4864; x_wconf 87' lang='lat' dir='ltr'><strong>apostolis</strong></span> 
     </span>
    </p>
   </div>
   <div class='ocr_carea' id='block_1_132' title="bbox 1804 4865 3240 4936">
    <p class='ocr_par' dir='ltr' id='par_1_132' title="bbox 1804 4865 3240 4936">
     <span class='ocr_line' id='line_1_132' title="bbox 1804 4865 3240 4936; baseline 0.001 -18"><span class='ocrx_word' id='word_1_818' title='bbox 1804 4867 2048 4936; x_wconf 86' lang='lat' dir='ltr'><strong>loquitur,</strong></span> <span class='ocrx_word' id='word_1_819' title='bbox 2075 4865 2152 4919; x_wconf 88' lang='lat' dir='ltr'><strong>vel</strong></span> <span class='ocrx_word' id='word_1_820' title='bbox 2179 4866 2460 4935; x_wconf 88' lang='lat' dir='ltr'><strong>quicunque</strong></span> <span class='ocrx_word' id='word_1_821' title='bbox 2490 4867 2649 4934; x_wconf 86' lang='lat' dir='ltr'><strong>ipsius</strong></span> <span class='ocrx_word' id='word_1_822' title='bbox 2680 4868 2920 4919; x_wconf 89' lang='lat' dir='ltr'><strong>mandata</strong></span> <span class='ocrx_word' id='word_1_823' title='bbox 2949 4866 3240 4935; x_wconf 77' lang='lat' dir='ltr'><strong>perﬁciunt.</strong></span> 
     </span>
    </p>
   </div>
   <div class='ocr_carea' id='block_1_133' title="bbox 2234 4978 2963 5036">
    <p class='ocr_par' dir='ltr' id='par_1_133' title="bbox 2234 4978 2963 5036">
     <span class='ocr_line' id='line_1_133' title="bbox 2234 4978 2963 5036; baseline 0 -1"><span class='ocrx_word' id='word_1_824' title='bbox 2234 4979 2299 5035; x_wconf 88' lang='lat' dir='ltr'><strong>IN</strong></span> <span class='ocrx_word' id='word_1_825' title='bbox 2340 4978 2663 5036; x_wconf 82' lang='lat' dir='ltr'><strong>PSALMUM</strong></span> <span class='ocrx_word' id='word_1_826' title='bbox 2703 4978 2963 5035; x_wconf 85' lang='lat' dir='ltr'><strong>CXXVII.</strong></span> 
     </span>
    </p>
   </div>
   <div class='ocr_carea' id='block_1_134' title="bbox 2294 5092 2909 5150">
    <p class='ocr_par' dir='ltr' id='par_1_134' title="bbox 2294 5092 2909 5150">
     <span class='ocr_line' id='line_1_134' title="bbox 2294 5092 2909 5150; baseline -0.003 -1"><span class='ocrx_word' id='word_1_827' title='bbox 2294 5094 2572 5150; x_wconf 86' lang='lat' dir='ltr'><strong>Canticum</strong></span> <span class='ocrx_word' id='word_1_828' title='bbox 2612 5092 2909 5149; x_wconf 87' lang='lat' dir='ltr'><strong>Graduum.</strong></span> 
     </span>
    </p>
   </div>
   <div class='ocr_carea' id='block_1_135' title="bbox 2406 5202 2791 5244">
    <p class='ocr_par' dir='ltr' id='par_1_135' title="bbox 2406 5202 2791 5244">
     <span class='ocr_line' id='line_1_135' title="bbox 2406 5202 2791 5244; baseline -0.003 -1"><span class='ocrx_word' id='word_1_829' title='bbox 2406 5202 2791 5244; x_wconf 68' lang='lat' dir='ltr'><strong>ABGUIENTUM.</strong></span> 
     </span>
    </p>
   </div>
   <div class='ocr_carea' id='block_1_136' title="bbox 1877 5279 3393 5352">
    <p class='ocr_par' dir='ltr' id='par_1_136' title="bbox 1877 5279 3393 5352">
     <span class='ocr_line' id='line_1_136' title="bbox 1877 5279 3393 5352; baseline 0.001 -15"><span class='ocrx_word' id='word_1_830' title='bbox 1877 5284 2146 5339; x_wconf 81' lang='lat' dir='ltr'><strong>Reversos</strong></span> <span class='ocrx_word' id='word_1_831' title='bbox 2186 5282 2253 5337; x_wconf 91' lang='lat' dir='ltr'><strong>de</strong></span> <span class='ocrx_word' id='word_1_832' title='bbox 2294 5281 2567 5352; x_wconf 85' lang='lat' dir='ltr'><strong>Babylone</strong></span> <span class='ocrx_word' id='word_1_833' title='bbox 2605 5283 2765 5337; x_wconf 89' lang='lat' dir='ltr'><strong>docet</strong></span> <span class='ocrx_word' id='word_1_834' title='bbox 2801 5280 3017 5337; x_wconf 90' lang='lat' dir='ltr'><strong>studere</strong></span> <span class='ocrx_word' id='word_1_835' title='bbox 3053 5279 3252 5337; x_wconf 88' lang='lat' dir='ltr'><strong>debere</strong></span> <span class='ocrx_word' id='word_1_836' title='bbox 3287 5280 3393 5338; x_wconf 90' lang='lat' dir='ltr'><strong>vir-</strong></span> 
     </span>
    </p>
   </div>
   <div class='ocr_carea' id='block_1_137' title="bbox 1808 5354 3393 5426">
    <p class='ocr_par' dir='ltr' id='par_1_137' title="bbox 1808 5354 3393 5426">
     <span class='ocr_line' id='line_1_137' title="bbox 1808 5354 3393 5426; baseline 0.001 -17"><span class='ocrx_word' id='word_1_837' title='bbox 1808 5357 2028 5422; x_wconf 84' lang='lat' dir='ltr'><strong>tutibus,</strong></span> <span class='ocrx_word' id='word_1_838' title='bbox 2062 5355 2276 5426; x_wconf 66' lang='lat' dir='ltr'><strong>quando</strong></span> <span class='ocrx_word' id='word_1_839' title='bbox 2324 5356 2712 5426; x_wconf 83' lang='lat' dir='ltr'><strong>irremunerata</strong></span> <span class='ocrx_word' id='word_1_840' title='bbox 2751 5354 2881 5426; x_wconf 15' lang='lat' dir='ltr'><strong>italis</strong></span> <span class='ocrx_word' id='word_1_841' title='bbox 2928 5367 3033 5409; x_wconf 91' lang='lat' dir='ltr'><strong>non</strong></span> <span class='ocrx_word' id='word_1_842' title='bbox 3074 5357 3243 5426; x_wconf 63' lang='lat' dir='ltr'><strong>pessit</strong></span> <span class='ocrx_word' id='word_1_843' title='bbox 3269 5367 3393 5426; x_wconf 84' lang='lat' dir='ltr'><strong>esse</strong></span> 
     </span>
    </p>
   </div>
   <div class='ocr_carea' id='block_1_138' title="bbox 1805 5423 3394 5554">
    <p class='ocr_par' dir='ltr' id='par_1_138' title="bbox 1805 5423 3394 5554">
     <span class='ocr_line' id='line_1_138' title="bbox 1805 5423 3394 5554; baseline 0 -73"><span class='ocrx_word' id='word_1_844' title='bbox 1805 5427 2041 5554; x_wconf 62' lang='lat' dir='ltr'><strong>gevqtio.</strong></span> <span class='ocrx_word' id='word_1_845' title='bbox 2078 5423 2282 5492; x_wconf 60' lang='lat' dir='ltr'><strong>&#39;Aliter,</strong></span> <span class='ocrx_word' id='word_1_846' title='bbox 2314 5423 2575 5495; x_wconf 86' lang='lat' dir='ltr'><strong>pr0pheta</strong></span> <span class='ocrx_word' id='word_1_847' title='bbox 2620 5425 2689 5481; x_wconf 90' lang='lat' dir='ltr'><strong>de</strong></span> <span class='ocrx_word' id='word_1_848' title='bbox 2726 5424 2944 5481; x_wconf 88' lang='lat' dir='ltr'><strong>Christo</strong></span> <span class='ocrx_word' id='word_1_849' title='bbox 2982 5426 3052 5481; x_wconf 89' lang='lat' dir='ltr'><strong>ad</strong></span> <span class='ocrx_word' id='word_1_850' title='bbox 3094 5424 3394 5482; x_wconf 84' lang='lat' dir='ltr'><strong>Ecclesiam</strong></span> 
     </span>
     <span class='ocr_line' id='line_1_139' title="bbox 1846 5514 1953 5554; baseline 0.009 -2"><span class='ocrx_word' id='word_1_851' title='bbox 1846 5514 1909 5554; x_wconf 85' lang='lat' dir='ltr'><strong>ICI</strong></span> <span class='ocrx_word' id='word_1_852' title='bbox 1940 5538 1953 5553; x_wconf 94' lang='lat'><strong>.</strong></span> 
     </span>
    </p>
   </div>
   <div class='ocr_carea' id='block_1_139' title="bbox 2422 5606 2781 5649">
    <p class='ocr_par' dir='ltr' id='par_1_139' title="bbox 2422 5606 2781 5649">
     <span class='ocr_line' id='line_1_140' title="bbox 2422 5606 2781 5649; baseline 0 -2"><span class='ocrx_word' id='word_1_853' title='bbox 2422 5606 2781 5649; x_wconf 71' lang='lat' dir='ltr'><strong>EXPLANATIO.</strong></span> 
     </span>
    </p>
   </div>
   <div class='ocr_carea' id='block_1_140' title="bbox 1880 5683 3397 5757">
    <p class='ocr_par' dir='ltr' id='par_1_140' title="bbox 1880 5683 3397 5757">
     <span class='ocr_line' id='line_1_141' title="bbox 1880 5683 3397 5757; baseline -0.005 -15"><span class='ocrx_word' id='word_1_854' title='bbox 1880 5690 2047 5755; x_wconf 82' lang='lat' dir='ltr'><strong>Quam</strong></span> <span class='ocrx_word' id='word_1_855' title='bbox 2084 5688 2151 5741; x_wconf 90' lang='lat' dir='ltr'><strong>sit</strong></span> <span class='ocrx_word' id='word_1_856' title='bbox 2201 5685 2504 5757; x_wconf 76' lang='lat' dir='ltr'><strong>magniﬁcus</strong></span> <span class='ocrx_word' id='word_1_857' title='bbox 2544 5703 2709 5741; x_wconf 88' lang='lat' dir='ltr'><strong>nonus</strong></span> <span class='ocrx_word' id='word_1_858' title='bbox 2753 5690 2967 5756; x_wconf 83' lang='lat' dir='ltr'><strong>gradus,</strong></span> <span class='ocrx_word' id='word_1_859' title='bbox 3008 5699 3249 5737; x_wconf 85' lang='lat' dir='ltr'><strong>numerus</strong></span> <span class='ocrx_word' id='word_1_860' title='bbox 3286 5683 3397 5751; x_wconf 81' lang='lat' dir='ltr'><strong>ipse</strong></span> 
     </span>
    </p>
   </div>
   <div class='ocr_carea' id='block_1_141' title="bbox 1808 5758 3392 5828">
    <p class='ocr_par' dir='ltr' id='par_1_141' title="bbox 1808 5758 3392 5828">
     <span class='ocr_line' id='line_1_142' title="bbox 1808 5758 3392 5828; baseline -0.005 -13"><span class='ocrx_word' id='word_1_861' title='bbox 1808 5762 2065 5823; x_wconf 83' lang='lat' dir='ltr'><strong>declarat,</strong></span> <span class='ocrx_word' id='word_1_862' title='bbox 2093 5758 2180 5828; x_wconf 90' lang='lat' dir='ltr'><strong>qui</strong></span> <span class='ocrx_word' id='word_1_863' title='bbox 2214 5760 2349 5812; x_wconf 89' lang='lat' dir='ltr'><strong>trina</strong></span> <span class='ocrx_word' id='word_1_864' title='bbox 2376 5759 2717 5827; x_wconf 86' lang='lat' dir='ltr'><strong>triplicatione</strong></span> <span class='ocrx_word' id='word_1_865' title='bbox 2748 5764 3006 5828; x_wconf 86' lang='lat' dir='ltr'><strong>protentus</strong></span> <span class='ocrx_word' id='word_1_866' title='bbox 3032 5764 3267 5828; x_wconf 86' lang='lat' dir='ltr'><strong>sanctum</strong></span> <span class='ocrx_word' id='word_1_867' title='bbox 3294 5768 3392 5828; x_wconf 61' lang='lat' dir='ltr'><strong>no:</strong></span> 
     </span>
    </p>
   </div>
   <div class='ocr_carea' id='block_1_142' title="bbox 1809 5822 3394 5899">
    <p class='ocr_par' dir='ltr' id='par_1_142' title="bbox 1809 5822 3394 5899">
     <span class='ocr_line' id='line_1_143' title="bbox 1809 5822 3394 5899; baseline -0.004 -13"><span class='ocrx_word' id='word_1_868' title='bbox 1809 5834 1881 5888; x_wconf 88' lang='lat' dir='ltr'><strong>bis</strong></span> <span class='ocrx_word' id='word_1_869' title='bbox 1908 5822 2170 5887; x_wconf 76' lang='lat' dir='ltr'><strong>Trinitatis</strong></span> <span class='ocrx_word' id='word_1_870' title='bbox 2211 5831 2413 5885; x_wconf 87' lang='lat' dir='ltr'><strong>culmen</strong></span> <span class='ocrx_word' id='word_1_871' title='bbox 2444 5822 2690 5886; x_wconf 78' lang='lat' dir='ltr'><strong>ostendit.</strong></span> <span class='ocrx_word' id='word_1_872' title='bbox 2736 5822 2921 5885; x_wconf 75' lang='lat' dir='ltr'><strong>Merito</strong></span> <span class='ocrx_word' id='word_1_873' title='bbox 2959 5843 3080 5899; x_wconf 86' lang='lat' dir='ltr'><strong>ergo</strong></span> <span class='ocrx_word' id='word_1_874' title='bbox 3120 5833 3169 5883; x_wconf 89' lang='lat' dir='ltr'><strong>et</strong></span> <span class='ocrx_word' id='word_1_875' title='bbox 3208 5827 3261 5881; x_wconf 88' lang='lat' dir='ltr'><strong>in</strong></span> <span class='ocrx_word' id='word_1_876' title='bbox 3298 5822 3394 5880; x_wconf 75' lang='lat' dir='ltr'><strong>tali</strong></span> 
     </span>
    </p>
   </div>
  </div>
