4006 6364
110 241 269 310 1Ὁ93

885 244 951 305 IN
988 240 1411 307 psscuonuu
1450 240 1704 309 unum:
1745 234 2101 305 EXEGESIS.
2140 271 2211 285 -
2246 236 2492 300 psam.
2532 217 2687 296 cxc.‘

3268 229 3411 294 {OM

108 364 282 420 Nono
304 362 488 419 timore
520 360 725 416 Domini
758 363 1123 432 pronuntiatur
1150 364 1302 417 homo
1334 362 1508 416 beatus
1546 360 1659 429 fieri
1685 400 1701 425 ,
1742 363 1785 424 Α
1815 356 2061 432 Secunda
2091 357 2158 410 ad
2194 353 2472 432 D_om_inum
2507 352 2657 432 verba
2701 349 2966 419 convertit,
3018 355 3089 432 ut.
3120 363 3313 432 memor
3340 353 3407 403 ett

105 446 164 490 es
198 436 437 489 universa
463 434 543 488 illi
574 434 848 505 profutura
871 434 1101 505 concedi.
1133 432 1337 488 Decimo
1360 432 1587 501 infundit
1618 450 1709 499 pa-

104 509 356 561 tientiam
382 506 596 570 devotis,
630 504 783 573 quam
812 520 901 573 per
922 504 1167 560 Ecclesia:
1209 506 1358 559 verba
1391 504 1714 560 commendat

105 581 190 632 ad
217 576 520 646 Dominum,
552 584 606 630 ut
645 577 699 629 in
753 576 1029 630 liberandis
1075 575 1364 631 hominibus
1415 584 1605 646 quanta
1647 577 1717 631 sit

107 651 405 705 divinitatis
449 650 675 720 potentia
720 648 988 720 sentiatur.
1043 646 1363 703 Duodecimo
1380 649 1540 702 virtus
1561 663 1715 720 man-

104 722 408 775 suetudinis
452 718 508 774 et
566 718 869 773 humilitatis
913 719 1216 775 ostenditur.
1296 720 1466 775 Tertio
1519 719 1715 773 decimo

106 803 317 847 sanctte
355 790 1061 863 Incarnationispromissio
1087 833 1101 857 ,
1143 801 1191 844 et
1237 791 1503 863 dictorum
1531 791 1716 863 veritas

107 865 467 934 approbatur.
497 861 699 927 Quarto
737 860 931 916 decimo
975 860 1221 931 fratribus
1247 861 1600 934 spiritualibus
1625 860 1717 915 ad-

113 932 307 989 u’natio
354 934 697 1004 praedicatur,
726 948 882 1004 supra
925 948 1052 1004 quos
1094 932 1375 988 benedictio
1422 932 1621 986 Domini
1670 940 1719 1004 et

106 1015 322 1061 interna
358 1003 464 1060 vita
513 1003 795 1069 provenire
823 1012 1155 1060 monstratur.
1194 1004 1386 1069 Quinto
1436 1004 1633 1058 decimo
1665 1003 1719 1056 in

108 1074 608 1156 laudibusDomini
632 1075 860 1156 perfecta
894 1076 987 1129 illa
1006 1075 1247 1156 _ch_ari_tas
1269 1077 1543 1156 excitatur,
1561 1089 1723 1156 supra

109 1164 288 1219 quam
316 1149 447 1203 nihil
476 1146 646 1217 majus
677 1147 778 1201 dici
803 1189 816 1212 ,
851 1163 941 1201 nec
963 1148 1240 1219 gloriosius
1272 1156 1433 1219 potest
1464 1146 1718 1213 inveniri,

113 1218 260 1292 sicut
290 1220 566 1292 Apostolus
595 1227 807 1272 testatur
831 1234 851 1273 :
892 1219 1079 1292 «Quia
1108 1218 1248 1272 Deus
1276 1218 1520 1273 'cltaritas
1560 1225 1654 1271 est.
1695 1234 1714 1268 ι

118 1289 365 1346 Continet
407 1292 489 1344 hic
536 1306 778 1344 numerus
824 1299 872 1344 et
914 1289 1010 1344 hoc
1052 1299 1468 1354 sacramentum,
1515 1298 1570 1342 ut
1605 1303 1723 1341 cum

116 1366 349 1434 quinque
377 1378 553 1417 sensus
583 1360 816 1432 corporei
844 1401 859 1427 ,
894 1376 984 1434 per
1020 1378 1166 1434 quos!
1196 1361 1399 1434 fragilis
1424 1360 1722 1434 humanitas

121 1429 387 1489 contrahit
409 1449 557 1487 omne
584 1429 784 1502 peccatu
796 1448 866 1500 in,
890 1429 1051 1487 beata:
1084 1441 1131 1486 et
1152 1429 1430 1487 individua:
1452 1429 1723 1485 Trinitatis

120 1507 320 1576 fuerint
349 1505 533 1560 virtute
574 1504 920 1576 superati,oad
949 1504 1184 1575 quintum
1214 1503 1467 1559 decimum
1495 1502 1723 1576 gradua-

120 1574 258 1632 lium
290 1576 611 1648 psalmorum
635 1591 724 1630 nos
753 1574 957 1631 culmen
985 1576 1193 1631 educat.

561 1685 627 1743 IN
668 1686 792 1744 PSA
802 1686 993 1745 LMUM
1029 1684 1318 1745 CXXXIV.

804 1780 1047 1836 Alleluia.

735 1887 1121 1930 ARGUMENTUII.

208 1964 461 2022 Reversis
508 1963 577 2020 de
604 1964 874 2035 Babylone
914 1965 1248 2036 praecipitur,
1291 1972 1352 2021 ut
1378 1972 1485 2021 tam
1519 1979 1617 2034 pro
1640 1964 1724 2021 ul—

129 2036 281 2108 tione
327 2036 560 2108 hostium
589 2050 748 2105 quam
794 2052 888 2108 pro
913 2037 1224 2108 defensione
1250 2036 1336 2092 sui
1378 2037 1582 2108 gratias
1634 2053 1727 2093 re-

126 2107 313 2164 ferant
352 2107 736 2177 Hedetnptori,
788 2107 879 2179 qui
926 2106 1047 2163 illos
1075 2108 1359 2178 multiplici
1388 2106 1727 2164 'solatiorum

125 2194 332 2251 genere
348 2193 629 2263 Jsemper.
654 2179 999 2262 confoverit.‘
1023 2249 1036 2263 ‘
1052 2179 1246 2263 Aliter;
1303 2194 1408 2234 vox
1464 2180 1724 2262 Ecclesiae

128 2249 510 2321 operantibus,
545 2250 665 2322 quia
699 2251 941 2318 increpa;
987 2249 1148 2306 morm
1220 2249 1229 2273 ε
1701 2255 1709 2262 .

763 2356 1118 2398 εκΡιΑΝΑτιο.

210 2433 338 2491 Post
367 2436 695 2506 gradualium
721 2435 1119 2507 pulcherrimam
1142 2443 1588 2507 constructionem,
1613 2450 1728 2504 qua:

131 2508 205 2561 ad
247 2508 446 2561 culmen
489 2523 645 2575 usque
686 2506 945 2576 perpetua:
986 2507 1246 2577 felicitatis
1289 2506 1469 2572 evexit,
1502 2521 1725 2577 congruo

132 2580 291 2633 nimis
319 2580 525 2649 ponitur
550 2577 791 2645 alleluia,
823 2590 877 2631 ut
907 2578 1143 2633 laudibus
1176 2578 1381 2633 Domini
1405 2586 1587 2631 sancta
1613 2594 1727 2645 per-

132 2648 339 2722 fruatur
361 2648 611 2722 Ecclesia,
655 2652 737 2703 cui
777 2651 876 2703 tale
908 2666 1092 2703 munus
1119 2651 1348 2704 noscitur
1379 2664 1487 2703 esse
1526 2663 1728 2722 prwpa-

131 2717 326 2775 ratum.
361 2718 463 2776 Per
490 2730 651 2775 totum
691 2722 944 2791 psalmum
974 2722 1221 2791 propheta
1259 2721 1503 2791 loquitur.
1521 2717 1728 2791 _Primo

132 2793 365 2863 ingressu
388 2802 595 2864 prapter
617 2789 832 2846 nominis
859 2789 1275 2864 ejuspotentium
1304 2789 1483 2864 laudes
1508 2789 1728 2864 Domino

132 2861 259 2917 dicit
300 2861 408 2918 esse
444 2861 731 2929 solvendas,
774 2861 894 2933 quia
935 2863 1059 2935 fecit
1093 2879 1207 2933 (μίαν
1252 2862 1411 2915 voluit
1466 2861 1729 2935 ntagnalia

132 2936 298 3007 ipsius
326 2935 529 3007 diversa
560 2933 983 3007 commemorans.
1028 2933 1289 3007 Secundo,
1320 2933 1726 3007 quoniamveri—

135 3004 260 3091 tatis
299 3006 541 3091 perfecta
570 3005 679 3089 laus
718 3019 791 3062 est
833 3008 1093 3091 destruere
1128 3006 1433 3091 falsitatem,
1472 3004 1728 3091 idolorum

133 3074 359 3133 cultores
391 3074 488 3131 sub
526 3076 761 3132 irrisione
801 3078 1083 3146 redarguit.
1128 3074 1301 3130 Tertio
1331 3078 1556 3131 diversos
1585 3076 1727 3130 ordi-

137 3165 229 3204 nes
257 3150 513 3216 admonet,
549 3158 603 3203 ut
630 3148 903 3204 Dominum
932 3148 1146 3203 laudare
1173 3163 1275 3203 non
1296 3148 1546 3204 desinant.

573 3261 636 3317 IN
677 3261 1004 3319 PSALMUM
1041 3261 1303 3319 CXXXV.

812 3354 1063 3410 Alleluia.

744 3464 1124 3505 ARCUMBNTUM.

294 3539 358 3597 Ut
387 3555 569 3611 supra.
614 3537 730 3595 Vox
760 3541 1129 3611 apostolorum
1158 3538 1233 3625 ad
1255 3538 1586 3610 Sypagogas.

759 3648 1113 3692 EXPLANATIO.

228 3726 419 3782 Iterum
456 3728 600 3781 nobis
637 3727 850 3782 alleluia
891 3727 1165 3781 dicendum
1206 3735 1296 3789 est,
1330 3726 1494 3797 gratia
1534 3728 1739 3794 quidmt

146 3817 347 3869 semper
386 3816 593 3865 novum,
634 3801 723 3853 sed
769 3799 979 3854 assidua
1019 3800 1334 3870 expositione
1387 3798 1735 3852 notissimum.

152 3871 293 3925 Hinc
332 3872 558 3941 psalmus
598 3872 855 3936 subiectus
896 3881 995 3933 est,
1037 3871 1126 3938 qui
1172 3885 1262 3938 per
1302 3882 1475 3922 versus
1519 3870 1740 3938 unifines

152 3944 558 3997 misericordiam
582 3941 794 3997 Domini
824 3941 968 3997 nobis
1010 3942 1197 4013 saepius
1236 3940 1480 4013 inculcat,
1526 3941 1742 3996 nscim-

149 4015 353 4067 merito.
382 4012 520 4068 Nam
544 4015 813 4069 clementia
853 4022 926 4068 est
966 4011 1099 4084 ejus,
1128 4013 1264 4083 quod
1287 4011 1513 4084 vivimus,
1541 4015 1730 4067 miseri-

149 4086 334 4156 cordia
353 4087 486 4156 quod
512 4086 757 4141 valemus.
782 4085 883 4139 Per
904 4085 1196 4139 universum
1217 4083 1474 4156 psalmum
1494 4086 1743 4155 prapheta
1780 4120 1786 4125 -

151 4155 405 4223 loquitur.
438 4155 615 4212 Prima
646 4167 792 4228 parte
817 4155 1249 4227 magniﬁcentiam
1278 4155 1483 4210 Domini
1512 4166 1559 4211 et
1590 4157 1743 4211 totius

155 4229 298 4281 orbis
339 4230 679 4283 conditionem
720 4231 967 4283 declarat.
1023 4228 1264 4284 Secunda
1308 4228 1555 4281 miracula
1592 4232 1746 4299 refert

153 4315 275 4368 quae
316 4302 491 4371 fecerit
544 4303 597 4354 in
631 4300 866 4371 ,Ἐθῃριο
914 4313 962 4353 et
1011 4300 1515 4371 genteiludteorum.
1570 4298 1744 4353 Tertia

156 4370 414 4425 descendit
435 4372 503 4423 ad
525 4370 862 4432 Christianos,
892 4370 1135 4439 beneﬁcia
1156 4370 1365 4424 Domini
1385 4378 1745 4441 consequenter

156 4457 483 4497 enumerans.

579 4530 645 4586 IN
684 4529 1007 4587 PSALMUM
1045 4530 1335 4587 CXXXVI.

435 4625 681 4681 Psalmus
712 4623 875 4679 David
917 4634 1134 4695 propter
1163 4623 1476 4681 Jeremiam.

768 4719 1151 4774 ARGUMENTUI.

239 4812 535 4884 Captivitas
586 4813 910 4886 Babylonica
963 4813 1333 4885 prophetatur.
1394 4810 1595 4878 Aliter,
1653 4825 1756 4867 vox

168 4886 446 4941 Ecclesiae.

794 4992 1146 5033 EXPLANATIO.

242 5064 533 5132 Tripliciter
561 5068 641 5121 hic
666 5067 896 5138 psalmus
939 5069 1156 5141 intelligi
1199 5079 1405 5140 potest:
1425 5077 1472 5125 et
1513 5071 1576 5125 de
1605 5070 1763 5140 capti-

167 5138 348 5212 vitate,
379 5154 494 5208 qua:
526 5142 718 5209 populo
760 5142 945 5194 accidit
971 5138 1296 5212 Judti'orum,
1339 5142 1542 5212 quando
1586 5138 1764 5196 inBa-

171 5209 405 5283 bylonem
451 5212 689 5266 translati
712 5222 852 5280 sunt,
893 5222 941 5267 et
971 5211 1045 5283 ibi
1076 5214 1232 5266 variis
1257 5209 1423 5268 modis
1465 5214 1760 5283 ludificati;

170 5290 228 5362 e_t_
259 5282 709 5362 de_peccatoribus
752 5286 869 5362 qui,
912 5284 973 5337 de
1004 5281 1234 5362 Ecclesia
1278 5286 1413 5362 ja_ct_i
1438 5328 1451 5352 ,
1496 5281 1764 5362 tradantur

172 5352 368 5425 diaboli
396 5358 676 5422 potestati;
721 5352 866 5409 etde
909 5356 1169 5424 superiore
1214 5352 1525 5425 captivitate,
1570 5372 1669 5425 qua
1709 5358 1764 5413 in

172 5423 546 5499 primisnostri
569 5427 767 5499 generis
799 5423 1093 5499 parentibus
1123 5426 1186 5480 de
1212 5423 1447 5499 paradisi
1475 5423 1765 5499 gaudiis‘in

174 5494 452 5569 convallem
493 5494 837 5567 lacrymarum
868 5498 1094 5569 devoluti
1137 5494 1328 5553 sumus.
1386 5494 1621 5569 Populus
1658 5497 1764 5552 lle-

174 5562 427 5637 brtrorum
456 5562 622 5637 prima
650 5571 869 5623 sectione
898 5568 1218 5624 calamitates
1245 5587 1385 5636 suas,
1413 5562 1535 5636 quas
1563 5579 1670 5622 erat
1712 5570 1765 5622 in

174 5635 438 5709 Babylone
456 5635 725 5710 passurus,
750 5649 1035 5706 enumerat,
1068 5635 1382 5711 subjungens
1412 5635 1540 5694 inter
1569 5642 1764 5709 quasli-

174 5712 256 5761 bet
275 5708 627 5784 steculihujus
654 5715 916 5784 angustias
939 5708 1199 5784 uunqua'm
1231 5708 1284 5768 se
1311 5708 1600 5768 Jerusalem
1625 5711 1762 5765 ulla-

177 5790 326 5837 tenus
368 5783 623 5857 oblivisci,
677 5783 906 5857 qnamris
956 5786 1278 5841 evertendam
1332 5802 1437 5842 esse
1482 5793 1761 5841 constaret.

1754 3114 1806 3185 (ἶ

1814 430 2180 488 insultantium
2206 426 2473 491 Ecclesia,
2506 423 2675 479 beatos
2695 439 2923 479 asserens
2947 421 3034 492 qui
3054 421 3117 474 de
3138 420 3291 476 corde
3312 435 3404 480 suo

1814 502 2133 574 incipientes.
2158 500 2325 557 malas
2348 497 2683 570 cogitationes
2703 495 2975 566 objiciunt.

2222 617 2293 677 III
2329 612 2657 675 PSALMUM
2696 606 3005 670 CXXXVII.

2449 709 2554 780 Ipsi
2585 707 2769 765 David.

2424 814 2802 857 succlamans.

1898 894 2218 953 Praecedens
2245 894 2487 967 psalmus
2517 893 2768 966 querelas
2797 891 3093 967 captivitati
3142 891 3194 948 in
3230 890 3404 964 Baby-

1823 968 1969 1035 lone,
2005 970 2091 1023 hic
2119 966 2302 1023 votum
2342 967 2619 1023 redeuntis
2650 966 2829 1037 populi
2859 966 3406 1037 coptinet,_quautas-

1822 1055 1928 1110 que
1957 1033 2371 1110 gratulationes
2410 1039 2463 1094 in
2498 1046 2637 1093 terra
2650 1033 2880 1110 propria
2913 1036 3025 1110 Deo
3053 1033 3282 1097 reddere
3310 1049 3405 1099 vo-

1824 1106 1993 1167 luerif
2013 1111 2261 1182 exponit.
2293 1109 2487 1176 Aliter,
2519 1123 2624 1165 vox
2650 1107 2851 1164 Christi
2881 1106 2948 1163 ad
2976 1106 3210 1163 Patrem.

2446 1212 2801 1255 EXPLANATIO.

1895 1292 2010 1363 Ipsi
2039 1293 2231 1361 David,
2260 1294 2367 1362 ipsi
2386 1292 2607 1347 Domino
2631 1291 2831 1348 Christo
2862 1291 3141 1363 significat,
3169 1291 3236 1345 ad
3260 1305 3417 1362 quant

1826 1366 2012 1437 psalmi
2058 1366 2207 1437 istius
2252 1364 2746 1437 refertur_universa
2790 1363 3063 1437 confessio.
3098 1363 3208 1437 Per
3254 1372 3415 1416 totum

1827 1432 2081 1506 psalmum
2118 1436 2423 1490 universalis
2452 1433 2683 1489 Ecclesia
2727 1432 2969 1504 loquitur.
3013 1432 3193 1506 Prima
3221 1448 3417 1487 narra-

1827 1503 1963 1563 tione
1997 1508 2240 1573 beneﬁcia
2276 1505 2373 1559 sibi
2405 1506 2613 1560 Domini
2643 1503 2889 1559 attributa
2923 1503 3203 1569 collaudat,
3237 1515 3415 1572 postu-

1828 1579 1943 1633 lans
1990 1580 2045 1632 in
2091 1577 2280 1648 futuris
2329 1577 2667 1648 patientiam,
2719 1585 2773 1629 ut
2818 1577 3035 1630 adversa
3081 1576 3259 1630 mundi
3296 1575 3419 1647 ejus

1827 1647 2263 1722 possintomunere
2297 1648 2556 1722 sustineri.
2601 1647 2843 1702 Secunda
2866 1648 3172 1722 deprecatur
3199 1656 3254 1722 ut
3276 1662 3419 1717 reges

1756 1720 1988 1803 uterne
2017 1720 2684 1803 Dominumnconﬁteantur
2730 1720 3030 1803 eaceloum,
3075 1721 3319 1803 quoniam
3365 1722 3421 1771 in

1830 1792 2062 1848 omnibus
2088 1792 2367 1864 majestatis
2411 1805 2520 1844 suae
2562 1790 2821 1864 miracula
2857 1788 3102 1864 dignatur
3140 1788 3417 1855 ostendere,

1829 1879 1987 1987 orans
2024 1879 2088 1918 ne
2123 1859 2441 1933 pecccatores
2479 1874 2749 1916 conversos
2787 1859 3056 1929 despiciat,
3084 1875 3208 1931 quos
3245 1873 3421 1915 creare

1868 1937 2072 2007 ignotus
2099 1942 2193 1991 est.

2220 2046 2285 2103 IN
2326 2042 2651 2103 PSALMUM
2690 2041 3021 2101 CXXXVIII.

2252 2141 2308 2196 lu
2340 2140 2497 2196 ﬁnem
2531 2138 2768 2209 psalmus
2797 2136 2986 2193 David.

2430 2252 2813 2295 ABGUHENTUM.

1910 2332 1986 2387 lix
2039 2345 2270 2400 persona
2335 2330 2516 2400 populi
2584 2327 2760 2385 ﬁdelis
2809 2324 3417 2400 intelligentisADomini

1831 2397 2155 2476 potentiam,
2187 2412 2239 2457 et
2266 2397 2423 2471 quod
2441 2401 2580 2455 nulla
2604 2401 2792 2476 etiam
2822 2408 3030 2453 secreta
3079 2397 3412 2476 maiestatem

1831 2467 1955 2546 ejus
2004 2472 2192 2546 fallere
2223 2467 2741 2546 possunt,_psalmus
2780 2470 2880 2546 iste
2911 2468 3278 2540 componitur.
3307 2467 3420 2523 Ali-

1837 2542 1941 2611 ter,
1976 2560 2080 2601 vox
2114 2542 2260 2601 Petri
2290 2542 2516 2615 apostoli
2547 2542 2873 2612 pmuitentis.

2438 2649 2795 2691 EXPLANATIO.

1902 2727 1967 2782 In
1998 2728 2244 2797 ﬁnem'in
2283 2725 2545 2783 Christum
2577 2726 2722 2797 dicit,
2751 2742 2815 2780 ex
2842 2726 2993 2797 cujus
3022 2739 3242 2797 persona
3282 2733 3416 2797 totus

1829 2809 1903 2856 est
1932 2795 2160 2871 psalmus
2189 2800 2286 2854 iste
2322 2807 2573 2871 cantatus.
2618 2796 2681 2850 In
2715 2797 2883 2871 prima
2902 2795 3051 2871 parte
3080 2795 3332 2871 Dominus
3356 2795 3422 2850 de

1829 2866 2128 2941 pausatione
2168 2879 2215 2924 et
2254 2869 2620 2924 resurrectione
2666 2884 2759 2922 sua
2788 2866 3035 2941 loquitur,
3072 2866 3219 2941 Patri
3245 2882 3419 2941 omnes

1830 2936 2159 3014 cogitationes
2197 2957 2317 2995 suas
2356 2941 2434 3014 illi
2473 2941 2646 3014 dicens
2685 2954 2790 2993 esse
2820 2936 3147 3014 notissimas.
3176 2936 3421 3014 secunda

1830 3008 2103 3083 polentia»:
2134 3021 2361 3083 paterna:
2391 3011 2671 3083 divinitatis
2713 3010 2939 3083 exponit,
2972 3009 3093 3083 quia
3129 3009 3181 3083 in
3211 3008 3264 3060 id
3290 3008 3422 3077 quod

1834 3079 1982 3139 homo
2015 3092 2106 3147 est,
2134 3079 2281 3136 nullo
2312 3081 2446 3149 loco,
2482 3080 2622 3133 nulla
2650 3079 3058 3151 longitudineab
3090 3081 3198 3150 ejus
3228 3094 3279 3132 se
3302 3094 3423 3148 pos-

1832 3157 1898 3211 sit
1923 3154 2228 3210 abscondere
2260 3153 2461 3219 notitia,
2488 3151 2704 3219 addens,
2730 3152 2966 3218 quOniam
2988 3152 3051 3203 ab
3076 3160 3216 3202 utero
3245 3151 3424 3204 matris

1833 3242 1959 3293 sum,
1979 3227 2086 3297 ipso
2110 3229 2422 3297 protegente,
2440 3222 2947 3297 reservotus_est,.qui
2974 3222 3150 3297 mundi
3173 3221 3294 3273 vitia
3317 3221 3429 3291 glo-

1821 3291 1972 3353 riosa
1994 3291 2272 3350 sanctitate
2289 3291 2569 3365 superavit.
2588 3292 2770 3365 :l‘ertia
2801 3308 2853 3345 se
2880 3291 3209 3365 laudaturum
3228 3306 3259 3344 a
3283 3308 3316 3362 p
3334 3300 3430 3365 trte

1832 3385 1934 3440 qua
1981 3366 2239 3440 subjectus
2284 3362 2360 3418 est
2394 3364 2543 3440 Patri
2578 3362 3214 3440 Dominumpro/itetur,
3279 3362 3428 3434 cujus

1834 3435 1989 3509 opera
2036 3435 2263 3509 potentia
2314 3445 2360 3490 et
2413 3436 2672 3509 mirabilia
2702 3450 2822 3509 esse
2863 3437 2981 3505 jam
3035 3435 3239 3509 cognita
3286 3447 3425 3509 sunt.

1837 3458 1863 3492 0
1905 3458 1989 3493 era
2036 3458 2263 3509 ροιεηιια
2314 3458 2359 3490 ει
2413 3458 2672 3489 ηιηίιυιιια
2717 3458 2822 3488 ϐεδε
2863 3458 2981 3505 μιηι
3035 3458 3239 3503 (agrum
3286 3458 3425 3488 διηιι.

1837 3458 2035 3575 (fama
2070 3509 2433 3576 conﬁrmatum
2474 3507 2653 3562 asserit
2694 3508 2955 3561 beatorum
2985 3507 3210 3558 omnium
3241 3506 3431 3576 princi-

1837 3591 2035 3650 patum,
2051 3579 2237 3650 jubens
2276 3596 2310 3634 a
2338 3595 2391 3635 se
2418 3579 2603 3649 impios
2634 3577 3007 3650 obstinatosque
3035 3576 3311 3650 discedere,
3343 3577 3431 3647 qui

1837 3648 2005 3707 tamen
2030 3648 2172 3707 nulla
2188 3659 2331 3707 erant
2354 3648 2686 3723 ptenitudinis
2710 3648 2994 3704 humilitate
3025 3648 3283 3703 sulvundi.

2256 3765 2321 3823 IN
2360 3764 2684 3823 PSALMUM
2723 3764 3008 3821 CXXXIX.

2218 3861 2272 3918 In
2342 3862 2504 3920 linem
2572 3860 2807 3932 psalmus
2878 3860 3063 3914 David.

2441 3986 2822 4030 ARGUMENTUM.

1916 4089 2179 4145 Ezechias
2232 4096 2418 4143 contra
2474 4085 2728 4156 Assyrios
2781 4095 2931 4152 orat,
2987 4099 3088 4154 ne,
3133 4084 3405 4156 videlicet

1846 4172 2153 4217 exterorum
2209 4160 2260 4213 vi
2311 4160 2397 4215 vel
2450 4154 2638 4213 fraude
2688 4166 2990 4226 superetur.
3085 4154 3284 4225 Aliter,
3329 4172 3431 4212 vos

1844 4233 2046 4288 Christi
2076 4241 2178 4287 est.

2467 4312 2816 4356 EXPLANATIO.
2908 4336 2919 4347 ι

1919 4390 2220 4474 Finislegis
2249 4402 2318 4446 est
2359 4392 2588 4474 Christus
2617 4392 2716 4474 ad.
2718 4392 2973 4474 justitiam
3004 4391 3395 4474 omnicredenti
3417 4432 3433 4457 ,

1774 4483 1830 4545 D
1854 4467 1940 4535 qui
1964 4463 2179 4545 nobisin
2203 4468 2295 4545 hoc
2324 4464 2540 4534 psalmo,
2569 4464 2716 4545 quasi
2736 4465 2981 4545 pra'conis
3003 4480 3121 4545 voce
3137 4464 3289 4545 juxta
3319 4463 3433 4545 iter,

1859 4534 2117 4603 terribilis,
2152 4539 2489 4605 omnipotens,
2516 4545 2559 4588 et
2582 4534 2795 4589 nimium
2834 4534 3187 4605 desiderabilis
3212 4535 3440 4589 advvniri

1860 4608 2181 4677 prn'dicetur.
2217 4604 2316 4662 Per
2347 4615 2507 4661 totum
2537 4608 2787 4677 psalmum
2808 4617 2981 4659 sancta
3010 4604 3240 4659 Ecclesia
3271 4606 3441 4672 loqui-

1858 4690 1960 4734 tur.
1998 4677 2175 4734 I’rimo
2203 4680 2424 4733 membro
2448 4678 2721 4733 Dominum
2748 4678 3064 4748 deprecatur,
3098 4686 3152 4730 ut
3176 4676 3239 4731 ab
3263 4678 3437 4747 iniquo

1859 4752 2064 4805 diabolo
2105 4767 2216 4806 eam
2246 4750 2460 4805 liberare
2488 4750 2722 4821 dignetur
2751 4786 2765 4811 ,
2814 4750 2901 4815 qui
2947 4748 3121 4801 multis
3169 4749 3437 4821 fraudibus

1861 4821 2175 4876 devotionern
2223 4821 2397 4892 populi
2449 4819 2616 4890 ﬁdelis
2661 4831 2871 4875 conatur
2918 4828 3149 4874 evertere.
3201 4819 3438 4876 Secundo

1862 4893 2082 4963 postulat
2120 4909 2182 4948 ne
2208 4895 2441 4949 tentatori
2488 4893 2790 4961 nequissimo
2821 4892 3055 4946 tradatur
3079 4930 3095 4955 ,
3145 4906 3300 4961 quam
3320 4892 3435 4961 jam

1862 4972 2062 5020 constat
2110 4966 2323 5021 acervis.
2349 4966 2611 5034 periculis,
2646 4965 2760 5031 ipso
2814 4971 3122 5033 protegente.
3154 4963 3439 5017 liberatam.

1862 5035 2056 5103 Tertio,
2078 5039 2133 5090 in
2162 5038 2365 5116 judicio
2395 5038 2571 5107 futuro
2600 5035 2871 5116 vindictam
2896 5049 3052 5116 supra
3079 5049 3171 5116 eo_s_
3191 5036 3313 5088 dicit
3337 5048 3443 5089 esse

1864 5105 2174 5176 venturam,
2216 5110 2303 5179 qui
2350 5105 2599 5179 pauperes
2646 5108 2754 5175 ejus
2802 5105 2997 5161 insanis
3026 5105 3246 5160 motibus
3272 5120 3442 5178 perse-

1863 5189 2113 5251 quuntur.

2343 5269 2406 5325 ’.Ν
2447 5269 2774 5326 PSALMUM
2813 5269 2967 5326 CXL.

2431 5386 2671 5442 Psalmus
2693 5386 2885 5442 David.

2462 5494 2844 5536 ARGUMENTUM.

1939 5573 2051 5631 Sub
2082 5589 2307 5644 persona
2344 5574 2586 5630 Ezechiae
2613 5575 2843 5639 canitur,
2876 5571 3243 5643 paenitentiam
3276 5582 3434 5626 exere

1868 5650 2072 5709 contis,
2130 5661 2195 5701 ue
2241 5658 2422 5701 contra
2482 5648 2611 5701 iram
2663 5649 3003 5717 Assyriorum
3063 5652 3347 5717 raperetur
3386 5644 3439 5703 in

1868 5718 2027 5772 ira").
2084 5717 2272 5785 Aliter,
2307 5732 2407 5774 Vult
2441 5718 2694 5776 Ecclesia:
2740 5712 2927 5775 contra
2960 5712 3269 5784 hmreticos,
3304 5712 3443 5771 sicut

1867 5799 1921 5844 et
1947 5802 2125 5861 supra.
