2003 3182
128 173 203 203 109⁵1

127 229 340 263 tum'Sabaoth,.
352 227 420 264 quod
443 231 481 256 est
501 227 666 264 exercituum.
683 216 806 264 Quintum
820 227 894 256 Ieton
909 250 916 262 ,
931 230 959 261 Α

125 275 205 299 quem
217 274 263 294 nos
276 263 405 293 excelsum
426 264 544 291 dicimus.
561 263 668 299 Sestum
690 263 756 291 Eser
772 263 836 297 Eice,
849 265 919 299 quod

125 301 261 329 in'Ezodo
275 300 381 336 legitur,
393 299 436 334 qui
446 304 483 326 est
492 299 561 336 misit
569 306 618 326 me.
630 298 772 336 Septimum
793 298 895 336 Adonai
910 320 919 334 ,

178 346 202 364 m
215 345 261 364 nos
275 333 416 364 Dominum
432 334 583 370 generaliter
604 333 777 370 appellamus.
794 333 918 363 Octavum

144 382 171 406 a,
183 372 250 407 quod
266 371 319 399 Deo
335 376 433 407 tantum
447 369 603 405 applicatur,
612 375 636 397 et
649 370 677 397 in
688 370 793 397 alleluia
803 376 919 407 extrema

123 408 229 444 syllaba
242 406 448 444 sonat._Nonum
462 409 672 444 tetragrammum
685 426 692 439 ,
707 406 776 444 quod
790 406 919 444 ine/labile

124 440 302 478 nitncupetur.
321 441 454 478 Decimum
468 441 567 478 Sudai,_
577 440 604 467 id
614 446 666 478 est,
685 440 815 478 robustum
826 447 851 469 et
863 442 919 478 suf-

123 475 255 512 ﬁcientem
268 477 303 506 ad
317 477 402 504 omnia
415 476 593 512 perpetranda.
609 475 697 512 Primo
712 476 788 504 modo
800 475 918 505 hortatur

124 511 258 555 Propheta
270 513 394 555 populum
406 511 521 555 devotum
534 511 641 555 laudare
654 511 857 555 Dominutn,nqui
870 513 919 555 huc

126 547 202 577 miles
213 547 309 584 erigit,
330 554 354 576 et
379 547 548 582 superborum
566 547 632 584 colla
654 548 773 576 concidit.
800 548 918 577 Secundo

124 582 370 620 alacriter’Domino
385 584 448 610 dicit
466 591 524 620 esse
547 582 710 620 psallendum
722 607 730 619 ,
746 584 918 620 ᾳυὲνιιιρριὶ-

124 620 245 647 cantibus
260 619 381 653 beneﬁcia
409 618 547 653 profutura
575 618 705 652 concedit;
723 618 848 654 quoniam
863 618 917 653 'qui

124 655 159 683 de
171 656 225 684 sttis
240 654 333 683 viribus
345 658 513 690 prmumunt,
527 654 550 681 ei
563 654 664 689 placere
674 663 724 682 non
733 658 846 690 possent.

341 700 375 729 IN
396 700 561 730 PSALMUM
579 700 704 729 CXLVII.

462 747 587 776 Alleluia.

433 800 623 821 ARGUIEN'I'UII.

163 828 309 863 Aspeciali
322 829 470 863 gratiarum
496 829 602 855 actione
628 834 680 864 pro,
699 827 786 856 reditu
815 828 848 856 ad
873 836 919 864 ge-

123 865 244 893 neralem
266 864 314 892 Dei
333 864 438 893 laudem
451 863 625 892 convertitur.
640 863 735 898 Aliter,
756 863 855 892 Christi
867 863 918 892 vox

121 901 158 928 ad
178 900 337 928 Ecclesiam.

433 942 610 962 IXPLANATIO.

160 980 201 1006 Ad
215 984 363 1008 consuetum
376 980 479 1015 quidem
494 979 607 1007 Alleluia
629 980 788 1013 revertimur,
810 980 854 1007 sed
870 981 917 1008 hoc

121 1015 270 1043 nullatenus
281 1020 394 1051 repetere
408 1015 564 1051 fastidimus,
576 1015 651 1051 cujus
663 1015 730 1042 verbi
742 1020 826 1043 tantus
834 1016 917 1043 honor

120 1056 172 1083 est,
190 1055 218 1077 ut
232 1059 289 1078 cum
308 1052 340 1079 sit
356 1051 382 1078 in
400 1051 509 1078 Hebrtea
530 1051 619 1086 lingua
640 1051 796 1079 reconditum
811 1071 819 1085 ,
843 1051 916 1079 nullo

123 1091 209 1113 tamen
219 1090 320 1114 constat
330 1086 414 1113 alieno
426 1094 540 1122 sermone
551 1086 702 1122 translatum
716 1094 725 1113 :
738 1087 782 1114 sed
792 1087 916 1122 quidquid

120 1121 237 1149 deditum
251 1122 395 1156 Diuinitati,
410 1121 560 1156 dignitatem
578 1121 657 1157 hujus
684 1121 916 1157 nominis'pio'de-

121 1157 222 1184 notione
236 1161 377 1184 veneratur.
394 1156 485 1184 Primo
498 1158 581 1191 capite
601 1156 726 1192 propheta
749 1156 892 1185 Jerusalem
905 1178 913 1192 ,

121 1192 152 1220 id
176 1196 224 1228 est,
249 1200 385 1228 supernam
410 1192 551 1228 alloquitur
564 1192 689 1219 ciuitatem
699 1214 706 1225 ,
718 1197 746 1220 ut
758 1201 848 1220 secura
857 1194 913 1228 jam

120 1227 223 1255 reddita
234 1228 261 1254 in
275 1228 369 1255 civibus
383 1229 437 1255 suis
452 1249 459 1261 ,
476 1227 615 1254 Dominum
624 1228 685 1263 jugi
697 1228 785 1255 debeat
798 1227 914 1256 exsulta-

121 1264 192 1290 tione
205 1263 321 1291 laudare.
338 1263 459 1291 Secundo
480 1264 593 1298 mysticis
613 1263 808 1291 allocutionibus
836 1264 914 1292 latius

120 1302 263 1340 enumerat,
272 1303 369 1340 quanta
379 1298 476 1340 populo
486 1306 533 1325 suo
548 1299 756 1340 pius_mise_rator_
763 1299 911 1327 indulserit.

121 1332 223 1361 Psalmi
248 1339 291 1361 ists
318 1334 473 1361 laudationis
497 1333 581 1361 Dauid
607 1339 643 1361 ita
658 1335 777 1369 dispositi
800 1339 870 1369 sunt,
885 1339 914 1363 ut

121 1357 238 1404 mi.
248 1357 475 1405 ἱῆεεὶὶῖῑᾶἷιὲἱὶιῖ
489 1357 623 1404 ,ἦιὶἷιῖηιῐζ
628 1357 913 1405 ”ρᾶἑῑῖιῖἦιινίἇῖἵοῖζ

120 1404 252 1441 ῃηὶιαιῑ
267 1405 389 1441 fugienda
406 1426 413 1439 ,
441 1405 514 1432 tertio
528 1405 560 1441 de
573 1405 773 1441 congregatione
791 1404 914 1441 Ecclesia

121 1439 259 1467 diceretur.
267 1439 382 1474 Quarto,
395 1440 439 1475 qui
449 1447 516 1467 nunc
527 1440 616 1474 [initus
623 1439 676 1474 est;
688 1440 800 1468 collecta
809 1439 913 1469 Jerusa-

121 1474 171 1511 lem
182 1476 301 1511 prlecepit
314 1474 405 1503 laudes
415 1475 518 1502 Domini
531 1476 666 1508 celebrare,
683 1484 750 1511 quae,
765 1476 798 1503 de
809 1477 910 1510 mundi,

120 1509 196 1537 istius
209 1509 314 1538 diuersis
332 1511 450 1546 periculis
471 1511 587 1545 liberata,
601 1511 628 1538 in
640 1509 737 1538 (eterna
754 1511 840 1546 requie
863 1509 912 1539 nol

121 1546 204 1582 scitur
217 1548 366 1574 constituta.
390 1546 551 1582 Quapropter
572 1547 648 1574 choro
663 1546 703 1574 illi
718 1547 878 1574 sanctissimo
888 1552 912 1574 et

120 1580 154 1617 de
174 1581 265 1608 mundi
284 1581 397 1616 partibus
413 1580 550 1617 aggregato
565 1583 633 1609 trina
658 1582 784 1609 subnectet
798 1583 912 1609 multa-

122 1616 191 1653 tione
203 1617 367 1653 gaudendum
383 1637 391 1650 ,
406 1616 438 1644 ut
449 1617 476 1644 in
492 1616 571 1653 opere
599 1617 758 1646 sanctissimo
780 1617 913 1646 Trinitatis

120 1652 208 1687 gratia
222 1652 316 1688 ubique
328 1653 451 1688 fulgeret.

330 1697 363 1726 IN
383 1697 549 1727 PSALIIUM
567 1698 703 1727 CXLVIII.

456 1744 581 1772 Alleluia.

426 1797 618 1818 uacuum-run.

160 1824 254 1853 Omnis
264 1824 357 1853 mundi
376 1830 500 1854 creatura
517 1826 549 1854 ad
563 1825 724 1854 laudandum
746 1825 831 1854 Deum
847 1833 912 1855 con-

120 1865 244 1889 vocatur.
258 1860 345 1890 Aliter
358 1868 410 1889 vox
427 1861 612 1896 apostolorum
625 1861 659 1889 ad
673 1862 826 1897 populum.—

424 1914 605 1935 EXPLANA'I'IO.

160 1941 290 1976 Propheta
312 1950 357 1978 per
373 1949 514 1978 paucarum
536 1943 799 1970 commemorationem
826 1951 912 1970 omnes

119 1983 252 2004 creaturas
267 1977 301 2004 ad
311 1976 416 2004 Domini
428 1977 516 2005 laudes
531 1978 648 2005 hortatur
660 1998 668 2012 ,
679 1978 818 2006 rationales
833 1983 858 2005 et
872 1980 914 2005 in-

122 2013 278 2048 tellectuales
298 2020 344 2048 per
358 2020 401 2046 se;
426 2013 555 2040 intellectu
568 2018 652 2041 autem
662 2014 701 2041 vel
711 2021 785 2041 sensu
798 2019 913 2041 carentes

120 2056 168 2084 per
183 2047 243 2084 illas
257 2047 353 2084 utique,
367 2056 424 2083 qute
437 2056 514 2084 opera
529 2048 632 2076 Domini
647 2049 835 2084 sapientissimo
851 2057 911 2077 con-

119 2083 277 2119 sideratione
297 2082 457 2119 collaudant.
472 2082 562 2111 Prima
582 2089 654 2119 parte
667 2082 778 2112 ctelestia
791 2084 913 2112 hortatur

119 2117 159 2145 ad
181 2118 277 2146 laudes.
303 2118 422 2156 Secunda
446 2117 592 2156 allegoricii
616 2120 914 2156 allusionibusrterrena

119 2158 263 2180 commonet
283 2159 311 2181 ut
334 2153 473 2181 Dominum
498 2153 591 2182 devota
611 2160 695 2183 mente
718 2155 914 2190 concelebrent,

120 2196 201 2227 uitam
219 2196 324 2215 causam
346 2190 502 2222 probabilem
524 2191 635 2227 utrisque
656 2191 830 2227 subjungens,
853 2191 915 2226 quia

122 2223 229 2258 dignum
239 2227 276 2250 est
288 2228 315 2250 ut
324 2227 442 2250 creatura
455 2232 530 2251 suum
545 2223 633 2252 laudet
645 2223 784 2253 auct'orer'n.

718 169 926 199 CATALOGUS
944 169 1225 200 DIAPSALMATUM.

1693 171 1762 201 1098

1185 228 1219 257 IN
1237 228 1402 259 PSALMUM
1420 227 1536 259 CXLIX.

1308 279 1436 309 Alleluia.

1263 333 1455 354 Διιαυιεητωί.

1006 370 1120 408 ἷζονθηί
1136 370 1175 408 de
1184 370 1321 408 Babylone
1337 373 1438 407 gratias
1452 378 1532 406 agere
1542 370 1684 408 iubeatur,
1699 373 1760 408 quia

970 406 1131 435 obsistentes
1145 407 1196 435 sibi
1212 406 1455 442 ﬁnitimas'gentes,
1472 407 1527 435 Deo
1540 406 1697 442 adiuvante,
1709 406 1761 436 de-

969 442 1094 470 vicerint.
1106 443 1201 477 Aliter,
1213 450 1265 472 vox
1275 441 1376 471 Christi
1388 443 1421 471 ad
1433 443 1526 471 ﬁdeles
1536 443 1569 471 de
1575 441 1671 472 ’iuturo
1685 448 1713 472 et
1726 444 1760 472 de

968 478 1178 506 resurrectione.

1273 521 1355 542 EX!“
1359 521 1449 542 NA'I'IO.

1006 558 1065 587 Hoc
1075 567 1164 587 nomen
1186 559 1213 587 in
1234 567 1282 587 usu
1298 559 1390 586 habere
1409 559 1435 586 in
1448 559 1602 586 omnimodis
1614 567 1759 587 commone~

969 602 1037 628 mur,
1053 596 1155 630 quando
1180 599 1203 622 et
1223 594 1325 622 Novum
1350 595 1432 630 Veteri
1461 594 1621 622 Testamenta
1641 594 1761 623 decenter

968 629 1083 665 aptatur,
1097 634 1121 658 et
1137 630 1215 657 Vetus
1228 629 1312 664 Nouo,
1327 630 1370 657 ubi
1381 629 1492 665 (Egypti
1504 629 1630 657 miracula
1643 635 1667 657 et
1680 631 1761 658 maris

968 665 1050 693 Rubri
1058 666 1180 700 beneﬁcia
1188 665 1378 701 describuntur;
1390 666 1464 692 Nouo
1475 667 1501 692 in
1515 665 1635 700 praesenti
1644 665 1759 701 psalmo,

968 709 1019 736 quo
1030 702 1158 728 canticum
1168 708 1260 728 novum
1281 700 1390 728 Domino
1411 705 1515 728 cantare
1521 700 1664 736 jubemur’t
1670 700 1762 728 Prima

969 736 1095 772 positione
1118 741 1221 772 propter
1242 737 1368 763 canticum
1401 744 1493 763 novum
1521 735 1622 763 Christo
1648 735 1763 764 Domino

969 771 1075 799 diversis
1090 772 1172 799 modis
1185 772 1247 799 dicit
1260 780 1312 799 esse
1327 772 1499 805 cantandum,
1514 772 1559 806 qui
1577 772 1608 798 de
1631 776 1683 799 toto
1703 771 1764 800 orbe

969 811 1098 843 terrarum
1114 808 1281 835 universale»:
1296 815 1342 834 sua
1352 807 1445 843 pietate
1463 808 1616 834 construxit.
1639 807 1761 835 Secunda

969 842 1064 876 gaudia
1087 848 1252 875 sanctorum,
1279 843 1433 878 virtutesque
1453 842 1608 876 describens,
1621 843 1761 870 vindictam

970 878 1130 912 percantium
1145 878 1254 913 gloriam
1267 878 1326 905 dicit
1338 886 1392 905 esse
1401 879 1533 912 justorum
1543 900 1551 913 ,
1562 879 1589 905 in
1604 879 1762 913 prlecedente

931 917 957 948 Β
971 914 1069 947 psalmo
1082 913 1124 949 ad
1137 914 1275 949 praconiar
1286 914 1388 940 Domini
1408 921 1494 940 omnes
1508 914 1624 941 hortatus
1639 917 1678 940 est
1692 921 1765 940 crea-

971 953 1052 984 turas.
1074 948 1125 975 Hic
1137 948 1225 975 autem
1250 948 1392 975 distinctius
1410 949 1579 984 propriusque
1608 948 1764 983 signiﬁcavit

968 982 1065 1016 Israel,
1085 991 1177 1010 novum
1192 984 1320 1010 canticum
1333 982 1423 1011 debere
1433 982 1546 1018 cantare,
1564 987 1588 1010 et
1610 982 1641 1010 de
1656 984 1761 1018 proprio

967 1018 1078 1055 Domino
1089 1019 1174 1046 [cetum
1188 1019 1255 1055 ﬁeri,
1270 1020 1315 1053 qui
1328 1027 1386 1046 eum
1398 1019 1457 1054 fecit
1472 1019 1503 1046 de
1516 1020 1630 1055 gentium
1642 1018 1761 1047 multitu-

967 1054 1027 1081 dine
1039 1055 1198 1089 congregari.
1222 1054 1442 1081 Commemoratur
1457 1059 1479 1081 et
1495 1059 1616 1089 potestas,
1629 1062 1688 1089 quce
1701 1062 1761 1081 san-

966 1090 1014 1116 ctis
1026 1094 1063 1116 est
1074 1090 1100 1116 in
1114 1090 1161 1116 illa
1171 1089 1334 1125 judicatione
1350 1089 1496 1122 tribuenda,
1518 1095 1546 1117 ut
1558 1090 1639 1117 uirtus
1653 1089 1762 1118 Domini

965 1125 993 1152 in
1006 1132 1093 1152 eorum
1108 1125 1191 1161 gloria
1204 1125 1285 1160 possit
1299 1125 1416 1160 agnosci.

1216 1180 1251 1209 IN
1271 1180 1435 1209 PSALMUM
1455 1179 1507 1208 CL.

1303 1227 1430 1256 Alleluia.

1270 1280 1459 1302 Ακεωιιςητυιί.

1003 1321 1132 1349 Hortatur
1147 1319 1276 1355 propheta
1300 1324 1355 1347 tam
1368 1324 1493 1355 posteros
1505 1321 1757 1355 quam’praesentes,

966 1360 997 1384 ut
1024 1354 1155 1391 psallendi
1171 1354 1305 1390 litisistant
1332 1354 1438 1391 ofﬁciis.
1458 1354 1561 1389 Aliter,
1583 1354 1683 1391 Christi
1704 1362 1759 1391 vox

965 1389 1031 1427 post
1057 1389 1191 1420 saeculum
1229 1391 1363 1419 devictum
1402 1390 1428 1418 in
1455 1397 1538 1425 regno
1561 1397 1610 1417 suo
1632 1389 1759 1418 laetantis.

965 1427 1062 1456 Amen.
1250 1450 1252 1452 .

1275 1468 1412 1489 ειΡιΑΝΑτ
1417 1467 1454 1488 I0.

977 1522 981 1526 .
1000 1498 1157 1525 Admonetur
1171 1497 1259 1525 civitas
1275 1496 1333 1528 Dei,
1347 1500 1375 1522 ut
1390 1497 1422 1522 de
1438 1496 1527 1522 mundi
1540 1495 1639 1522 ambitu
1648 1503 1760 1531 congre-

965 1537 1027 1568 gata
1039 1532 1151 1560 Domino
1175 1533 1264 1559 laudes
1276 1553 1283 1565 ,
1300 1536 1322 1559 et
1336 1539 1380 1558 ore
1392 1536 1476 1568 cantet
1489 1535 1512 1558 et
1527 1532 1623 1558 animo.
1639 1530 1760 1559 Psalmtts

965 1567 1012 1596 iste
1025 1569 1123 1595 levatus
1144 1569 1179 1595 ad
1201 1568 1275 1594 illam
1292 1567 1451 1603 concordem
1472 1571 1620 1603 sanctorum
1633 1567 1761 1603 omnium

927 1611 951 1644 α
966 1604 1087 1644 unitatem
1101 1625 1109 1637 ,
1124 1603 1280 1644 divisionem
1287 1602 1379 1644 habere
1400 1609 1452 1643 non
1473 1601 1577 1644 debuit,-
1595 1602 1655 1644 q'nia
1666 1601 1760 1644 “totius

967 1640 1051 1674 operis
1076 1639 1195 1672 perducit
1209 1639 1243 1666 ad
1257 1639 1373 1674 uirtutem
1399 1637 1587 1674 inseparabilis_
1600 1636 1735 1674 Trinitatis
1747 1645 1759 1666 .'

966 1671 993 1701 in
1004 1671 1081 1708 linem
1091 1674 1198 1701 intentio
1210 1681 1269 1701 vero
1278 1674 1335 1709 ejus
1349 1673 1405 1709 ipsa
1415 1671 1461 1705 est,
1473 1677 1501 1699 ut
1511 1671 1636 1709 Dominus
1648 1672 1680 1709 de
1695 1680 1759 1700 san-

966 1714 1066 1737 ctorum
1079 1709 1276 1745 congregatione
1289 1707 1426 1735 laudetur.
1441 1708 1531 1735 Amen.
1547 1707 1602 1735 Deo
1615 1707 1717 1736 laudes.

1208 1761 1387 1783 ABGUIBNTIIH
1406 1760 1515 1782 PSALII.

1002 1801 1051 1829 Hic
1065 1801 1184 1836 psalmus
1200 1801 1309 1836 proprie
1323 1800 1441 1836 scriptus
1467 1799 1549 1836 David
1558 1803 1642 1836 extra
1663 1806 1757 1836 nume-

965 1844 1038 1871 rum,
1050 1833 1156 1871 quando
1171 1833 1298 1872 pugnavit
1308 1842 1370 1872 cum
1380 1833 1758 1872 Coliath._Quinquagesimus

966 1878 1006 1901 est
1021 1870 1238 1907 de’poenitentia,
1252 1871 1417 1899 centesimus
1428 1871 1463 1898 de
1475 1870 1661 1907 misericordia
1672 1870 1757 1907 etju-

966 1908 1037 1936 dicio
1049 1927 1058 1941 ,
1069 1905 1246 1935 centesimus
1268 1907 1507 1942 quinquagesima;
1526 1905 1561 1934 de
1574 1905 1622 1934 Dei
1636 1905 1757 1942 Iaudejn

965 1940 1066 1972 sanctis
1082 1943 1150 1978 ejus.
1163 1943 1208 1971 Sic
1219 1940 1291 1970 enim
1302 1941 1335 1970 ad
1345 1940 1480 1970 aeternam
1493 1941 1652 1978 beatamque
1666 1940 1756 1978 tendi‘

965 1987 1026 2007 mus
1054 1976 1155 2012 vitam;
1182 1979 1304 2012 primitus
1326 1982 1418 2005 nostra
1446 1981 1553 2011 peccata
1582 1976 1757 2012 damnando,

966 2015 1065 2043 deinde
1080 2010 1285 2046 bene'vi'vendo,
1309 2017 1338 2039 ut
1358 2017 1419 2046 post.
1441 2010 1523 2039 uitam
1548 2010 1756 2039 condemnatam

965 2051 1077 2082 malam,
1100 2054 1127 2077 et
1147 2054 1248 2084 gestam
1260 2049 1372 2084 bonam,
1386 2053 1539 2084 mereamur
1549 2051 1687 2084 aeternam.
1700 2046 1755 2073 Vo-

966 2086 1019 2114 cati
1035 2081 1117 2117 enim,
1136 2081 1320 2111 rénuutiamus
1347 2082 1454 2109 diabolo
1478 2089 1524 2116 per
1537 2081 1732 2117 paenitentiam
1746 2101 1756 2115 ,

966 2129 1001 2149 ne
1016 2120 1066 2148 sub
1079 2120 1143 2154 jugo
1159 2119 1220 2153 ejus
1240 2124 1446 2154 remaneamus;
1461 2116 1599 2152 justiﬁcati
1627 2123 1757 2154 sanantur

966 2164 1015 2191 per
1029 2152 1249 2187 misericordiam,
1277 2160 1311 2181 ne
1332 2152 1461 2188 judicium
1476 2152 1754 2191 timeamus;glor_ill-

966 2188 1018 2219 'cati
1033 2191 1178 2218 transimus
1191 2190 1216 2217 in
1231 2190 1313 2217 vitam
1328 2193 1468 2222 :eternam,
1480 2188 1525 2216 ubi
1544 2188 1685 2217 Dominum
1695 2188 1756 2216 sine

967 2226 1021 2254 line
1033 2225 1184 2253 laudemus.

463 2329 603 2368 BEDIE
632 2329 944 2369 PRESBYTERI
981 2329 1035 2369 IN
1074 2329 1403 2368 PSALTEBIUM

330 2396 376 2425 ET
394 2395 550 2426 EIUSDEM
569 2395 758 2425 VOCABULA
779 2396 975 2430 EXPOSI'I‘IO,
996 2396 1040 2423 ET
1060 2395 1105 2423 DE
1126 2396 1328 2425 DIAPSRLMIS
1347 2394 1548 2425 COLLECTIO.

748 2441 885 2477 Catalogus
906 2441 1114 2477 diapsalmatum.

194 2487 216 2516 I.
481 2487 514 2522 Et
527 2488 655 2515 adversus
667 2486 803 2513 Christum
818 2487 887 2520 ejus.
1407 2486 1748 2522 Diapsalmadepsalmon.

192 2522 225 2551 II.
475 2521 534 2550 Non
549 2527 589 2550 est
603 2523 676 2549 salus
693 2521 730 2549 illi
748 2521 773 2548 in
790 2522 844 2549 Deo
867 2521 935 2556 ejus.
1416 2522 1534 2556 Diapsal.
1551 2529 1592 2550 tu.

193 2557 238 2586 III.
479 2558 512 2585 Et
524 2557 661 2585 exaudivit
676 2564 718 2585 me
729 2557 763 2584 de
777 2561 869 2584 monte
884 2561 977 2585 sancto
992 2563 1051 2584 suo.
1416 2556 1535 2591 Diapsal.
1549 2557 1634 2587 aliud.

194 2593 243 2621 IV.
478 2593 512 2620 Et
524 2593 642 2626 quaeritis
658 2592 838 2619 mendacium.
1416 2591 1533 2627 Diapsal.
1551 2600 1587 2621 Iv.

195 2628 229 2656 V.
481 2628 514 2656 Et
528 2628 554 2654 in
570 2627 703 2654 cubilibus
719 2628 815 2654 vestris
831 2627 1054 2663 compungimini.
1418 2627 1533 2662 Diapsal.
1549 2629 1586 2656 al.

196 2664 242 2692 Vl.
482 2664 517 2692 Et
531 2663 643 2698 gloriam
658 2670 746 2689 meam
761 2663 787 2689 in
804 2663 938 2697 pulverem
953 2663 1079 2691 deducat.
1418 2663 1536 2698 Diapsal.
1549 2670 1586 2692 vn

479 2707 615 2735 Canticum
629 2706 820 2742 diapsalmatis.

194 2754 253 2784 VII.
482 2754 697 2789 Comprehensos
712 2758 752 2781 est
766 2758 902 2787 peccator.
1419 2762 1456 2783 Is.

194 2790 265 2819 VIII.
477 2791 517 2825 1n
530 2790 616 2816 sciant
629 2794 731 2824 gentes,
745 2789 869 2825 quoniam
885 2790 1007 2818 homines
1021 2794 1092 2819 sunt.
1416 2790 1534 2825 Diapsal.
1552 2789 1587 2818 al.

195 2825 242 2853 IX.
475 2824 509 2851 Et
524 2825 705 2852 holocaustum
722 2829 795 2851 tuum
813 2824 909 2860 pingue
923 2826 980 2853 ﬁat.
1416 2824 1537 2860 Diapsal.
1553 2833 1611 2855 ιιι.

193 2861 228 2889 Χ.
477 2860 534 2887 Non
547 2860 674 2887 lraudasti
687 2867 757 2887 eum.
1410 2860 1527 2895 Diapsal.
1544 2869 1590 2889 xx.

195 2897 241 2926 XI.
478 2896 679 2931 Requirentium
692 2895 786 2925 faciem
801 2895 849 2924 Dei
865 2896 957 2926 Jacob.
1411 2896 1527 2932 Diapsal.
1543 2904 1622 2927 χχιιι.

243 2944 379 2975 ΡΑτιιοι.
395 2942 507 2976 XCIII.

1472 2942 1510 2975 35
