4006 6364
194 283 314 349 “ut

1080 284 1635 349 INTERPBETATIO
1669 241 1981 350 Romanis
2018 289 2484 354 sermonum.

3304 303 3446 363 ως

191 402 450 488 vissimatn
481 399 732 488 dicuntur
774 399 1017 488 reddere
1032 402 1378 488 cantilenam.
1415 402 1745 488 Huic'citha-

1922 406 2190 488 ﬁtspidum
2215 409 2451 488 immane
2468 425 2640 488 genus
2662 420 2747 468 est
2766 422 3095 483 serpentum,
3118 417 3261 488 quod
3283 430 3439 478 natus

185 489 261 533 rte
287 473 476 546 positio
508 472 717 546 videtur
747 488 866 546 esse
898 474 1167 529 contraria
1192 516 1213 539 ,
1238 475 1366 529 dun
1387 476 1530 546 quod
1564 478 1667 531 ista
1698 480 1751 536 in

187 544 299 605 imo
339 546 601 610 continet,
657 544 787 598 illud
835 559 1094 601 conversa
1124 546 1245 601 vice
1269 555 1442 613 gestat
1472 545 1523 600 in
1551 547 1753 617 capite.

188 619 292 672 lloc
316 625 492 673 autem
520 630 691 687 genus
718 620 909 683 organi
934 630 1191 671 canorum
1219 655 1237 680 ,
1266 626 1427 683 atque
1478 619 1755 687 singulare

184 698 386 760 aptatur
416 687 631 760 corpori
664 686 877 740 Domini
908 688 1242 760 Saluatoris,
1294 686 1583 760 quoniam
1610 690 1753 746 sicut

186 758 315 813 istud
336 758 403 812 de
434 758 716 812 altioribus
745 767 903 811 sonat
927 800 945 823 ,
992 758 1070 813 sic
1098 758 1224 813 illud
1254 758 1507 827 gloriosa:
1536 760 1749 814 institu-

186 830 333 884 tionis
362 843 596 897 superna
642 828 1005 885 concelebrat.
1052 830 1163 884 llec
1211 830 1353 897 apud
1380 829 1637 886 ltebrteos
1668 833 1751 886 di-

182 904 313 955 citur
338 900 574 961 nabluru,
607 900 782 965 ipsum
814 916 944 953 vero
972 900 1234 964 psalmum
1263 899 1515 954 Gnaeum
1540 912 1751 958 constat

182 987 297 1028 esse
323 970 639 1026 vocabulum
672 1009 686 1034 ,
740 986 903 1038 quem
931 972 1133 1025 dictum
1166 971 1381 1038 quidam
1415 970 1600 1027 volunt
1647 975 1749 1029 ἀπό

178 1050 269 1098 τοῦ
296 1042 529 1113 ψάλλειν,
562 1041 659 1094 hoc
688 1048 792 1103 est,
825 1056 855 1094 a
890 1041 1342 1113 tangendoaNam
1392 1050 1472 1113 et,
1501 1043 1755 1109 psaltrias

180 1111 499 1168 cithartedas
563 1126 819 1166 viicamus
870 1112 1029 1166 docto
1096 1111 1285 1181 pollice
1354 1112 1753 1170 modulationes

181 1184 406 1237 musicas
438 1184 825 1251 exprimentes.
859 1182 1103 1238 Psalmus
1125 1190 1207 1239 est
1232 1198 1300 1239 ex
1338 1183 1465 1251 ipso
1506 1186 1755 1241 secunde

181 1256 525 1309 instrumento
556 1255 761 1307 musico
786 1298 805 1320 ,
862 1255 919 1307 id.
968 1264 1054 1311 est
1084 1297 1097 1317 ,
1150 1254 1410 1322 psalterio
1453 1255 1753 1311 modulatio

183 1326 417 1396 quardarn
446 1326 617 1378 dulcis
643 1334 694 1378 et
723 1339 921 1396 canora
953 1325 1318 1396 profunditur.

253 1394 523 1451 Canticum
549 1404 651 1460 est,
683 1394 899 1463 quando
924 1396 1043 1464 quis
1074 1395 1322 1450 libertate
1344 1395 1577 1465 proprias
1598 1398 1747 1455 vocis

182 1467 360 1532 utitur,
417 1480 515 1520 nec
564 1466 775 1535 loquaci
834 1468 1189 1521 instrumento
1239 1467 1491 1537 cuiquam
1539 1469 1753 1525 musico

180 1551 408 1593 consona
438 1536 805 1593 modulatione
832 1538 1091 1591 sociatur.

255 1610 487 1663 Psalmus
518 1617 603 1680 est
630 1608 860 1676 hymnus
912 1608 1138 1678 alicujus
1190 1608 1346 1663 metri
1378 1608 1494 1679 lege
1521 1624 1747 1680 compo-

182 1679 329 1743 situs,
346 1681 457 1747 qui,
476 1679 538 1731 ad
557 1680 959 1734 similitudinem
982 1680 1220 1749 przedicti
1236 1682 1440 1749 organi,
1458 1679 1753 1746 supernam

179 1751 329 1805 nobis
350 1750 689 1820 cognoscitur
720 1750 962 1805 'mdicare
993 1750 1267 1806 virtutem.

249 1821 465 1876 Framea
501 1822 660 1875 modo
688 1830 906 1875 contum
932 1864 947 1887 ,
980 1824 1139 1876 modo
1170 1822 1414 1887 loricam,
1442 1824 1607 1878 modo
1633 1824 1750 1892 gla-

177 1892 317 1946 dium
341 1892 600 1962 significat
622 1892 702 1947 bis
731 1901 964 1947 acutum.
1000 1894 1170 1947 Aliter
1201 1894 1464 1950 Arnobius
1498 1912 1510 1945 :
1551 1913 1569 1946 ι
1614 1895 1749 1951 Fra-

176 1978 363 2028 meam,
383 1964 572 2032 inquit,
606 1965 849 2016 humana:
878 1964 1070 2020 littera:
1096 1963 1403 2032 specialiter
1426 1965 1607 2020 dicunt
1630 1968 1750 2019 lan-

176 2050 321 2089 ceam
356 2036 513 2101 regis.
542 2034 644 2087 Nos
676 2043 852 2087 autem
884 2034 1143 2091 frameam
1168 2037 1489 2105 generaliter
1513 2036 1751 2105 gladium

182 2107 235 2159 in
268 2106 781 2176 Scripturissanctis
811 2106 1124 2175 accipimus.
1151 2124 1168 2156 ι
1201 2104 1395 2173 Cinyra
1428 2104 1640 2176 quidem
1671 2118 1753 2164 est

176 2178 359 2232 decem
410 2175 626 2230 chordis
671 2184 944 2230 coarctata
977 2194 989 2229 :
1023 2176 1138 2230 hate
1198 2177 1401 2243 plectro
1431 2175 1749 2247 percutitur;

176 2248 327 2299 nabla
358 2261 506 2314 vero,
531 2246 811 2300 duodecim
842 2262 1004 2301 sonos
1035 2246 1259 2313 habens,
1287 2246 1470 2315 digitis
1496 2251 1746 2317 tangitur.

251 2316 448 2372 Cedrus
477 2332 581 2371 non
626 2324 707 2370 est
762 2317 906 2371 utilis
952 2318 1053 2372 nisi
1085 2319 1299 2373 succisa
1350 2319 1528 2372 fuerit.
1563 2316 1751 2375 Nullos

177 2387 314 2461 enim
340 2388 391 2443 in
421 2402 517 2461 sua
546 2388 722 2461 radice
743 2403 967 2443 manens
986 2388 1261 2458 proﬁcuos
1277 2398 1501 2458 generat
1522 2391 1749 2461 fructus,

176 2460 314 2514 sicut
342 2474 440 2517 nec
471 2459 655 2513 elatio.

247 2530 472 2603 llermo_n
507 2544 701 2597 parvus
729 2544 881 2603 mons
906 2530 1059 2600 juxta
1084 2530 1377 2589 Iordanem
1402 2540 1487 2586 est
1517 2534 1747 2603 positus,

172 2600 308 2654 sicut
334 2617 400 2673 ex
431 2600 835 2673 Deuteronomii
881 2603 1114 2657 lectione
1144 2600 1748 2673 eognoscitnr.iAccipié

171 2688 303 2736 mus,
329 2672 514 2740 inquit,
546 2672 601 2725 in
631 2681 857 2739 tempore
907 2682 1102 2727 terram
1145 2674 1211 2727 de
1258 2674 1494 2727 mnibus
1526 2672 1751 2730 duorum

168 2758 343 2812 regum
381 2744 799 2798 Amorrhworum
828 2784 843 2809 ,
896 2744 985 2815 qui
1035 2757 1183 2800 erant
1231 2755 1374 2799 trans
1402 2744 1687 2799 Iordanem
1718 2762 1755 2801 ω

170 2822 392 2867 torrente
424 2816 600 2868 Arnen
625 2831 788 2885 usque
810 2816 879 2868 ad
913 2828 1137 2869 montem
1156 2816 1412 2869 Harmon.

242 2885 455 2957 Myrrha
488 2897 716 2941 mortem
767 2886 1064 2957 significat,
1099 2902 1263 2957 quam
1317 2902 1414 2954 pro
1470 2886 1751 2944 hominum

170 2955 342 3027 salute
378 2957 638 3011 Mediator
663 2955 927 3027 suscepit.
1050 2955 1077 3005 ἶ

240 3028 397 3082 Gutta
425 3043 543 3096 quze
568 3028 765 3083 dicitur
796 3030 1167 3095 Ammoniaca,
1202 3030 1425 3085 durities
1454 3040 1608 3085 curat
1654 3032 1752 3086 ali-

168 3112 270 3166 qua
302 3099 623 3155 necessitate
644 3110 971 3167 contractas,
998 3117 1117 3170 quae
1142 3102 1365 3169 pulchre
1387 3102 1749 3158 lncarnationi

168 3170 385 3224 Domini
410 3182 752 3238 comparatur
780 3213 794 3237 ,
842 3174 966 3241 quia
1022 3172 1273 3227 dunitiam
1319 3172 1498 3228 cordis
1529 3174 1747 3230 humani

164 3250 349 3295 sancta
381 3242 761 3309 prmdicatione
785 3243 1050 3297 dissolvit.

236 3310 421 3384 Cassia
454 3353 468 3377 ,
526 3328 642 3381 qme
672 3328 701 3367 a
730 3317 928 3368 nostris
970 3315 1149 3369 flsmla
1176 3314 1375 3369 dicitur
1400 3357 1414 3382 ,
1448 3315 1748 3384 redemptio

162 3383 377 3451 generis
406 3385 624 3437 humani
658 3399 752 3453 per
796 3400 992 3455 aquam
1044 3386 1378 3454 baptismatis
1430 3383 1697 3438 indicatur
1725 3428 1741 3453 ,

160 3456 426 3526 quoniam
464 3455 564 3507 hoc
592 3455 775 3509 herba:
807 3473 977 3526 genus
1018 3459 1235 3525 aquosis
1268 3456 1398 3509 locis
1439 3456 1636 3509 dicitur
1666 3457 1747 3509 iu-

160 3524 359 3579 veniri.
393 3525 487 3579 His
514 3526 674 3580 rebus
700 3535 756 3580 et
804 3524 939 3580 odor
992 3524 1131 3581 inest
1169 3528 1349 3580 suavis
1373 3568 1387 3593 ,
1442 3536 1500 3579 ut
1554 3528 1747 3582 merito

156 3607 369 3651 sancta:
398 3598 756 3650 lncarnationi
805 3606 859 3652 et
887 3598 1056 3651 virtus
1109 3598 1398 3652 herbarum
1447 3604 1503 3651 et
1557 3597 1743 3653 odoris

156 3670 400 3721 suavitas
450 3676 817 3736 comparetur.
871 3668 1019 3721 Ebur
1073 3683 1179 3721 non
1236 3668 1301 3721 ad
1353 3668 1497 3722 solas
1527 3667 1744 3723 divitias

154 3737 524 3807 intelligamus
544 3747 785 3806 aptatum
821 3779 836 3804 ,
879 3738 975 3793 sed
1032 3740 1287 3806 quoniam
1335 3738 1556 3807 elephas
1587 3739 1742 3806 cujus

154 3806 279 3863 hac
308 3806 429 3863 ossa
460 3820 586 3863 sunt
628 3810 806 3863 nimiae
848 3809 1111 3864 castitatis
1143 3806 1448 3874 asseritur,
1480 3810 1569 3879 qui
1602 3810 1743 3863 inter

151 3880 525 3947 quadrupedia
555 3889 610 3935 et
651 3895 810 3934 sensu
841 3881 1071 3949 plurimo
1101 3884 1267 3945 valet,
1297 3891 1351 3935 et
1380 3888 1745 3949 temperanter

149 3950 417 4005 miscetur
448 3951 789 4005 feminassuze
822 3992 836 4016 ,
882 3960 936 4005 et
984 3952 1212 4021 conjuge
1240 3952 1474 4005 secunda
1507 3966 1613 4005 non
1640 3951 1743 4005 uti-

149 4028 281 4087 tur;
314 4023 416 4075 hoc
444 4022 651 4090 pudicis
680 4022 893 4076 feminis
923 4022 1176 4077 decenter
1204 4031 1439 4089 aptatum
1473 4031 1577 4077 est.

194 4099 210 4111 '
232 4092 513 4161 Hyssopus
544 4135 559 4160 ,
612 4094 858 4162 quamvis
889 4095 963 4146 sit
995 4093 1158 4147 herba
1200 4094 1415 4146 minima
1466 4092 1739 4147 radicibus

143 4163 297 4225 suis,
342 4177 590 4217 saxorum
622 4169 793 4218 fertur
822 4165 1026 4218 viscera
1057 4174 1355 4232 penetrare.
1408 4163 1531 4219 Hmc
1576 4174 1630 4218 et
1659 4166 1741 4218 in-

144 4232 330 4288 ternis
359 4233 627 4288 hominum
680 4236 931 4289 sauciatis
982 4239 1234 4303 probatur
1262 4235 1605 4290 accommoda
1630 4275 1645 4302 ,
1684 4244 1741 4290 et

144 4306 205 4359 in
252 4304 395 4377 libro
426 4304 661 4361 Levitico
712 4307 988 4359 immolato
1027 4308 1285 4377 sanguine
1316 4307 1542 4360 intincta
1574 4321 1735 4377 supra

146 4375 365 4442 leprosi
396 4390 594 4442 corpus
622 4379 821 4443 septies
853 4378 1061 4431 solebat
1116 4375 1325 4446 aspergi
1356 4419 1369 4442 ,
1426 4376 1736 4445 significans

144 4448 404 4515 pretioso
430 4447 687 4513 sanguine
719 4448 928 4499 Domini
960 4448 1251 4499 Salvaturis
1279 4448 1513 4499 maculas
1543 4460 1735 4513 pecca-

142 4529 337 4571 torum
367 4516 657 4571 efficaciter
683 4530 803 4570 esse
830 4517 1130 4569 diluentlas.
1160 4516 1432 4568 lthamnus
1463 4516 1736 4583 spinarum
1768 4516 1819 4578 ο

139 4602 333 4656 genus
364 4596 455 4642 est
478 4586 884 4655 permolestum,
917 4588 1058 4655 quod
1090 4588 1234 4654 prius
1261 4587 1311 4639 in
1347 4586 1567 4640 herbam
1603 4587 1736 4639 mol-

140 4661 426 4713 lissimam
474 4659 750 4727 pubescit';
782 4659 875 4711 sed
910 4660 994 4709 ubi
1034 4659 1212 4711 adulta
1240 4666 1398 4710 artate
1444 4656 1693 4710 calluerit
1723 4700 1739 4726 ,

139 4731 502 4784 rarnnsculos
532 4729 779 4797 producit
810 4730 1165 4794 acuminatos,
1221 4737 1403 4797 postea
1429 4728 1545 4797 ejus
1578 4727 1742 4782 sudes

138 4802 453 4855 durescunt
484 4800 537 4855 in
568 4802 849 4853 arboream
886 4802 1215 4852 firmitatem.

223 4872 461 4926 Maceria
495 4880 578 4926 est
606 4886 857 4925 saxorum
888 4872 1032 4925 sicca
1064 4869 1405 4923 constructio
1430 4911 1445 4934 ,
1474 4884 1593 4940 qua:
1625 4868 1742 4923 sine

132 4942 340 5012 aliquo
364 4944 624 5012 legamine
645 4945 896 5012 impensa:
921 4943 972 4995 in
999 4942 1163 4994 altum
1195 4943 1348 4995 ducta
1386 4940 1747 5009 componitur.

223 5011 572 5083 Tympanum
604 5024 686 5068 est
716 5015 855 5082 quod
880 5024 1037 5068 tenso
1060 5013 1209 5066 corio
1227 5012 1375 5083 quasi
1395 5026 1554 5080 supra
1580 5011 1735 5079 duas,

134 5093 207 5140 ut
240 5086 319 5137 ita
346 5088 577 5139 dixerim
604 5128 618 5152 ,
670 5097 837 5139 metas
869 5085 959 5139 tibi
992 5084 1058 5137 ab
1100 5093 1253 5137 acuta
1289 5090 1434 5153 parte
1463 5083 1740 5152 c0pulatas

133 5158 300 5212 solet
356 5171 616 5210 resonare
649 5171 1001 5224 percussum,
1046 5155 1185 5208 sicut
1225 5156 1497 5209 hominum
1547 5166 1741 5220 corpus

132 5230 286 5281 dum
326 5242 425 5295 pro
460 5229 686 5281 Domino
725 5226 1068 5279 tribulatione
1113 5227 1369 5294 quatitur,
1402 5226 1469 5279 ad
1513 5236 1743 5293 superna

134 5301 419 5353 rnandata
457 5298 667 5353 dulcius
713 5308 1062 5366 temperatur.

1858 477 1963 561 ra_li
1983 478 2350 561 obstinatione
2370 477 2545 561 vel-5a
2576 477 2959 542 maritandum
2988 477 3102 561 non
3127 477 3439 561 perhibetur

1852 549 2158 631 admittere,
2187 552 2311 631 quia
2342 568 2410 608 ne
2437 554 2596 609 verba
2619 570 2803 611 eorum
2833 559 3101 631 exaudiat,
3127 549 3361 631 ausaque
3388 549 3442 625 la

1853 622 2034 695 tebras
2050 621 2410 695 derelinquat,
2431 640 2595 679 unam
2607 641 2791 682 aurem
2812 621 3121 685 cautissimi
3144 621 3435 695 inflexione

1854 691 2053 771 dicitur
2076 691 2359 771 obturare,
2385 695 2609 771 alteram
2640 712 2766 771 vero
2796 699 2849 753 in
2883 710 3081 756 terram
3110 691 3434 771 deprimere.

1925 761 2228 845 Peiiicanus
2279 765 2697 845 avisnfﬁgyptia
2743 778 2869 835 est,
2918 773 3153 845 ieieoniis
3182 761 3433 845 corporis

1850 833 2155 917 gLanditate
2196 833 2679 917 consimilisfnim
2717 833 2978 917 naturali
3011 844 3181 917 macie
3219 833 3438 917 semper

1851 902 2040 984 affecta
2072 914 2173 970 est,
2204 910 2481 984 quoniam,
2508 902 2651 984 sicut
2680 910 2980 984 physiologi
3021 915 3205 970 volunt
3230 959 3245 980 ,
3280 902 3433 975 tense

1852 973 2103 1053 intestino
2133 973 2231 1044 per
2249 973 2727 1053 viscera'quidqnid
2754 973 3021 1037 escarum
3060 973 3275 1053 accipit,
3313 973 3434 1049 sine

1851 1044 2034 1128 aliqua
2083 1050 2390 1103 recoctione
2435 1044 2769 1128 transmittit.
2792 1054 2967 1128 _Qure_
2982 1069 3088 1109 non
3118 1044 3380 1127 gregatim
3410 1044 3431 1128 ξ

1851 1125 1912 1169 ut
1942 1126 2154 1171 craterae
2182 1133 2311 1174 aves
2336 1159 2352 1185 ,
2402 1122 2544 1175 volat
2568 1163 2582 1187 ,
2619 1123 2719 1175 sed
2757 1123 3083 1180 electatione
3107 1122 3168 1181 s'e
3195 1122 3435 1187 solitaria

1854 1187 2191 1267 consolatur,
2218 1205 2443 1267 quorum
2472 1196 2869 1267 genusstagnis
2912 1197 3196 1267 inhabitat.
3230 1200 3385 1254 Aliud
3413 1242 3428 1267 ,

1853 1265 1913 1335 uti
1938 1259 2139 1335 dictum
2170 1271 2270 1335 est,
2304 1261 2357 1313 in
2389 1259 2621 1335 desertis
2648 1259 2779 1318 locis
2806 1264 3139 1335 secretisque
3161 1259 3429 1327 versatur.

1849 1326 2168 1409 iﬁycticorax
2200 1330 2387 1386 Griece
2416 1333 2609 1409 dicitur
2638 1336 2809 1388 noctis
2839 1326 3075 1409 cervus;
3105 1354 3262 1407 quem
3306 1344 3437 1409 qui-

1849 1398 2271 1479 dambubonem
2300 1442 2316 1467 ,
2348 1403 2579 1479 quidam
2610 1414 2857 1460 noctuam
2883 1420 3004 1479 esse
3027 1398 3300 1465 dixerunt.
3324 1398 3439 1468 'Ali?

1850 1474 2023 1539 magis
2063 1474 2655 1549 corvonmagnitudine
2710 1482 2766 1530 et
2818 1478 3001 1549 colore
3047 1480 3383 1536 consimilem
3412 1521 3431 1549 ι

1850 1554 2009 1620 quem
2062 1541 2368 1620 specialiter
2400 1545 2466 1620 _in
2518 1546 2948 1620 AsimApartibus
2996 1549 3225 1605 inveniri
3276 1541 3433 1620 posse

1852 1619 2140 1667 testantur.
2175 1613 2335 1667 Istum
2368 1614 2508 1668 sicut
2534 1616 2639 1670 diei
2664 1615 2837 1686 fulgor
2863 1620 3144 1675 abscondit
3179 1662 3192 1683 ,
3236 1613 3308 1677 ita
3340 1625 3441 1677 ad-

1851 1693 2042 1736 ventus
2098 1686 2275 1738 noctis
2322 1686 2611 1753 producit,
2651 1696 2705 1743 et
2772 1697 2959 1743 contra
3014 1694 3437 1749 consuetudines

1780 1754 2029 1840 Bavium
2062 1762 2193 1837 tunc.
2228 1756 2395 1823 magis
2417 1757 2636 1840 vigilare
2660 1767 2716 1813 et
2754 1773 2907 1840 escas
2946 1776 3192 1830 quaerere
3220 1765 3430 1835 incipit,

1854 1825 2066 1900 quando
2093 1840 2152 1879 se
2179 1824 2232 1879 in
2263 1824 2512 1900 soporem
2549 1828 2843 1884 animantia
2865 1824 3058 1886 cuncta
3081 1824 3433 1900 componunt.

1929 1895 2120 1973 i‘asser
2141 1905 2223 1951 est
2245 1898 2359 1951 avis
2386 1912 2553 1973 parva
2564 1939 2589 1973 _,
2621 1900 2717 1973 sed
2750 1916 2859 1955 non
2877 1903 3103 1973 minim
3151 1895 3440 1973 sagacitate

1854 1965 2113 2040 sollicita,
2165 1980 2284 2034 qua:
2318 1982 2416 2021 nec
2455 1968 2613 2025 facile
2648 1970 2851 2039 laqueis
2883 1972 3158 2039 irretitur,
3205 1965 3305 2029 nec
3348 1992 3441 2040 per

1854 2034 2142 2113 ingluviem
2173 2042 2376 2113 ventris
2405 2052 2655 2095 escarum
2680 2034 2975 2097 ambitione
3000 2034 3285 2113 decipitur.
3314 2034 3439 2101 [iam

1857 2116 2077 2183 propter
2107 2108 2473 2183 infirmitatem
2493 2125 2657 2183 suam
2700 2126 2766 2166 ne
2808 2114 3041 2183 autipsa
3082 2108 3441 2182 a'przedatore

1854 2178 2119 2249 capiatur,
2152 2188 2246 2231 aut
2275 2180 2414 2234 fetus
2457 2181 2573 2249 eius
2626 2178 2964 2249 serpentinis'
2998 2178 3328 2240 devorentur
3356 2188 3437 2241 in-

1852 2248 2027 2321 sidiis,
2059 2249 2127 2303 ad
2153 2250 2433 2304 domorum
2460 2248 2665 2321 fastigia
2713 2248 2854 2307 eelsa
2892 2257 3185 2309 concurrit.
3235 2256 3432 2313 Turtnr

1854 2319 2035 2373 avium
2081 2321 2457 2387 caSIissimus,
2504 2319 2608 2377 una
2664 2332 2868 2378 tantum
2919 2327 3261 2395 copulatione
3298 2342 3434 2384 con-

1856 2398 1941 2444 ten
1951 2400 2034 2444 [US
2065 2404 2185 2445 esse
2214 2406 2368 2445 narra
2378 2402 2483 2446 tur.

1865 2460 2236 2535 -_lj‘rixo_rium
2263 2472 2365 2535 est
2410 2462 2720 2535 fasciculum
2754 2465 3011 2521 sarmenti
3065 2466 3292 2535 aridum,
3327 2484 3433 2525 non

1855 2530 1961 2585 nisi
1992 2534 2056 2586 ad
2086 2532 2399 2603 incendium,
2436 2544 2643 2603 aptum.
2676 2534 2881 2597 Fulica,
2933 2546 3210 2591 mansueta
3240 2530 3352 2593 avis
3381 2551 3435 2596 et

1854 2604 2029 2678 nigra,
2063 2606 2204 2678 anati
2246 2602 2518 2678 equidem,
2549 2608 2746 2678 minor,
2778 2606 3140 2678 sedicorporis
3169 2611 3433 2678 positione

1854 2674 2174 2746 consimilis,
2202 2677 2293 2744 qui
2325 2675 2377 2728 in
2400 2676 2603 2746 stagnis
2635 2674 3024 2732 delectabiliter
3044 2674 3429 2736 commoratur.

1854 2743 2190 2810 Herinacius,
2224 2743 2383 2815 quem
2417 2743 2673 2801 vocamus
2701 2748 2945 2812 ericium,
2978 2751 3177 2804 animal
3200 2759 3284 2805 est
3313 2766 3431 2807 om-

1856 2816 1987 2889 nino
2012 2816 2283 2882 timidum,
2317 2824 2505 2872 natura
2536 2818 2850 2887 providente
2879 2834 3093 2889 semper
3118 2830 3379 2875 armatum
3410 2864 3427 2889 ,

1853 2888 2009 2955 cujus
2038 2895 2218 2941 cutem
2244 2888 2475 2942 invicem
2505 2900 2741 2943 setarutn
2772 2890 2933 2944 sudes
2962 2888 3274 2945 acutissime
3297 2892 3431 2947 den-

1856 2956 2597 3033 sissimequc_comrnnniunt,
2632 2969 2686 3014 ct
2715 2960 2980 3033 refugium
3010 2961 3170 3015 habet
3219 2978 3435 3033 semper

1856 3026 1909 3081 in
1933 3030 2127 3104 saxis.
2179 3029 2463 3104 :l‘opazion
2500 3045 2692 3104 genus_
2718 3039 2799 3085 est
2836 3026 3035 3098 lapidis
3092 3026 3385 3101 pretiosum
3419 3074 3436 3104 ,

1857 3098 1969 3173 qui
1994 3100 2129 3154 duos
2170 3098 2342 3173 fertur
2380 3098 2579 3155 habere
2611 3101 2843 3173 colores,
2870 3116 3057 3173 unum
3093 3098 3220 3156 'auri
3254 3098 3432 3173 puris;

1772 3151 1821 3215 C
1852 3151 2361 3232 s'imi,"a‘au‘e.~tia
2384 3151 2387 3152 ί
2409 3151 2643 3225 stitia
2661 3151 3283 3229 tuantestrages?
3294 3151 3435 3231 ἶὲἶιῖ-

1850 3240 2024 3314 gnedo
2052 3254 2207 3293 rosea
2247 3241 2659 3314 verecuntlaque
2716 3243 2922 3314 puritas
2947 3285 2963 3309 ,
3014 3244 3222 3299 vicinus
3264 3246 3431 3314 lapidi

1848 3311 2216 3383 chrySOpraso
2249 3310 2614 3381 magnitudine
2648 3352 2663 3377 ,
2696 3314 2798 3383 vel
2847 3313 3049 3379 colore,
3075 3316 3167 3383 qui
3200 3310 3431 3375 maxime

1848 3382 2129 3453 splendet,
2173 3396 2297 3435 cum
2343 3382 2472 3436 solis
2520 3382 2805 3451 Splendore
2834 3386 3149 3452 percutitur.
3182 3387 3349 3453 Quam
3380 3390 3428 3444 si

1849 3453 2021 3526 polire
2052 3452 2207 3526 velis,
2235 3453 2495 3526 obscuras
2516 3470 2540 3526 ;_
2560 3454 2603 3507 si
2620 3456 3099 3526 Anaturae_proprim
3132 3452 3422 3526 relinquas,

1848 3523 2093 3597 irradiat.
2127 3522 2583 3597 Nascidiciturjn
2618 3523 2793 3597 insula
2826 3522 3111 3593 Topazion,
3174 3522 3301 3597 qua!
3347 3522 3431 3584 est

1848 3595 2144 3670 provincia:
2171 3593 2485 3670 Thebaides.
2518 3594 2690 3670 Unde-
2714 3602 2770 3649 et
2801 3610 2992 3650 nomen
3021 3593 3234 3670 accipit.
3260 3599 3425 3670 Chry-

1846 3664 2067 3718 stallum
2110 3674 2191 3719 est
2223 3667 2275 3720 in
2305 3664 2521 3719 modum
2569 3664 2691 3719 vitri
2733 3680 2831 3734 per
2869 3664 3180 3722 numerosas
3226 3664 3429 3726 hiemes

1848 3735 2045 3809 glacies
2074 3736 2391 3809 condurata,
2439 3744 2494 3809 et
2544 3736 2596 3789 in
2644 3736 2895 3809 duritiam
2945 3739 3059 3793 saxi
3106 3738 3316 3809 liquens
3341 3743 3432 3798 ad-

1846 3806 2061 3860 modum
2108 3806 2359 3873 perducta
2394 3806 2710 3861 substantia.

1918 3880 2186 3947 Organum
2219 3885 2301 3931 est
2335 3879 2489 3945 quasi
2518 3877 2678 3932 turris
2705 3878 2948 3948 quaedam
2976 3879 3202 3935 diversis
3228 3880 3419 3938 fistulis

1844 3946 2127 4014 fabriCata,
2162 3948 2354 4017 quibus
2382 3948 2509 4002 ﬂatu
2534 3946 2736 4003 folliuni
2771 3966 2869 4002 vox
2897 3951 3270 4017 copiosissima
3309 3955 3419 4008 dis-

1844 4022 2066 4081 tinetur,
2094 4030 2221 4073 etut
2258 4034 2377 4074 eam
2414 4020 2703 4073 modulatio
2732 4019 2925 4073 decora
2974 4031 3281 4089 componat,
3314 4024 3422 4075 liti-

1843 4090 1960 4159 guis
1977 4091 2291 4162 quihusdam
2317 4091 2507 4162 ligneis
2536 4091 2610 4162 ab
2628 4090 2865 4141 interiori
2894 4098 3040 4162 parte
3069 4093 3418 4162 construitur,

1844 4176 1975 4231 quas
1997 4160 2454 4231 disciplinabihter
2476 4160 2849 4231 magistrorum
2876 4159 3022 4228 digiti
3045 4159 3421 4231 reprimentes,

1842 4230 2223 4302 gramlisouam
2255 4230 2497 4281 efliciunt
2519 4230 2964 4302 etsuavissimam
2995 4234 3341 4290 cantilenam.

1915 4303 2171 4370 Cymbala
2200 4310 2402 4374 suntex
2428 4300 2695 4374 permistis
2718 4302 2948 4374 metallis
2971 4304 3211 4374 minima:
3230 4305 3425 4374 phialas

1842 4374 2171 4445 cciuposiue,
2192 4371 2782 4445 ventriculaartificiosa
2803 4372 3164 4429 modulatione
3184 4371 3422 4445 collisae;

1842 4444 2208 4501 acutissimum
2250 4456 2439 4495 sonum
2466 4441 2771 4495 delectabili
2800 4445 3083 4499 collatione
3116 4441 3424 4503 restituunt.

1929 4513 2049 4585 Sela
2081 4515 2299 4567 verbum
2325 4512 2669 4585 Septuaginta
2695 4514 3040 4585 interpretes,
3072 4515 3428 4585 Symmachus

1852 4592 1909 4639 et
1938 4584 2235 4657 Theodotio
2262 4583 2549 4652 diapsalma
2579 4584 2993 4657 transtulerunt,
3052 4583 3253 4657 AQuila.
3296 4603 3426 4645 vero

1853 4670 2077 4725 semper.
2107 4656 2171 4707 Et
2223 4664 2347 4723 puto
2376 4662 2467 4706 aut
2498 4655 2685 4707 musici
2717 4656 2990 4722 cujusdam
3034 4655 3152 4713 soni
3195 4673 3315 4713 esse
3356 4661 3431 4715 si-
3484 4680 3491 4685 τ

1853 4726 2160 4795 gnaculum,
2194 4733 2457 4799 anticerte
2482 4726 2900 4799 perpetuitatem
2928 4742 3111 4799 eorum
3145 4744 3263 4797 quae
3292 4746 3430 4799 pric-

1852 4800 1992 4850 dicta
2031 4810 2153 4851 sunt
2200 4796 2455 4851 indicare.
2492 4795 2801 4863 Ubicunque
2828 4797 2961 4860 sela,
3000 4797 3099 4852 hoc
3144 4795 3251 4867 est,
3294 4795 3420 4856 'dia-

1853 4868 2079 4937 psalma,
2099 4870 2209 4921 sive
2222 4884 2419 4937 semper
2437 4869 2739 4937 apponitur,
2758 4867 2826 4920 ibi
2845 4867 3076 4923 sciamus
3094 4883 3200 4925 non
3220 4879 3427 4927 tantum

1858 4939 1923 4991 ad
1955 4953 2190 5006 przesens
2222 4949 2426 5005 tempus
2458 4981 2470 5004 ,
2506 4952 2687 4992 verum
2744 4940 2810 4991 ad
2864 4947 3123 4994 :eternum
3167 4942 3255 4997 vel
3300 4956 3421 5009 qua:

1847 5020 2164 5077 sequuntur,
2183 5014 2261 5063 vel
2285 5026 2401 5077 qua:
2428 5018 2816 5077 prazcesserunt
2837 5012 3128 5078 pertinere.
3156 5011 3281 5066 Haec
3302 5012 3425 5068 Hie-

1848 5094 2060 5145 ronym.
2086 5080 2277 5134 Verum
2301 5082 2624 5148 Augustinus
2655 5088 2800 5147 putat
2822 5080 2912 5134 ubi
2934 5083 3226 5150 diapsalma
3253 5084 3421 5137 inter-

1850 5152 2083 5219 ponitur,
2108 5166 2473 5219 personarum,
2498 5153 2611 5203 sive
2634 5165 2917 5215 sensuum,
2935 5152 3045 5206 fieri
3077 5154 3421 5220 permutatio-

1850 5237 1993 5292 nem,
2016 5232 2068 5275 ut
2094 5223 2228 5276 sicut
2256 5224 2573 5291 syuipsalnia
2594 5222 2778 5275 Graece
2804 5238 2990 5276 vocum
3013 5224 3240 5279 adunata
3258 5239 3420 5292 copu-

1850 5291 1979 5347 latio
1995 5294 2207 5359 dicitur,
2224 5295 2292 5346 ita
2310 5294 2379 5347 sit
2396 5292 2686 5360 diapsalma
2704 5307 2889 5347 vocum
2907 5304 3059 5362 rupta
3074 5291 3420 5349 continuatio.

144 5389 3424 5426 ’,Μ-*ἡ

541 5491 792 5570 ΙΤΕΜ
872 5488 1701 5569 INTERPRETATIO
1777 5486 2272 5565 NOMINUM
2352 5484 3021 5565 HEBR/EORUM.

228 5629 555 5691 Abessalon,
584 5629 739 5683 Pater
767 5630 927 5699 pacis.
966 5629 1177 5697 Asapb,
1208 5641 1540 5699 congregans.
1572 5626 1744 5679 Abra-

138 5706 283 5759 ham
310 5744 324 5767 ,
370 5701 529 5755 Pater
558 5704 727 5754 videns
756 5702 1036 5771 pOpulttm,
1083 5700 1177 5753 vel.
1218 5698 1372 5751 Pater.
1422 5700 1738 5771 multarum,

132 5778 199 5831 id
259 5784 383 5840 est,
434 5776 677 5843 gentium.
731 5769 1029 5846 Allophylii,
1088 5771 1405 5846 alienigcnw.
1454 5769 1735 5846 zEgypttit,

134 5840 811 5917 ιγᾱὺιιιαιέοίοιιηειηδταηδ.
866 5842 1158 5915 ίΕιΙιίορία,
1202 5842 1441 5909 tenebrw,
1476 5844 1556 5896 vel
1586 5840 1733 5911 ignis.

1850 5625 2082 5679 Arabum
2111 5621 2356 5689 Agamui,
2385 5622 2611 5673 adtente.
2646 5621 2891 5681 Ammon,
2924 5616 3145 5685 populus
3169 5622 3421 5677 mini-oris.

1846 5697 2035 5758 Assur,
2086 5696 2326 5761 dirigens.
2382 5692 2628 5759 Abaron,
2678 5689 2839 5742 Pater
2877 5694 3124 5761 sttscitans
3173 5692 3421 5748 dolorem.

1848 5772 2052 5827 Aaron,
2102 5760 2245 5816 moue
2300 5763 2632 5831 fortitudinis.
2682 5760 3151 5828 Amorrhmorum,
3201 5780 3420 5816 amaro-

1850 5853 1981 5892 rttm.
2040 5836 2241 5908 Aleh,
2285 5835 2423 5893 mille
2461 5834 2574 5890 sive
2616 5833 2866 5888 doctrina.
2902 5831 3237 5907 ‘Benjamin,
3276 5834 3423 5907 ﬁlius
