4006 6364
536 296 673 367 rios

991 289 1196 349 BEDIE
1234 286 1683 347 VENERABILIS
1718 285 1869 344 OPP.
1907 281 2085 341 PARS
2122 281 2189 339 ll.
2229 279 2422 340 SECT.
2464 280 2530 337 ll.
2570 307 2639 323 -—
2667 276 2872 337 DUBIA
2910 276 3001 334 ET
3041 277 3308 335 SPURIA.

3641 283 3785 341 HM

524 412 768 466 dextere.
821 410 1021 471 Basan,
1059 390 1315 476 pinguedo
1353 406 1466 461 sive
1504 406 1730 476 brucus;
1783 416 1907 476 nam
1954 399 2093 476 quod
2119 403 2175 465 Α
2198 400 2352 476 risus,
2388 398 2501 476 sive
2518 396 2797 476 gaudium.
2830 393 3058 476 lernael,
3086 396 3279 476 auditio
3311 393 3430 450 Dei.
3484 396 3792 476 ngin,_;¢-

527 481 866 551 interpretari
886 479 1031 551 solet
1058 472 1340 551 ignominia
1359 517 1374 541 ,
1403 476 1539 551 busa
1551 474 1765 551 dicitur.
1782 472 2055 551 _Babylon
2076 513 2092 538 ,

524 542 779 621 confusio.
812 542 1141 623 Belpbegor,‘
1159 547 1346 623 habens
1371 564 1431 623 _os
1452 545 1740 623 pellicium.
1774 543 1973 623 Gades,

526 614 738 687 mutata,
768 621 847 675 vel
878 614 1071 673 sancta.
1102 618 1316 683 Cesion,
1347 617 1541 672 duritia
1571 631 1745 670 eorum
1774 614 1857 669 vel
1889 614 2090 687 latitia.

525 690 654 750 Col.
698 683 913 756 vacatio,
943 691 1025 743 vel
1055 689 1182 752 avis,
1227 687 1321 741 sed
1364 687 1554 743 melius
1598 686 1848 739 excttssio.
1896 683 2089 756 Gedar,

527 761 741 815 tenebra:
788 761 871 814 vel
901 752 1122 815 'mteror.
1179 758 1376 825 Cbusi,
1422 756 1666 826 ίΕιΙιὶορε
1696 756 1782 809 vel
1811 752 2087 817 notabilis,

526 831 665 898 quod
694 833 757 883 ad
787 830 1005 899 Saulem
1033 830 1280 899 pertinet,
1307 830 1427 895 quia
1458 827 1770 899 abAbumero
1798 834 1852 899 et
1865 838 2090 899 sursum

525 890 811 956 eminebat.
847 890 942 965 ἵν,
974 890 1174 953 omnem
1203 890 1703 968 populum.,Cbam,
1736 896 1963 957 calidus;
1996 892 2089 947 sed

525 972 799 1039 sciendum
827 971 968 1039 quod
1002 972 1054 1022 in
1088 970 1311 1023 Hebraeo
1340 970 1420 1023 chi
1444 1009 1458 1031 ,
1508 968 1755 1039 scribitur
1788 974 1964 1039 autem
1998 978 2091 1032 per

522 1038 641 1093 heth
663 1081 677 1105 ,
717 1036 1053 1110 quze'duplici
1082 1040 1410 1106 aspiratione
1440 1036 1727 1110 profertur.
1779 1036 2050 1110 Clianaam
2073 1074 2087 1099 ,

521 1120 691 1164 motus
719 1104 891 1166 eorum
920 1104 1004 1164 vel
1036 1104 1341 1178 negotiator,
1389 1104 1479 1162 aut
1519 1107 1749 1159 humilis.
1799 1104 2086 1178 Cherubin,

522 1180 749 1234 scientiw
775 1180 1068 1244 multitudo,
1100 1174 1207 1232 ’θυι
1247 1179 1470 1233 scientia:
1499 1178 1798 1231 intellectus.
1850 1174 2087 1238 Cboreb,

522 1250 664 1319 quod
705 1252 755 1304 in
797 1251 1021 1306 Hebrazo
1050 1249 1188 1305 Oreb
1219 1251 1489 1312 scribitur,
1522 1248 1657 1319 etin
1684 1256 1906 1319 tempore
1933 1244 2091 1319 ardor

521 1315 633 1374 sive
660 1322 861 1395 siccitas
881 1362 906 1395 ,_
943 1330 1035 1395 aut
1069 1334 1248 1395 corvus
1267 1320 1374 1395 fel
1400 1317 1644 1395 solitudo.
1699 1315 1859 1371 David
1880 1358 1895 1381 ,
1942 1315 2091 1395 fortis

521 1405 697 1457 manu,
730 1394 845 1445 sive
874 1390 1245 1445 desiderabilis.
1266 1390 1488 1453 Datlian,
1518 1390 1726 1441 domum
1752 1401 1947 1452 eorum,
1976 1390 2090 1440 sive

520 1462 772 1529 stt/ﬁciens
799 1462 1011 1515 donum.
1060 1461 1317 1524 Itlzraites,
1350 1476 1513 1513 semen
1548 1458 1659 1511 Dei.
1707 1457 2088 1529 Erinontana-

522 1525 687 1602 nam
730 1535 861 1602 ejus.
922 1531 1131 1596 Endor,
1184 1532 1384 1593 oculus,
1412 1531 1526 1584 sive
1570 1529 1686 1602 [oris
1732 1525 2084 1602 generationis.

520 1598 780 1671 Ephrem,
833 1602 1068 1671 frugifer,
1120 1603 1231 1655 sive
1271 1616 1515 1671 crescens.
1570 1598 1831 1671 Epitrata,
1864 1598 2085 1671 ubertas.

523 1667 743 1734 Galaad,
776 1667 984 1726 acervus
1007 1672 1299 1725 testimonii.
1351 1670 1513 1725 Gebal
1536 1710 1550 1734 ,
1583 1670 1727 1722 vallis
1756 1678 1915 1722 vetus.
1966 1667 2086 1720 ldu-

523 1757 688 1803 maza,
723 1754 951 1807 terrena,
992 1743 1103 1796 sive
1132 1742 1433 1811 sanguinea.
1486 1740 1645 1793 Israel
1668 1779 1683 1801 ,
1728 1739 1801 1811 vir
1832 1749 1922 1811 aut
1950 1754 2089 1791 mens

520 1812 691 1865 videns
724 1813 903 1878 Deum,
951 1812 1044 1867 sed
1078 1807 1270 1867 melius
1311 1813 1546 1881 princeps
1577 1826 1691 1864 cum
1718 1807 1849 1863 Deo.
1904 1809 2090 1876 Isaac,

2200 471 2363 540 piens,
2397 469 2480 523 vel
2511 466 2842 540 intelligens._
2864 466 3052 540 Jacob,
3086 468 3467 540 supplantator.
3512 468 3792 540 louadab,

2198 536 2404 593 Domini
2441 536 2767 607 spontaneus.
2818 536 3100 601 Jordanis,
3152 538 3411 592 descensio
3440 554 3648 593 eorum.
3699 536 3796 596 10;

2134 610 2137 613 ’
2189 610 2356 677 ‘sepb,
2407 619 2755 679 augmentum.
2805 607 2973 679 Juda,
3024 607 3289 675 laudatio,
3339 611 3453 665 sive
3503 612 3792 679 confessio.

2193 676 2396 746 Judzea,
2424 676 2692 748 conﬁtens,
2721 688 2811 734 aut
2839 676 3084 732 laudans.
3135 681 3293 745 Loth,
3324 676 3622 736 declinans.
3673 683 3789 737 Ma-

2194 766 2398 815 nasses,
2433 752 2641 806 oblitus.
2687 750 2862 814 Moab,
2891 766 2955 802 ex
2985 758 3145 816 patre.
3192 751 3421 820 Moyses,
3457 766 3785 818 assumptus.

2194 822 2403 883 Manna.
2428 821 2549 889 quid
2572 831 2641 873 est
2667 821 2781 873 hoc.
2810 821 3001 884 Madia,
3023 820 3320 890 dejudicio.
3356 822 3787 891 Melchisedech,

2192 907 2283 945 rex
2302 892 2536 962 justitite.
2562 891 2827 960 Nepbtali,
2856 891 3096 955 latitudo,
3129 893 3241 947 sive
3271 894 3616 959 comparatio.
3649 894 3787 959 Nan,

2193 962 2325 1032 fetus
2353 963 2433 1015 vel
2468 962 2652 1029 piscis,
2694 963 2808 1015 sive
2835 963 3219 1027 sempiternum.
3272 963 3537 1027 Pliinees,
3579 967 3666 1017 ori
3694 982 3790 1031 pa—

2191 1048 2367 1093 scens,
2414 1034 2498 1085 vel
2550 1046 2639 1084 ore
2680 1033 3015 1101 requiescens.
3075 1032 3312 1101 Pharao,
3346 1034 3637 1101 dissipans,
3672 1038 3792 1092 sive

2192 1103 2564 1167 discooperiens
2591 1118 2728 1157 eum.
2758 1102 2919 1164 Oreb,
2952 1102 3173 1157 siccitas.
3204 1105 3299 1171 Og,
3330 1119 3645 1157 coacervatis
3674 1106 3792 1161 sive

2189 1173 2538 1226 absconditus.
2568 1172 2720 1238 Sion,
2739 1187 2833 1226 ara;
2854 1175 2965 1225 sive
2986 1176 3209 1243 specula.
3244 1174 3490 1238 Sicliem,
3511 1174 3788 1231 humerus.

2190 1243 2348 1301 Sina,
2379 1243 2677 1296 mandatum
2702 1243 2785 1297 vel
2813 1258 3077 1298 mensura.
3129 1244 3366 1309 Selmon,
3400 1245 3588 1297 umbra
3622 1246 3790 1312 ofen-

2191 1314 2369 1377 diculi,
2399 1314 2510 1367 sive
2540 1314 2710 1383 imago
2738 1314 3075 1383 fortitudinis.
3131 1314 3269 1369 Saba
3290 1360 3304 1383 ,
3336 1316 3638 1382 captivitas.
3694 1316 3793 1371 Se-

2191 1383 2329 1445 lom,
2370 1384 2587 1448 avulsio,
2622 1385 2703 1439 vel
2734 1385 2987 1449 dimissio,
3035 1385 3148 1440 sive
3177 1386 3263 1439 ubi
3289 1396 3357 1440 est
3385 1387 3519 1448 ipse.
3576 1386 3788 1453 Sisara,

2190 1454 2363 1526 gaudii
2408 1455 2652 1527 erclusio.
2706 1454 2953 1527 samuel,
3002 1470 3185 1509 nomen
3232 1460 3341 1527 ejus
3395 1456 3558 1527 Deus.
3614 1454 3786 1519 Seon,

2228 1540 2397 1596 crimen
2442 1525 2664 1596 inutile,
2714 1524 2826 1578 sive
2872 1527 3079 1596 tentatio
3110 1524 3371 1581 lacessens.
3427 1526 3650 1596 Tyrus,
3700 1529 3788 1594 qui

2192 1542 2397 1648 q'emten
2442 1542 2623 1578 mutue
2648 1565 2664 1589 ,
2714 1542 2826 1578 Sive
2872 1542 3079 1579 tentatto
3110 1542 3371 1581 tacessens.
3438 1542 3457 1579 ι
3475 1542 3607 1596 yrus
3630 1566 3650 1592 ,
3700 1543 3787 1594 qui

2244 1595 2456 1666 ebraice
2481 1594 2673 1666 dicitur
2699 1611 2828 1661 sors,
2857 1594 3139 1666 tribulatio,
3169 1599 3280 1651 sive
3308 1599 3573 1666 angustia.
3600 1596 3787 1661 Tunis,

2192 1665 2445 1718 mandans
2484 1665 2717 1719 humilia.
2774 1665 2973 1729 Tabor,
3021 1668 3221 1721 veniens
3250 1665 3445 1729 lumen,
3487 1669 3574 1721 vel
3618 1670 3790 1720 veniat

2196 1737 2301 1789 lux.
2346 1735 2473 1800 Zeb,
2506 1736 2677 1803 lupus.
2708 1735 2920 1802 Zebtee,
2949 1738 3172 1791 victima.
3216 1737 3477 1807 Zabulon,
3512 1737 3792 1791 habitacu-

2197 1806 2305 1859 lum
2335 1806 2671 1875 fortitudinis.

537 1930 3789 1958 Mm

1282 2016 1959 2095 VENERABILIS
2017 2016 2299 2094 BED/E
2354 2015 2976 2093 PRESBYTERI

518 2154 730 2217 Sermo
761 2150 833 2213 de
882 2169 944 2212 eo
984 2148 1152 2229 quod
1185 2149 1415 2229 legitur
1445 2151 1511 2211 in
1538 2148 2165 2228 psalmisLDominus
2220 2150 2295 2211 de
2340 2147 2513 2230 caelo
2536 2151 2864 2226 prospexit
2892 2167 3087 2228 super
3116 2150 3280 2212 ﬁlios
3316 2152 3691 2230 hominum,
3721 2167 3791 2219 ut

1360 2230 1564 2292 videat
1594 2231 1646 2291 si
1675 2237 1770 2293 est
1800 2230 2159 2307 intelligens
2190 2236 2304 2289 aut
2335 2228 2667 2304 requirens
2698 2230 2927 2290 Deum.

718 2394 1080 2451 PROLOGUS
1118 2393 1499 2461 SEQUENTIS
1536 2393 1891 2452 OPUSCULI.

586 2513 713 2570 Cum
738 2514 905 2582 plures
927 2510 1135 2565 clericos
1160 2511 1213 2563 in
1235 2510 1408 2564 schola
1430 2512 1727 2565 constitutos
1747 2528 2095 2581 agnoscerem,

518 2587 587 2639 ad
616 2587 708 2637 hoc
733 2599 882 2652 quam
913 2582 1132 2635 maxime
1160 2597 1356 2643 vacare,
1384 2590 1438 2633 ut
1462 2582 1747 2635 litterarum
1772 2583 2095 2636 steculariunt

520 2657 750 2710 notitiam
793 2662 1062 2722 caperent,
1111 2668 1222 2721 qua:
1262 2653 1525 2705 auditores
1568 2668 1685 2705 suos
1726 2654 2094 2706 studiosissime

517 2728 694 2780 docent
721 2725 950 2778 carnalia
981 2733 1243 2793 appetere,
1292 2738 1383 2789 pro
1416 2724 1687 2774 obtinenda
1717 2724 1896 2776 mundi
1925 2724 2093 2794 gloria

517 2795 819 2849 contendere
843 2834 859 2859 ,
908 2794 1327 2862 syllogismorum
1366 2802 1413 2844 ct
1453 2804 1866 2862 argumentorum
1893 2794 2095 2847 subtili-

520 2877 646 2920 tates
692 2851 881 2917 discere
910 2851 1027 2931 ,vut
1046 2851 1323 2930 "quoslibet
1370 2851 1621 2931 simplices
1650 2881 1769 2916 cum
1797 2865 2095 2917 verbositate

518 2936 812 3005 hujusmodi
848 2934 1215 3005 circumventos
1256 2934 1447 3005 possint
1492 2934 1752 3005 irridere:
1798 2935 2007 2987 tractavi
2036 2943 2093 3005 et

520 3002 612 3079 ego
642 3007 829 3058 litteras
852 3004 973 3083 illas
1007 3005 1169 3083 legere
1196 3042 1211 3065 ,
1255 3002 1659 3083 quibus‘uliquos
1687 3005 1754 3055 ad
1784 3020 1942 3083 sacrte
1967 3004 2093 3083 fidei

2200 2389 2374 2428 sarum
2402 2370 2571 2426 studia
2600 2370 2652 2424 in
2677 2370 2993 2424 contrarium
3022 2378 3261 2426 vertentes
3291 2389 3350 2427 ea
3377 2378 3712 2430 contentione
3738 2390 3784 2434 et

2200 2444 2524 2498 azmulatione
2563 2443 2839 2513 fecerimus
2884 2440 3044 2504 bona,
3089 2458 3200 2513 quin
3234 2442 3313 2496 illi
3357 2447 3529 2513 facere
3578 2451 3785 2503 student

2199 2516 2353 2568 mala.
2393 2514 2502 2586 Quo
2527 2510 2759 2564 videlicet
2784 2520 3085 2586 argumento
3104 2510 3386 2586 Dominum
3413 2516 3469 2567 in
3494 2515 3782 2586 Evangelia

2199 2587 2411 2654 legimus
2434 2584 2527 2649 uti,
2548 2597 2664 2654 cum
2686 2580 2984 2646 parabblam
3005 2580 3217 2654 protulit
3240 2586 3303 2635 de
3325 2583 3534 2639 homine
3556 2580 3780 2645 villicum

2198 2651 2439 2726 habente,
2485 2652 2572 2721 qui
2593 2667 2897 2726 Aagnoscens
2925 2666 2980 2705 se
3002 2651 3369 2726 a__v_illicatione
3400 2658 3780 2726 deiiciendum,

2199 2724 2417 2798 providit
2462 2738 2551 2792 per
2579 2722 2812 2798 fraudem
2848 2738 2962 2791 qua:
2998 2722 3093 2798 sibi
3139 2728 3629 2798 profuturaforent
3666 2722 3777 2798 post

2198 2790 2547 2867 dejectionem.
2578 2790 2729 2845 lianc
2750 2790 2923 2867 itaque
2942 2790 3357 2867 parabolam‘non
3378 2790 3499 2848 ideo
3523 2790 3778 2855 Dominus

2197 2863 2392 2929 retulit,
2420 2873 2473 2917 ut
2498 2878 2796 2934 quemquam
2824 2863 3055 2934 incitaret
3084 2864 3151 2916 ad
3178 2866 3409 2934 fraudem
3439 2870 3737 2934 faciendam
3756 2889 3774 2926 :

2198 2938 2286 3015 sed
2329 2945 2515 3015 utnnos
2555 2932 2786 3015 doceret,
2816 2932 3321 3015 ita‘prudentes‘esse
3349 2938 3404 2989 in
3436 2932 3619 3015 bonis,
3650 2942 3775 2994 sicut

2200 3006 2286 3060 ille
2325 3004 2527 3079 villicus
2568 3004 2673 3079 fuit
2709 3005 2761 3056 in
2804 3004 2990 3079 malis:
3023 3007 3147 3079 bene
3166 3007 3394 3079 videlicet
3423 3004 3773 3079 dispensanda

516 3073 768 3149 nbrmarn,
796 3075 861 3128 ad
889 3076 1084 3149 timoris
1115 3073 1584 3149 amorisquedivini
1612 3089 1808 3149 curant,
1937 3076 2093 3149 spiri-
2117 3088 2163 3149 ε
2199 3077 2367 3149 ρηιηὶα
2404 3090 2516 3143 quae
2559 3074 2699 3126 nobis
2740 3089 2772 3125 a
2813 3074 2920 3126 Deo
2962 3077 3304 3149 conceduntur
3330 3078 3385 3129 in
3419 3073 3519 3132 hoc
3558 3087 3773 3137 mundo.

521 3149 640 3201 talis
671 3147 787 3200 vita:
820 3147 1112 3215 puritatem,
1143 3142 1209 3195 ad
1238 3142 1539 3195 humilitatis
1569 3152 1615 3196 et
1646 3143 1910 3199 charitatis
1938 3148 2091 3197 devo-

518 3217 727 3283 tionem,
760 3214 827 3269 ad
857 3216 1197 3284 paenitentiam
1226 3214 1632 3284 male/actorum,
1657 3216 2090 3269 emendationem-

517 3304 616 3359 que
661 3281 866 3359 morum
908 3287 1194 3359 incitarem.
1241 3281 1735 3359 Intellexi_namque
1774 3301 1945 3359 verum
1986 3302 2092 3340 esse

519 3354 657 3427 quod
688 3358 929 3426 scriptum
960 3364 1065 3408 est.
1097 3354 1455 3427 Diligentibus
1474 3355 1640 3408 Deum
1674 3356 1851 3409 omnia
1886 3370 2090 3422 c00pe-

518 3425 707 3482 rantur
738 3425 796 3480 in
821 3428 1016 3481 bonum
1042 3443 1053 3477 :
1076 3425 1195 3492 quia
1224 3434 1326 3475 tam
1354 3425 1545 3495 malum
1570 3442 1721 3495 quam
1752 3427 1939 3495 bonum
1971 3443 2088 3493 pro-

519 3500 663 3553 desse
690 3505 872 3563 potest,
904 3496 980 3548 his
1009 3497 1093 3563 qui
1123 3495 1342 3564 diligunt
1375 3494 1540 3548 Deum
1567 3494 1619 3548 in
1648 3497 1873 3549 veritate.
1909 3494 1975 3547 Et
2002 3497 2090 3549 bo-

516 3586 640 3622 num
663 3570 885 3638 quidem,
905 3566 1024 3638 quia
1045 3567 1169 3619 satis
1192 3576 1323 3634 patet
1346 3566 1600 3638 quomodo
1620 3567 1799 3638 prosit,
1819 3576 2084 3636 prtetereo.

517 3640 596 3693 De
632 3635 764 3691 malo
793 3638 887 3689 hoc
913 3637 1079 3689 dicere
1109 3639 1241 3694 volo.
1280 3640 1397 3705 quia
1413 3635 1585 3707 _tribus
1619 3636 1781 3707 modis
1809 3638 1942 3705 parit
1969 3654 2087 3707 pro-

522 3715 707 3779 fectum
730 3708 807 3761 his
828 3708 1074 3779 duntaxat
1096 3707 1185 3774 qui
1206 3704 1379 3779 timent
1401 3704 1699 3779 Dominum.
1736 3704 1878 3760 Unus
1901 3704 2087 3777 quippe

517 3776 697 3832 modus
727 3788 829 3841 est,
860 3793 974 3829 cum
1004 3776 1139 3829 Deus
1170 3778 1362 3843 aliquos
1394 3776 1697 3843 dissolutos,
1732 3788 1776 3830 et
1805 3780 1872 3830 ad
1900 3776 2085 3831 cuncta

519 3849 636 3903 boni
668 3848 831 3917 aperis
863 3847 1035 3917 studia
1066 3848 1367 3913 negligentes
1410 3847 1579 3899 videns
1605 3889 1619 3909 ,
1668 3849 1955 3916 permiserit
1999 3864 2085 3902 eos

519 3922 697 3972 cadere
723 3921 772 3971 in
805 3916 1010 3981 aliquod
1035 3917 1245 3980 crimen,
1277 3917 1351 3969 vel
1387 3918 1667 3985 periculum
1694 3921 1905 3985 grande,
1940 3927 1993 3971 ut
2023 3936 2085 3972 ea:

518 3992 610 4043 hoc
639 3989 895 4042 huntiliati
938 3996 982 4039 et
1021 3986 1189 4056 afﬂicti
1214 3996 1458 4055 cogantur
1491 3986 1638 4038 illum
1693 4004 1782 4053 pro
1811 3990 2084 4041 necessita-

517 4062 647 4113 tibus
696 4060 798 4113 suis
846 4059 1103 4111 invocaic.
1162 4056 1273 4110 Hoc
1319 4058 1473 4126 igitur
1512 4057 1661 4109 modo
1708 4058 1901 4125 talique
1944 4060 2081 4113 malo

516 4132 685 4199 plures
716 4128 985 4197 compulsi,
1026 4126 1401 4199 adiDominum
1428 4138 1545 4179 sunt
1575 4129 1820 4181 conversi.
1874 4126 1952 4199 De
1980 4145 2084 4197 qua

516 4198 861 4270 compulsione
904 4208 950 4250 et
988 4199 1041 4251 in
1073 4198 1347 4269 Evangelia
1381 4198 1601 4267 legitur:
1641 4200 1760 4266 quia
1790 4214 1903 4252 cum
1934 4198 2080 4253 homo

515 4272 720 4339 quidam
757 4270 952 4327 fecisset
988 4284 1179 4321 caenam
1210 4285 1467 4337 magnam,
1516 4277 1559 4321 et
1607 4281 1827 4322 vocasset
1870 4274 2076 4338 multos,

516 4341 611 4411 qui
650 4339 878 4411 nolebant
923 4342 1128 4391 venire:
1178 4352 1445 4411 postrema
1456 4340 1663 4411 jusserit
1692 4356 1834 4392 servo
1863 4342 2034 4393 dicens
2060 4356 2079 4394 :

517 4409 614 4463 Exi
649 4412 697 4463 in
730 4409 840 4462 vias
869 4417 921 4461 et
952 4424 1126 4472 sepes,
1160 4418 1214 4462 et
1245 4409 1504 4469 (omnelle
1532 4409 1751 4463 intrare.
1786 4414 1913 4474 Qua:
1939 4428 2077 4463 com-

517 4482 685 4547 pulsie
720 4480 832 4530 talis
862 4488 957 4531 cst.
1006 4478 1131 4531 Cum
1178 4480 1311 4531 enim
1357 4480 1599 4531 Dominus
1650 4492 1837 4544 noster,
1867 4483 1950 4548 qui
1997 4498 2084 4549 per

517 4551 665 4604 illum
704 4550 956 4620 hominem
986 4549 1324 4620 signiﬁcatur,
1372 4550 1616 4617 plurimos
1656 4559 1758 4602 tam
1794 4565 1858 4602 ea;
1885 4549 2084 4605 Judceis

514 4637 668 4691 quam
698 4634 759 4673 ea:
788 4618 1108 4691 gentibrus'et
1146 4619 1522 4691 cunctis‘hujus
1562 4622 1739 4674 steculi
1769 4622 2081 4690 sapientibus

514 4689 778 4746 vocasset:
809 4689 896 4743 sed
925 4690 1001 4741 illi
1037 4706 1184 4744 suam
1223 4689 1440 4742 volentes
1474 4691 1725 4756 justitiam
1756 4693 2084 4759 constituere,

511 4762 727 4835 justititv
758 4760 863 4835 Dei
884 4775 989 4811 non
1019 4761 1261 4835 subjecti,
1307 4762 1546 4835 convertit
1582 4777 1633 4813 se
1662 4761 1729 4812 ad
1762 4763 1991 4835 in/irmos
2037 4774 2086 4816 et

513 4829 783 4902 ignobiles,
811 4829 863 4881 id
890 4840 984 4902 est,
1011 4832 1277 4902 sceleratos
1303 4829 1557 4902 quoslibet
1582 4832 1855 4892 vocandos,
1880 4835 1965 4898 qui
1992 4850 2085 4899 pro

513 4900 573 4956 ea
602 4900 985 4971 quodpeccatis
1014 4901 1185 4952 nimiis
1216 4902 1376 4969 pressi
1402 4900 1645 4971 ﬁduciam
1675 4903 1870 4953 nullatn
1899 4903 1951 4955 in
1979 4905 2084 4956 suis

514 4969 707 5025 meritis
735 4969 1010 5033 habebant,
1044 4972 1192 5038 quasi
1218 4972 1462 5037 compulsi
1492 4971 1557 5022 ad
1582 4969 1672 5023 Dei
1701 4974 1919 5038 gratiam
1946 4977 2085 5039 festi-

514 5044 724 5095 nabant.
777 5040 963 5093 Servus
1007 5052 1175 5094 autent
1222 5043 1305 5106 qui
1353 5042 1475 5093 tales
1522 5043 1717 5092 vocavit
1756 5045 1823 5094 ad
1861 5058 2080 5109 ctenam,

514 5113 820 5183 prmdicator
864 5110 1071 5183 quilibet
1119 5112 1443 5183 intelligitur,
1476 5112 1664 5183 dicens
1704 5112 1771 5163 ad
1799 5127 1923 5165 eos:
1962 5111 2084 5167 Nisi

513 5181 738 5235 conversi
788 5182 1004 5248 fueritis,
1036 5196 1134 5233 non
1168 5181 1419 5233 intrabitis
1468 5182 1517 5232 in
1563 5196 1770 5250 regnum
1813 5185 2079 5237 caelorum.

514 5254 654 5305 Alter
684 5253 863 5303 modus
900 5260 1004 5315 est,
1054 5268 1165 5303 cum
1215 5253 1266 5303 in
1317 5250 1637 5303 tribulatione
1686 5252 1761 5304 vel
1809 5255 2083 5308 tentatione

514 5324 668 5390 aliqui
703 5333 937 5393 tanquam
968 5338 1149 5393 aurum
1179 5322 1231 5373 in
1258 5322 1463 5390 fornace
1496 5322 1712 5389 probati,
1744 5324 1923 5375 exinde
1951 5341 2083 5393 prcc-

513 5394 670 5446 mium
708 5392 905 5461 caeleste
933 5391 1147 5459 adipisci
1174 5393 1466 5455 meruerint,
1506 5394 1659 5461 juxta
1690 5393 1816 5445 illud
1844 5408 1861 5443 :
1893 5391 2082 5447 Beatus

514 5465 593 5514 vir
629 5460 718 5525 qui
762 5459 947 5532 suffert
990 5462 1355 5525 tentationem,
1396 5459 1523 5527 etc;
1576 5466 1627 5515 in
1668 5465 1759 5516 hoc
1797 5474 2082 5532 persecutor

511 5532 676 5602 omnis
724 5530 851 5602 nolit
897 5532 1012 5602 velit
1056 5532 1303 5602 bonorum
1347 5532 1659 5602 profectibus
1707 5530 1879 5587 servit.
1933 5533 2081 5598 Quod

513 5600 752 5655 nimirum
795 5599 1177 5675 in‘beatotlob
1199 5604 1323 5656 satis
1348 5599 1664 5675 declaratur.
1718 5603 1859 5657 Nam
1890 5616 2083 5675 quanto

512 5688 624 5727 eum
660 5669 994 5737 nequissimus
1042 5672 1203 5725 hostis
1235 5674 1475 5726 tentando
1503 5674 1833 5741 supplantare
1863 5669 2077 5741 studuit,

510 5752 651 5801 tanto
682 5740 935 5795 meliorem
968 5742 1079 5796 licet
1106 5744 1290 5797 invitus
1324 5745 1457 5813 fecit.
1493 5740 1696 5799 Tertius
1743 5762 1857 5801 cum
1882 5740 2077 5817 perver-

2195 3144 2400 3201 Constat
2430 3154 2599 3197 autem
2628 3153 2733 3197 tam
2762 3158 2945 3218 magna
2974 3145 3125 3215 hujus
3160 3150 3450 3217 argumenti
3480 3166 3673 3218 causa,
3720 3165 3774 3206 ut

2191 3233 2291 3270 non
2334 3218 2500 3290 solum
2542 3230 2603 3267 ea:
2644 3214 2932 3268 hominibus
2981 3214 3171 3290 pravis,
3211 3214 3299 3290 sed
3348 3220 3501 3271 etiam
3545 3239 3616 3275 ex
3660 3214 3776 3290 ipso

2190 3286 2454 3361 parvitatis
2479 3295 2682 3337 auctore
2708 3294 2857 3361 queat
2883 3287 3095 3361 assumi,
3121 3288 3166 3340 si
3187 3287 3384 3361 scilicet
3415 3292 3511 3343 hoc
3536 3286 3690 3361 quod
3711 3296 3778 3347 de

2190 3355 2250 3428 eo
2294 3359 2542 3423 scriptum
2586 3362 2697 3407 est:
2738 3355 2988 3428 Diabolus
3036 3356 3263 3424 circuit,
3314 3355 3556 3427 quaerens
3602 3379 3770 3428 quem

2190 3427 2449 3490 devoret,
2498 3428 2549 3479 in
2599 3426 2911 3478 contrarium
2962 3437 3201 3481 vertentes
3247 3426 3553 3484 dixerimus:
3608 3426 3767 3488 Sicut

2189 3498 2423 3551 diabolus
2458 3496 2639 3549 circuit
2665 3511 2894 3565 quarens
2921 3513 3069 3565 quem
3097 3500 3297 3552 devoret
3321 3537 3339 3564 ,
3383 3502 3451 3552 ita
3476 3513 3523 3554 et
3551 3518 3652 3556 nos
3680 3507 3774 3557 de-

2190 3568 2359 3621 bemus
2389 3566 2629 3631 circuire,
2674 3575 2951 3635 quarentes
2980 3584 3128 3635 quem
3152 3570 3345 3637 eripere
3372 3572 3433 3624 de
3462 3572 3631 3638 ipsius
3662 3591 3778 3627 ma-

2188 3638 2301 3691 litia
2344 3640 2615 3710 possimus.
2668 3638 2826 3710 Cujus
2854 3640 3005 3691 etiam
3048 3641 3335 3709 argumenti
3376 3656 3535 3710 genus
3574 3642 3636 3696 in
3684 3640 3780 3700 ho‘c

2186 3709 2433 3763 sermonis
2462 3708 2709 3773 opusculo
2737 3709 2984 3773 imitatus,
3011 3708 3181 3762 studui
3206 3718 3258 3762 ut
3284 3708 3416 3763 sicut
3440 3714 3597 3765 multi
3624 3714 3777 3768 scito.

2189 3778 2321 3831 lares
2360 3780 2413 3831 in
2461 3778 2640 3830 litteris
2680 3778 3007 3832 srecularibus
3042 3796 3095 3832 se
3130 3789 3358 3833 exercent
3395 3782 3464 3832 ad
3503 3786 3778 3842 saecularis

2187 3851 2302 3922 vita:
2328 3864 2551 3922 amorem
2574 3848 2682 3900 :ita
2711 3858 2762 3922 et
2785 3864 3171 3922 meeazercerem
3197 3852 3249 3903 in
3277 3852 3431 3906 sacris
3458 3852 3699 3922 Litteris,
3727 3861 3775 3911 in

2187 3921 2441 3973 elementis
2460 3930 2503 3971 et
2522 3920 2573 3970 in
2595 3920 2789 3971 cunctis
2808 3920 2953 3972 rebus
2968 3920 3259 3985 moralibus,
3274 3936 3383 3989 qua:
3400 3926 3575 3978 animo
3595 3920 3777 3980 occur-

2186 3991 2379 4055 rebant,
2401 3989 2725 4064 eligens‘iude
2739 3999 2891 4064 atque
2909 3991 3128 4064 scribens
3144 4006 3255 4060 qua:
3272 3994 3555 4059 legentibus
3570 4002 3779 4064 profec-

2186 4069 2350 4129 tuosa,
2365 4071 2412 4115 et
2429 4063 2496 4114 ad
2508 4061 2890 4127 tediﬁcationem
2902 4062 3187 4114 animarum
3201 4078 3423 4133 congrua
3440 4061 3777 4124 videbantur.

2678 4174 2743 4229 IN
2781 4173 3102 4230 PSALMUM
3141 4175 3245 4230 ιιι.

2755 4282 3178 4323 οοιιιικητλιιιυς.

2254 4336 2644 4406 Omnipotentis
2686 4337 2779 4391 Dei
2821 4338 2985 4408 gratia
3015 4339 3235 4408 cupiens
3273 4355 3462 4396 omnes
3510 4341 3767 4401 homines

2189 4410 2416 4471 salvare,
2449 4408 2648 4481 indicat
2677 4407 3437 4481 nobis,fratresr’cbarissimi,
3474 4426 3576 4481 per
3608 4416 3763 4469 Psal-

2115 4466 2166 4526 D
2192 4466 2429 4544 mistam',
2458 4480 2682 4547 qualiter
2706 4492 2810 4549 nos
2842 4466 3049 4549 iugiter
3074 4480 3319 4548 inspiciat
3349 4466 3583 4539 dicens”:
3608 4466 3761 4541 Deus

2190 4550 2258 4604 de
2293 4550 2432 4603 cwlo
2470 4548 2740 4617 prospexit
2767 4548 2919 4619 super
2943 4549 3079 4617 ﬁlios
3108 4550 3395 4615 hominum,
3427 4563 3482 4606 ut
3514 4555 3691 4609 videat
3720 4560 3765 4610 si

2189 4631 2263 4674 est
2293 4618 2580 4694 intelligens
2608 4628 2695 4671 aut
2724 4618 2982 4694 requirens
3012 4620 3192 4674 Deum.
3223 4622 3345 4676 Haec
3371 4624 3540 4693 igitur
3567 4630 3756 4694 verba,

2188 4691 2431 4760 quamvis
2456 4691 2564 4758 sint
2597 4703 2787 4757 pauca,
2829 4691 3148 4759 praecipuam
3184 4702 3357 4746 tamen
3388 4691 3443 4748 et
3471 4691 3754 4751 salubrem

2188 4762 2482 4816 doctrinam
2513 4761 2757 4813 omnibus
2786 4761 3189 4828 exquirentibus
3222 4764 3383 4817 Deum
3430 4762 3481 4816 in
3519 4769 3752 4821 veritate

2192 4834 2449 4906 praebent.
2499 4830 2701 4884 Doceat
2726 4845 2985 4906 namque,
3023 4832 3143 4906 quia
3174 4832 3314 4906 Deus
3337 4831 3543 4903 jugiter
3573 4836 3755 4906 πιθερί-

2187 4902 2291 4956 ciat
2320 4915 2479 4967 super
2510 4914 2625 4963 nos,
2660 4910 2715 4953 ut
2753 4905 2852 4955 hoc
2881 4901 3158 4968 investiget
3182 4902 3225 4955 si
3256 4901 3492 4959 sitinter
3525 4919 3623 4960 vos
3655 4901 3755 4960 ali-

2186 4972 2306 5040 quis
2335 4970 2615 5041 intelligens
2644 4981 2731 5023 aut
2759 4973 3015 5039 requirens
3047 4972 3231 5025 Deum.
3262 4972 3318 5043 ln
3347 4975 3545 5043 quibus
3570 4978 3756 5033 verbis

2188 5043 2288 5096 hoc
2322 5044 2561 5109 inprimis
2588 5054 2670 5096 est
2708 5044 2996 5114 notandum
3023 5080 3041 5110 ,
3085 5042 3415 5114 quoqueus,
3447 5046 3537 5114 qui
3567 5049 3752 5102 Omnia

2154 5148 2159 5149 κ
2189 5122 2470 5183 antequam
2495 5113 2621 5163 Ilant
2644 5113 2807 5176 novit,
2835 5127 2939 5165 non
2967 5114 3085 5166 ideo
3110 5127 3207 5183 nos
3232 5112 3493 5183 inspicere
3525 5117 3751 5183 dicitur,

2186 5191 2243 5235 ut
2271 5197 2337 5256 es
2370 5180 2548 5256 habitu
2572 5184 2655 5241 vel
2683 5191 2828 5256 inotu
2856 5192 3038 5256 nostro
3061 5182 3187 5252 quid
3216 5183 3268 5235 in
3296 5180 3451 5256 nobis
3476 5188 3572 5252 sit,
3594 5180 3751 5256 quasi

2185 5250 2396 5307 nescius
2419 5252 2586 5305 discat
2612 5271 2625 5305 :
2662 5254 2755 5307 sed
2784 5262 2837 5305 ut
2865 5266 2962 5308 nos
2986 5250 3252 5306 discamus
3280 5265 3331 5306 et
3357 5250 3752 5313 adamnémur

2184 5322 2478 5385 attendere,
2505 5338 2661 5390 quam
2687 5323 2977 5376 clementer
2998 5332 3155 5391 atque
3181 5323 3445 5378 subtiliter
3472 5325 3577 5382 hoc
3602 5328 3750 5385 Deus

2179 5392 2375 5462 jugiter
2398 5391 2448 5443 iu
2474 5393 2627 5447 nobis
2656 5394 2915 5460 exploret,
2937 5393 3059 5461 quid
3082 5396 3221 5447 circa
3244 5394 3468 5450 salutem
3498 5409 3749 5453 nostram

2183 5480 2279 5517 nos
2304 5473 2973 5532 tractetnus.quantamque
2996 5463 3404 5519 sollicitudinem
3432 5480 3542 5521 non
3567 5469 3746 5524 solum

2183 5549 2279 5604 pro
2312 5533 2591 5603 praisentis
2619 5537 2731 5589 vita
2763 5534 3016 5604 subsidiis
3045 5535 3425 5604 impetrandis,
3455 5536 3554 5593 sed
3578 5540 3746 5595 etiam

2182 5602 2277 5681 pro
2324 5614 2522 5681 aeterna
2570 5604 2675 5681 vita
2724 5602 3365 5681 obtinenda__liabean_ius.
3419 5609 3746 5681 ilujusmodi

2181 5679 2375 5744 quippe
2398 5675 2642 5742 intentio,
2666 5674 2906 5743 primitus
2933 5684 2989 5730 ut
3009 5674 3141 5743 dixi,
3168 5678 3219 5728 in
3244 5674 3539 5735 Psalmistz'e
3564 5681 3749 5741 verbis

2177 5746 2286 5819 jam
2320 5746 2540 5815 prolatis
2568 5754 2778 5802 constat
2805 5746 3095 5804 retinenda.
3137 5748 3334 5803 Deinde
3363 5750 3526 5807 altius
3556 5753 3744 5809 consi-
