4006 6364
229 297 372 355 H05

1284 299 1351 361 lN
1386 297 1710 361 PSAIMUM
1750 295 1837 354 Lll
1878 296 2432 356 COMMENTARIUS.

3342 296 3480 357 “06

224 407 559 488 derandum,
592 408 858 488 quomodo
888 413 939 469 id
970 428 1066 481 pro
1093 429 1199 485 quo
1232 417 1372 475 Deus
1400 435 1498 475 nos
1529 418 1750 486 respicit
1775 464 1790 488 ,
1821 416 1873 477 Α
1899 424 2251 472 strumentum
2286 417 2517 485 pateﬁat.
2549 415 2761 472 Scimus
2790 417 2930 488 enim
2960 430 3166 485 omnes,
3196 417 3320 488 quia
3345 434 3467 477 cum

224 482 564 560 aliquatenus
594 482 816 560 implere
846 482 1204 560 possiintts,id
1228 499 1331 556 est,
1356 502 1413 545 ut
1436 482 1793 560 intelligamus

227 560 288 608 et
317 552 647 631 requiramus
684 552 866 631 Deum}
919 555 1186 631 Quidquid
1217 552 1356 615 enim
1388 552 1793 631 intelligetidutn

225 630 290 679 et
318 624 690 690 requirendum
723 636 802 680 est
831 628 897 681 de
930 629 1057 693 Deo,
1092 629 1363 686 interioris
1406 624 1636 686 homiuis
1683 642 1795 687 stu-

226 693 323 771 dio
352 703 560 771 constat
588 698 889 766 agendum:
936 700 1054 765 quia
1097 715 1215 755 cum
1259 714 1482 771 uterque
1512 708 1581 757 sit
1611 704 1797 758 invisi~

225 763 373 845 bilis,
404 774 473 845 et.
508 763 663 845 Deus
688 763 1200 845 s_cilice_t”etiiosler
1233 763 1452 828 interior
1483 774 1664 837 homo,
1715 784 1798 828 ut-

226 844 360 913 pote
389 836 473 913 qui
517 837 597 913 ad
623 836 721 913 Dei
761 840 1160 896 similitudinem
1194 845 1363 898 factus
1407 853 1509 900 est.
1562 836 1797 913 Uterque

224 905 392 987 etiam
425 907 762 987 invisibiliter
787 914 951 967 sentit
979 928 1097 987 qua;
1125 914 1192 987 de
1219 917 1388 987 altero
1416 905 1720 987 sentieuda,
1744 924 1799 971 et

227 977 769 1054 requirendasunt,
833 977 1075 1050 quamvis
1126 985 1265 1040 Deus
1315 986 1800 1054 incomparabiliter

228 1048 477 1125 excedat.
532 1048 623 1105 Ille
671 1048 900 1121 namque
949 1069 1043 1121 per
1090 1070 1149 1111 se
1189 1056 1361 1125 ipsum
1403 1048 1581 1112 omnia
1625 1058 1795 1121 novit,

225 1116 395 1200 homo
425 1128 601 1200 autem
630 1136 727 1178 nec
757 1138 785 1177 a
817 1116 1128 1200 semetipso,
1166 1116 1270 1200 nec,
1290 1130 1406 1200 sine
1432 1116 1800 1183 additamento

228 1188 413 1270 aliqua
460 1190 933 1270 quidquamuscire
982 1188 1143 1253 valet.
1171 1199 1630 1270 _Additamentnm
1673 1212 1801 1270 vero

229 1259 378 1335 dico,
412 1259 849 1335 omnia'visibilia
896 1281 992 1335 per
1023 1282 1141 1335 quae
1170 1268 1486 1325 instruimur
1514 1269 1579 1323 ad
1609 1269 1797 1322 invisi-

230 1328 361 1412 bilia
410 1331 776 1412 intelligenda.
824 1328 972 1392 Sicut
1017 1328 1271 1412 scriptum
1322 1350 1454 1395 est:
1509 1340 1801 1394 lnvisibilia

230 1399 365 1481 ρσί,
412 1399 724 1481 ρετ-ςῶᾳυω
752 1410 887 1475 facta
913 1417 1059 1477 sunt,
1096 1399 1361 1481 intellecta
1395 1412 1797 1481 conspiciuntur.

232 1469 367 1550 l_tem
413 1469 858 1550 additamentum
894 1493 1015 1534 esse
1047 1469 1192 1535 'dico
1218 1523 1231 1547 ,
1287 1483 1376 1536 illa
1430 1469 1800 1550 intelligentiae

232 1541 374 1626 dona
405 1586 418 1607 ,
467 1560 584 1614 quze
601 1548 685 1626 Διιι
737 1547 1139 1626 nobismetipsis
1280 1554 1371 1626 Dei
1402 1554 1568 1621 gratia
1604 1541 1803 1626 iugiter

230 1617 550 1695 retinemus.
599 1617 765 1695 Sicut
781 1628 863 1675 est
897 1617 1068 1695 illud}
1096 1621 1247 1695 Quod
1282 1624 1369 1676 tibi
1405 1617 1507 1678 ᾖοη
1546 1617 1619 1677 υἱὲ
1656 1624 1799 1691 ﬁeri,

232 1684 432 1762 qlii_ne
471 1687 669 1762 feceris.
724 1691 852 1745 Nam
895 1691 941 1746 si
981 1693 1073 1746 alii
1114 1684 1245 1747 nihil
1286 1695 1473 1749 borum
1503 1710 1621 1762 quae
1650 1684 1803 1751 nobis

1897 488 2152 556 quzelibet
2198 490 2471 542 excellens
2524 496 2789 543 structura
2820 486 2923 543 erit
2953 486 3268 544 tediticanda
3294 508 3329 554 ,·
3358 507 3468 546 non

1898 560 2043 627 prius
2096 560 2149 612 in
2197 560 2361 613 altum
2416 559 2651 629 potuerit
2694 560 2975 624 construi,
3031 574 3189 628 quam
3239 560 3369 626 palis
3412 571 3472 619 et

1899 629 2122 683 sudibus
2165 631 2215 684 in
2259 644 2394 701 opus
2434 629 2572 683 idem
2608 630 2838 699 undique
2868 630 3089 685 insertis
3118 631 3317 701 gradus
3346 631 3468 689 eili-

1899 701 2124 771 ciantur,
2148 702 2214 771 in
2243 700 2434 769 quibus
2466 709 2519 755 et
2549 708 2834 768 operantes
2866 707 3008 771 stare
3040 702 3263 767 possint,
3291 712 3346 756 et
3373 717 3472 771 perI

1900 785 2034 838 quos
2080 770 2299 825 inferius
2346 786 2408 825 ac
2456 773 2703 840 superius
2750 772 2850 826 iter
2889 770 3165 827 habeatur.
3219 771 3323 827 Per
3353 772 3471 831 haec

1902 840 2078 910 itaque
2099 842 2347 907 visibilia,
2371 858 2489 912 qua:
2517 841 2764 896 omnibus
2792 850 2913 896 nota
2940 850 3086 912 sunt,
3110 841 3469 903 instrumenta

1902 912 2241 971 instruimur.
2289 922 2344 966 ut
2380 911 2430 967 in
2477 911 2829 968 invisibilibus
2872 912 3012 967 idem
3043 911 3324 981 faciamus,
3356 916 3471 970 col-
3533 942 3538 951 -

1900 982 2126 1056 ligentes
2166 983 2371 1056 scilicet
2406 984 2580 1038 varias
2625 982 3055 1056 similitudines_,_
3088 984 3282 1052 quibus
3331 1000 3470 1056 opus
3539 988 3548 1053 ξ

1901 1052 2125 1125 arduum
2154 1054 2388 1109 ctelestis
2436 1056 2631 1125 regni,
2659 1055 2799 1123 quod
2850 1068 2944 1121 per
2988 1054 3149 1111 fidem
3181 1052 3468 1125 coepimus.
3538 1052 3547 1091 έ

1903 1123 1969 1177 ad
1989 1123 2185 1196 altiora
2219 1123 2529 1196 construere
2552 1124 2848 1179 valeamus.
2881 1125 2939 1179 ln
2964 1125 3048 1181 his
3069 1123 3475 1196 quippc‘edocti

1904 1193 2150 1266 stabilem
2195 1195 2416 1266 gradum
2466 1211 2664 1262 ponere
2712 1210 3023 1265 possumus,
3076 1193 3134 1250 ut
3164 1193 3259 1264 pro
3288 1199 3469 1266 operis

1906 1265 2124 1332 incmpti
2175 1265 2494 1332 perfectione
2527 1266 2912 1321 descendamus
2956 1267 3042 1321 vel
3090 1265 3468 1323 ascendamus.

1904 1335 2243 1391 Descendere
2273 1346 2448 1390 autem
2478 1336 2544 1389 ab
2575 1336 2875 1405 hujusmodi
2914 1352 3077 1407 opere
3099 1378 3111 1400 ,
3160 1347 3244 1392 est
3287 1340 3467 1393 carnis

1904 1420 2087 1460 curam
2133 1414 2187 1459 et
2233 1422 2561 1475 qurecunque
2599 1409 2769 1461 activa
2802 1409 2903 1461 vita
2945 1407 3148 1476 exigit,
3197 1409 3466 1463 interdum

1906 1477 2221 1544 providere:
2253 1478 2541 1532 ascendere
2573 1492 2718 1543 vero,
2767 1488 2849 1532 est
2900 1479 3088 1533 iterum
3134 1481 3464 1546 contempla-

1908 1549 2026 1601 tiva;
2055 1548 2179 1601 vita:
2209 1549 2441 1603 studium
2473 1548 2672 1601 viribus
2705 1550 2827 1605 tntis
2858 1563 3129 1603 exercere.
3175 1548 3287 1603 Non
3317 1552 3463 1605 enim

1907 1618 2332 1684 contemplativa:
2373 1620 2491 1673 vitae
2542 1619 2797 1686 perfectio
2848 1621 2965 1674 sine
3010 1621 3197 1673 activm
3248 1622 3471 1689 supple-

1908 1699 2088 1743 mento
2136 1690 2441 1753 obtinetur,
2491 1691 2609 1758 quia
2658 1704 2778 1758 qua}
2830 1691 2881 1744 in
2930 1691 3294 1758 superioribus
3346 1701 3471 1746 sunt

238 1754 360 1836 fieri
400 1754 678 1836 nolumus,
717 1776 878 1836 agere
926 1761 1203 1836 debemus,
1256 1766 1393 1819 mala
1441 1754 1615 1821 auiem
1664 1767 1801 1820 nulla
1840 1777 1883 1836 Β
1912 1760 2174 1836 habenda,
2204 1776 2272 1816 ex
2304 1754 2798 1836 inferior-mussitnt
2828 1754 3145 1836 colligenda.
3201 1760 3335 1836 Ecce
3368 1778 3472 1817 una

238 1826 396 1880 nobis
422 1827 505 1897 agi
535 1826 844 1885 omnimodo
872 1833 1151 1888 volumus:
1186 1826 1321 1889 mala
1356 1836 1516 1891 etiam
1546 1836 1686 1891 nulla
1716 1839 1803 1892 alii

235 1898 443 1981 agenda
475 1913 595 1981 esse
624 1904 957 1981 apertissime
988 1905 1210 1981 scimus.
1261 1907 1373 1973 Qua
1403 1907 1807 1981 nimirumsen-

239 1972 405 2042 tentia
437 1972 577 2025 scire
606 1972 992 2042 convincimur,
1037 1978 1211 2031 omnia
1256 1972 1374 2041 qum
1403 1978 1520 2032 aliis
1551 1979 1807 2035 exhibere

236 2037 515 2117 debemus.
548 2042 620 2117 De
645 2045 831 2109 quibus
858 2037 1187 2115 postmodum
1216 2037 1390 2117 aliqua
1415 2050 1657 2116 exempla
1690 2065 1806 2115 pro-

238 2108 489 2198 ficiemus:
528 2108 695 2198 ‘Nunc
724 2108 1026 2198 vero_'_quod
1067 2118 1231 2198 instat
1259 2108 1477 2188 agamus
1505 2162 1518 2185 ,
1567 2108 1807 2198 dicentes

239 2179 489 2259 videlicet
527 2186 739 2259 tertium
793 2179 1135 2244 additamenti
1173 2179 1339 2257 genus
1362 2230 1379 2255 ,
1428 2179 1522 2259 per
1552 2192 1689 2258 quod
1723 2193 1806 2246 in-

239 2253 515 2326 struimur,
547 2254 843 2326 intelligere
874 2272 936 2311 ac
965 2253 1236 2321 requirere
1268 2253 1455 2315 Deum'.
1492 2253 1601 2315 Hoc
1627 2269 1809 2317 autem

240 2335 409 2446 genus
452 2324 503 2377 in
548 2324 792 2381 omnibus
834 2343 1002 2381 sacrae
1032 2330 1321 2397 Seripturae
1366 2331 1514 2386 libris
1558 2330 1803 2387 habetur.

271 2409 300 2444 n
333 2391 413 2446 his
446 2395 600 2446 lﬂiltlr
632 2398 800 2446 tribus
839 2399 1212 2446 atltlilamenlis
1243 2417 1400 2446 nmnn
1430 2417 1596 2446 genus
1624 2402 1803 2446 Imma.

271 2409 300 2444 n
333 2391 413 2448 his
446 2395 600 2473 igitur
632 2391 1212 2473 tribuswadditament'is
1243 2417 1400 2456 omne
1430 2417 1596 2473 genus
1624 2402 1806 2457 huma-

247 2478 396 2542 num,
420 2467 557 2542 quod
589 2467 654 2520 ad
684 2469 1067 2542 intelligibiiem
1094 2472 1349 2525 duntaxat
1370 2467 1583 2529 sitatam
1616 2488 1809 2542 perve-

244 2535 384 2615 nerit
428 2539 681 2615 probatur
712 2540 847 2615 quid
864 2541 931 2596 de
960 2540 1068 2615 Deo
1098 2542 1396 2612 intelligat,
1448 2554 1500 2615 et
1540 2535 1808 2610 quomodo

245 2604 689 2683 illumu’requirat.
730 2604 849 2683 'Sed
898 2626 990 2679 per
1020 2612 1128 2667 duo
1174 2604 1420 2683 superius
1450 2604 1587 2667 dicta
1620 2630 1806 2671 omnes

244 2677 335 2742 qui
377 2676 632 2754 librorum
663 2689 788 2735 sunt
816 2676 981 2754 ignari
1009 2725 1025 2750 ,
1072 2676 1394 2739 libros'vero
1435 2684 1665 2740 scientes
1711 2701 1807 2754 per

245 2747 422 2801 omnia
462 2750 795 2825 probantur,
826 2752 976 2808 Nunc
1007 2747 1134 2825 ergo
1163 2757 1289 2824 quia
1319 2754 1656 2810 notissimum
1684 2747 1767 2810 est
1787 2798 1803 2823 ,

245 2824 513 2899 quomodo
571 2821 829 2899 in__libris
882 2821 1456 2899 visibiliterf'legatur,
1527 2821 1805 2896 qualisque

245 2890 467 2962 scientia
514 2906 577 2946 ex
628 2892 711 2947 his
756 2896 1079 2962 acquiratur,
1130 2890 1413 2952 diceudum
1453 2890 1805 2952 est-tantu'rm

248 2959 430 3037 modo,
462 2962 764 3037 qualiterin
797 2959 899 3020 illis
927 2959 1136 3021 duobus
1164 2968 1543 3023 additamentis
1571 2969 1720 3037 quasi
1750 2971 1802 3023 in

247 3028 794 3121 librisspoi‘ritualiler
838 3037 1013 3105 legere
1064 3040 1347 3121 possimus.
1400 3039 1558 3121 Liber
1590 3028 1800 3121 'quippe

248 3108 354 3154 tam
386 3105 674 3177 spiritualis
705 3122 860 3172 quam
891 3105 1183 3177 corporalis
1213 3110 1316 3164 dici
1348 3119 1556 3176 potest,
1586 3105 1720 3164 sicut
1738 3105 1799 3165 in

247 3185 397 3252 sacra
422 3173 1067 3252 Scriptura,_magtitneque
1094 3181 1144 3233 in
1168 3173 1484 3252 Apocalypsi
1514 3180 1803 3252 invenitur.

248 3243 401 3323 linde
423 3245 688 3323 est‘iillud:
716 3245 832 3323 Yidi
858 3249 921 3323 ἱιι⁸
932 3243 1143 3323 dextera
1168 3243 1386 3323 sedentis.
1406 3243 1555 3323 super
1575 3251 1807 3323 thronum

248 3315 452 3369 librum.
477 3318 590 3390 Qui
621 3316 861 3386 profecto
890 3319 1026 3376 liber
1051 3321 1346 3390 spiritualis
1375 3315 1672 3377 credendus
1700 3330 1805 3389 est,

247 3388 762 3459 etAquotiescunque
814 3388 1109 3458 spiritualia
1165 3402 1492 3459 tractamus,
1548 3392 1704 3446 toties
1753 3388 1804 3445 in

246 3456 504 3531 spirituali
546 3456 691 3513 libro
715 3456 957 3530 legimus.
1010 3462 1066 3516 In
1096 3477 1201 3531 quo
1228 3466 1391 3517 etiam
1423 3456 1568 3517 tanto
1599 3462 1806 3518 facilius

247 3526 425 3601 legere
454 3544 732 3597 possumus
757 3526 792 3597 ,⁷
822 3543 1021 3597 quanto
1049 3526 1165 3601 plus
1195 3549 1315 3587 eum
1349 3535 1401 3588 in
1435 3542 1678 3601 promptu
1708 3534 1805 3586 ba-

251 3598 481 3665 bemus,
535 3609 603 3673 et_
638 3615 738 3673 nec
780 3602 950 3673 noctis
992 3598 1091 3657 nec
1122 3602 1352 3659 tenebris
1398 3598 1516 3659 ullis
1562 3598 1806 3673 impediri

249 3683 532 3745 possumus
559 3670 625 3745 ab
645 3670 957 3745 hujusmodi
984 3673 1229 3729 lectione.
1261 3674 1392 3729 Cum
1418 3690 1546 3745 ergo
1572 3670 1806 3731 sciamus

249 3741 561 3814 qualitatem
595 3742 724 3797 libri
756 3742 917 3809 illius,
948 3744 999 3798 in
1029 3759 1135 3813 quo
1165 3756 1269 3799 tam
1298 3745 1416 3801 laici
1444 3741 1599 3814 quam
1627 3746 1806 3802 clerici

252 3811 433 3879 legere
480 3821 743 3883 possunt,
783 3811 1090 3884 quaeramus
1122 3817 1281 3870 etiam
1320 3816 1409 3870 ubi
1453 3811 1505 3869 in
1535 3832 1598 3871 eo
1626 3817 1807 3884 legere

252 3884 563 3957 debeamus,
586 3894 640 3957 et
662 3884 750 3938 ubi
779 3883 919 3939 Deus
942 3887 1215 3957 quisuper
1238 3901 1335 3940 nos
1353 3887 1547 3956 jugitcr
1569 3883 1804 3957 respicit,

252 3963 312 4027 Ill
342 3953 513 4008 videat
555 3955 671 4023 quis
716 3953 968 4010 nostrum
1005 3956 1074 4012 sit
1121 3953 1504 4027 intelligeueac
1552 3953 1808 4027 requirens

250 4022 438 4088 Deum,
471 4022 817 4093 requirendus
846 4028 932 4082 sit.
976 4028 1099 4081 llaec
1132 4022 1538 4097 igitur'ntraque
1569 4022 1627 4082 in'
1648 4030 1808 4085 corde

251 4103 444 4167 nostro
473 4097 670 4164 agenda
712 4106 864 4162 sunt,
915 4097 1035 4167 quia
1080 4108 1134 4152 et
1165 4100 1302 4154 Deus
1332 4100 1452 4153 illuc
1481 4100 1617 4153 solet
1648 4100 1808 4155 adies

250 4164 435 4239 nire,__
461 4174 513 4219 et
558 4169 835 4232 cujuslibet
881 4164 1108 4239 legentis
1148 4170 1489 4225 intentionem
1523 4186 1810 4239 curamque

250 4235 523 4311 subtiliter
574 4253 846 4311 pensans,
900 4235 1057 4311 prout
1105 4241 1296 4295 viderit
1348 4258 1405 4297 se
1454 4243 1660 4309 amari,
1717 4235 1810 4311 per

251 4306 656 4372 inspirationent
714 4309 1023 4373 alloquitur.
1092 4311 1242 4366 Unde
1298 4313 1575 4366 Psalmista
1634 4306 1807 4365 dicit:

252 4377 471 4429 Audiam
497 4378 617 4445 quid
645 4379 883 4443 loquatur
911 4380 963 4431 in
992 4396 1067 4432 me
1101 4381 1341 4434 Dominus
1370 4381 1522 4434 Deus.
1576 4380 1812 4435 Audistis

252 4447 432 4515 itaque
458 4447 628 4514 qualis
659 4448 726 4499 sit
758 4448 1046 4513 spiritualis
1074 4450 1224 4513 liber,
1253 4461 1305 4504 et
1333 4451 1421 4504 ubi
1454 4452 1504 4503 in
1534 4465 1596 4503 eo
1623 4450 1813 4504 debeat

1912 1831 2206 1886 similitudo
2234 1833 2363 1886 satis
2390 1839 2603 1896 aperta,
2649 1830 2702 1884 iu
2732 1847 2832 1899 qua
2861 1832 3010 1900 quasi
3042 1831 3265 1900 legendo
3295 1841 3474 1897 potest

1912 1903 2147 1971 agnosci,
2173 1903 2398 1970 qualiter
2422 1902 2472 1955 in
2504 1900 2857 1955 aediﬁcatione
2886 1900 3148 1969 spirituali
3177 1900 3471 1958 debeamus

1912 1971 2141 2039 onerari.
2199 1974 2289 2027 His
2318 1972 2477 2041 igitur
2505 1971 2664 2025 dictis
2684 1972 2757 2043 de
2785 1972 3081 2027 aediﬁcandi
3121 1971 3279 2026 modo
3310 1984 3473 2043 atque

1912 2043 2190 2113 qualitate,
2228 2040 2355 2113 jam
2385 2056 2646 2111 ponamus
2677 2040 3081 2097 fundamentum
3129 2043 3237 2097 tale
3261 2087 3276 2109 ,
3330 2040 3474 2110 quod

1911 2128 2009 2167 nec
2058 2112 2274 2168 ﬂumina
2326 2128 2423 2167 nec
2470 2112 2612 2167 venti
2667 2113 2869 2180 possint
2920 2128 3172 2177 movere,
3223 2114 3472 2183 quodque

1910 2183 2189 2239 aedilicium
2219 2199 2379 2239 omne
2408 2183 2874 2252 superponeudum
2904 2186 3069 2253 possit
3097 2185 3321 2239 lirmiter
3341 2199 3470 2240 con-

1914 2256 2102 2309 tinere.
2140 2255 2564 2309 Fundamentum
2595 2265 2771 2310 autem
2803 2254 3102 2324 hujusmodi
3135 2254 3291 2309 iidem
3321 2270 3469 2312 sum-

1910 2341 2013 2381 ma:
2039 2326 2317 2381 Trinitatis
2362 2336 2415 2381 et
2460 2325 2676 2379 unitatis
2723 2340 2843 2380 esse
2871 2325 3181 2389 credentes,
3224 2327 3469 2394 inprimis

1910 2396 2105 2451 exinde
2129 2398 2370 2452 volumus
2397 2396 2575 2451 dicere
2596 2396 2997 2451 similitudinem
3025 2397 3201 2464 talem,
3229 2397 3295 2452 de
3320 2398 3472 2466 cujus

1910 2467 2096 2522 notitia
2124 2483 2279 2523 nemo
2308 2483 2367 2523 se
2394 2481 2650 2522 excusare
2677 2469 2889 2534 poterit,
2913 2478 2965 2521 et
2993 2482 3085 2536 per
3107 2483 3264 2537 quam
3292 2469 3474 2525 omnis

1911 2539 1999 2606 qui
2029 2540 2152 2593 velit
2183 2541 2457 2608 requirere
2501 2538 2698 2602 Deum,
2750 2537 2973 2593 noverit.
3031 2539 3237 2593 Scimus
3275 2538 3472 2609 quippe

1910 2617 2017 2663 tres
2049 2625 2301 2678 personas
2330 2624 2451 2665 esse
2479 2609 2532 2663 in
2563 2624 2667 2661 uno
2696 2624 2847 2677 aqua!
2877 2609 3173 2675 elemento,
3215 2610 3267 2663 in
3308 2625 3470 2665 unam

1907 2680 2259 2737 substantiam
2286 2698 2299 2734 ε
2331 2695 2452 2736 cum
2477 2679 2726 2743 dicimus,
2750 2679 2839 2734 ille
2867 2679 3004 2743 lous,
3028 2681 3118 2735 ille
3144 2680 3308 2746 rivus,
3338 2680 3470 2737 illud

1906 2758 2173 2820 stagnum.
2203 2752 2409 2807 Scimus
2432 2750 2589 2804 etiam
2618 2750 2731 2803 haec
2756 2751 2855 2804 tria
2883 2758 3082 2803 tantam
3109 2751 3470 2820 mqualitalem

1909 2823 2202 2889 continere,
2228 2834 2285 2876 ut
2310 2823 2354 2876 si
2384 2824 2450 2876 de
2473 2822 2709 2889 quolibet
2731 2836 2915 2876 eorum
2942 2822 2993 2875 in
3019 2820 3158 2875 aliud
3188 2821 3463 2888 infundas,

1909 2893 2105 2948 nullam
2136 2893 2622 2949 dissimilitudinem
2656 2893 2707 2944 in
2739 2892 2818 2947 eis
2850 2892 3087 2946 invenias
3109 2936 3123 2959 ,
3173 2892 3467 2947 dummodo

1909 2964 2185 3031 impuritas
2212 2965 2354 3019 nulla
2383 2964 2712 3018 extrinsecus
2738 2962 2963 3017 accidat.
2992 2962 3119 3028 Quis
3143 2977 3271 3033 ergo
3293 2964 3473 3019 sciens

1910 3035 2024 3088 haec
2054 3036 2104 3089 in
2135 3045 2380 3089 creatura
2411 3035 2604 3087 visibili
2626 3076 2640 3097 ,
2689 3033 2968 3086 invisibilis
3006 3036 3260 3088 creatoris
3290 3033 3468 3088 'l‘rini-

1910 3114 2070 3160 tatem
2101 3115 2155 3160 et
2184 3108 2439 3159 unitatem
2460 3105 2582 3158 cred
2598 3118 2689 3156 ere
2714 3103 2921 3171 nequit?
2942 3102 3091 3166 Quis,
3115 3119 3265 3173 rogo,
3290 3106 3471 3159 sciens

1911 3176 2071 3230 fontis
2102 3185 2157 3231 et
2183 3177 2280 3230 rivi
2306 3186 2362 3229 et
2389 3177 2559 3244 stagni
2592 3188 2753 3229 uuam
2785 3173 3141 3243 eamdemque
3179 3189 3297 3230 esse
3337 3176 3468 3229 sub-

1910 3247 2183 3310 stantiam,
2215 3246 2265 3299 id
2298 3255 2379 3301 est
2407 3260 2621 3315 aquam,
2660 3244 2958 3312 intelligere
2990 3260 3094 3297 non
3134 3254 3307 3314 potest
3339 3245 3472 3301 illud

1910 3316 2049 3387 quod
2096 3316 2350 3372 Dominus
2398 3326 2580 3371 noster
2627 3316 2679 3367 in
2730 3315 3013 3387 Evangelio
3044 3316 3221 3387 Adicit:
3256 3316 3357 3387 Qui
3389 3332 3473 3371 me

1910 3385 2061 3453 uidet,
2090 3389 2220 3441 videt
2251 3396 2295 3440 et
2331 3387 2573 3451 Patrem;
2603 3395 2649 3439 et
2676 3387 2797 3453 quia
2826 3402 2916 3456 ego
2946 3386 3001 3440 in
3035 3385 3206 3451 Patre,
3238 3396 3285 3441 et
3320 3385 3479 3442 Pater

1909 3459 1961 3512 in
1996 3475 2074 3512 me
2102 3468 2193 3513 est.
2249 3457 2494 3527 Nunquid
2541 3458 2733 3523 aliquis
2780 3456 2979 3524 aliquid
3019 3458 3239 3511 rationis
3272 3457 3477 3513 habens

1911 3531 2153 3595 ignorat,
2204 3530 2325 3598 quia
2375 3532 2491 3582 fons
2520 3528 2570 3581 in
2602 3530 2715 3581 rivo
2744 3536 2862 3591 est,
2914 3537 2967 3580 et
3014 3528 3156 3582 rivus
3197 3527 3250 3582 in
3282 3527 3476 3584 fonte?

1913 3600 2063 3656 Unde
2104 3601 2299 3655 frustra
2346 3600 2589 3666 laborat,
2635 3598 2722 3668 qui
2775 3598 3157 3654 conscientiam
3204 3600 3475 3669 propriam

1910 3672 2092 3737 lugere
2121 3686 2275 3739 posse
2305 3672 2594 3725 existimat.
2650 3669 2759 3723 Nisi
2786 3669 2926 3723 enim
2961 3669 3098 3724 Deus
3129 3685 3157 3723 a
3189 3671 3343 3725 nobis
3391 3685 3479 3725 re-

1911 3744 2050 3811 quiri
2081 3753 2133 3796 et
2163 3743 2389 3811 intelligi
2422 3740 2808 3809 aliquantulum
2837 3754 2993 3809 posse
3029 3741 3223 3807 sciret,
3258 3757 3357 3796 nec
3388 3742 3476 3798 illa

1910 3810 2069 3867 verba
2102 3828 2220 3881 quae
2248 3810 2361 3882 jam
2405 3810 2598 3880 protuli
2643 3812 2975 3879 permitteret
3015 3811 3153 3877 diei,
3207 3814 3308 3866 hoc
3350 3822 3477 3880 est,

1914 3882 2050 3938 Deus
2079 3884 2140 3937 de
2168 3884 2293 3937 caelo
2330 3882 2607 3953 prospexit,
2638 3891 2766 3947 ete.,
2799 3898 2899 3937 nec
2925 3897 3131 3953 cagqua:
3160 3882 3287 3936 alibi
3317 3883 3479 3937 Psal-

1913 3956 2065 4009 mista
2113 3955 2241 4009 dicit
2289 3951 2351 4009 ex
2402 3954 2609 4007 Domini
2654 3966 2922 4020 persona:
2961 3951 3151 4006 Vacate
3194 3961 3242 4006 et
3291 3952 3472 4019 videte,

1910 4028 2151 4095 quoniam
2178 4043 2267 4098 ego
2294 4042 2405 4080 sum
2432 4025 2589 4078 Deus.
2621 4023 2673 4076 In
2704 4024 2892 4098 quibus
2924 4022 3163 4098 profecto
3184 4024 3361 4078 verbis
3385 4023 3475 4080 de.

1914 4094 2258 4161 monstratur,
2293 4098 2411 4165 quia
2447 4098 2546 4147 nisi
2593 4109 2621 4146 a
2662 4096 2887 4148 tumultu
2926 4094 3166 4148 szeculari
3199 4109 3472 4161 vacemus,

1916 4184 2011 4222 nec
2041 4168 2139 4221 hoc
2171 4168 2310 4236 quod
2343 4168 2479 4219 Deus
2508 4168 2577 4220 sit
2603 4207 2617 4227 ,
2672 4181 2800 4232 pura
2851 4166 3044 4220 mentis
3094 4168 3207 4220 acie
3252 4181 3473 4221 cernere

1914 4242 2171 4292 valemus.
2236 4239 2477 4293 Dicamus
2509 4249 2560 4289 et
2591 4236 2747 4289 aliam
2780 4236 2845 4290 de
2877 4251 3011 4307 aqua
3037 4237 3476 4305 similitudinem,

1916 4309 1966 4362 in
1998 4324 2098 4377 qua
2134 4309 2346 4377 pietatis
2377 4307 2571 4361 divina:
2613 4307 2941 4379 immensitas
2964 4348 2981 4373 ,
3034 4317 3087 4362 et
3135 4310 3476 4379 negligentia:

1916 4388 2111 4432 nostrae
2143 4382 2409 4447 quantitas
2442 4378 2649 4443 pensari
2679 4379 2837 4431 valet.
2894 4378 3037 4448 Aqua
3082 4394 3271 4445 nempe
3298 4378 3475 4433 cunnis

1914 4449 2116 4519 absque
2144 4464 2204 4504 ea
2232 4465 2348 4519 quae
2377 4449 2551 4519 aliqua
2583 4448 2912 4503 immunditia
2942 4452 3020 4503 vel
3047 4450 3203 4504 sdrde
3232 4464 3477 4504 corrum-

250 4516 394 4589 legi:
444 4516 623 4572 audite
664 4518 823 4589 etiam
868 4518 1136 4589 quomodo
1181 4522 1231 4574 in
1279 4535 1342 4573 co
1392 4520 1669 4589 legendum
1717 4522 1810 4575 sit.
1840 4530 1890 4589 ι)
1921 4516 2080 4588 pitur,
2112 4516 2321 4574 eunetis
2350 4519 2415 4573 ad
2446 4533 2505 4571 se
2533 4518 2743 4573 lavandi
2774 4534 2930 4574 causa
2971 4520 3346 4575 accedentibus
3389 4528 3473 4575 est

250 4588 361 4642 Sed
395 4589 699 4656 priusquam
749 4586 954 4658 aliquid
1004 4589 1275 4658 legamus,
1325 4586 1626 4657 exemplum
1671 4591 1810 4646 unde

254 4658 415 4712 talem
460 4658 667 4727 legendi
714 4656 925 4710 modum
962 4656 1365 4727 sumpserimus,
1396 4656 1656 4716 dicamus.
1709 4662 1811 4714 Do-

253 4728 429 4783 minus
455 4743 694 4800 namque
727 4737 780 4782 et
805 4728 1048 4784 Salvator
1076 4740 1280 4797 noster,
1313 4746 1431 4785 cum
1461 4732 1632 4800 aliqua
1664 4732 1811 4800 regni

253 4798 496 4869 caelestis
525 4798 732 4854 secreta
768 4813 1010 4855 reserare
1040 4800 1227 4867 vellet,
1277 4798 1657 4856 similitudines
1687 4798 1811 4869 pro-

259 4872 377 4923 tulit
411 4868 573 4935 tales,
619 4886 734 4937 qua:
765 4872 1000 4926 omnium
1029 4870 1394 4940 intelligentia:
1440 4868 1806 4927 convenirent.

260 4940 458 4994 Paulus
489 4955 698 5007 quoque
728 4941 966 4995 caelestia
1019 4958 1110 5011 per
1136 4942 1538 4997 similitudinem
1571 4952 1811 4996 contem-

260 5011 392 5083 plari
424 5024 578 5083 posse
609 5020 853 5073 testatur,
884 5011 1069 5067 dicens
1095 5030 1108 5065 :
1149 5013 1393 5067 Videmus
1419 5030 1551 5068 nunc
1582 5030 1814 5083 ρει-,δρε-

258 5080 433 5134 culum
477 5082 597 5152 etin
621 5083 907 5149 (enigmata.
940 5083 1165 5152 Ideoque
1191 5085 1330 5139 sicut
1356 5080 1611 5139 Dominus
1638 5080 1819 5139 noster

260 5166 359 5221 per
388 5151 761 5205 similitudines
809 5164 1013 5207 secreta
1066 5153 1285 5220 plurima
1332 5156 1580 5210 tidelibus
1609 5157 1817 5210 cunctis

261 5223 475 5289 aperuit
495 5261 509 5284 ,
550 5221 622 5275 ita
651 5230 705 5275 et
727 5236 825 5287 ego
858 5234 1011 5291 prout
1041 5226 1205 5291 gratia
1236 5224 1411 5277 divina
1442 5226 1717 5289 concedit,
1764 5228 1815 5279 in

261 5292 366 5346 hoc
396 5304 643 5346 sermone
668 5294 888 5360 cupiens
919 5294 1090 5349 facere
1117 5335 1130 5356 ,
1181 5294 1283 5348 tale
1327 5295 1609 5349 locutionis
1649 5312 1817 5361 genus

262 5362 404 5431 quod
431 5363 733 5416 facillimum
766 5374 844 5416 est
870 5363 935 5417 ad
966 5365 1384 5432 intelligendum,
1415 5374 1467 5419 et
1495 5365 1548 5419 in
1578 5367 1812 5421 ninnium

263 5435 537 5505 reperitur
551 5433 871 5505 conscientia
901 5436 1218 5504 sapientium
1244 5474 1258 5499 ,
1304 5436 1516 5492 decrevi
1545 5438 1813 5504 appellare

261 5504 456 5557 librum
479 5544 495 5569 ,
528 5504 579 5557 in
612 5518 717 5571 quo
744 5504 968 5568 quilibet
992 5505 1281 5574 spiritualis
1310 5509 1460 5573 quasi
1492 5507 1699 5574 legens,
1731 5521 1816 5562 se-

262 5586 407 5630 creta
435 5574 613 5646 cordis
642 5575 719 5626 sui
751 5576 918 5641 possit
946 5590 1252 5644 agnoscere.
1289 5576 1419 5629 Cum
1455 5578 1607 5646 igitur
1637 5587 1807 5631 tenea-

262 5661 383 5699 mus
412 5645 602 5698 librum
631 5682 646 5709 ,
699 5647 935 5714 legamus
966 5647 1090 5699 illud
1122 5647 1379 5714 primum,
1436 5645 1575 5701 unde
1620 5658 1669 5701 et
1716 5649 1815 5702 hoc

263 5716 441 5785 ipsum
489 5716 659 5787 valeat
707 5718 964 5787 agnosci,
1018 5717 1158 5787 quod
1202 5721 1375 5771 omnis
1416 5719 1536 5773 vitae
1582 5719 1815 5774 caelestis

265 5786 646 5858 contemplatio
675 5785 883 5845 nonnisi
932 5785 1292 5861 pcr'alicujus
1336 5789 1695 5847 similitudinis
1730 5792 1809 5847 iu-

1919 4600 2060 4659 apta,
2090 4605 2188 4645 nec
2215 4605 2534 4659 quemquam
2566 4590 2651 4643 vel
2683 4591 2904 4644 multum
2937 4591 3020 4644 vel
3068 4606 3254 4658 parum
3299 4590 3475 4645 sordi-

1916 4660 2041 4715 dum
2083 4674 2114 4714 a
2156 4676 2215 4715 se
2244 4660 2475 4728 repellit.
2530 4659 2639 4713 liae
2687 4662 2841 4729 igitur
2889 4660 3234 4716 similitudine
3287 4676 3477 4717 omnes

1916 4732 2116 4799 pariter
2142 4732 2509 4795 admonemur,
2556 4746 2624 4784 no
2664 4735 2781 4801 quis
2827 4742 3064 4785 nostrum
3111 4733 3360 4801 desperet
3408 4733 3477 4788 de

1915 4813 2250 4871 peccatorum
2282 4816 2499 4857 suorum
2532 4800 2899 4870 puriﬁcatione
2925 4800 3237 4868 obtinenda,
3264 4803 3312 4858 si
3353 4812 3469 4857 tan-

1919 4871 2193 4926 tummodo
2218 4872 2529 4926 eorumdem
2563 4884 2900 4941 peccatorum
2933 4874 3119 4928 sordes
3147 4875 3362 4930 abluere
3387 4889 3475 4928 vo-

1916 4942 2051 5007 lens,
2083 4943 2149 4996 ad
2180 4942 2379 4996 fontem
2410 4958 2558 5010 aquae
2586 4943 2740 5006 vivae,
2776 4942 2826 4995 id
2855 4952 2953 5005 est,
2980 4945 3045 4997 ad
3079 4946 3241 4999 Deum
3270 4953 3474 5009 currat,

1920 5013 2096 5082 ibique
2116 5027 2174 5067 se
2195 5029 2316 5067 cum
2340 5014 2672 5082 paenitentia:
2695 5012 2939 5083 lacrymis
2962 5014 3123 5070 lavet.
3142 5016 3282 5069 Nihil
3304 5015 3472 5079 enim,

1921 5094 1979 5136 ut
2008 5080 2259 5152 scriptum
2291 5080 2372 5138 est
2392 5124 2405 5147 ,
2438 5084 2490 5139 in
2520 5084 2677 5136 terris
2705 5080 2760 5135 fit
2792 5080 2904 5138 sine
2934 5100 3113 5140 causa.
3164 5087 3268 5141 Sed
3299 5087 3474 5140 omnis

1919 5163 2163 5208 creatura
2194 5171 2455 5224 omneque
2497 5156 2907 5225 instrumentum
2938 5156 3097 5217 utile;
3147 5157 3241 5212 sed
3272 5166 3326 5211 et
3360 5158 3474 5225 ipsa

1920 5224 2056 5279 ratio
2087 5225 2205 5279 data
2232 5228 2296 5279 ad
2326 5223 2421 5279 nus
2449 5238 2539 5292 per
2565 5223 2796 5292 aliquam
2826 5226 3227 5283 similitudinem
3255 5223 3475 5293 clamat,

1923 5306 1978 5349 ut
2010 5294 2173 5350 Deum
2202 5296 2555 5366 requiramus.
2611 5293 2736 5358 Sed,
2772 5305 2827 5349 ut
2873 5298 2940 5350 de
2988 5298 3232 5354 inchoata
3267 5298 3479 5352 lavandi

1923 5365 2291 5422 similitudine
2326 5368 2439 5437 plus
2492 5365 2786 5433 loquamur,
2852 5368 2951 5421 nisi
3000 5379 3145 5424 esset
3189 5369 3480 5437 spiritualis

1922 5438 2055 5491 sicut
2087 5438 2377 5505 corporalis
2407 5436 2617 5500 lavatio,
2654 5450 2982 5504 nequaquam
3018 5436 3295 5495 PsalntiSta
3323 5442 3472 5494 dice-

1922 5518 2001 5561 ret
2030 5528 2041 5561 :
2077 5509 2308 5576 Amplius
2339 5507 2453 5559 lava
2482 5521 2558 5557 me
2589 5507 2943 5575 ab_iniquitate
2970 5527 3099 5573 mea,
3134 5521 3224 5564 et:
3260 5510 3477 5564 Lavabis

1924 5595 1999 5650 me
2019 5618 2033 5643 ,
2078 5590 2123 5631 et
2152 5594 2301 5645 super
2330 5578 2491 5629 nivem
2523 5578 2826 5650 dealbabor,
2868 5580 2999 5633 llinc
3028 5582 3186 5635 etiam
3220 5584 3478 5650 pr0pheta

1921 5649 2171 5703 admonet
2203 5663 2298 5701 nos
2330 5663 2394 5701 ex
2428 5662 2648 5711 persona
2684 5648 2887 5702 Domini
2921 5652 3101 5706 dicens
3129 5648 3474 5717 :-Lavainini,

1920 5720 2099 5773 mundi
2125 5727 2295 5791 estote.
2332 5718 2397 5791 Et
2425 5731 2477 5770 ut
2508 5720 2741 5791 apertius
2773 5720 3063 5776 insinuaret
3092 5725 3210 5791 quia
3241 5739 3331 5789 per
3360 5724 3474 5775 hcce

1921 5792 2079 5847 verba
2108 5789 2382 5860 spirituale
2408 5790 2575 5860 magis
2601 5805 2758 5860 quam
2788 5794 3063 5863 Corporale
3088 5789 3355 5853 lavacrum
3378 5792 3474 5847 de-

3553 1561 3574 1723 ἰ
