4006 6364
574 356 716 429 trgi

1038 358 1246 415 BEDIE
1286 354 1739 414 VENERABILIS
1778 354 1928 412 OPP.
1972 354 2149 412 PARS
2189 350 2254 409 ﬂ.
2288 351 2478 410 SECT.
2514 352 2583 409 11.
2623 383 2695 397 -—
2733 353 2941 411 DUBIA
2982 354 3070 411 ET
3109 354 3379 414 SPURIA.

3700 355 3852 443 tios

568 478 833 546 signaret,
856 475 1112 531 continuo
1140 473 1413 543 subjunxit
1441 477 1621 530 dicens
1648 494 1662 531 :
1699 479 1909 545 Auferte
1942 476 2137 529 malum
2170 472 2221 532 Δ
2245 480 2366 547 ret:
2395 468 2543 547 Sicut
2570 471 2625 547 in
2654 479 2799 547 terra
2832 488 3021 544 magna
3048 474 3364 547 meritorum
3396 472 3695 547 diversitas
3724 488 3842 547 est,

569 548 934 617 cogitatio-tant
961 556 1242 601 uestrarum
1270 547 1331 600 ab
1363 548 1523 602 oculis
1550 550 1700 614 meis,
1726 548 1967 620 quiescite
1994 563 2144 618 agere

562 633 818 689 perverse,
845 626 950 672 etc.

642 688 787 742 inter
808 689 945 754 hac,
966 696 1024 742 et
1036 687 1165 742 ii‘lud
1188 688 1496 743 omnimodo
1514 690 1842 754 pensandum
1867 688 2139 757 existimo,

648 760 712 812 od
743 759 864 814 ideo
891 759 1333 827 baptizandorum
1363 774 1591 826 corpora
1618 759 1899 814 visibiliter
1938 758 2081 814 ablui
2113 775 2143 816 a

648 774 712 812 ou
743 774 864 814 meo
891 774 1333 827 napuzanaorum
1363 774 1591 826 corpora
1618 774 1899 814 vtsmmter
1938 774 2081 814 aDltll
2113 775 2143 816 a

570 774 765 885 amb
768 844 803 884 ι
833 830 1231 899 pracipiantur,
1262 840 1321 884 ut
1348 844 1444 898 per
1468 831 1575 885 hoc
1605 831 1992 885 admoneamur
2023 847 2145 886 cre-

560 900 699 957 dere
742 900 948 956 animas
992 901 1069 956 ibi
1111 903 1315 972 pariter
1352 900 1607 955 invisibili
1642 903 1911 970 baptismo
1958 903 2143 967 purifi-

562 972 703 1027 cari.
736 972 880 1042 Ergo
914 973 1049 1028 dum
1074 983 1289 1040 tempus
1318 972 1598 1034 habemus,
1631 974 1683 1027 in
1713 974 1895 1041 gratim
1946 974 2142 1028 divinae

566 1041 1000 1114 lavacro,qu
1048 1044 1284 1112 undique
1322 1043 1670 1106 circumﬂuit,
1728 1060 1825 1098 nos
1876 1044 2137 1099 lavemus.

570 1112 750 1168 Tertia
778 1112 992 1183 quoque
1008 1116 1309 1170 similitudo
1337 1114 1549 1170 videtur
1580 1115 1706 1169 mihi
1740 1115 1793 1168 iu
1825 1130 1957 1185 aqua
1981 1129 2142 1184 posse

567 1185 813 1250 reperiri.
845 1185 1057 1241 Scimus
1103 1201 1331 1254 namque
1361 1186 1485 1255 quia
1534 1186 1657 1239 dum
1690 1187 1929 1239 immissa
1980 1201 2139 1241 manu

568 1255 659 1310 vel
688 1255 790 1309 alia
818 1258 1046 1311 materia
1091 1257 1373 1325 dividitur,
1408 1256 1553 1310 nulla
1593 1256 1874 1310 divisionis
1916 1258 2139 1326 vestigia

570 1336 694 1394 post
720 1337 1004 1382 retractum
1036 1343 1253 1381 manum
1284 1330 1334 1382 in
1378 1343 1474 1381 suo
1507 1326 1681 1381 reditu
1714 1328 1909 1381 habere
1938 1341 2141 1393 cogno-

566 1397 754 1451 scitur.
784 1398 968 1464 Quod,
999 1399 1225 1465 scilicet,
1252 1414 1358 1451 non
1400 1398 1517 1451 sine
1545 1412 1702 1451 causa
1734 1398 1849 1452 fore
1889 1398 2138 1465 arbitror,

570 1468 665 1521 sed
712 1467 816 1522 hoc
865 1470 1186 1537 signiﬁcare,
1247 1469 1386 1537 quod
1428 1469 1620 1522 divinae
1667 1468 1920 1536 potentiae
1967 1469 2142 1524 omnis

569 1549 814 1593 creatura
848 1540 917 1594 sit
946 1541 1016 1595 ita
1066 1539 1428 1608 penetrabilis,
1481 1540 1703 1592 utnulla
1751 1540 2014 1594 accedens
2056 1539 2140 1594 vel

566 1610 826 1664 recedens
887 1620 1037 1678 gerat
1098 1610 1246 1677 signa
1302 1610 1694 1679 corruptionis,
1751 1611 1892 1665 sicut
1950 1611 2141 1665 accidit

568 1681 784 1746 quando
806 1680 984 1749 januis
1013 1682 1209 1735 clausis
1243 1680 1499 1735 Dominus
1544 1689 1723 1735 noster
1752 1681 1817 1735 ad
1850 1680 2139 1745 discipulos

566 1749 841 1817 ingressus
864 1763 966 1806 est.
1001 1751 1075 1805 lbi
1098 1755 1294 1821 quippe
1321 1766 1447 1804 caro
1477 1767 1600 1805 vera
1631 1760 1763 1813 erat,
1796 1752 1889 1806 sed
1914 1752 2134 1817 dcitate,

568 1835 687 1888 qua:
715 1822 958 1876 eamdem
988 1837 1202 1876 carnem
1256 1821 1583 1890 possidebat,
1617 1822 1901 1886 efliciente,
1936 1824 2004 1877 ita
2046 1838 2138 1890 pe-

564 1892 815 1945 netrabat
840 1894 1091 1956 claustra,
1125 1902 1183 1945 ut
1232 1892 1312 1946 sui
1347 1894 1491 1944 nulla
1543 1893 1870 1958 relinqueret
1893 1894 2137 1959 vestigia.

567 1960 663 2015 His
694 1962 853 2029 igitur
893 1964 1064 2017 tribus
1092 1964 1160 2017 de
1191 1977 1340 2031 aqua:
1382 1963 1745 2018 Sacramentis
1781 1963 1961 2028 dictis,
1993 1963 2142 2019 dica-

566 2042 689 2086 mus
711 2032 907 2087 deinde
936 2048 1054 2101 quae
1082 2034 1377 2087 similitudo
1409 2034 1794 2088 consideranda
1826 2036 1895 2087 sit
1918 2036 1969 2088 in
2002 2036 2138 2091 sole.

638 2103 788 2176 Sicut
816 2104 960 2157 enim
1011 2102 1417 2176 ej‘usAASplendor
1445 2105 1738 2159 immensus
1778 2106 2015 2176 undique
2047 2121 2143 2174 per

564 2174 753 2228 orbem
783 2182 1047 2230 terrarum
1071 2174 1406 2239 diffunditur,
1439 2176 1507 2227 ita
1540 2177 1793 2242 potentize
1824 2188 1877 2231 et
1910 2174 2145 2244 praesen-

567 2244 653 2299 tia
683 2245 1237 2300 divinae-immensitas
1263 2259 1423 2313 super
1453 2246 1632 2300 omnia
1675 2247 2003 2302 continetur.
2035 2247 2146 2303 Cu-

564 2314 653 2386 jus
683 2315 1050 2371 similitudinis
1072 2318 1276 2371 veritas
1304 2332 1368 2371 ex
1403 2316 1504 2371 hoc
1547 2332 1706 2385 quam
1738 2320 1970 2372 maxime
1998 2330 2146 2386 pote-

564 2387 640 2442 rit
678 2386 921 2460 agnosci,
953 2386 1095 2460 quod
1138 2388 1191 2441 in
1237 2387 1530 2460 quamlibet
1572 2395 1733 2460 terra“;
1764 2399 1987 2460 partem
2018 2404 2145 2460 per-

567 2458 799 2522 reseris,
839 2472 976 2513 unus
1014 2458 1265 2526 idemque
1293 2458 1425 2512 solis
1470 2458 1722 2527 Splendor
1761 2459 1812 2513 iu
1844 2458 2034 2514 eadem
2062 2465 2145 2515 vi-

567 2526 790 2583 cinitate
836 2528 935 2583 tibi
990 2529 1287 2599 apparebit.
1332 2530 1466 2583 Cum
1511 2544 1639 2599 ergo
1683 2537 1828 2583 tanta
1875 2532 2006 2584 solis
2055 2534 2145 2599 qui

570 2600 755 2668 utique
783 2609 1027 2654 creatura
1055 2608 1158 2666 est,
1192 2608 1372 2668 pateat
1401 2600 1707 2669 prtesentia,
1744 2600 1873 2655 nulli
1897 2602 2023 2656 licet
2048 2605 2146 2656 du-

569 2669 742 2724 bitare
792 2671 862 2725 de
913 2670 1009 2726 Dei
1052 2672 1439 2740 omnipotentis
1486 2672 1852 2741 creatorisque
1906 2673 2147 2727 omnium

568 2741 829 2813 potentia.
856 2741 965 2797 Sed
1004 2750 1064 2796 et
1111 2758 1175 2797 ex
1218 2742 1322 2797 hoc
1358 2755 1594 2813 praesens
1624 2741 1823 2813 ubique
1852 2757 1971 2798 esse
2008 2744 2147 2797 Deus

566 2811 847 2880 probatur,
877 2813 1002 2881 quia
1035 2813 1296 2880 plurimos
1334 2827 1398 2869 se
1443 2811 1759 2868 invocantes
1802 2828 1929 2868 mox
1983 2828 2148 2868 exau-

569 2881 690 2953 dire
714 2884 970 2937 sentitur.
1002 2882 1227 2937 Possem
1257 2883 1433 2939 adhuc
1472 2884 1540 2939 de
1566 2884 1678 2939 sole
1706 2885 1858 2953 plura
1890 2898 2059 2939 sacrae
2086 2887 2142 2938 ﬁ-

568 2950 659 3007 dei
708 2954 1084 3009 convenientia
1132 2954 1333 3021 dicere,
1380 2954 1477 3011 sed
1523 2950 1860 3011 auditoribus
1912 2955 2149 3012 taediosis

565 3024 896 3092 compatiens
932 3033 1212 3093 praetereo.

637 3093 887 3165 Dicamus
915 3110 1130 3164 quoque
1158 3096 1288 3165 quid
1336 3110 1435 3151 nos
1481 3097 1675 3151 doceat
1704 3096 1848 3151 Deus
1874 3112 1969 3164 per
2003 3097 2148 3153 varia

569 3179 767 3235 genera
798 3164 1124 3227 ofﬁciorum,
1157 3164 1277 3236 qua:
1301 3167 1485 3223 haberi
1507 3167 1681 3221 solent
1705 3168 1759 3222 in
1792 3168 2145 3236 quorumdam

570 3237 722 3307 curia
755 3236 1076 3307 principum.
1107 3236 1184 3292 lbi
1213 3238 1407 3307 quippe
1432 3238 1699 3293 habentur
1730 3248 1837 3292 tam
1863 3238 1966 3293 viri
1991 3256 2148 3307 quam

569 3306 786 3379 {culinae
831 3306 1075 3377 quaedam
1122 3309 1468 3377 splendidiori
1515 3310 1715 3364 vestitu
1757 3310 1954 3379 jugiter
2000 3306 2150 3367 ince-

568 3378 780 3450 dentes,
819 3388 875 3433 et
896 3394 1020 3434 cum
1051 3380 1268 3434 domino
1293 3390 1453 3450 atque
1483 3379 1699 3434 domina
1730 3379 2148 3437 familiaritatem

567 3449 830 3517 majorem
861 3451 1181 3505 retinentes.
1211 3451 1317 3505 Sed
1347 3449 1400 3504 et
1425 3450 1532 3505 hoc
1557 3466 1584 3504 a
1623 3450 1864 3519 pluribus
1908 3451 2147 3509 studiose

566 3520 907 3589 providetur,
938 3535 1009 3575 ne
1032 3520 1209 3590 aliqua
1242 3521 1559 3575 feminarum
1589 3536 1776 3576 earum
1807 3537 1924 3589 qua:
1948 3528 2149 3578 manci-

566 3600 708 3661 pati:
732 3590 840 3645 sint
865 3590 935 3645 ibi
965 3590 1165 3661 jugiter
1211 3606 1431 3646 manere
1460 3592 1567 3646 ulla
1620 3591 1989 3647 fornicationis
2032 3610 2147 3648 ma-

565 3660 680 3741 cula
714 3660 1190 3728 infametuﬁadeo
1219 3672 1277 3717 ut
1302 3663 1349 3717 si
1378 3662 1516 3718 forte
1545 3663 1597 3717 in
1638 3665 1811 3717 virum
1856 3664 2040 3741 oculos
2073 3666 2149 3741 la-

564 3734 715 3804 scivo
743 3742 965 3804 aspectu
1009 3741 1310 3804 convertat,
1358 3749 1483 3788 mox
1538 3748 1744 3803 magnae
1792 3734 2147 3804 correptionis

565 3801 734 3873 verba
764 3801 967 3856 audiat.
1022 3802 1100 3858 lbi
1153 3805 1317 3858 etiam
1350 3813 1476 3873 sunt
1528 3801 1741 3873 quidam
1776 3801 2142 3872 interioribus,

565 3871 783 3945 quidam
808 3886 938 3928 vero
964 3874 1325 3929 exterioribus
1354 3872 1519 3929 ofﬁcii
1543 3871 1803 3943 deputati.
1830 3876 1931 3943 Qui
1960 3871 2145 3932 omnes

566 3943 819 4013 quaelibet
847 3945 1133 4000 commissa
1161 3945 1264 4000 sibi
1292 3955 1400 4000 tam
1430 3954 1584 4000 caute
1610 3945 1919 4012 observant,
1970 3957 2032 4000 ut
2062 3948 2145 4001 ni-

564 4013 641 4070 hil
687 4025 879 4084 praeter
905 4016 1252 4072 commissum
1283 4015 1387 4072 sibi
1427 4015 1721 4071 vindicent.
1754 4016 1925 4085 Hujus
1956 4018 2144 4071 simili-

566 4085 768 4157 tudinis
788 4095 1159 4155 argumentum
1185 4088 1312 4143 licet
1338 4101 1369 4142 a
1402 4087 1647 4157 plurimis
1676 4089 1858 4142 saeculi
1889 4087 2145 4157 principi-

564 4156 668 4213 bus
696 4167 1007 4228 corruptum
1036 4158 1127 4224 sit,
1160 4159 1214 4213 in
1247 4156 1429 4228 paucis
1453 4168 1654 4226 tamen,
1680 4159 1768 4227 qui
1792 4159 1844 4212 in
1874 4156 2143 4213 amoreet

568 4226 899 4299 timoreADei
951 4226 1328 4296 perinanenies
1372 4230 1621 4299 religiose
1668 4226 1886 4296 vivunt,
1943 4230 2143 4299 poterit

564 4297 786 4370 agnosci
814 4297 941 4368 quid
970 4300 1257 4369 signiﬁcet.
1286 4297 1559 4369 Signiﬁcat
1582 4316 1813 4369 namque
1843 4297 1966 4370 quia
2003 4312 2143 4357 szcut

564 4368 847 4437 religiosus
880 4368 1106 4440 quilibet
1133 4368 1387 4440 princeps
1435 4372 1488 4426 in
1519 4368 1763 4426 sreculari
1795 4368 1902 4424 vita
1937 4372 2140 4439 positus

564 4452 625 4496 se
654 4452 887 4508 suosque
916 4439 1017 4495 sub
1058 4442 1206 4495 varia
1234 4439 1584 4509 dispositione
1614 4445 1669 4496 in
1699 4441 1860 4496 domo
1893 4456 1989 4496 sua
2039 4444 2140 4498 rite

562 4518 836 4582 procurat,
879 4510 953 4565 ita
983 4512 1244 4580 agendum
1272 4522 1357 4566 est
1384 4513 1439 4567 in
1484 4521 1671 4568 sancta
1719 4513 1981 4577 Ecclesia,
2015 4528 2135 4582 quae

2176 3208 2225 3272 C

2246 541 2318 595 ita
2344 553 2398 595 et
2426 542 2478 595 ia
2525 542 2729 598 caelesti
2778 541 2945 612 regno
2975 548 3155 599 multae
3187 546 3496 601 mansiones
3532 541 3831 603 habentur.

2247 612 2656 681 Progrediamur
2683 623 2737 667 et
2766 615 2904 669 ultra
2951 615 3190 671 dicentes
3220 617 3452 685 aliquam
3509 618 3833 672 similitudi-

2248 697 2393 750 nem,
2420 699 2521 752 qua
2568 684 2731 739 divini
2761 687 2939 753 operis
2968 684 3343 743 excellentiam
3372 686 3834 747 considerandam

2246 756 2537 810 ascendere
2561 757 2853 811 valeamus.

2322 826 2470 880 Sicut
2501 828 2702 899 peritus
2745 838 2797 881 et
2826 828 2977 884 dives
3015 828 3219 884 aurifex
3250 829 3439 884 volens
3476 829 3705 899 aliquod
3734 829 3835 885 mi-

2248 912 2369 952 rum
2394 912 2529 973 opus
2556 898 2754 973 facere,
2781 900 3134 973 undecunque
3155 911 3332 970 potest
3353 898 3835 973 colligit’insigues

2247 978 2300 1023 et
2326 971 2583 1041 pretiosos
2616 969 2837 1036 lapides,
2872 972 3010 1026 inter
3037 969 3246 1035 aurum,
3275 973 3358 1026 vel
3390 969 3835 1041 argentumpr-

2249 1039 2475 1114 nendos,
2510 1052 2615 1114 tam
2641 1043 2729 1114 _ad
2761 1043 2963 1106 peritiae
2991 1058 3101 1097 sua:
3162 1045 3525 1097 ostensionem
3566 1039 3748 1114 quam
3769 1045 3836 1098 ad

2246 1111 2423 1183 operis
2450 1111 2571 1183 miri
2598 1111 2861 1183 nitorem;
2895 1114 2973 1168 sic
2998 1123 3053 1167 et
3086 1115 3222 1168 Deus
3250 1111 3622 1183 omnipotens,
3654 1125 3840 1169 esten-

2246 1180 2374 1235 dere
2403 1182 2624 1249 cupiens
2668 1182 2879 1239 divitias
2927 1185 3202 1251 sapientiae
3254 1180 3647 1249 suun—tantam
3700 1184 3841 1251 peri—

2248 1252 2376 1305 tiam
2418 1261 2722 1319 tantamque
2771 1256 3143 1310 excellentiam
3198 1256 3329 1309 artis
3379 1256 3430 1309 in
3475 1256 3739 1309 humana:
3786 1266 3841 1310 et

2246 1323 2527 1376 mundanze
2559 1323 2772 1380 fabrica:
2801 1326 2978 1380 tabula
3002 1325 3283 1395 expressit,
3318 1335 3373 1379 ut
3399 1341 3595 1380 omnes
3622 1327 3837 1392 sapies-

2248 1399 2328 1446 tes
2354 1395 2582 1447 artiﬁces
2609 1409 2820 1464 semper
2848 1396 3078 1451 habeant
3109 1396 3247 1464 quod
3286 1397 3563 1450 mirentur
3587 1406 3648 1451 et
3684 1413 3837 1451 vene-

2244 1473 2455 1518 rentur.
2514 1464 2665 1521 Unde
2724 1467 3001 1522 Psalmista
3060 1467 3190 1520 dicit
3230 1468 3442 1532 :Quam
3496 1468 3836 1533 magniﬁcam

2244 1547 2359 1607 sunt
2405 1551 2561 1605 apem
2608 1537 2994 1600 tua!Damine,
3029 1538 3203 1591 omnia
3247 1539 3299 1591 in
3345 1538 3611 1607 sapientia
3647 1541 3835 1605 fecisti.

2242 1603 2351 1660 Sed
2382 1603 2503 1674 quia
2527 1612 2847 1663 mentionem
2877 1606 3101 1663 fecimus
3128 1609 3241 1663 auri
3268 1618 3323 1663 et
3359 1603 3599 1677 argenti.
3634 1603 3836 1676 pretio-

2242 1688 2533 1748 serumque
2562 1677 2818 1746 lapidum,
2852 1680 3042 1748 quibus
3081 1694 3239 1733 omne
3271 1694 3406 1747 Opus
3438 1680 3670 1733 fabricae
3712 1696 3840 1747 prir-

2243 1744 2396 1815 cipue
2425 1744 2734 1814 adornatur,
2765 1744 2919 1804 decet
2965 1760 3021 1803 ut
3050 1750 3135 1804 vel
3167 1744 3348 1814 paucis
3379 1751 3567 1804 verbis
3606 1744 3843 1817 extume-

2244 1831 2366 1871 mus
2421 1822 2647 1886 qualiter
2684 1823 2795 1875 haec
2826 1822 2924 1875 tria
2956 1821 3021 1874 ad
3052 1822 3379 1889 spiritualem
3415 1830 3625 1874 sanctm
3662 1820 3841 1875 Eccle-

2246 1889 2339 1961 siae
2369 1900 2612 1944 ornatum
2637 1896 2977 1946 conveniant.
3010 1894 3225 1960 Argenti
3254 1893 3417 1961 igitur
3447 1892 3684 1946 nomine
3712 1908 3839 1958 ρεςε-

2244 1958 2540 2034 dicatorum
2609 1974 2932 2034 sanctorum
2982 1958 3115 2017 ordo
3182 1958 3484 2034 ﬁguratur,
3553 1972 3837 2017 attestantc

2243 2027 2524 2084 Psalmista
2569 2035 2658 2102 qui
2701 2034 2865 2088 dicit:
2894 2032 3111 2103 Eloquia
3158 2027 3363 2087 Do'uiini
3423 2033 3643 2103 eloquia
3684 2045 3838 2100 casta,

2246 2113 2509 2173 argentum
2531 2104 2647 2174 igne
2675 2107 3039 2159 examinatum.
3065 2105 3316 2159 Salomon
3345 2118 3571 2172 quoque
3602 2105 3682 2157 ait
3717 2122 3728 2155 :
3752 2108 3843 2157 Ar.

2245 2176 2694 2246 gentumclectum
2722 2176 2901 2245 lingua
2921 2175 3077 2246 justi.
3104 2175 3208 2230 Per
3233 2190 3421 2246 aurum
3450 2190 3594 2246 vero
3638 2175 3836 2242 signiﬁ-

2245 2254 2435 2298 cantur
2464 2244 2515 2298 hi
2545 2247 2633 2314 qui
2664 2248 2823 2301 variis
2851 2244 3218 2315 diuturnisque
3250 2245 3529 2299 laboribus
3570 2245 3625 2299 in
3658 2261 3839 2300 mona-

2238 2316 2379 2367 stica
2406 2314 2541 2378 vita,
2575 2331 2669 2371 seu
2694 2318 2747 2372 in
2776 2318 2883 2371 alio
2915 2317 3035 2371 loco
3062 2314 3391 2384 opportuno,
3423 2317 3675 2385 probati,
3704 2326 3832 2369 tanta

2242 2388 2525 2441 sanctitate
2569 2389 2810 2453 rutilant,
2840 2399 2896 2442 ut
2927 2388 3171 2442 omnibus
3198 2398 3441 2441 sanctam
3473 2388 3834 2442 conversatio-

2244 2470 2371 2511 nem
2392 2457 2820 2512 desiderantibus
2846 2460 2953 2512 sint
2968 2473 3074 2527 .pro
3097 2458 3356 2513 miraculo
3373 2467 3429 2513 et
3449 2474 3552 2527 pro
3577 2460 3833 2526 exempto.

2316 2527 2581 2594 Lepidum
2614 2538 2791 2584 autem
2827 2531 3045 2584 nomine
3067 2531 3451 2598 pretiosorum,
3481 2531 3580 2598 qui
3612 2534 3832 2584 maxime

2242 2606 2340 2653 aut
2365 2598 2645 2653 rubicundi
2679 2609 2769 2654 aut
2797 2602 2924 2654 aerii
2957 2600 3154 2655 coloris
3185 2608 3332 2663 sunt,
3374 2599 3759 2669 signiﬁcantur
3786 2603 3832 2654 bi

2246 2670 2337 2743 qui
2369 2671 2451 2723 vel
2504 2685 2777 2740 purpureo
2806 2671 3059 2743 Zmartyrii
3107 2669 3363 2741 sanguine
3416 2672 3645 2737 rubent,
3691 2673 3833 2726 vela

2250 2740 2501 2809 primmva
2537 2750 2706 2812 astate
2735 2757 2905 2812 usque
2936 2740 2989 2796 in
3024 2742 3181 2797 ﬁnem
3214 2743 3265 2795 in
3311 2743 3644 2796 castimonia
3691 2753 3745 2796 et
3786 2744 3834 2795 in

2245 2813 2395 2867 omni
2429 2811 2771 2879 perfectionis
2800 2811 3041 2867 claritate
3073 2814 3274 2867 lucent.
3308 2812 3641 2881 llujusmodi
3666 2812 3835 2879 itaque

2248 2883 2469 2937 metallo
2530 2882 2788 2937 fabricam
2854 2898 2967 2938 suae
3022 2884 3275 2938 Ecclesia:
3327 2882 3600 2937 Dominus
3662 2894 3836 2937 noster

2250 2953 2513 3009 adornare
2545 2955 2699 3009 solet.
2730 2954 2831 3009 Cui
2873 2956 3007 3009 satis
3036 2953 3287 3009 convenit
3327 2954 3474 3021 quod
3514 2954 3573 3007 in
3606 2952 3835 3009 Canticis

2253 3025 2589 3079 canticorum
2620 3026 2839 3094 legitur,
2869 3024 2993 3097 quia
3015 3025 3275 3149 [arculum
3297 3024 3417 3093 fecit
3442 3025 3539 3079 sibi
3572 3042 3667 3078 rex
3686 3025 3836 3079 Sals-

2253 3112 2371 3148 mon
2404 3097 2468 3149 de
2507 3097 2658 3149 lianis
2690 3097 2906 3149 Libani:
2953 3113 3009 3149 co
3036 3113 3213 3149 umnas
3240 3096 3351 3149 eius
3383 3098 3500 3149 fecit
3546 3107 3833 3149 araenteas.

2252 3112 2371 3148 mon
2404 3097 2468 3149 de
2507 3097 2658 3167 lignis
2690 3097 2906 3161 Libani;
2953 3096 3213 3151 columnas
3240 3096 3351 3166 ejus
3381 3098 3500 3166 fecit
3541 3107 3833 3166 grgenteas,

2253 3168 2635 3221 reclinatorium
2682 3184 2911 3232 aureum,
2962 3185 3224 3221 ascensum
3272 3183 3617 3238 purpureum,
3676 3170 3838 3220 media

2252 3240 2502 3310 charitate
2557 3240 2829 3292 constravit
2877 3250 3083 3310 prapter
3130 3240 3267 3308 ﬁlias
3311 3237 3627 3291 Jerusalem.
3679 3238 3837 3307 Qua,

2252 3309 2485 3378 scilicet,
2530 3311 2690 3365 verba
2738 3324 2923 3378 parum
2974 3309 3280 3380 discrepant
3332 3324 3361 3361 a
3408 3313 3608 3363 nostris
3656 3311 3836 3363 divtis.

2250 3380 2405 3446 Quod
2445 3380 2586 3434 enim
2634 3393 2732 3435 nos
2761 3380 2988 3436 diximus
3012 3380 3288 3445 fabricam,
3324 3380 3392 3433 ibi
3417 3380 3613 3433 dicitur
3641 3380 3839 3433 fercu-

2254 3450 2379 3505 lum.
2431 3452 2559 3506 lllud
2585 3461 2761 3507 autem
2793 3451 3047 3507 ferculum
3082 3452 3201 3506 ideo
3228 3452 3295 3508 de
3342 3452 3485 3519 lignis
3508 3449 3703 3505 Libani
3741 3452 3830 3505 fa—

2253 3530 2395 3577 ctum
2427 3538 2544 3578 esse
2585 3525 2842 3587 creditur,
2875 3524 2998 3592 quia
3039 3524 3272 3578 Ecclesia
3304 3532 3484 3576 sancta
3523 3521 3595 3575 ad
3640 3524 3834 3591 epulas

2252 3605 2480 3648 mternas
2525 3594 2744 3649 invitata
2792 3593 2859 3649 de
2912 3594 3067 3663 lignis
3117 3594 3562 3663 impntribilibus,
3612 3593 3669 3646 id
3729 3604 3828 3657 est,

2252 3611 2480 3648 aeternas
2526 3611 2744 3649 mvnata
2792 3611 2859 3649 ue
2912 3611 2942 3648 n
2987 3611 3067 3649 ms
3118 3611 3562 3663 Imptlll‘lDlllDllS,
3612 3611 3669 3646 lu
3729 3611 3828 3657 εει,

2249 3663 2435 3719 electis
2468 3674 2552 3721 est
2579 3674 2907 3721 constructa.
2936 3611 3101 3733 éujus
3146 3668 3412 3720 columnae
3442 3676 3723 3734 argentea
3755 3666 3829 3717 si-

2248 3735 2505 3860 gniﬁcant
2554 3737 2801 3791 doctores
2859 3738 3054 3804 eloquii
3094 3738 3265 3791 sancti
3311 3736 3491 3790 nitore
3537 3734 3828 3805 fulgentes.

2300 3807 2669 3860 eclinatorium
2702 3821 2830 3860 vero
2875 3822 3097 3860 aureum
3143 3807 3405 3860 signiﬁcat
3450 3821 3613 3860 sncm
3649 3822 3828 3860 perne-

2300 3807 2669 3862 eclinatorium
2702 3821 2830 3862 vero
2875 3822 3097 3862 aureum
3143 3807 3405 3876 signiﬁcat
3450 3821 3613 3875 spem
3649 3822 3835 3875 perpe-

2249 3884 2356 3931 tuae
2383 3879 2600 3948 quietis,
2628 3880 2681 3933 in
2702 3893 2803 3947 qua
2831 3881 3126 3933 electorum
3156 3878 3347 3932 animae
3376 3877 3429 3931 in
3463 3876 3635 3946 hujus
3660 3876 3833 3931 mundi

2247 3949 2516 4017 ergastulo
2546 3950 2719 4003 adhuc
2742 3949 3045 4004 laborantes
3071 3950 3391 4003 recumbunt
3422 3953 3582 4014 quasi
3621 3950 3825 4018 requie-

2247 4030 2479 4074 scentes.
2522 4023 2791 4075 Ascensus
2825 4035 3037 4090 quoque
3063 4035 3382 4089 purpureus,
3418 4021 3514 4088 qui
3543 4020 3603 4073 in
3652 4018 3834 4087 praedi-

2248 4099 2335 4143 cto
2361 4091 2563 4145 ferculo
2593 4091 2761 4146 factus
2790 4100 2893 4159 est,
2942 4091 3205 4159 signiﬁcat
3230 4091 3476 4144 omnium
3529 4100 3830 4143 sanctorum

2243 4171 2537 4232 martyrum
2569 4164 2893 4230 passionem,
2944 4165 3065 4230 quia
3116 4176 3209 4229 per
3234 4162 3479 4232 eamdem
3532 4163 3829 4228 passionem

2250 4231 2501 4300 purpurei
2530 4233 2802 4303 sanguinis
2850 4232 3030 4287 colore
3078 4233 3354 4303 rubentem
3404 4231 3476 4303 ad
3519 4232 3727 4299 gaudia
3754 4248 3830 4303 sa-

2242 4317 2408 4370 perna
2453 4302 2744 4358 ascendere
2793 4312 3119 4357 meruerunt.
3163 4302 3266 4357 Sed
3295 4302 3434 4370 quod
3480 4304 3740 4370 sequitur
3784 4302 3829 4352 ia

2242 4373 2440 4427 ferculo
2471 4374 2757 4443 descripto,
2783 4375 2949 4427 media
2998 4372 3246 4426 churitatc
3288 4373 3601 4437 construi-it,
3636 4382 3827 4442 propter

2242 4443 2380 4512 ﬁlias
2404 4443 2710 4510 Jerusalem,
2754 4446 3001 4516 designat
3029 4452 3278 4497 caateram
3313 4443 3561 4516 ﬁdelium
3602 4444 3829 4511 plebem,

2241 4528 2363 4583 quae
2389 4531 2488 4571 nec
2534 4514 2926 4585 praedicationis
2977 4514 3380 4585 sanctteverbo
3427 4517 3707 4581 congruit,
3746 4526 3832 4585 nec

564 4588 647 4661 est
674 4581 931 4661 principis
958 4584 1151 4637 summi
1171 4582 1393 4661 domus.
1434 4584 1513 4661 lbi
1545 4585 1692 4661 enim
1716 4594 2002 4661 _pastores,_
2028 4581 2132 4661 tam
2164 4581 2216 4642 D
2247 4581 2558 4657 sanguinem
2583 4602 2752 4661 suum
2777 4586 2972 4661 plicare
3015 4600 3110 4652 pro
3140 4584 3351 4639 Christo
3374 4586 3701 4661 praesumit,
3730 4584 3832 4637 sola

563 4650 914 4723 in_canonico
962 4668 1118 4721 quam
1166 4654 1223 4707 in
1269 4657 1564 4710 monastico
1608 4650 1788 4709 habitu
1833 4655 2133 4723 constituti,

564 4720 699 4795 tales
726 4736 847 4780 esse
868 4723 1090 4791 debent,
1122 4733 1179 4778 ut
1204 4723 1520 4780 ﬁducialiter
1540 4736 1595 4780 et
1624 4725 1963 4780 familiariter
1994 4720 2139 4795 prin;

564 4792 669 4863 cipi
701 4806 806 4866 suo
845 4795 1053 4864 possint
1092 4796 1346 4850 decenter
1389 4796 1665 4852 adhaerere
1706 4811 1768 4851 ac
1813 4792 2043 4866 colloqui
2072 4796 2141 4852 de

565 4864 816 4920 omnibus
863 4880 983 4938 quas
1030 4866 1086 4920 in
1116 4866 1355 4921 Ecclesia
1396 4876 1579 4921 sancta
1623 4876 1871 4923 constant
1910 4864 2138 4938 agenda,

563 4950 788 4991 monere
822 4936 987 4991 etiam
1036 4938 1261 5007 nequis
1307 4938 1720 4992 commissorum
1753 4936 2137 5007 vitiari—quam

564 5008 720 5063 decet
744 5007 943 5063 vestitu
973 5006 1207 5077 incedat,
1240 5006 1341 5063 hoc
1368 5017 1472 5074 est,
1504 5022 1571 5063 ne
1612 5008 1664 5062 in
1702 5010 1954 5077 cperibus
1982 5006 2136 5063 bonis

565 5078 840 5148 negligens
868 5079 1085 5143 existat,
1120 5076 1216 5134 sed
1256 5086 1312 5133 et
1337 5078 1469 5133 illud
1498 5079 1806 5133 omnimodo
1843 5079 2136 5147 custodire,

564 5149 810 5219 nequis,
861 5149 1120 5205 castitatis
1177 5150 1625 5219 continentiaeque
1669 5148 1790 5216 jura
1838 5148 2135 5216 professus,

566 5218 875 5290 bujusmodi
912 5230 1038 5276 vota
1060 5220 1509 5291 transgrediatur.
1534 5218 1609 5291 lbi
1652 5220 1901 5291 monachi
1933 5230 1987 5273 et
2015 5234 2129 5273 sau-

566 5291 901 5347 ctimoniales
945 5299 1091 5347 caste
1136 5290 1377 5347 viventes
1426 5302 1553 5347 sunt
1594 5290 1649 5344 in
1691 5290 2135 5359 pedissequarnm

568 5375 819 5431 persona.
864 5362 1060 5419 Casteri
1107 5377 1235 5418 vero
1263 5364 1357 5433 qui
1404 5363 1588 5418 intima
1615 5376 1838 5433 quaeque
1881 5370 1935 5414 et
1981 5360 2139 5433 spiri-

571 5430 732 5504 tualia
758 5433 935 5490 ofﬁcia
966 5444 1235 5504 nequeunt
1262 5430 1576 5504 observare,
1608 5430 1900 5504 siuntvelut
1924 5431 2135 5500 agrico-

565 5500 661 5572 lae,
691 5505 777 5559 vel
803 5507 946 5562 curis
997 5500 1343 5561 saecularibus
1390 5503 1616 5574 przelati.
1649 5503 1755 5560 Sed
1808 5501 1893 5555 isti
1925 5516 2134 5574 omnes,

570 5584 680 5646 tam
706 5575 951 5643 agricola:
974 5590 1131 5646 quam
1154 5572 1507 5646 pedissequae,
1532 5575 1577 5646 si
1613 5574 1895 5630 commissa
1925 5572 2049 5646 sibi,
2082 5582 2137 5626 et

570 5645 641 5701 ad
665 5642 816 5716 suam
855 5642 1037 5702 curam
1069 5642 1397 5716 pertinentia
1430 5644 1657 5699 ﬁdcliter
1693 5656 1904 5713 gerunt,
1948 5642 2031 5713 ad_
2048 5658 2138 5716 re:

567 5731 674 5789 gna
696 5715 947 5789 caelestia
975 5713 1323 5789 perveniunt,
1343 5716 1469 5789 Hoc,
1496 5716 1636 5789 enim
1667 5713 2135 5789 videturcsprimi

567 5781 668 5860 per
693 5787 787 5860 illa
810 5781 994 5860 verba;
1029 5804 1147 5860 qua:
1174 5786 1428 5843 Dominus
1458 5786 1509 5860 in
1534 5788 1823 5860 Evangelio
1864 5781 2038 5860 dicit_:_
2071 5781 2137 5838 In

568 5855 722 5918 domo
748 5857 930 5919 Patris
954 5855 1061 5917 mei
1082 5861 1366 5919 mansiones
1392 5858 1571 5916 multa
1615 5855 1751 5914 sunt.
1782 5856 1946 5925 Quasi
1988 5855 2136 5915 dicc-

2248 4654 2499 4724 perl‘cctze
2546 4657 2819 4713 charitatis
2867 4658 3059 4710 virtute
3110 4669 3270 4723 posse
3310 4656 3535 4708 salvari.
3602 4654 3833 4722 Ideoque

2244 4742 2363 4793 nos,
2396 4731 2485 4798 qui
2519 4737 2709 4782 neutro
2737 4727 3059 4791 sufﬁcimus,
3098 4727 3263 4779 Deum
3291 4735 3348 4798 et
3383 4726 3703 4798 proximum
3732 4734 3833 4798 tota

2242 4795 2427 4869 mente
2465 4800 2768 4869 diligamus.
2820 4798 2943 4851 Haec
2990 4798 3056 4869 de
3086 4795 3582 4869 sanctat_Ecclesi:e
3628 4796 3837 4869 fabrica

2241 4866 2893 4936 ferculoque'Salomonis
2924 4868 3128 4936 prolata
3166 4867 3320 4935 nulli,
3350 4882 3563 4935 quwso,
3594 4866 3708 4919 sint
3756 4867 3839 4918 in—

2241 4948 2408 5007 grata.
2466 4939 2888 5009 Unumquodque
2944 4938 3088 4992 enim
3139 4952 3275 5004 Opus
3320 4946 3467 4991 tanto
3522 4936 3841 5009 praeclarius

2246 5006 2497 5075 efﬁcitur,
2532 5006 2728 5079 quanto
2757 5006 3079 5063 dissimiliori
3110 5020 3299 5079 ornatu
3333 5006 3715 5079 componitur.
3760 5007 3841 5059 lu-

2240 5093 2484 5135 seramus
2521 5077 2648 5149 ergo
2697 5080 2871 5134 adhuc
2907 5079 3139 5149 palosict
3184 5078 3342 5132 sudes
3385 5077 3838 5138 similitudinum,

2246 5164 2340 5219 per
2368 5165 2499 5217 quos
2535 5148 2849 5219 aediﬁcando
2881 5148 3171 5219 ascendere
3214 5149 3479 5218 possimus
3524 5149 3590 5219 in
3640 5150 3838 5201 altum.

2313 5216 2460 5274 Sicut
2487 5218 2768 5275 aediﬁcium
2798 5218 3072 5289 quodlibet
3096 5216 3343 5288 maguum
3375 5216 3597 5271 nonnisi
3630 5219 3843 5287 magnis

2241 5291 2539 5358 sumptibus
2568 5292 2806 5345 canistrui
2840 5299 3037 5359 potest,
3071 5290 3139 5343 ita
3170 5300 3223 5343 et
3267 5289 3494 5359 virtutes
3543 5291 3842 5359 praecipua:

2240 5362 2452 5415 nonnisi
2485 5376 2676 5430 magno
2705 5358 2884 5416 labore
2914 5360 3141 5413 obtineri
3172 5369 3413 5428 possunt.
3447 5358 3608 5413 Unde
3644 5358 3839 5413 Domi-

2241 5446 2340 5485 nus
2371 5440 2552 5486 noster
2579 5433 2822 5486 eamdem
2846 5430 3249 5485 similitudinem
3282 5431 3539 5498 proponit
3560 5432 3613 5482 in
3654 5432 3839 5483 Evan-

2240 5502 2376 5572 gelio
2406 5516 2499 5571 per
2528 5502 2998 5571 interrogationem
3039 5502 3223 5555 dicens
3251 5516 3268 5572 ξ
3297 5501 3423 5567 Quis
3463 5516 3532 5553 ea:
3570 5501 3720 5555 vobis
3749 5516 3838 5552 ro-

2244 5570 2352 5625 lens
2382 5570 2562 5625 turrim
2582 5570 2858 5639 aediﬁcare,
2888 5588 2990 5626 non
3014 5572 3158 5643 prius
3176 5570 3369 5643 sedens
3391 5580 3664 5643 computat
3690 5588 3837 5643 sum:

2278 5651 2379 5709 tus,
2409 5644 2495 5712 qui
2524 5643 2789 5696 necessarii
2820 5653 2955 5708 sunt,
3010 5640 3055 5696 Si
3094 5642 3276 5695 habeat
3302 5641 3371 5693 ad
3402 5640 3841 5710 perﬁciendum?

2293 5723 2311 5768 t
2338 5715 2459 5783 quia
2490 5728 2675 5767 omnes
2703 5713 2978 5767 audientes
3010 5712 3418 5768 similitudinem
3460 5712 3627 5777 hanc,
3665 5723 3725 5767 et
3756 5713 3839 5765 fa-

2241 5784 2341 5840 cile
2365 5784 2660 5852 intelligere
2690 5792 2936 5852 poterant
2959 5793 3012 5838 et
3040 5783 3366 5854 respondere
3391 5783 3612 5854 nullum
3649 5784 3843 5854 profe-

2199 5913 2203 5918 .
2245 5863 2333 5913 cto
2376 5867 2493 5912 esse
2521 5856 2611 5927 qui
2639 5856 2827 5913 turrim
2870 5854 2998 5914 velit
3026 5853 3309 5926 aediﬁcare,
3350 5853 3456 5911 nisi
3486 5853 3664 5928 prius
3689 5870 3849 5913 com-
