4006 6364
533 324 666 381 MM

995 317 1201 380 BEDE
1239 317 1686 380 VENERABILIS
1720 317 1872 377 OPP.
1911 316 2091 377 PARS
2127 317 2192 376 ll.
2234 317 2429 377 SECT.
2471 317 2536 375 ll.
2564 341 2637 360 --
2662 314 2873 375 DUBIA
2912 314 3003 373 ET
3038 312 3314 374 SPURIA.

3661 312 3810 372 Ili!

531 443 779 513 imponit,
823 440 1163 513 permittens,
1205 438 1478 513 videlicet
1498 475 1515 505 ,
1535 507 1549 513 _
1569 450 1669 492 nos
1689 434 1884 513 ‘variis
1902 434 2109 513 __mo_dis
2137 435 2187 497 Α
2216 441 2442 504 agantur
2469 433 2743 513 obsequia.
2762 433 2872 513 _l_~3st
2898 439 2953 490 et
2979 431 3273 513 boe_nimis
3300 429 3639 513 doleudum,
3672 432 3802 513 quia

531 505 883 584 corporaliter
913 510 1182 584 afﬂigi,-_ut
1203 509 1445 584 Yspiritus
1471 507 1654 563 salvus
1683 506 1775 584 fiat
1800 508 1851 584 iu
1883 505 1972 562 die
2004 506 2111 561 Do-

532 576 685 640 mini.
716 576 1219 654 Huiusmodi'igitur
1255 576 1943 654 adustionem_quibusda_m
1980 591 2110 646 pro-

530 656 697 711 fuisse
736 648 1011 711 Psaltnista
1058 648 1283 708 testatur
1328 649 1699 706 dicens:Cum
1742 648 1987 704 occideret
2028 663 2112 703 eos

532 724 807 789 Dominus,
839 724 1130 790 quwrebant
1149 740 1265 778 eum
1290 731 1339 776 et
1366 722 1759 776 revertebantur.
1785 718 2112 790 Quibusdam

532 812 659 851 vero
688 789 990 861 obduratis,
1016 795 1073 850 et
1094 794 1149 849 in
1173 792 1802 864 profundogpeccatorum
1827 789 2110 864 demersis,

531 881 638 920 non
672 864 932 935 profuisse
960 859 1189 935 legimus
1216 863 1269 919 in
1293 859 1559 935 Propheta
1590 862 1679 932 qui
1702 861 1831 935 dicit
1854 878 1866 913 :
1892 859 2114 935 Percus-

529 938 642 991 sisti
669 930 773 1002 eos,
809 930 1050 1002 Domine',
1084 944 1131 991 et
1172 951 1275 990 non
1317 930 1626 998 doluerunt,-
1652 940 1707 987 et
1732 948 1745 985 :
1770 930 2115 1002 Custigatione

531 1008 727 1062 crudeli
756 1000 981 1078 percussi
1010 1000 1079 1072 te,
1119 1006 1231 1078 ﬁlia
1270 1005 1421 1078 Sion,
1448 1000 1877 1078 sed__insunabilis
1908 1010 1980 1055 est
2004 1003 2115 1078 fru-

529 1088 676 1132 ttura
706 1070 815 1132 tua.
844 1078 979 1132 Sunt
1005 1070 1073 1133 et'
1101 1070 1203 1131 alia
1232 1076 1461 1146 plurima
1489 1073 1708 1146 vilitatis
1739 1086 1959 1146 genera,
1988 1070 2111 1146 qui-

532 1150 629 1222 bus
667 1155 776 1202 tam
808 1147 1153 1222 spiritualiter
1176 1141 1341 1222 quam
1364 1143 1712 1222 corpuraliter
1742 1141 2111 1222 quotidieim-

532 1220 808 1286 plicamur.
838 1212 919 1273 'ut
964 1219 1064 1271 hoc
1113 1212 1272 1272 modo
1329 1212 1594 1270 humiliati
1651 1228 1797 1269 verte
1841 1212 2114 1280 sOSpitatis

528 1290 753 1359 gratiam
784 1288 1370 1359 exquirereucogamur.

600 1359 751 1415 Sicut
772 1352 986 1427 pauper,
1006 1357 1088 1412 vel
1108 1352 1329 1427 quilibet
1354 1356 1514 1412 rebus
1534 1354 1760 1427 propriis
1781 1352 1975 1427 injuste
1992 1366 2116 1427 spo-

529 1428 719 1495 liatus,
751 1424 890 1499 apud
926 1424 1139 1496 iudices
1162 1438 1215 1483 et
1248 1436 1488 1499 rectores
1516 1424 1695 1480 saeculi
1726 1424 2113 1499 querimoniam

528 1494 761 1565 faciens,
786 1494 1056 1568 raptorem
1084 1506 1332 1563 accusat,
1365 1498 1571 1565 sibique
1597 1511 1689 1568 sua
1715 1494 1994 1568 restituere
2020 1508 2117 1563 po-

527 1572 689 1651 stulut
715 1586 729 1635 ;
758 1570 831 1623 ita
856 1566 1041 1651 omues
1067 1569 1235 1651 sancti
1261 1582 1361 1651 pro
1386 1582 1601 1651 suorum
1628 1566 1991 1651 destructione
2012 1578 2115 1651 cur:

528 1640 815 1695 nobiorum
854 1640 918 1693 ad
960 1639 1125 1692 Deum
1165 1637 1360 1707 iugiter
1388 1638 1653 1703 clamant,
1687 1637 2028 1707 obsecrantes
2055 1643 2116 1691 ut

529 1720 620 1764 aut
647 1712 758 1765 suis
792 1709 978 1764 tradita
1011 1706 1273 1764 canobiis
1298 1710 1548 1776 justeque
1578 1707 1838 1777 acquisita
1868 1706 2003 1777 bona
2037 1718 2115 1759 re-

529 1782 716 1834 stituat
736 1821 750 1845 ,
781 1790 872 1835 aut
896 1780 948 1832 iu
976 1793 1068 1833 eos
1096 1780 1183 1849 qui
1213 1794 1403 1849 rapere
1431 1776 1886 1848 praesumpseruut
1910 1776 2110 1844 iustum

526 1850 787 1921 iudicium
827 1851 1009 1921 faciat.
1046 1849 1100 1903 Si
1140 1851 1257 1919 quis
1286 1866 1415 1904 vero
1441 1850 1651 1921 dubitet
1680 1856 1951 1918 peccatum
1992 1858 2112 1921 esse

534 1915 800 1975 coenobiis
822 1922 906 1974 vel
932 1915 1178 1985 cuiquam
1208 1935 1300 1975 sua
1326 1934 1537 1987 rapere,
1567 1915 1851 1986 diligenter
1877 1915 2118 1971 attendat

532 2006 651 2060 quae
674 1991 740 2046 de
767 1991 927 2046 divite
953 1991 1003 2044 in
1030 1990 1318 2060 Evangelia
1343 1991 1609 2057 leguntur.
1639 1989 1728 2044 Ille
1752 2002 1982 2060 namque
2009 2001 2113 2060 non

529 2057 631 2129 pro
669 2076 734 2117 eo
771 2062 911 2131 quod
951 2061 1108 2118 alicui
1149 2057 1245 2115 sua
1286 2061 1558 2125 auferret,
1590 2060 1685 2115 sed
1716 2059 1858 2129 quod
1895 2057 2113 2131 propria

525 2128 647 2201 aliis
683 2128 799 2186 non
829 2142 1106 2201 erogaret,
1149 2131 1215 2185 ad
1255 2131 1464 2185 inferna
1504 2131 1697 2185 ductus
1734 2128 1856 2185 esse
1895 2128 2110 2201 legitur.

526 2199 740 2256 Scimus
772 2198 949 2257 autem
980 2198 1169 2258 omnes
1201 2202 1377 2256 minus
1420 2210 1695 2271 peccatum
1738 2214 1857 2255 esse
1897 2198 2111 2271 propria

525 2288 634 2327 non
666 2274 827 2338 dare,
861 2288 1017 2342 quam
1049 2274 1223 2329 aliena
1250 2268 1461 2340 rapere.
1496 2271 1651 2327 Unde
1692 2271 1737 2325 si
1778 2284 1877 2340 pro
1918 2268 2114 2342 minori

524 2353 744 2411 peccato
773 2338 891 2414 ipse
912 2343 1060 2399 dives
1089 2338 1408 2414 punitus'est
1426 2383 1439 2407 ,
1470 2344 1637 2397 multo
1662 2338 1832 2411 magis
1859 2338 2112 2414 puniendi

525 2421 655 2469 sunt
684 2416 776 2484 qui
794 2410 1024 2483 peccata
1054 2410 1255 2484 maiora
1292 2413 1522 2481 faciunt,
1557 2414 1607 2467 id
1652 2410 1773 2475 est,
1803 2412 1895 2480 qui
1935 2410 2110 2465 aliena

528 2486 763 2556 rapiunt.
797 2486 984 2541 Aliena
1032 2488 1227 2556 quippe
1273 2484 1535 2544 dicimus,
1570 2498 1689 2554 quae
1733 2497 1840 2556 non
1886 2489 2107 2548 nostro,

525 2555 623 2609 sed
652 2556 878 2611 aliorum
911 2557 1028 2611 usui
1050 2554 1181 2611 'data
1210 2564 1372 2619 sunt,
1403 2556 1544 2609 sicut
1573 2554 1944 2610 coenobiorum
1972 2566 2111 2621 prae-

523 2626 614 2678 dia
642 2626 957 2692 coenobitis,
991 2639 1050 2681 ut
1078 2636 1132 2681 et
1175 2627 1273 2692 ipsi
1304 2634 1361 2681 et
1398 2627 1685 2679 servitores
1714 2624 1827 2686 sui,
1859 2637 1958 2678 nec
2002 2636 2108 2676 non

522 2709 787 2767 pauperes
807 2711 873 2752 ac
896 2697 1164 2767 peregrini
1189 2696 1631 2766 supervenientes
1656 2694 2106 2767 exindealantur.

522 2763 841 2836 Huiusmodi
871 2763 1167 2823 enimcura
1190 2763 1466 2821 ad'omnes
1495 2767 1727 2835 pertinet
1748 2765 2105 2819 Christianos.

524 2835 633 2907 Sed
662 2839 783 2907 quia
813 2848 917 2892 tam
947 2854 974 2891 a
1004 2838 1214 2893 clericis
1240 2838 1555 2906 quibusdam
1584 2852 1740 2906 quam
1774 2836 1942 2899 laicis,
1972 2836 2106 2903 proh

525 2906 714 2963 dolor!
745 2909 877 2962 nihil
898 2908 1168 2963 difﬁcilius
1195 2907 1430 2962 creditur
1456 2922 1617 2975 quam
1649 2914 1923 2975 peccatum
1953 2920 2104 2971 esse,

527 2978 899 3033 cmnobiorum
956 2980 1155 3048 praedia
1211 2992 1402 3046 rapere
1458 2986 1513 3032 et
1569 2978 1876 3032 abalienare
1906 3018 1921 3041 ,
1977 2975 2106 3048 libet

528 3049 669 3103 aliud
716 3046 1021 3119 exemplum
1069 3050 1348 3118 proferre,
1399 3048 1539 3117 quod
1582 3057 1867 3119 assiumptae
1911 3046 2105 3102 rationi

526 3119 836 3188 specialiter
865 3118 1125 3189 congruit.
1160 3120 1290 3175 Nam
1322 3119 1465 3188 quod
1514 3119 1585 3189 de
1625 3118 1791 3173 divite
1836 3118 2098 3189 diximus,

523 3163 1018 3246 riremmv'éIJFSH
1034 3163 1248 3247 "omnes
1293 3163 1680 3259 quivqui‘dda‘m
1725 3188 1809 3245 vel
1855 3163 2103 3257 cuiquam
2131 3163 2179 3226 ο

523 3260 721 3333 iniuste
769 3263 1002 3331 rapiunt.
1054 3262 1269 3333 Legitur
1315 3258 1494 3333 itaque
1539 3261 1592 3315 in
1637 3262 1807 3333 sancti
1856 3258 2107 3333 Gregorii

517 3330 654 3403 libro
700 3330 841 3400 quia
871 3330 1167 3388 monachus
1214 3330 1429 3403 quidam
1476 3331 1794 3401 prtepositus
1839 3330 2102 3403 coenobii,

516 3401 657 3525 suod
707 3403 819 3473 ipse
861 3406 1159 3459 construxit
1205 3401 1257 3459 iu
1305 3404 1435 3459 urbe
1481 3403 1751 3469 Romana,
1787 3402 1968 3455 multis
2010 3401 2106 3458 de-

556 3473 659 3525 ilus
702 3473 861 3525 fuerit
898 3474 1065 3525 vitiis.
1116 3476 1257 3525 Inter
1304 3490 1421 3525 (tum
1472 3476 1636 3525 etiam
1684 3473 1958 3525 chartulas
2008 3487 2105 3525 oro

556 3473 659 3546 itu§
702 3473 861 3529 fuerit
898 3474 1065 3530 vitiis.
1115 3476 1257 3531 Inter
1304 3490 1421 3546 quae
1472 3476 1636 3529 etiam
1684 3473 1958 3546 chartulas
2008 3487 2105 3541 pro

517 3543 930 3617 conﬁrmatione
972 3546 1250 3617 cujusdam
1281 3543 1467 3615 praedii
1496 3544 1915 3617 inﬁmouastcrio
1944 3557 2105 3617 repo-

518 3613 650 3686 sitas
677 3615 925 3679 abstulit,
972 3612 1346 3686 exlraneisque
1391 3616 1628 3671 tradidit.
1674 3612 1914 3683 Cumque
1955 3614 2104 3683 eius-

521 3684 645 3757 de_m_
677 3688 928 3743 monachi
956 3688 1132 3744 obitus
1163 3684 1677 3757 appropinquasset,
1710 3694 1894 3755 raptus
1936 3694 2020 3739 est
2047 3686 2103 3743 in

517 3754 709 3824 spiritu
751 3766 875 3827 ante
922 3758 1086 3812 Deum
1108 3800 1122 3822 ,
1171 3754 1365 3826 ubique
1395 3754 1576 3812 omnia
1605 3757 1721 3827 eius
1752 3754 1943 3811 delicta
1963 3796 1978 3822 ,
2012 3770 2102 3812 ac-

519 3838 752 3897 cusante
768 3826 982 3882 diabolo
1004 3868 1020 3894 ,
1053 3839 1175 3883 sunt
1205 3830 1413 3895 prolata
1440 3845 1454 3893 ;
1484 3829 1578 3883 sed
1601 3868 1617 3894 ,
1639 3826 1947 3897 'opitulante
1977 3840 2101 3882 san-

518 3906 605 3950 cto
636 3894 851 3953 Andrea
881 3898 1128 3969 apostolo
1169 3894 1462 3969 sanctoque
1508 3894 1764 3969 Gregorio
1788 3938 1802 3960 ,
1834 3898 2059 3953 dimissa
2082 3941 2098 3966 ,

518 3977 747 4038 excepto
777 3983 885 4025 uno
910 3968 1049 4038 Quod
1082 3969 1133 4024 in
1164 3968 1530 4025 chartularum
1564 3968 1851 4023 traditione
1880 3969 2102 4023 commi-

519 4037 703 4110 sit.ﬁSi
750 4037 1041 4109 igitur’ille
1089 4054 1186 4110 pro
1230 4039 1544 4096 monasterii
1586 4038 1844 4110 chartulis
1890 4039 2102 4095 incaute

518 4109 727 4181 traditis
749 4111 956 4166 veniam
985 4111 1209 4181 adipisci
1239 4127 1345 4168 non
1373 4111 1590 4178 meruit,
1619 4109 1774 4165 nimis
1801 4110 2099 4165 formidan-

517 4179 643 4234 dum
689 4189 772 4237 est
816 4181 898 4236 bis
944 4183 1032 4250 qui
1077 4179 1447 4240 emnobiorum
1494 4182 1692 4251 praedia
1732 4188 1953 4237 eatenus
1978 4181 2101 4249 iure

516 4258 724 4330 retenta
752 4252 1011 4330 tradendo
1037 4254 1125 4309 vel
1154 4253 1413 4324 rapiendo
1438 4254 1738 4325 dissipant,
1769 4267 1837 4308 ne
1866 4253 1919 4307 in
1954 4252 2097 4308 idem

512 4321 771 4389 judicium
801 4323 1059 4380 incidant.

592 4392 717 4448 llaec
747 4407 958 4463 precor,
988 4410 1021 4450 ο
1047 4404 1318 4463 rectores,
1354 4395 1634 4462 attendite,
1665 4406 1717 4450 et
1746 4395 2101 4450 reminiscen-

516 4471 601 4535 tes
625 4465 767 4535 quod
796 4467 1052 4534 scriptum
1083 4477 1197 4534 est,
1240 4468 1506 4523 Iudicium
1546 4463 1876 4521 durissimum
1918 4468 1972 4519 in
2017 4466 2099 4521 Itis

2215 501 2335 561 cum
2368 504 2563 575 praedia
2590 501 2709 574 quae
2729 504 2859 561 olim
2880 520 2911 559 a
2941 502 3269 574 principibus
3296 502 3570 571 religiosis
3603 501 3808 575 tradita

2216 585 2341 630 sunt
2369 572 2710 631 monasteriis
2731 619 2745 643 ,
2795 572 2995 646 nunc'a
3028 575 3264 646 regibus_
3287 587 3383 646 seu
3408 586 3441 627 a
3471 572 3806 646 praesulibus

2215 647 2393 700 ablata
2422 647 2558 712 sint,
2596 646 2736 702 nulla
2768 646 2838 700 ibi
2868 643 3203 714 eleemos'yna
3232 643 3412 714 debita
3445 651 3631 713 potest
3676 644 3806 713 agi,

2224 717 2399 771 nullus
2430 718 2624 785 hospes
2655 730 2719 772 ac
2747 718 3061 786 peregrinus
3091 712 3358 786 recreari,
3386 712 3459 786 lit
3488 714 3564 769 ita
3591 712 3804 786 ,_quasi

2219 786 2285 841 ad
2333 784 2662 843 Christianos
2719 784 2824 841 non
2869 784 3136 855 pertineat
3177 799 3301 841 cura
3347 784 3703 853 huiusmodi,
3751 794 3807 842 et

2215 859 2363 925 quasi
2416 858 2640 913 minime
2690 857 2836 912 credi
2874 854 3158 927 oporteat,
3203 854 3343 926 quod
3387 855 3441 909 in
3493 856 3803 927 canonibus

2219 928 2449 984 maxime
2505 929 2811 997 praecipitur
2860 925 3165 997 episcopis,
3222 925 3279 980 ut
3333 925 3685 997 xenodochia
3735 926 3803 982 ad

2220 995 2518 1067 pauperum
2545 995 2729 1054 curam
2765 995 2914 1066 plura
2966 995 3308 1053 constituant.
3358 995 3573 1067 Quunta
3618 1006 3806 1052 autem

2218 1065 2437 1135 prmmia
2466 1065 2776 1125 mereantur
2805 1068 2857 1122 hi
2898 1069 2993 1136 qui
3036 1080 3294 1136 pauperes
3340 1065 3505 1121 modo
3548 1080 3807 1136 recreare

2216 1139 2466 1205 student,
2514 1156 2579 1196 ex
2631 1142 2730 1193 hoc
2771 1135 2949 1208 colligi
2996 1135 3201 1208 putest,
3246 1136 3385 1208 quod
3430 1135 3704 1208 Dominus
3748 1138 3802 1192 in

2218 1208 2510 1279 Evangelio
2540 1210 2816 1279 prmdicit,
2847 1206 2921 1264 se'
2946 1206 3009 1263 in‘
3038 1208 3239 1279 iudicio
3277 1206 3546 1279 dicturum
3560 1225 3621 1279 ΔεΔ
3651 1207 3802 1272 Quod

2216 1280 2306 1331 uni
2335 1275 2407 1351 ea},
2438 1275 2660 1334 minimis
2702 1280 2827 1334 meis
2870 1275 3111 1351 fecistis,
3138 1277 3263 1332 mihi
3308 1275 3802 1351 fecistis.‘_ldeoque

2216 1350 2474 1415 praesules
2517 1351 2817 1415 admoneo,
2847 1346 2904 1404 ut
2933 1364 3055 1406 cum
3101 1346 3338 1417 legentes
3383 1346 3710 1414 quaesierint
3753 1349 3803 1404 in

2216 1420 2511 1476 canonibus
2541 1421 2683 1477 unde
2708 1420 2947 1476 decimas
2991 1418 3205 1490 exigere
3247 1418 3519 1481 debeant,
3553 1426 3805 1486 quaram

2216 1490 2374 1561 simul
2405 1500 2459 1547 et
2484 1491 2611 1547 illud
2634 1533 2650 1558 ,
2680 1491 2805 1561 quid
2835 1499 3091 1546 statutum
3122 1490 3191 1545 sit
3216 1503 3376 1558 super
3404 1501 3721 1561 pauperum
3749 1497 3803 1544 et

2219 1558 2490 1629 hospitum
2524 1558 2885 1627 recrea—tione,
2918 1576 3018 1617 nec
3064 1575 3172 1616 non
3217 1574 3397 1629 super,
3420 1559 3805 1629 ctenobioruut

2216 1628 2553 1699 provisione,
2587 1649 2654 1688 ne
2684 1633 2772 1687 illa
2804 1632 3057 1687 terribilis
3086 1629 3347 1687 sententia
3377 1628 3600 1683 Domini
3633 1631 3802 1686 nostri

2219 1700 2424 1757 dicatur
2461 1704 2528 1757 ad
2566 1719 2659 1758 eos
2690 1722 2714 1756 ε.
2746 1701 2833 1758 Va:
2872 1705 2961 1772 qui
2998 1702 3256 1757 decimatis
3296 1699 3563 1772 mentitam
3607 1710 3659 1755 et
3689 1717 3809 1754 ans-

2222 1780 2364 1846 tum,
2391 1782 2439 1827 rt
2466 1790 2580 1843 qua:
2605 1776 2807 1846 majora
2834 1782 2956 1829 sunt
2986 1772 3288 1845 reliquistis,
3316 1771 3373 1827 id
3415 1780 3537 1838 est,
3583 1771 3805 1829 miseri-

2220 1844 2451 1897 cordiam
2483 1854 2537 1899 et
2560 1844 2837 1911 judicium.

2293 1913 2449 1970 Libet
2500 1915 2677 1971 adhuc
2728 1915 3128 1971 similitudinem
3179 1914 3338 1969 aliam
3391 1913 3659 1982 proferre
3712 1928 3805 1985 pro

2222 1984 2593 2055 episc0porum
2650 1986 3033 2041 admonitione.
3102 1987 3253 2043 Sicut
3307 1985 3463 2040 multi
3524 1984 3798 2055 agroset

2220 2056 2416 2122 praedia
2442 2071 2539 2140 sua
2562 2099 2577 2125 ,
2608 2056 2651 2112 si
2680 2058 3251 2140 quamhnegligentliam
3282 2057 3571 2140 autiquam
3619 2057 3678 2110 in
3708 2056 3802 2140 _cis

2218 2129 2518 2195 repererint
2539 2169 2553 2193 ,
2586 2126 2970 2184 non—dubitaui
3000 2126 3105 2183 sibi
3135 2129 3298 2182 licere
3324 2128 3379 2181 in
3412 2142 3579 2181 usum
3611 2126 3801 2182 melio-

2218 2212 2331 2251 rem
2364 2208 2714 2269 convertere,
2748 2198 2819 2254 ita
2853 2202 3051 2269 absque
3079 2198 3244 2254 dubio
3284 2196 3425 2269 scire
3474 2207 3716 2269 possunt
3756 2195 3799 2252 si

2215 2283 2374 2335 quam
2406 2268 2459 2324 in
2489 2271 2749 2326 cmuobiis
2779 2267 3077 2324 commissis
3115 2267 3543 2324 deSIructionem
3581 2268 3802 2323 invene-

2217 2340 2352 2403 rint,
2387 2342 2555 2410 magis
2583 2342 2687 2395 sibi
2718 2340 2880 2395 licere
2928 2349 2985 2394 ut
3012 2340 3079 2395 ad
3125 2353 3279 2395 usum
3324 2338 3633 2406 spiritualis
3682 2339 3798 2394 vita

2213 2409 2513 2479 corrigant,
2549 2426 2707 2481 quam
2741 2409 3159 2467 destructionem
3187 2412 3459 2481 inventam
3495 2418 3795 2481 sequantur

2217 2481 2299 2534 vel
2346 2479 2594 2549 augeant.
2636 2482 2783 2537 Hanc
2825 2482 3227 2537 similitudinem
3271 2479 3565 2535 attendant
3612 2480 3668 2534 hi
3711 2480 3795 2548 qui

2213 2551 2280 2604 ad
2342 2551 2576 2621 regimen
2633 2554 2933 2607 animarum
2986 2564 3040 2607 et
3095 2550 3463 2608 coenobiorum
3526 2561 3797 2619 utcunque

2213 2622 2523 2695 constituti,
2574 2625 2619 2679 si
2647 2640 2750 2695 qua
2782 2622 3086 2679 invenerint
3116 2622 3469 2695 monasteria_
3494 2622 3793 2695 tamuspiri-

2214 2693 2432 2748 tualium
2462 2709 2621 2759 quam
2649 2691 3005 2765 corporalium
3064 2691 3673 2765 subsidiorumincuria
3701 2692 3796 2765 de:

2213 2772 2413 2819 structa
2435 2806 2449 2829 ,
2484 2782 2589 2821 non
2621 2760 2793 2821 solum
2823 2764 3043 2822 minime
3087 2773 3277 2820 curant
3321 2763 3657 2829 meliorare,
3702 2760 3792 2820 sed

2213 2836 2383 2905 magis
2414 2852 2627 2909 quoque
2672 2837 2955 2893 destruunt
2997 2837 3280 2909 dicentes:
3307 2834 3807 2909 Consuetudinem

2212 2921 2371 2978 quam
2404 2906 2771 2965 antecessores
2800 2917 3017 2963 nostros
3047 2909 3133 2963 hic
3163 2906 3418 2978 habuisse
3442 2908 3781 2978 agnovimus,

2214 2977 2266 3051 in
2294 2981 2565 3050 obsequiis
2592 2980 2831 3051 quolibet
2858 2980 3017 3034 modo
3042 2976 3344 3051 exquisitis.
3370 2990 3468 3045 per
3486 2976 3679 3032 omnia
3704 2989 3787 3031 re-

2213 3050 2383 3108 tinere
2410 3049 2655 3108 volumus
2679 3093 2694 3118 ,
2726 3052 2846 3121 quia
2877 3064 2976 3105 nos
3007 3059 3061 3104 et
3089 3049 3348 3121 dignitate
3376 3056 3435 3102 et
3462 3062 3670 3121 genere
3697 3061 3785 3101 ne-

2210 3133 2480 3191 quaquam
2510 3123 2616 3178 illis
2648 3119 2878 3192 impares
2909 3135 3113 3176 sumus.
3159 3119 3363 3192 Quibus
3391 3119 3786 3192 respondemus

2211 3189 2344 3259 quia
2363 3196 2407 3249 si
2438 3208 2602 3263 super
2642 3189 2966 3264 praediorum
3014 3206 3234 3264 suorum
3277 3189 3645 3264 incommodis
3693 3205 3785 3243 ne-

2208 3267 2383 3319 sciunt
2405 3261 2607 3335 aliquid
2631 3261 2939 3334 procurare,
2966 3262 3058 3335 sed
3091 3264 3144 3317 in
3174 3275 3237 3319 ea
3266 3274 3428 3335 quam
3446 3261 3787 3335 invenerunt

2212 3330 2539 3407 negligentia
2586 3330 2858 3407 patiuntur
2907 3333 3229 3407 perdurare,
3282 3330 3494 3407 veniale
3538 3340 3650 3407 est_
3678 3330 3789 3385 illis

2212 3352 2539 3407 negligentia
2622 3352 2858 3390 auuntur
2908 3352 3229 3402 peraural'e,
3283 3352 3493 3386 venlatc
3538 3352 3628 3384 est
3678 3352 3788 3385 nus

2209 3421 2373 3475 super
2404 3352 2688 3463 animabus
2717 3406 2803 3461 vel
2831 3405 3089 3461 emnobiis
3117 3401 3585 3475 commissis‘idem
3623 3399 3788 3475 face-

2209 3470 2291 3532 re;
2320 3478 2378 3533 Si
2406 3489 2584 3534 autem
2610 3477 2921 3533 substantia:
2963 3483 3194 3530 terrente
3235 3472 3447 3527 utilitati
3487 3470 3789 3527 consulere

2205 3551 2413 3620 sciunt,
2443 3558 2499 3604 et
2528 3563 2649 3620 qua:
2676 3549 2854 3620 divina
2882 3545 3309 3620 suntnegligunt
3327 3585 3345 3609 ,
3376 3542 3789 3620 simulare_qui-

2205 3619 2326 3675 dem
2356 3613 2580 3689 pessun't
2605 3634 2786 3675 coram
2810 3613 3125 3689 hominibus
3139 3613 3541 3689 ig’norautiam,
3554 3613 3657 3668 sed
3684 3614 3791 3689 Deo

2208 3692 2318 3747 sint
2348 3684 2471 3747 uota
2503 3700 2696 3746 cuncta
2726 3688 2904 3745 cordis
2933 3684 3183 3756 secreta;
3211 3686 3304 3755 qui
3333 3686 3459 3740 illos
3489 3685 3622 3740 ideo
3673 3684 3792 3740 aliis

2206 3763 2452 3830 permisit
2482 3760 2755 3829 praeponi,
2789 3756 3107 3830 utrnequitia
3134 3758 3351 3830 propria
3396 3756 3630 3811 sibimet
3678 3769 3790 3830 tua.

2205 3827 2453 3888 nifestata
2479 3827 2626 3887 tanto
2649 3829 2940 3886 studiosius
2960 3827 3019 3883 se
3043 3827 3417 3895 emendarem,
3440 3835 3656 3896 quanto
3678 3827 3796 3898 plus

2205 3905 2415 3973 experti
2450 3903 2676 3959 fuissent
2706 3916 2765 3957 se
2795 3914 2917 3973 esse
2943 3899 3078 3955 tales
3123 3908 3398 3966 rectores,
3450 3898 3670 3973 quales
3698 3898 3791 3952 de-

2204 3970 2467 4046 buerunt,
2500 3985 2551 4029 et
2583 3974 2765 4046 quales
2794 3970 3020 4027 forsitan
3050 3980 3176 4027 ante
3219 3978 3506 4042 acceptum
3548 3970 3795 4040 regimen

2204 4044 2258 4099 in
2287 4045 2447 4101 corde
2476 4061 2572 4101 suo
2601 4044 2967 4100 decreverunt.

2275 4116 2530 4172 Dicamus
2576 4123 2632 4172 et
2678 4116 2911 4182 aliquam
2962 4111 3372 4169 similitudinem
3410 4112 3494 4184 de
3536 4127 3615 4170 eo
3661 4112 3795 4184 quod

2204 4187 2458 4255 scriptum
2491 4199 2570 4243 est
2600 4205 2612 4240 :
2648 4186 2797 4252 Quod
2826 4186 2916 4240 tibi
2960 4200 3064 4257 nou
3090 4185 3163 4238 vis
3192 4184 3337 4252 ﬁeri,
3366 4183 3562 4257 aliine
3593 4183 3789 4257 feceris.

2203 4254 2337 4312 Cum
2368 4258 2509 4311 enim
2561 4268 2742 4325 pateat
2794 4259 2895 4314 hoc
2924 4254 3065 4325 quod
3095 4268 3283 4310 omnes
3336 4254 3603 4325 homines
3633 4258 3790 4311 velint

2202 4329 2421 4383 sibimet
2450 4328 2518 4383 ab
2546 4328 2670 4384 aliis
2700 4327 2935 4397 impendi
2977 4326 3153 4397 bona,
3200 4335 3255 4380 et
3298 4324 3441 4393 quod
3477 4327 3582 4397 illi
3633 4330 3789 4382 etiam

2203 4399 2319 4455 aliis
2346 4398 2656 4468 impendere
2681 4395 2913 4455 debeant
2938 4396 3131 4454 similia
3151 4438 3165 4458 .
3195 4398 3446 4468 quodque
3475 4395 3791 4467 huiusmodi

2203 4470 2512 4525 vicissitudo
2540 4471 2678 4525 inter
2710 4469 2959 4525 homines
2987 4468 3257 4538 quosdam,
3291 4469 3625 4538 impleatur;
3675 4484 3790 4524 nan

517 4534 603 4610 qui
634 4527 870 4610 prwsunt
888 4527 1009 4606 fiet,
1038 4527 1396 4593 exhortamini
1437 4539 1663 4593 invicem
1694 4552 1794 4608 pro
1823 4539 2093 4610 instaura-
2123 4527 2180 4588 Ι)
2205 4541 2443 4610 plerique
2490 4542 2677 4597 amicis
2723 4542 2834 4595 suis
2878 4527 3016 4610 hanc
3046 4527 3623 4610 intpendere'solent,
3648 4541 3790 4595 diu-

523 4608 667 4678 tione
695 4608 1069 4678 coenobiorum
1099 4612 1497 4664 destructorum
1518 4648 1536 4676 ,
1568 4612 1739 4678 primo
1779 4608 1995 4677 quidem
2038 4618 2097 4664 ut.

518 4676 716 4743 praedia
761 4677 957 4733 exinde
999 4680 1173 4735 ablata
1218 4679 1501 4735 cmuobitis
1540 4676 1852 4742 reddantur,
1901 4678 2097 4735 deinde

518 4757 575 4800 ut
601 4746 652 4801 hi
685 4747 777 4816 qui
812 4750 1003 4804 timent
1034 4751 1314 4805 Dominum
1335 4791 1352 4818 ,
1382 4758 1437 4805 et
1464 4752 1554 4819 qui
1582 4750 1858 4805 ambulant
1899 4749 1954 4805 in
1996 4750 2097 4806 viis

516 4818 669 4885 ejus,
701 4819 913 4891 caeteris
943 4829 1344 4890 praeponautur.
1376 4818 1507 4875 Nam
1538 4822 1590 4876 in
1636 4822 1736 4877 hoc
1778 4836 1936 4891 quam
1980 4835 2097 4891 ma-

516 4893 658 4969 xime
705 4887 958 4972 offensus
1001 4887 1085 4946 est
1142 4892 1317 4972 Deus,
1366 4894 1505 4962 quod
1551 4907 1611 4947 ea
1664 4887 1946 4962 loca'quae
1991 4890 2095 4947 sibi

513 4962 730 5035 suisque
759 4962 957 5016 sanctis
1003 4962 1306 5032 mancipata
1349 4973 1857 5035 atqueuconsecrata
1884 4971 2092 5035 ierant,

515 5031 788 5085 destructa
819 5040 945 5085 sunt
973 5046 1040 5087 ex
1069 5031 1336 5089 rectorum
1367 5031 1593 5096 incuria.
1616 5035 1675 5089 Si
1704 5032 1846 5087 enim
1878 5034 1989 5088 Deo
2016 5031 2097 5089 fa?-

514 5102 781 5157 mulantes
831 5102 884 5155 in
928 5103 1270 5161 monasteriis
1316 5106 1618 5161 necessaria
1663 5117 1890 5172 quaeque
1932 5103 2098 5159 babe-

514 5181 936 5241 reut,'possent
985 5174 1165 5244 utique
1211 5176 1440 5232 alacrius
1492 5173 1803 5244 obsequium
1853 5175 2093 5229 divinum

514 5256 707 5322 agere,
740 5251 957 5312 possent
985 5244 1234 5322 devotius
1266 5262 1361 5313 pro
1391 5248 1530 5316 regis
1549 5287 1564 5311 ,
1593 5259 1688 5315 pro
1712 5246 2095 5322 praesulum_ac

514 5314 811 5384 principum
844 5326 1060 5369 suorum
1089 5317 1291 5381 salute,
1341 5314 1586 5372 nec—nou
1632 5329 1734 5384 pro
1780 5317 1944 5369 totius
1993 5316 2095 5370 Ec-

512 5382 693 5456 ulesiae
721 5393 864 5438 statu
891 5384 1259 5455 intercedere,
1294 5396 1513 5456 possent
1539 5382 1749 5443 etiamst
1790 5385 1916 5454 quid
1962 5399 2095 5456 pru-

513 5449 765 5532 {essionis
793 5449 1540 5532 sumregulamexcederent
1566 5473 1595 5513 a
1639 5449 1941 5532 pastoribus
1964 5449 2092 5532 suis

512 5520 1023 5603 lice_utius__corripi.'
1040 5527 1144 5603 Sed
1178 5530 1293 5603 haec
1321 5529 1498 5603 omuia
1527 5530 1583 5603 in
1615 5520 1761 5603 tanta
1781 5570 1798 5595 ,
1828 5527 1963 5595 proh
1994 5526 2095 5603 do:

516 5594 627 5673 lor!
660 5594 980 5673 negligentia
1012 5612 1041 5651 a
1073 5599 1315 5673 plurimis
1344 5600 1611 5673 episcopis
1641 5594 1921 5673 habentur,
1955 5608 2013 5652 ut
2046 5597 2093 5653 si

512 5666 596 5747 vel
642 5666 815 5720 oratio
842 5682 989 5747 .pura
1022 5666 1101 5724 vel
1134 5666 1404 5747 correptio
1434 5681 1486 5725 et
1513 5666 1809 5747 admunitio
1856 5684 2094 5747 congrua

512 5738 761 5806 cuiquam
803 5738 882 5810 sit
919 5742 1221 5794 necessaria
1244 5783 1258 5806 ,
1293 5753 1520 5796 tractare
1566 5741 1942 5810 dedignentur,
1964 5738 2095 5796 'hoc

514 5806 853 5864 solummodo
914 5817 1203 5870 traCtautes
1258 5823 1313 5868 ut
1368 5814 1469 5871 sibi
1525 5806 1722 5884 placita
1772 5811 2094 5884 assiduaque

2201 4607 2322 4689 inus
2349 4607 2621 4689 quomodo
2652 4609 3108 4689 itnpeudenda_sit
3138 4607 3270 4688 Deo.
3294 4608 3444 4663 Sicut
3475 4610 3650 4689 igitur
3700 4626 3791 4689 nus

2197 4679 2439 4738 volumus
2465 4692 2524 4737 ut
2550 4682 2698 4738 fraus
2729 4679 2814 4736 Vel
2844 4679 3206 4736 inobedieutia
3250 4693 3344 4734 seu
3388 4679 3599 4734 malitia
3648 4682 3789 4736 nulla

2199 4768 2227 4807 a
2258 4755 2486 4809 subditis
2516 4763 2573 4810 et
2602 4752 2818 4808 famulis
2848 4752 3045 4807 nostris
3073 4750 3231 4804 nobis
3259 4758 3468 4820 agatur,
3503 4750 3580 4804 ita
3608 4763 3667 4806 et
3693 4768 3788 4807 uos

2197 4826 2285 4890 qui
2331 4826 2529 4881 scimus
2574 4825 2739 4880 Deum
2780 4837 2900 4878 esse
2946 4820 3227 4876 Dominum
3274 4821 3627 4876 dominorum
3672 4838 3787 4878 om-

2198 4896 2382 4961 nium,
2428 4906 2483 4952 et
2531 4909 2694 4964 super
2743 4894 2919 4950 omnia
2966 4892 3433 4964 potentissimum,
3475 4893 3539 4951 ei
3575 4895 3783 4949 nullam

2198 4966 2469 5034 fraudem,
2514 4962 2715 5022 nullam
2767 4964 3213 5027 inobedieutiam,
3262 4962 3568 5034 nullamque
3622 4966 3783 5019 mali-

2198 5038 2325 5092 tiam
2357 5040 2407 5093 in
2440 5032 2741 5093 commissis
2769 5034 3095 5105 quibuslibet
3119 5047 3278 5103 agere
3300 5032 3581 5087 debemus.
3614 5036 3781 5090 Com-

2198 5111 2361 5179 missa
2394 5111 2589 5179 quippe
2616 5108 2769 5179 nobis
2788 5104 2920 5179 suut
2945 5119 2975 5158 a
3003 5104 3115 5159 Deo
3152 5111 3295 5179 tanta
3318 5110 3461 5179 _tam_
3492 5105 3547 5157 in
3590 5106 3784 5161 nobis-

2197 5173 2766 5249 metipsis,'quamin
2795 5176 2948 5249 aliis,
2980 5182 3039 5230 ut
3066 5174 3273 5249 ratione
3316 5173 3464 5229 brevi
3505 5188 3785 5243 nequeant

2200 5250 2310 5303 ullo
2332 5244 2503 5305 'modo
2530 5244 2657 5305 dici.
2687 5248 2793 5304 Sed
2827 5247 2909 5303 vel
2941 5258 3105 5313 pauca
3150 5244 3387 5301 dicamus
3408 5286 3425 5311 ,
3472 5254 3535 5301 ut
3578 5257 3785 5303 cetera

2199 5320 2409 5389 possint
2436 5320 2656 5391 intelligi
2684 5318 2912 5374 facilius.
2943 5315 3200 5391 Inprimis
3239 5314 3450 5385 quidem
3477 5319 3785 5391 commissa

2197 5386 2280 5445 est
2310 5391 2467 5445 nobis
2499 5386 2673 5445 anima
2708 5398 2889 5445 nostra
2933 5387 2998 5441 ad
3045 5386 3330 5455 imaginem
3372 5394 3429 5441 et
3470 5387 3789 5445 similitudi-

2198 5476 2323 5516 nem
2354 5462 2447 5515 Dei
2495 5460 2631 5516 facta
2655 5505 2670 5530 ,
2715 5471 2773 5515 ut
2816 5475 2932 5513 eam
2972 5457 3036 5530 ad
3061 5456 3787 5530 _eamdem_similitudinem

2199 5532 2292 5587 Dei
2326 5533 2624 5587 nutrientes
2642 5527 2664 5597 ,⁷
2686 5545 2844 5585 omne
2872 5529 3010 5599 quod
3059 5528 3169 5599 Deo
3218 5527 3481 5599 placitum,
3514 5543 3644 5585 esse
3684 5533 3793 5587 sci-

2199 5617 2349 5669 mus,
2382 5605 2433 5656 in
2469 5604 2624 5656 nobis
2658 5598 2997 5670 summopere
3027 5598 3357 5667 impleamus.
3391 5598 3601 5655 Deinde
3633 5614 3792 5658 com—

2202 5674 2425 5727 missum
2459 5683 2543 5728 est
2573 5674 2728 5728 nobis
2757 5683 2816 5727 ut
2845 5685 3034 5728 omnes
3064 5670 3219 5726 dictis
3260 5680 3315 5725 et
3356 5670 3512 5725 factis
3558 5671 3626 5725 ad
3670 5688 3795 5729 sue-

2201 5743 2334 5815 liora
2365 5744 2660 5800 trahamus.
2692 5744 2747 5801 Si
2777 5759 2906 5815 ergo
2934 5743 2986 5796 in
3014 5741 3313 5815 huiusmodi
3342 5742 3651 5798 commissis
3682 5745 3795 5800 Deo

2203 5814 2391 5872 ﬁdeles
2422 5830 2607 5873 sumus
2627 5856 2642 5884 ,
2673 5812 2959 5887 implemus
2988 5814 3130 5884 quod
3162 5812 3416 5886 scriptum
3448 5824 3534 5870 est
3566 5831 3579 5869 :
3631 5816 3792 5883 Quod
