4006 6364
254 297 397 358 {HS

1324 298 1389 356 IN
1431 297 1752 357 PSALMUM
1792 297 1879 357 LII
1918 298 2475 359 COMMENTARIUS.

3389 301 3527 360 HM

254 417 347 504 tibi
370 432 486 504 non
504 414 915 504 ξεί-ἐφίελαιὶξ.
940 431 1004 474 ne
1046 419 1248 504 [egerim
1298 418 1558 504 Nolumus
1603 437 1833 504 namque
1859 424 1913 485 Δ
1942 421 2078 477 banc
2097 422 2346 504 profecto
2376 423 2750 504 negligentiam
2783 423 3085 504 spirituales
3112 422 3295 480 hostes
3323 422 3524 504 intrare

258 488 812 563 nobisinﬁdelitatem
845 488 1433 563 ullam_agi._iDicamus
1480 503 1533 547 ct
1578 488 1829 563 amplius.

254 561 406 613 Sicut
433 558 609 629 itaque
637 559 881 615 volumus
911 571 968 615 ut
998 558 1179 616 famuli
1208 562 1291 617 vel
1322 563 1519 618 subditi
1550 558 1717 618 nostri
1740 607 1753 629 ,
1788 565 1835 621 si

256 631 384 699 quid
409 643 507 685 nos
535 628 883 694 oﬁenderint,
909 632 1218 687 omnimoda
1245 634 1543 689 humilitate
1570 628 1834 703 placatio-

257 716 382 757 nem
414 710 651 756 nostram
683 703 997 770 exquirant,
1034 705 1101 758 ita
1131 712 1186 758 et
1215 720 1314 759 nos
1346 706 1523 761 facere
1552 706 1830 772 debemus,

257 772 685 845 quotiescunque
739 772 1019 845 Dominum
1075 776 1307 845 peccatis
1361 775 1559 832 nostris
1608 776 1837 831 oﬁ‘endi-

259 858 398 897 mus.
430 842 557 898 item
590 844 725 898 sicut
768 844 1014 899 volumus
1058 842 1116 900 ut
1158 848 1314 901 amici
1356 857 1411 903 et
1452 846 1635 903 ﬁdeles
1667 848 1836 904 nostri

257 914 306 987 si
337 929 496 981 quam
530 913 1078 987 forteidetractionem
1106 918 1191 972 vel
1226 917 1475 987 injuriam
1506 928 1693 974 contra
1736 932 1836 975 nos

259 986 455 1040 factam
483 984 783 1051 audierint,
816 1000 939 1041 mox
970 986 1107 1042 hanc
1150 984 1354 1043 ratione
1401 989 1541 1045 ﬁdeli
1589 1002 1838 1053 compes-

258 1065 417 1120 cant,
450 1055 613 1131 authsi
645 1054 743 1111 hoc
776 1057 1139 1131 nequiverint,
1189 1060 1425 1131 fugiant,
1470 1075 1538 1116 ne
1584 1058 1835 1129 injuriam

260 1136 499 1182 nostram
552 1126 779 1183 libenter
819 1128 1001 1183 audire
1046 1126 1362 1196 videantur;
1396 1126 1473 1185 sic
1512 1139 1567 1185 et
1611 1126 1836 1186 Domino

261 1206 452 1253 nostro
494 1197 671 1270 facere
708 1197 1003 1270 debemus,
1048 1199 1094 1254 si
1135 1201 1362 1270 aliquem
1404 1201 1550 1256 illum
1590 1200 1833 1257 dehone-

258 1276 492 1323 stantem
546 1268 703 1322 dictis
758 1270 837 1323 vel
896 1269 1046 1325 factis
1099 1268 1377 1338 videntes,
1440 1272 1836 1328 inhonestatem

261 1347 462 1411 tantam
496 1339 779 1407 prohibere
810 1355 915 1394 non
946 1341 1205 1398 valemus.
1258 1342 1466 1399 Fideles
1514 1358 1743 1411 namque
1786 1342 1837 1399 ei

260 1424 381 1464 esse
405 1410 664 1465 debemus
687 1451 702 1476 ,
734 1421 784 1465 et
812 1411 877 1464 ad
903 1412 1335 1468 collaborandum
1364 1423 1419 1470 et
1444 1413 1512 1469 ad
1539 1410 1838 1470 condolen-

260 1480 387 1535 dum
412 1522 426 1545 ,
459 1480 581 1549 quia
612 1481 700 1535 ille
731 1482 884 1536 nobis
916 1482 1087 1539 ﬁdelis
1129 1493 1211 1539 est
1232 1525 1247 1549 ,
1278 1486 1416 1541 sicut
1458 1484 1525 1540 tle
1569 1499 1635 1539 eo
1682 1485 1835 1539 Psal-

260 1551 416 1605 mista
449 1551 575 1606 dicit
602 1568 613 1604 :
648 1550 841 1606 Fidelis
872 1551 1123 1609 Dominus
1148 1555 1202 1608 in
1231 1558 1461 1610 omnibus
1492 1555 1655 1609 verbis
1700 1557 1829 1613 suis.

260 1622 375 1696 llac
406 1623 564 1691 igitur
593 1623 943 1696 similitudine
974 1624 1027 1696 in
1056 1626 1293 1681 omnium
1324 1628 1643 1696 sapientium
1674 1626 1838 1682 corde

258 1693 457 1761 scripta
491 1694 775 1767 requiritur
804 1703 860 1749 et
880 1694 1204 1767 intelligitur
1234 1693 1400 1765 Deus,
1432 1713 1529 1754 nec
1556 1698 1837 1767 quisquam

258 1777 408 1837 sana:
433 1765 631 1837 mentis
659 1766 726 1820 ab
754 1766 851 1837 bac
877 1766 1228 1835 intelligentia
1258 1769 1451 1837 poterit
1476 1782 1534 1824 se
1558 1765 1834 1825 excusare.

258 1834 387 1909 Haec
418 1835 739 1909 deniquede
769 1835 859 1891 illo
887 1834 1201 1909 quodlintra
1233 1834 1329 1895 nos
1356 1853 1424 1896 sx
1453 1838 1620 1909 gratia
1652 1840 1833 1893 divina

262 1905 523 1978 collatum
579 1906 866 1973 habemus,
907 1905 1286 1978 intelligentiae
1331 1905 1694 1965 additamento
1732 1912 1838 1964 sint

262 1974 427 2048 dicta.
460 1976 609 2031 Nunc
643 1992 768 2033 vero
797 1978 864 2032 ad
897 1993 957 2033 ea
986 1974 1117 2048 quae
1150 1989 1299 2036 extra
1329 1996 1427 2038 nos
1472 1989 1599 2036 sunt
1645 1980 1839 2037 simili-

263 2046 505 2101 tudinum
535 2048 895 2104 additamenta
930 2046 1284 2106 revertamur.

342 2116 493 2173 Sicut
542 2119 699 2189 igitur
729 2130 1007 2177 ventorum
1054 2121 1349 2178 substantia
1399 2122 1700 2179 nullatenus
1731 2137 1843 2178 cer-

263 2190 430 2254 nitur,
465 2192 559 2244 sed
590 2199 767 2263 tamen
816 2191 1037 2247 eosdem
1076 2203 1264 2249 ventos
1316 2193 1495 2263 aliquo
1547 2193 1705 2248 modo
1736 2195 1846 2249 exi-

263 2270 410 2315 stere
458 2275 552 2330 per
587 2260 875 2317 immensos
921 2263 1074 2319 ﬁatus
1120 2274 1173 2319 et
1219 2260 1606 2320 commotiones
1658 2278 1842 2319 eorum

267 2331 596 2404 intelligitur.
629 2332 706 2387 sic
734 2342 789 2388 et
818 2334 999 2388 divina
1029 2334 1347 2404 subsmntia,
1391 2335 1515 2390 licet
1561 2334 1844 2391 invisibilis

266 2403 371 2476 sit,
406 2412 585 2458 tamen
633 2418 699 2459 ex
748 2405 1010 2460 immensa
1042 2406 1236 2462 virtute
1266 2403 1617 2475 ctpotestate
1638 2447 1651 2472 ,
1685 2420 1845 2476 quam

266 2472 577 2550 in_omnem
608 2483 923 2550 creaturam
967 2485 1208 2545 exercet,
1267 2472 1604 2550 maximeque
1628 2472 1717 2550 lin'
1752 2491 1847 2550 eos

267 2544 358 2612 qui
385 2544 487 2599 sibi
517 2546 771 2603 resistere
801 2556 1084 2614 conantur,
1110 2544 1542 2604 constantissimis
1572 2549 1675 2604 ﬁde
1705 2548 1847 2602 valet

267 2615 507 2686 agnosci.
539 2618 749 2682 Quanto
777 2618 917 2673 enim
948 2618 1067 2687 quis
1096 2618 1148 2673 in
1182 2619 1489 2687 hujusmodi
1518 2620 1623 2676 ﬁde
1651 2620 1846 2673 tituba—

268 2688 435 2751 verit,
472 2696 616 2742 tanto
649 2689 768 2756 plus
821 2691 1024 2745 cunctis
1072 2690 1271 2746 inimici
1311 2692 1693 2747 tentationibus
1719 2694 1849 2745 sub-

264 2758 485 2827 jacebit.
518 2759 669 2831 Quod
701 2761 949 2815 nimirum
983 2762 1054 2815 ita
1082 2777 1202 2818 esse
1233 2777 1297 2817 ex
1324 2761 1606 2831 gentilibus
1635 2760 1849 2828 probari

270 2838 477 2904 potest,
529 2830 649 2904 qui,
702 2832 900 2887 nullam
950 2832 1144 2887 divina:
1196 2830 1443 2903 potentia:
1491 2834 1849 2904 cognitionem

273 2899 561 2974 habentes,
591 2902 938 2974 dicentesque
970 2906 1021 2959 in
1053 2899 1217 2961 corde
1247 2920 1345 2959 suo
1372 2923 1383 2958 :
1421 2904 1543 2959 Non
1561 2899 1645 2960 'est
1679 2903 1850 2974 Deus,

271 2972 599 3047 omnimodis
652 2972 946 3047 sceleribus
999 2976 1163 3032 dediti
1214 2991 1334 3047 esse
1383 2978 1646 3047 leguntur.
1703 2973 1853 3029 Unde

268 3044 430 3097 etiam
466 3043 673 3098 illorum
704 3045 918 3115 quidam
948 3062 1217 3103 summum
1246 3043 1458 3102 bonum
1495 3048 1852 3104 decreverunt

270 3127 395 3189 esse
424 3115 676 3185 voluptati
708 3131 927 3185 prorsus
957 3118 1252 3178 deservire.
1281 3118 1538 3189 Similiter
1566 3120 1655 3189 qui
1685 3117 1849 3171 Deum

269 3185 487 3259 quidem
516 3201 635 3259 esse
664 3198 973 3245 constanter
1002 3190 1253 3257 fatentur,
1286 3193 1381 3247 sed
1426 3185 1598 3245 factis'
1622 3198 1848 3259 negant,

274 3255 466 3333 breresi
497 3258 673 3333 aliqua
703 3260 924 3316 involuti
970 3276 1064 3317 seu
1110 3255 1255 3320 vitiis
1298 3262 1614 3333 capitalibus
1660 3255 1854 3329 déditi,

273 3330 859 3406 nullistentationibus
878 3334 1129 3391 resistere
1175 3330 1417 3406 possunt.
1467 3335 1521 3389 In
1567 3332 1681 3389 sola
1729 3346 1859 3401 ergo

273 3398 418 3475 lldeli
452 3402 786 3459 invocatione
812 3404 974 3459 divini
1004 3398 1237 3475 nominis
1273 3408 1566 3475 eripiemur
1609 3419 1637 3458 a
1685 3398 1857 3475 tenta-

275 3472 478 3527 tionum
510 3475 777 3544 periculis.
814 3476 966 3532 Unde
995 3474 1272 3534 Psalmista
1303 3472 1471 3544 dicit:
1506 3475 1574 3529 In
1620 3484 1700 3539 te,
1751 3472 1857 3527 Do-

274 3545 411 3599 mine
428 3587 444 3612 ,
472 3543 661 3617 eripiar
683 3564 715 3601 a
744 3549 1041 3603 tentatione.
1068 3546 1133 3603 Et
1160 3550 1354 3606 iterum
1379 3567 1392 3603 :
1420 3543 1500 3601 Tu
1525 3564 1579 3602 es
1600 3544 1860 3617 refugium

271 3633 441 3677 meum
470 3634 503 3672 a
534 3616 862 3674 tribulatione
882 3662 898 3685 ,
929 3634 1041 3687 qua:
1070 3622 1407 3677 circumdedit
1436 3634 1537 3673 me.
1587 3616 1737 3673 Sicut
1783 3616 1860 3673 le-

276 3701 427 3764 gatus
456 3691 541 3745 vel
574 3704 760 3764 servus
790 3691 1021 3764 quilibet
1063 3690 1235 3747 ﬁdelis
1256 3733 1273 3758 ,
1304 3707 1425 3747 cum
1466 3692 1517 3747 ei
1564 3706 1595 3746 a
1640 3687 1859 3764 domino

276 3760 375 3820 suo
404 3760 542 3816 bona
570 3762 746 3833 aliqua
790 3760 1146 3833 dispensanda
1193 3765 1618 3827 committuntur,
1664 3761 1737 3815 nil
1786 3761 1862 3814 fa-

277 3836 423 3891 voris
472 3842 561 3888 aut
606 3832 814 3905 praemii
858 3832 911 3889 in
960 3849 1144 3888 eorum
1200 3834 1600 3905 dispensatione
1642 3833 1863 3905 sibimet

277 3906 550 3961 vindicare
576 3904 743 3977 solet,
778 3906 849 3959 ita
880 3906 1055 3961 omnis
1097 3905 1180 3961 cui
1211 3920 1276 3961 ex
1307 3908 1503 3977 pietate
1548 3904 1863 3977 divinanali-

279 3978 431 4047 cujus
462 3976 739 4046 prarcipuze
770 3977 979 4032 virtutis
1023 3977 1162 4047 dona
1208 3975 1403 4032 collata
1449 3984 1613 4041 sunt,
1661 3975 1860 4029 nullum

282 4049 519 4103 favorem
548 4048 698 4116 quasi
730 4048 852 4102 talia
900 4046 1218 4114 meruisset,
1270 4048 1394 4105 inde
1436 4048 1538 4104 sibi
1587 4048 1865 4116 acquirere

282 4121 463 4175 debet.
495 4119 647 4185 Quod
668 4159 684 4184 ,
714 4119 950 4183 scilicet,
986 4118 1056 4173 ita
1088 4119 1353 4189 agendum
1384 4134 1504 4176 esse
1549 4122 1715 4173 sancti
1766 4117 1865 4189 Pn-

286 4202 397 4245 tres
420 4190 476 4262 in
509 4191 688 4245 multis
720 4192 965 4257 experti,
998 4188 1141 4262 nihil
1160 4206 1347 4246 eorum
1380 4206 1498 4262 qua:
1529 4190 1611 4246 vel
1660 4191 1711 4262 in
1759 4188 1865 4243 mi-

287 4261 482 4333 raculis
510 4274 605 4333 seu
634 4264 685 4333 in
717 4262 836 4315 aliis
866 4260 1145 4330 praecipuis
1174 4260 1423 4332 operibus
1444 4260 1825 4333 perpetrabant
1847 4300 1863 4326 ,

284 4332 393 4387 suis
417 4332 618 4387 meritis
639 4332 894 4401 deputare
916 4331 1310 4401 praesumebant
1332 4351 1345 4400 ;
1369 4331 1704 4389 attendentes
1723 4331 1865 4402 jugi-

286 4414 368 4459 ter
393 4402 535 4469 quod
554 4402 850 4473 Apostolus
877 4404 1007 4457 dicit
1036 4421 1049 4458 :
1083 4406 1220 4470 Quid
1251 4408 1384 4458 enim
1416 4406 1566 4458 habes
1594 4405 1732 4473 quod
1763 4419 1865 4456 non

286 4472 523 4553 accepisti
547 4471 859 4563 fas'il
887 4474 1147 4563 aceepisti,
1179 4476 1567 4563 quid-gloriaris
1593 4471 1739 4563 quissi
1764 4489 1867 4563 pen
1897 4500 1948 4563 υ

287 4540 591 4612 acceperis?
630 4540 756 4595 Haec
795 4542 973 4610 itaque
1013 4540 1201 4598 beatus
1230 4540 1419 4599 Petrus
1449 4546 1580 4599 satis
1605 4540 1865 4608 attendit,

288 4614 503 4683 quando
540 4612 744 4685 Judaais
784 4612 1105 4685 mirantibus
1142 4629 1301 4683 super
1332 4617 1587 4671 miraculo
1615 4614 1756 4685 quod
1789 4615 1871 4668 fa-

289 4682 434 4740 ctum
475 4693 558 4739 est
588 4684 639 4738 in
672 4682 859 4737 claudo
889 4683 1023 4738 dixit
1052 4702 1065 4738 :
1104 4682 1241 4753 Quid
1271 4702 1363 4740 nos
1393 4682 1692 4752 intuemini,
1723 4687 1874 4755 quasi

292 4766 466 4809 nostra
507 4756 691 4826 virtute
733 4760 841 4826 aut
866 4756 1051 4823 pietate
1093 4757 1358 4826 fecerimus
1404 4758 1537 4811 hunc
1566 4758 1877 4811 ambulare?

295 4827 432 4881 Deus
463 4825 762 4897 gloriﬁcavit
791 4822 994 4880 Filium
1021 4822 1173 4881 suum
1193 4868 1208 4893 ,
1250 4838 1354 4883 etc.
1398 4828 1673 4882 Psalmista
1713 4830 1876 4884 etiam

296 4896 517 4952 firmiter
547 4896 771 4969 credens
802 4897 966 4969 Deum
1015 4898 1067 4953 in
1112 4900 1266 4953 nobis
1314 4902 1450 4954 bona
1494 4900 1737 4969 operari,
1783 4898 1877 4952 dc-

298 4978 542 5039 precatur
569 4967 716 5022 illum
749 4967 938 5039 eadem
983 4969 1303 5026 conﬁrmare
1348 4967 1574 5025 dicens:
1609 4969 1878 5039 Conﬁrma

296 5043 393 5111 liae
411 5080 426 5103 ,
461 5037 599 5093 Deus
619 5079 634 5105 ,
666 5038 805 5111 quod
832 5052 1066 5111 aperatus
1096 5058 1147 5096 es
1174 5042 1227 5095 in
1259 5042 1421 5097 nobis.

367 5109 518 5184 Sicut
549 5112 600 5165 in
620 5110 775 5184 urbis
806 5109 1135 5184 munitione,
1166 5116 1210 5167 si
1245 5114 1573 5184 relinquatur
1622 5110 1706 5166 vel
1754 5124 1878 5180 par-

298 5195 394 5235 vus
425 5182 652 5235 intrandi
686 5183 863 5247 locus,
896 5183 965 5237 ibi
1013 5183 1193 5238 hostes
1239 5182 1461 5251 possunt
1507 5182 1744 5250 intrare,
1791 5197 1880 5235 ur-

300 5252 527 5323 bemque
557 5260 721 5307 tmam
744 5251 1058 5323 devastare,
1090 5254 1168 5308 sic
1209 5262 1265 5309 et
1310 5255 1391 5307 his
1437 5253 1725 5323 contingit,
1757 5253 1877 5321 qui-

301 5324 398 5377 bus
427 5322 643 5393 videtur
654 5321 915 5393 sufﬁcere
944 5326 1166 5379 virtutes
1208 5325 1465 5393 quasdam
1511 5321 1645 5377 sine
1670 5323 1882 5378 caeteris

300 5406 574 5451 exercere.
624 5392 726 5449 Ubi
777 5398 917 5449 enim
965 5395 1117 5450 deest
1153 5392 1364 5449 virtutis
1392 5393 1683 5463 cujuslibet
1712 5408 1837 5446 cura
1860 5434 1877 5459 ,

302 5464 417 5535 illic
442 5464 732 5533 spiritualis
761 5467 1010 5535 nequitia:
1053 5467 1213 5521 intrat
1258 5465 1445 5531 turba,
1491 5462 1756 5535 dissipans
1803 5464 1881 5535 in-

306 5534 515 5590 terdum
547 5536 797 5590 virtutum
845 5533 1165 5591 munitiones
1195 5535 1502 5591 multarum.
1536 5534 1684 5589 Sicut
1722 5542 1775 5587 ct
1817 5533 1883 5588 de

308 5606 576 5661 Pharisaeo
607 5607 798 5675 legitur
828 5607 881 5661 in
929 5606 1246 5677 Evangelia,
1277 5607 1366 5677 qui
1410 5618 1530 5677 cum
1550 5605 1883 5677 [Virtutibus

305 5677 489 5732 multis
539 5674 714 5732 arcem
762 5677 939 5732 cordis
987 5674 1376 5745 praénmniens,
1431 5674 1747 5731 humilitatis
1796 5689 1885 5728 cu-

306 5748 533 5803 stodiam
566 5747 761 5803 habere
791 5750 1143 5818 neglexisset,
1176 5748 1358 5802 dicens
1388 5764 1401 5801 :
1450 5748 1583 5811 Quia
1626 5762 1726 5799 non
1774 5762 1885 5799 smn

303 5822 435 5877 sicut
482 5818 650 5875 cwteri
698 5818 992 5890 hominum,
1040 5828 1302 5891 raptores,
1348 5819 1557 5888 iniusti,
1609 5828 1734 5885 etc.,
1795 5832 1888 5887 per

1941 494 2187 566 permisit
2230 495 2282 549 in
2332 510 2389 549 se
2414 538 2427 562 ,
2477 497 2566 565 qui
2613 496 2774 549 etiam
2803 510 2892 550 eas
2921 497 3145 552 virtutes
3174 510 3307 566 quas
3337 496 3525 551 habuit

1940 562 2283 632 auferentes,
2333 562 2507 633 ipsum
2558 566 2887 635 reliquerunt
2933 568 3156 623 nudum.
3191 562 3303 621 'Cui
3351 566 3523 621 simile

1937 643 2021 689 est
2046 644 2099 689 et
2119 636 2269 701 illud,
2292 636 2436 705 quod
2466 636 2694 691 .lacobus
2715 638 2985 703 apostolus
3013 638 3143 693 dicit
3169 654 3184 692 :
3221 638 3523 705 Quicunque

1936 705 2269 760 observaverit
2291 717 2463 779 totum,
2480 707 2661 779 legem,
2681 706 2910 774 offendat
2939 719 3108 764 autem
3128 710 3182 763 in
3206 724 3332 776 uno,
3357 708 3525 777 factus

1936 783 2011 830 est
2040 778 2263 831 omnium
2291 794 2425 833 reus.
2452 778 2605 833 Unde
2633 778 2906 847 Scriptura
2954 795 3138 845 sacra,
3170 792 3522 848 unumquem-

1936 861 2041 918 que
2072 848 2387 915 admonens,
2420 849 2547 904 dicit
2579 866 2592 903 :
2621 848 2773 903 Omni
2804 851 3035 905 custodia
3063 866 3207 905 serva
3236 858 3381 903 tuum
3411 863 3519 902 cor.

2008 917 2167 991 Sicut
2185 922 2434 974 rusticum
2465 920 2547 976 vel
2576 935 2861 989 pauperem
2891 922 3181 991 quemlibet
3207 920 3296 975 vili
3326 920 3523 975 vestitu

1936 988 2319 1044 circumdatum
2363 990 2540 1045 nullus
2580 988 2731 1047 dives
2761 988 3010 1060 pretiosis
3041 992 3277 1048 vestibus
3307 992 3517 1057 nitens,

1940 1059 2135 1131 merito
2160 1062 2378 1129 culpare
2407 1071 2610 1131 potest,
2639 1077 2734 1117 cur
2764 1059 2834 1119 ita
2880 1064 3104 1119 vestitus
3149 1061 3359 1117 incedat
3395 1074 3517 1117 cum

1939 1129 2248 1202 indumenta
2296 1132 2517 1187 meliora
2568 1129 2672 1189 non
2725 1134 2953 1202 habeat,
3010 1143 3101 1189 aut
3148 1132 3375 1188 forsitan
3425 1145 3523 1201 pro

1940 1200 2033 1271 Dei
2060 1216 2242 1257 amore
2268 1203 2670 1271 pretiosioribus
2697 1206 2916 1261 minime
2941 1200 3029 1261 uti
3058 1205 3219 1260 libeat
3248 1220 3260 1256 :
3298 1206 3368 1257 ita
3396 1200 3517 1256 nul-

1937 1269 2021 1347 lus
2046 1287 2230 1347 eorum
2256 1269 2346 1342 qui
2379 1288 2631 1347 pomposa
2658 1275 2953 1347 litterarum
2983 1276 3318 1347 saecularium
3346 1273 3521 1347 scien-

1941 1344 2012 1396 tia
2040 1343 2206 1397 aflluit
2227 1385 2242 1411 ,
2274 1352 2326 1398 et
2355 1345 2529 1399 varias
2555 1346 2679 1401 culti
2707 1343 2972 1402 sermonis
3002 1345 3322 1402 subtilitates
3352 1344 3519 1409 n0vit,

1938 1414 2198 1487 simplicia
2236 1415 2423 1480 verba,
2458 1430 2578 1485 quae
2610 1417 2660 1470 in
2692 1416 2962 1487 Scriptura
2993 1434 3141 1473 sacra
3175 1416 3332 1471 aliter
3362 1428 3520 1483 quam

1939 1483 2215 1538 dialectica
2239 1494 2291 1539 et
2324 1483 2666 1554 grammatica
2696 1483 2890 1544 doceat
2934 1489 3201 1544 interdum
3246 1487 3525 1555 reperiun-

1941 1561 2044 1618 tur,
2072 1556 2464 1623 reprehendere
2490 1557 2676 1624 debet,
2700 1558 2744 1613 si
2772 1568 2949 1616 tamen
2978 1560 3031 1614 in
3053 1558 3322 1614 veteribus
3345 1570 3525 1612 emen-

1940 1624 2185 1694 datisque
2214 1626 2363 1681 libris
2392 1629 2664 1697 aequaliter
2695 1630 3013 1687 habeantur.
3059 1631 3213 1697 Quod
3256 1626 3301 1682 si
3341 1626 3519 1682 disso-

1943 1706 2070 1750 nant
2102 1698 2257 1771 libri,
2289 1706 2394 1751 tam
2438 1701 2798 1769 grammaticae
2842 1702 3025 1770 regula
3069 1714 3241 1771 quam
3278 1697 3523 1771 lectionis

1870 1767 2209 1847 Bsententia
2259 1778 2383 1847 sunt
2430 1767 2755 1847 corrigendil
2799 1767 3109 1847 Hujusmod'i
3159 1770 3301 1826 enim
3348 1767 3522 1847 disso-

1944 1839 2127 1910 nantia
2157 1840 2295 1893 sicut
2326 1837 2596 1908 imperitia
2625 1843 2707 1896 vel
2741 1837 2943 1897 incuria
2989 1844 3325 1910 scriptorum
3356 1837 3528 1910 conti-

1940 1910 2052 1980 git,
2085 1909 2154 1962 ita
2184 1912 2371 1979 peritia
2399 1912 2769 1979 magistrorum
2800 1908 3117 1980 corrigenda
3143 1912 3264 1966 erit.
3293 1908 3403 1965 Sed
3431 1920 3529 1980 nec

1942 1979 2018 2053 i_l|i
2046 1988 2175 2053 sunt
2205 1980 2670 2049 reprehendendi,
2704 1983 2793 2051 qui
2825 1979 3139 2038 humilitatis
3170 1994 3331 2053 causa
3361 1979 3527 2048 magis

1941 2048 2231 2121 Scriptura:
2261 2048 2428 2107 sacrae
2456 2048 2849 2121 simplicitatem
2882 2068 3039 2121 quam
3068 2052 3323 2109 eximiam
3363 2064 3530 2104 saecu-

1944 2120 2069 2195 laris
2118 2122 2430 2195 litteraturae
2474 2120 2830 2195 eloquentiam
2864 2120 3068 2195 eligunt
3095 2123 3281 2195 sequi,
3296 2121 3531 2195 cupiem-

1944 2198 2026 2270 te_s
2058 2192 2196 2270 inter
2227 2192 2347 2270 illos
2381 2190 2636 2270 parvulos
2660 2190 3070 2270 connumerari,
3097 2190 3393 2270 de'qeibus
3423 2190 3529 2270 Do:

1946 2263 2121 2317 minus
2162 2266 2212 2317 in
2259 2261 2545 2341 Evangelio
2573 2265 2752 2341 dicit:
2787 2264 3043 2341 Conﬁteor
3072 2265 3194 2341 tibi,
3217 2261 3383 2317 'Pater
3412 2261 3533 2341 eali

1944 2340 1993 2387 et
2021 2343 2190 2398 terrm,
2218 2336 2338 2402 quia
2363 2335 2669 2389 abscondisti
2695 2336 2803 2389 hare
2827 2352 2858 2388 a
2880 2331 3190 2406 sapientibus
3221 2342 3265 2390 et
3296 2331 3532 2406 revelasti

1946 2420 2008 2477 ea
2034 2405 2281 2477 parvltlt's.
2316 2406 2625 2475 Paritcrque
2656 2403 2999 2477 formidantes
3050 2405 3189 2477 quod
3221 2403 3533 2477 Apostolus

1947 2474 2110 2549 dicit:
2145 2474 2427 2549 Prudentia
2454 2474 2621 2549 carnis
2650 2493 2786 2549 mors
2811 2488 2904 2536 est.
2937 2474 3082 2532 Nam
3097 2475 3383 2549 prudentia
3413 2488 3532 2549 car-

1950 2548 2104 2611 nalis,
2139 2546 2264 2600 dum
2296 2548 2368 2602 nil
2399 2548 2576 2603 studet
2606 2548 2708 2602 nisi
2742 2550 3043 2617 superbire,
3076 2544 3383 2617 Hominibus
3415 2544 3527 2617 pla:

1949 2630 2071 2688 cere
2092 2658 2107 2684 ,
2137 2619 2357 2687 gloriam
2404 2619 2586 2673 mundi
2615 2612 2923 2675 omnimodo
2949 2612 3230 2688 amplecti,
3264 2616 3434 2673 tendit
3462 2612 3530 2668 ad

1951 2687 2094 2760 illam
2128 2699 2354 2743 mortem
2386 2705 2503 2760 qua:
2532 2690 2931 2747 nullumbabet
2962 2687 3143 2746 ﬁnem.

2024 2759 2172 2815 Sicut
2201 2761 2388 2815 mulier
2405 2757 2627 2829 gravida
2650 2761 3004 2817 sollicitudine
3031 2761 3235 2830 indiget
3265 2757 3446 2822 nimia,
3472 2765 3531 2811 ut

1953 2831 2005 2885 in
2040 2831 2170 2884 locis
2200 2834 2449 2886 omnibus
2475 2844 2630 2887 caute
2657 2846 2717 2888 se
2746 2846 2938 2901 agens,
2972 2832 3177 2902 prolem
3216 2837 3527 2902 conceptam

1954 2910 2159 2966 servet,
2188 2904 2264 2955 sic
2295 2917 2481 2957 omnes
2511 2904 2563 2956 in
2595 2898 2944 2973 ecclesiastici
2968 2898 3241 2973 regiminis
3261 2901 3379 2969 jura
3402 2898 3530 2952 reti-

1955 2981 2143 3027 nentes
2181 2987 2303 3027 esse
2333 2973 2531 3028 debent
2565 2972 2813 3039 solliciti,
2859 2989 2925 3028 ne
2954 2972 3060 3043 quo
3089 2973 3335 3041 exemplo
3365 2983 3531 3043 pravo

1956 3051 2301 3112 corrumpant
2328 3044 2594 3111 subditos,
2627 3058 2761 3113 quos
2798 3043 2865 3099 ad
2891 3039 3419 3111 erudiendum—quasi
3467 3039 3534 3093 ad

1878 3144 1926 3209 Ο
1959 3114 2315 3241 ὓτορτθςιηάοε
2350 3114 2441 3168 Dei
2474 3114 2610 3168 ﬁlios
2639 3116 2707 3195 in.
2739 3128 2891 3195 suam
2911 3128 3119 3199 curam
3142 3120 3534 3197 susceperunt.

2010 3184 2112 3239 nde
2139 3186 2330 3238 Paulus
2359 3185 2630 3241 apostolus
2659 3184 2786 3239 dicit
2810 3203 2823 3239 :
2851 3181 3034 3239 Filioli
3057 3199 3174 3241 mes.
3203 3199 3327 3241 quos
3353 3191 3534 3235 iterum

2010 3184 2112 3239 nde
2139 3186 2330 3238 Paulus
2359 3185 2630 3253 apostolus
2659 3184 2786 3239 dicit
2810 3203 2823 3239 :
2851 3181 3034 3239 Filioli
3057 3186 3174 3250 mei,
3203 3199 3327 3253 quos
3353 3181 3536 3253 iterum

1962 3255 2217 3325 parturio,
2248 3251 2409 3309 donec
2435 3256 2679 3324 formetur
2709 3256 2937 3310 Christus
2963 3257 3016 3309 in
3042 3251 3224 3325 vobis.l_
3246 3251 3528 3321 Quomodo

1959 3335 2135 3380 autem
2166 3339 2259 3381 eos
2290 3326 2607 3393 parturiret,
2637 3335 2694 3381 ut
2720 3327 2772 3381 in
2799 3326 2902 3382 illis
2925 3326 3167 3382 Christus
3193 3324 3534 3389 formaretur,

1958 3398 2085 3451 alibi
2118 3398 2315 3461 profert
2344 3395 2565 3469 dicens:
2597 3396 2799 3469 Castigo
2826 3413 3005 3469 corpus
3033 3413 3197 3451 meum
3218 3438 3236 3465 ,
3266 3402 3316 3469 et
3344 3396 3395 3448 in
3423 3410 3535 3469 ser-

1961 3470 2173 3522 uitutem
2198 3468 2394 3537 redigo,
2428 3484 2490 3521 ne
2518 3468 2673 3537 forte,
2702 3462 2818 3523 cum
2843 3462 2959 3523 aliis
2989 3462 3403 3537 prcdicai'erim,
3432 3462 3541 3532 ipse

1961 3486 2173 3522 munem
2198 3486 2305 3521 reas
2343 3486 2394 3533 ο,
2428 3486 2490 3521 ne
2518 3486 2673 3537 (orte,
2702 3486 2818 3523 cum
2843 3486 2959 3523 ams
2989 3486 3403 3537 preatcarertm,
3432 3486 3538 3532 Ipse

1960 3538 2204 3610 reprobus
2248 3486 2454 3609 eiciar.
2484 3539 2538 3594 Si
2569 3542 2710 3594 enim
2740 3541 2859 3595 aliis
2904 3540 3197 3609 praedicans
3241 3538 3309 3591 de
3352 3538 3538 3610 obser-

1963 3606 2140 3664 vantia
2171 3606 2557 3679 praecepturum
2589 3606 3035 3687 divinorumipse
3064 3612 3249 3665 eadem
3298 3622 3402 3687 non
3432 3606 3532 3687 ob-

1964 3691 2237 3745 servaret,
2269 3691 2641 3751 corrumperet
2670 3684 2853 3752 utique
2882 3696 2974 3737 eos
3004 3696 3135 3752 quos
3163 3680 3396 3752 suscepit
3423 3680 3534 3752 epi-

1965 3753 2226 3823 ritualiter
2254 3748 2607 3823 generandos.
2658 3753 2733 3808 Ex
2765 3748 2869 3823 qua
2914 3748 3150 3822 profecto
3190 3748 3538 3805 similitudine

1966 3822 2019 3878 bi
2048 3824 2136 3892 qui
2163 3822 2277 3893 jam
2310 3824 2467 3893 positi
2496 3835 2618 3879 sunt
2649 3824 2702 3879 in
2748 3822 3035 3893 regimine,
3066 3822 3423 3877 admonentur
3450 3828 3536 3873 at-

1973 3895 2192 3949 tendere
2221 3912 2315 3952 cur
2344 3896 2462 3949 aliis
2490 3897 2595 3951 sint
2641 3897 2863 3965 praelati.
2912 3896 3013 3951 Per
3061 3896 3199 3947 hanc
3229 3906 3352 3947 vero
3380 3904 3539 3958 quam

1965 3966 2363 4042 subiungimus,
2397 3967 2480 4042 illi
2500 3968 2587 4037 qui
2618 3971 2731 4021 sine
2760 3968 3020 4042 electione
3068 3974 3121 4017 et
3155 3972 3341 4042 contra
3364 3974 3535 4042 .can'o-

1968 4034 2094 4092 nunt
2128 4034 2363 4093 instituta
2396 4034 2780 4105 aliis'prazponi
2808 4038 3070 4106 cupiunt,
3103 4034 3379 4087 admoneri
3411 4040 3535 4097 pos-

1969 4121 2114 4164 sunt.
2148 4108 2312 4179 Igitur
2351 4109 2487 4163 sicut
2525 4105 2889 4182 incongruum
2912 4117 2965 4161 et
3007 4105 3343 4182 inhonestum
3372 4109 3451 4182 est
3485 4110 3542 4152 ut

1970 4182 2160 4235 mulier
2175 4175 2286 4252 'pro
2314 4178 2613 4252 appetendo
2644 4175 2759 4252 viro
2790 4192 3019 4252 usquam
3042 4175 3233 4238 vadat,
3266 4175 3538 4252 magisque

1970 4252 2122 4306 decet
2152 4246 2209 4305 ut
2240 4250 2317 4303 vir
2346 4249 2623 4304 mulierem
2663 4249 2762 4303 sibi
2804 4246 3112 4303 sociandam
3157 4246 3436 4313 exquirat,
3470 4246 3541 4295 ita

1971 4324 2129 4377 etiam
2162 4321 2376 4394 minime
2406 4321 2654 4394 convenit
2682 4329 2737 4374 ut
2763 4318 2951 4394 doctor
2976 4313 3539 4394 quilibetpastoralem

1972 4409 2154 4466 curam
2185 4392 2734 4466 exquirat,_sed_ipse
2764 4386 3069 4460 exquiratur
3098 4388 3166 4442 ad
3198 4386 3343 4441 illam
3371 4386 3541 4466 susci-

1976 4464 2238 4535 piendam.
2264 4456 2375 4538 ilbi
2393 4464 2533 4517 enim
2579 4456 2822 4538 Cliristus
2849 4456 3295 4538 unumquemque
3339 4456 3539 4538 eligens

1976 4531 2039 4591 ad
2081 4534 2501 4591 ecclesiasticum
2532 4533 2794 4603 regimen,
2824 4534 2977 4603 quasi
3017 4531 3085 4605 ad
3138 4531 3541 4605 matrimonium

1976 4608 2370 4675 suscipiendum
2401 4605 2453 4659 in
2483 4602 2711 4673 persona
2740 4602 2983 4675 viriest;
3014 4602 3073 4675 is
3109 4607 3297 4675 sulem
3318 4602 3408 4667 qui
3453 4612 3540 4675 re-

1976 4668 2151 4748 gimen
2182 4668 2569 4750 suscipit,pro
2598 4691 2662 4750 eo
2693 4668 2975 4750 quodDei
3004 4672 3139 4726 ﬁlios
3178 4668 3329 4724 factis
3354 4668 3540 4750 .ethdi—

1976 4747 2076 4808 ctis
2118 4762 2398 4820 procreare
2427 4748 2617 4816 debet,
2650 4748 2703 4801 in
2734 4747 2970 4820 mulieris
3002 4756 3227 4820 persona
3257 4747 3535 4820 accipitur.

1976 4824 2079 4880 Sed
2119 4814 2185 4876 ne
2215 4820 2333 4889 quis
2374 4818 2508 4873 hanc
2549 4814 2867 4893 sententiam
2899 4814 3183 4893 reprobare
3209 4814 3541 4893 possit,_qtla

1977 4896 2211 4949 diximus
2233 4883 2527 4963 'pastorem
2556 4888 2881 4963 spiritualem
2932 4883 2985 4963 ili
3034 4897 3256 4963 persona
3293 4883 3543 4963 mulieris

1979 4950 2715 5033 accipiendum,testimonio
2746 4960 2926 5033 ipsius_
2940 4950 3147 5033 Domini
3189 4952 3356 5033 nogtri
3388 4950 3544 5006 robo-

1978 5023 2157 5091 remus
2187 5023 2781 5104 illam.'Dicit_namque
2810 5031 2860 5104 i_n
2890 5026 3176 5104 Evangelio
3202 5023 3545 5104 ;_Quicun_que

1981 5108 2154 5177 fecerit
2183 5104 2491 5158 voluntatem
2525 5096 2710 5155 Patris
2734 5101 2830 5154 mei
2856 5140 2871 5164 ,
2910 5102 2994 5169 qui
3014 5096 3258 5177 linucmlis
3295 5105 3398 5177 eet,
3440 5096 3546 5177 ἔρξε

1979 5164 2121 5231 incus
2149 5177 2335 5244 [ratrer
2363 5183 2410 5228 et
2438 5188 2581 5226 soror
2610 5184 2653 5225 et
2684 5182 2844 5226 mater
2871 5164 2959 5225 est.
3003 5170 3200 5244 Quibus
3230 5165 3408 5244 verbis
3436 5164 3547 5244 col-

1983 5236 2161 5317 ligitur
2182 5248 2304 5317 quia
2330 5249 2372 5300 si
2398 5244 2567 5297 ﬁdelis
2597 5244 2735 5311 quis,
2763 5245 3084 5317 voluntatem
3114 5238 3283 5293 Patris
3311 5236 3545 5317 cmlestis

1983 5312 2369 5382 fa'ciens,’soror
2395 5323 2635 5388 etlmater
2654 5316 2938 5382 spiritualis
2953 5312 3147 5388 dicitur
3165 5326 3179 5374 ;
3200 5322 3350 5363 soror
3369 5316 3547 5388 autem

1982 5399 2036 5444 et
2064 5378 2235 5444 mater
2264 5386 2499 5459 mulieris
2529 5378 2769 5459 persona:
2798 5396 2954 5459 sunt,
2986 5380 3178 5437 mulier
3207 5378 3550 5459 quoquedici

1981 5461 2119 5515 valet
2140 5456 2460 5530 quisquisad
2482 5451 2784 5525 spirituales
2800 5456 2934 5530 filios
2956 5451 3285 5530 generandae
3316 5451 3545 5530 eligitur.

2059 5521 2209 5586 Sicut
2246 5521 2713 5582 Dominus—noster
2743 5528 2926 5583 videns
2955 5521 3223 5581 civitatem
3253 5521 3546 5577 Jerusalem

1987 5602 2131 5657 ﬂevit
2168 5615 2328 5670 super
2367 5598 2541 5662 illam,
2581 5598 2721 5670 quod
2763 5598 3084 5653 habitatores
3122 5596 3548 5670 sui_innutnera-

1988 5675 2123 5727 biles
2153 5666 2337 5740 poenas
2364 5677 2471 5722 tatn
2502 5670 2552 5724 in
2585 5666 2684 5723 hoc
2713 5672 2906 5724 saeculo
2935 5682 3091 5739 quam
3132 5666 3393 5740 inluturo
3424 5676 3548 5730 pas-

1996 5747 2102 5798 suri
2136 5735 2312 5796 essent
2345 5754 2439 5814 pro
2469 5740 2683 5814 perfidia
2724 5756 2851 5814 sua,
2894 5735 2966 5793 ita
3002 5735 3236 5814 quotidie
3273 5735 3414 5814 dolet
3452 5748 3545 5814 su..-

1990 5830 2083 5886 per
2113 5826 2297 5869 omnes
2325 5800 2413 5883 qui
2443 5800 2585 5868 nulla
2611 5800 2948 5883 correptione
2980 5800 3060 5868 vel
3086 5804 3447 5866 admonitione
3474 5800 3544 5865 ab
