4006 6364
536 289 678 348 1115

1025 287 1229 346 BENE
1271 286 1718 346 VENERABILIS
1753 285 1905 344 OPP.
1947 283 2126 343 PARS
2163 283 2228 342 ll.
2269 283 2463 344 SECT.
2502 281 2570 339 II.
2601 309 2670 324 --
2707 280 2915 340 DUBIA
2956 281 3044 338 ET
3084 281 3360 341 SPURIA.

3683 283 3822 340 illo

529 402 814 470 impietate
836 415 929 456 sua
957 401 1098 456 necti
1121 402 1305 457 volunt
1327 402 1392 458 ad
1419 403 1808 472 paenitentiam.
1837 401 1991 458 Unde
2015 415 2112 470 per
2133 401 2191 462 Δ
2219 410 2474 472 parantur
2511 399 2577 453 ad
2606 397 2943 472 superandos
2987 397 3203 452 eosdem
3234 397 3440 472 hostes.

539 473 829 542 prophetas
856 487 998 542 saepe
1028 472 1219 527 clamat
1246 473 1433 529 dicens
1464 493 1478 530 :
1510 473 1870 528 Conuertimini
1898 475 1967 526 ad
1993 490 2107 538 me,

537 553 586 614 et
616 544 744 596 salvi
769 544 929 614 eritis.
979 543 1080 597 Per
1127 544 1464 614 Ifsalmistam
1496 561 1706 614 quoque
1735 545 1983 599 admonet
2015 559 2114 599 nos

537 613 722 684 dicens
749 613 1110 680 :Conﬁtemini
1140 613 1382 684 Domino,
1409 613 1649 680 quoniam
1671 617 1854 682 bonus,
1877 616 2114 684 quoniam

537 683 592 738 in
637 685 878 737 sarculum
925 685 1270 739 misericordia
1322 690 1452 755 ejus.
1499 688 1566 740 Et
1614 688 1846 742 iterum:
1879 687 2114 740 Accedite

539 755 606 808 ad
635 770 774 827 eum,
805 757 1263 827 etilluminamini.
1297 755 1422 812 Haec
1449 760 1647 827 quippe
1675 757 1868 812 div-inae
1901 757 2110 824 pietatis

539 825 736 880 monita
785 826 1087 898 quicunque
1133 837 1221 881 aut
1250 825 1483 883 credere
1502 825 1594 884 vel
1614 829 1763 898 sequi
1795 829 1847 882 in
1879 829 1976 882 hac
2006 829 2112 882 vita

538 897 829 950 contemnit
857 938 871 957 .
904 897 1028 952 licet
1054 913 1277 966 corpore
1308 899 1447 953 vivat
1470 942 1483 960 ,
1517 901 1570 954 in
1615 897 1792 955 anima
1837 909 1920 956 est
1963 915 2112 954 mor-

539 976 688 1039 tuus,
721 977 1041 1039 arternaeque
1070 969 1396 1023 damnationi
1428 971 1739 1039 deputatus.

611 1035 757 1092 Sicut
791 1035 968 1093 mater
988 1054 1146 1106 super
1177 1040 1433 1095 molestiis
1465 1035 1628 1095 variis
1670 1053 1724 1095 et
1768 1040 2113 1096 immunditiis

537 1106 780 1182 infantuli
803 1120 861 1182 et
889 1113 1143 1182 sugentis,
1176 1127 1308 1179 quas
1332 1111 1529 1182 iugiter
1556 1113 1809 1177 sustinet,
1841 1127 1947 1166 non
1980 1113 2112 1164 iras-

536 1179 693 1243 citur,
725 1179 818 1234 sed
849 1196 944 1248 pro
970 1180 1150 1235 debito
1184 1179 1416 1250 patitur}
1449 1184 1518 1237 ita
1545 1193 1600 1238 et
1629 1184 1883 1238 Dominus
1929 1191 2114 1236 noster

457 1271 465 1292 ι
537 1265 724 1323 omnes
753 1251 1053 1315 fragilitatis
1080 1264 1274 1306 nostra:
1296 1256 1672 1322 negligentias,
1699 1254 1891 1323 quibus
1912 1252 2112 1322 iugiter

537 1320 738 1375 sordidi
770 1323 1052 1390 elticimur,
1084 1334 1137 1377 et
1165 1320 1459 1380 clementer
1487 1320 1734 1387 sustinet,
1764 1335 1815 1379 et
1837 1324 1884 1378 si
1916 1320 2111 1390 dignos

533 1393 866 1466 pteniteutiaz
897 1393 1100 1448 fructus
1129 1396 1484 1466 gesserimus,
1517 1398 1665 1466 quasi
1698 1411 1790 1464 pro
1821 1395 2000 1450 debito
2029 1395 2112 1448 di-

539 1464 790 1536 miticns,
823 1479 914 1518 eas
943 1465 1322 1536 misericordiae
1353 1481 1466 1520 sua:
1499 1464 1709 1520 lavacro
1759 1481 1856 1520 nos
1898 1475 2106 1536 purgat.

535 1526 686 1604 Unde
718 1526 830 1602 ipse
871 1551 970 1604 per
996 1535 1312 1604 Prophetam
1346 1537 1472 1592 dicit
1501 1556 1514 1590 :
1548 1537 1734 1592 Audite
1773 1526 2110 1599 mefdoiisus

533 1598 844 1675 {acob,'qui
873 1598 1144 1673 portantiui
1173 1624 1203 1659 a
1233 1623 1342 1660 meo
1374 1619 1513 1662 utero
1545 1625 1700 1675 usque
1727 1609 1794 1662 ad
1835 1598 2107 1661 senectam.

534 1667 657 1748 Ego
679 1667 919 1748 vos'feci,
948 1687 994 1730 et
1021 1693 1111 1744 ego
1139 1681 1331 1747 feram,
1361 1697 1452 1748 ego
1481 1667 1689 1748 portnbo
1719 1691 1763 1733 et
1793 1680 2015 1733 salvabo.
2044 1677 2111 1732 Et

2217 471 2395 525 sciens
2423 480 2477 525 et
2507 480 2740 524 nostram
2770 469 3111 537 fragilitatem
3130 507 3150 533 ,
3181 479 3234 523 et
3261 468 3496 524 hostium
3529 470 3816 525 fortitudi-

2218 557 2364 608 nem,
2392 556 2717 610 nequaquam
2749 554 2846 594 nes
2884 540 3059 595 victos
3085 543 3196 596 cito
3221 539 3471 607 despicit,
3503 541 3816 597 dummodo

2217 627 2467 667 curemus
2493 623 2547 664 ut
2575 627 2672 677 nos
2701 612 2892 665 iterum
2945 625 3280 678 neparentus.
3330 611 3669 680 Huiusmodi
3706 613 3814 666 bel-

2215 683 2323 737 lum
2355 699 2417 738 se
2448 698 2606 750 agere
2633 692 2852 737 noverat
2883 682 3180 746 Psalmista,
3212 696 3334 737 eum
3361 683 3568 751 smpius
3597 683 3816 738 invoca-

2216 762 2298 808 ret
2330 755 2630 808 Dominum.
2689 753 2780 820 Ut,
2810 752 3020 815 Judica,
3050 753 3282 816 Domine,
3316 763 3561 808 nocentes
3595 771 3704 818 me,
3739 770 3816 808 es-

2211 842 2384 897 pugnn
2401 827 2755 897 impugmmtes
2781 839 2861 876 me
2884 841 2897 882 ;
2917 834 3001 878 et:
3030 823 3188 893 Eripe
3213 841 3294 877 me
3316 825 3378 897 de
3401 826 3637 878 inimicis
3661 829 3808 897 peis,

2215 894 2354 949 om
2381 894 2558 957 mem;
2571 908 2618 949 et
2643 897 2713 948 ab
2741 897 3113 960 insurgentibus
3137 898 3189 948 in
3205 909 3284 948 me
3303 896 3498 960 libera;
3521 907 3581 948 et
3600 912 3617 947 :
3645 894 3805 956 Deus,

2205 966 2268 1020 in
2292 969 2606 1036 atljuturiuin
2648 983 2812 1019 meum
2839 967 3060 1029 intende,
3111 966 3270 1029 Deus,
3318 967 3387 1017 ad
3434 969 3809 1034 adjuvandae:

2208 1054 2292 1090 me
2319 1035 2527 1106 f'estina.
2579 1035 2972 1108 Confu-ndantur
3001 1047 3046 1089 et
3074 1046 3392 1090 revereantur
3417 1039 3513 1108 qui
3563 1050 3809 1106 qumnt

2213 1109 2441 1161 animum
2479 1125 2661 1162 ineant.
2707 1107 2787 1161 De
2813 1107 3003 1160 eodem
3046 1121 3260 1175 quoque
3299 1107 3450 1162 bello
3498 1110 3810 1173 Apostolus

2207 1178 2368 1233 dicit:
2404 1179 2524 1233 Non
2539 1189 2613 1232 est
2645 1178 2786 1231 nobis
2809 1179 3097 1231 colluctatio
3115 1183 3358 1232 adversus
3381 1194 3600 1231 carnem
3625 1189 3678 1232 et
3697 1196 3813 1232 san-

2212 1250 2434 1322 guinem.
2463 1251 2551 1304 sed
2588 1249 2827 1302 adversus
2873 1250 3124 1322 principes
3155 1248 3503 1322 tenebrarum.
3551 1249 3621 1304 Si
3654 1250 3809 1319 igitur

2212 1319 2520 1374 certaminis
2553 1321 2680 1374 tanti
2705 1334 2995 1381 memores,
3021 1319 3147 1374 dum
3179 1321 3312 1373 bene
3345 1321 3651 1384 possimus,
3687 1324 3806 1375 vita

2214 1402 2411 1446 nostrae
2441 1393 2596 1445 linem
2622 1406 2746 1445 enim
2775 1390 3082 1460 paenitentia
3131 1401 3184 1446 et
3223 1390 3576 1444 confessione
3611 1406 3805 1460 peccs-

2216 1471 2389 1516 toru-m
2416 1463 2788 1530 amicipemus,
2821 1469 2948 1516 tunc
2975 1461 3157 1515 hostes
3179 1461 3418 1529 maligni,
3450 1461 3583 1516 licet
3618 1466 3806 1530 scpis-

2213 1533 2348 1586 sime
2381 1549 2476 1588 nos
2506 1544 2658 1588 antea
2691 1533 2939 1604 vicerint,
2991 1542 3268 1602 postremo
3297 1542 3485 1588 tamen
3535 1534 3804 1604 Ipsi

2213 1604 2420 1658 cientur
2446 1621 2476 1659 a
2511 1605 2665 1658 nobis
2692 1603 2844 1658 victi.

2287 1675 2432 1729 Sicut
2479 1675 2568 1729 filii
2620 1675 2785 1730 Israel
2830 1672 3098 1744 quondam
3147 1688 3212 1728 ex
3270 1673 3518 1743 ﬁgypto
3575 1673 3803 1741 prefeai

533 1744 658 1798 alibi
691 1764 702 1798 :
739 1746 1001 1828 diiungunt.
1022 1744 1246 1828 obliuisci
1277 1744 1436 1828 potest
1464 1744 1668 1828 mulier,
1700 1761 1768 1828 Διιι
1808 1767 1910 1828 non
1954 1749 2108 1802 mise-
2139 1765 2188 1828 Β
2217 1745 2494 1828 {Egilities
2546 1746 2597 1799 in
2627 1760 2758 1799 auro
2807 1755 2861 1799 et
2890 1754 3128 1828 argento.
3151 1745 3505 1828 vestibusque
3543 1746 3803 1828 pretiosis-

531 1825 705 1868 reatur
729 1815 1001 1890 ﬁlioiuteri
1028 1821 1152 1872 sui?
1197 1817 1261 1872 Et
1279 1815 1334 1872 si
1364 1820 1454 1873 illa
1494 1815 1663 1874 oblita'
1689 1821 1873 1888 fuerit,
1905 1835 1996 1890 ego
2026 1831 2108 1872 ta-

533 1899 647 1960 men
679 1887 1080 1960 nonobliviscar
1112 1890 1206 1942 tui.
1255 1889 1454 1954 Quibus
1485 1892 1664 1944 verbis
1691 1887 1959 1960 Colligitur
1988 1891 2108 1958 quia

535 1956 702 2024 pietas
752 1958 924 2028 divina
970 1974 1181 2014 omnem
1228 1960 1437 2014 excedit
1481 1961 1729 2015 affectum
1776 1956 1986 2028 pietatis
2009 1956 2108 2013 hu-

536 2040 730 2100 mante.
781 2027 964 2082 Potest
1009 2037 1062 2083 et
1106 2030 1251 2083 aliud
1281 2030 1457 2098 colligi
1493 2032 1542 2084 in
1575 2047 1639 2085 eo
1671 2027 1810 2100 quod
1840 2033 1967 2085 dicit
1997 2049 2008 2083 :
2045 2029 2110 2084 Et

624 2098 716 2150 illa
747 2100 920 2170 ~oblita
961 2101 1147 2170 fuerit,
1201 2116 1292 2170 ego
1340 2097 1507 2155 tamen
1553 2119 1656 2156 non
1690 2097 1968 2156 obliviscar
2013 2103 2106 2155 tui.

537 2166 789 2240 Quamvis
819 2166 968 2224 enim
994 2169 1043 2240 in
1079 2166 1309 2224 humana
1355 2172 1552 2240 pietate
1599 2173 1739 2226 nulla
1785 2174 1854 2226 sit
1897 2173 2110 2228 devotio

535 2235 707 2316 major
735 2254 795 2292 ea
826 2255 946 2321 quin
973 2239 1115 2321 circa
1145 2241 1279 2321 filios
1308 2235 1619 2321 nutriendos
1645 2244 1952 2310 exhibetur,
1979 2244 2110 2321 deli-

533 2309 608 2361 cit
639 2318 814 2364 tamen
846 2309 901 2384 in
934 2310 1016 2365 his
1047 2312 1304 2368 matribus
1333 2329 1454 2380 qua:
1484 2313 1624 2368 filios
1655 2328 1782 2368 suos
1809 2323 1901 2368 aut
1940 2309 2110 2384 negli-

533 2388 725 2453 genier
755 2381 1026 2453 nutriunt,
1057 2394 1148 2436 aut
1175 2398 1295 2437 mox
1329 2392 1446 2452 post
1473 2392 1682 2453 partum
1710 2393 1921 2440 necant.
1955 2381 2102 2440 om

531 2448 860 2526 impietatem
893 2448 1038 2526 Deus
1060 2453 1114 2506 in
1147 2448 1453 2526 mulieribus
1475 2448 1796 2526 praevidens,
1827 2467 1946 2521 post
1977 2472 2112 2522 prte-

531 2521 696 2592 missa
726 2520 885 2575 verba
916 2524 1094 2577 statim
1127 2525 1402 2592 subjuuxit
1433 2520 1618 2580 dicens
1651 2520 1676 2579 :'
1695 2524 1806 2581 Etsi
1832 2520 1924 2580 illa
1952 2520 2112 2581 oblita

523 2588 716 2662 fuerit,
749 2608 841 2662 ego
871 2601 1039 2647 tamen
1069 2611 1168 2648 non
1199 2588 1466 2649 obliviscar
1495 2597 1590 2649 tui.

607 2659 758 2716 Sicut
779 2659 1028 2719 dominus
1063 2665 1286 2734 quilibet
1331 2666 1398 2720 ad
1429 2667 1564 2721 iram
1598 2666 1872 2732 incitatur,
1919 2668 1961 2722 si
1993 2681 2104 2723 ser-

542 2745 644 2807 vus
672 2746 799 2807 suus
830 2736 912 2788 cui
943 2751 1073 2802 aqua
1105 2745 1187 2790 est
1211 2737 1277 2789 ad
1327 2736 1606 2792 lavandum
1637 2739 1875 2807 proxima
1905 2748 1960 2794 et
1988 2755 2108 2793 om-

534 2802 616 2877 nis
645 2805 870 2857 vestium
918 2807 1298 2877 prtecipuarum
1347 2810 1520 2877 copia,
1550 2802 1676 2864 ante
1721 2824 1843 2863 eum
1887 2810 2107 2865 sordido

538 2871 932 2943 inhonestaque
961 2871 1144 2932 habitu
1181 2871 1516 2932 accesserit:
1561 2878 1631 2934 ita
1679 2889 1733 2936 et
1764 2881 1901 2935 Deus
1923 2881 2106 2936 omni-

541 2947 1124 3019 potensexacerbatur,
1176 2964 1295 3002 cum
1327 2949 1513 3019 aliquis
1543 2964 1640 3018 pro
1673 2953 1907 3019 peccatis
1932 2962 1986 3006 et
2017 2967 2110 3007 ne-

537 3012 804 3083 gligentiis
831 3014 942 3070 suis
985 3017 1181 3071 nullam
1207 3012 1574 3092 ptenitciniatu
1606 3012 1787 3090 agens,
1818 3023 1886 3075 ah
1927 3038 1990 3078 eo
2015 3024 2108 3092 qui

541 3099 754 3154 semper
799 3095 1016 3161 paratus
1043 3097 1125 3142 est
1174 3089 1240 3142 ad
1274 3089 1674 3158 ignoscendum,
1708 3093 1917 3145 veniam
1958 3089 2103 3161 quie-

535 3169 656 3212 rere
692 3156 925 3228 negligit.
976 3157 1140 3228 Aquae
1169 3156 1311 3214 enim
1341 3161 1583 3217 vicinitas
1611 3156 1988 3217 certitudi-ucni
2010 3163 2094 3217 di~

542 3228 679 3301 vina:
709 3229 913 3295 gratias,
963 3230 1114 3301 capia
1141 3246 1270 3286 vero
1298 3232 1524 3286 vesnum
1557 3232 1690 3288 bene
1719 3233 1973 3301 opcraudi
2025 3235 2100 3288 fa-

542 3297 1099 3372 cultatemsignilicat.
1155 3303 1342 3356 Anima
1373 3304 1567 3372 quippe
1591 3297 1836 3372 operibus
1865 3304 2100 3360 indui-tur

542 3366 716 3444 bonis,
764 3366 900 3444 sicut
930 3386 1124 3444 corpus
1149 3366 1722 3444 vestibus'prmcipuis.
1774 3373 1925 3430 Unde
1954 3377 2096 3444 Apo-

534 3439 700 3513 stolus
733 3440 987 3513 admonet
1013 3443 1195 3498 dicens
1221 3461 1232 3495 :
1266 3439 1473 3497 Induite
1508 3439 1616 3512 vos,
1646 3447 1774 3498 sirut
1802 3447 1944 3499 electi
1974 3439 2096 3513 Dei,

533 3509 724 3585 viscera
752 3511 1146 3585 misericordiaz,
1194 3514 1582 3585 benignitatem,
1604 3509 1952 3582 modestiam,
2005 3509 2100 3585 pa;

536 3580 1112 3655 tientiamesalmista
1139 3580 1424 3651 etiam'pro
1456 3584 1756 3655 huiusmodi
1788 3580 2100 3650 indumento

535 3665 760 3725 exorans
793 3649 1074 3725 Dominum
1100 3655 1262 3710 dicit:
1294 3649 1599 3710 Sacerdotes
1623 3659 1718 3725 tui,
1744 3649 1979 3724 Domine,
2011 3660 2098 3712 iu-

537 3720 761 3794 dugntur
777 3724 1000 3794 justitia.

607 3790 754 3845 Sicut
777 3790 974 3860 tegulae
1002 3796 1052 3848 in
1081 3795 1448 3868 uniusdomus
1479 3806 1616 3868 tecto
1646 3797 1748 3853 rite
1777 3807 2091 3868 compactae,

537 3871 958 3937 quattuccuuque
1003 3865 1355 3937 multitudinis
1404 3867 1490 3921 vel
1533 3869 1804 3923 varietatis
1849 3865 1988 3937 sint,
2042 3872 2094 3926 in

539 3949 700 4010 unum
731 3935 1075 4003 conveniunt,
1127 3935 1302 4006 ibique
1336 3945 1444 4010 tam
1494 3939 1670 3992 minor
1719 3955 1874 4006 quam
1923 3935 2092 4010 major

539 4004 715 4072 regula
745 4013 953 4079 constat
987 4004 1290 4079 necessaria
1321 4024 1336 4062 :
1385 4008 1462 4063 sic
1490 4023 1676 4064 omnes
1706 4004 1950 4074 virtutes,
1981 4004 2096 4079 qua:

543 4089 635 4148 per
663 4077 829 4148 sancti
858 4077 1084 4148 Spiritus
1112 4079 1337 4147 gratiam
1367 4080 1648 4148 unicuique
1687 4077 2095 4145 distribuuntur,

542 4145 593 4217 in
625 4146 918 4212 spiritualis
949 4145 1157 4202 mdilicii
1187 4148 1513 4217 perfectione
1562 4145 1725 4206 unum
1775 4152 2095 4206 elficiuntur.

542 4215 794 4292 Quamvis
827 4215 1345 4292 _etiim__martvrium
1395 4232 1447 4275 et
1495 4222 1769 4288 virginitas
1816 4223 2098 4292 multaeque

541 4287 764 4360 virtutes
795 4288 912 4342 alia)
943 4289 1048 4343 illic
1080 4291 1357 4360 praecipua;
1387 4293 1511 4357 sint,
1545 4294 1889 4347 nihilominus
1922 4287 2098 4348 tamen

543 4355 648 4434 illac
675 4373 792 4423 qua:
821 4360 1051 4434 minores
1079 4355 1197 4434 sunt
1229 4355 1538 4434 necessariae
1565 4368 1819 4417 existunt.
1867 4363 2098 4434 Ideoque

542 4430 630 4496 qui
681 4429 968 4500 quemlibet
1011 4431 1267 4497 Spirituali
1318 4435 1395 4487 vel
1425 4434 1690 4500 corporali
1733 4436 1852 4488 cibo
1900 4429 2090 4497 reiicit,

541 4501 745 4568 aliaque
773 4499 837 4572 ad
867 4501 1090 4555 activam
1120 4503 1276 4555 vitam
1308 4505 1625 4572 pertinentia
1643 4505 1799 4572 gerit,
1826 4505 1876 4558 in
1907 4505 2095 4560 eodem

541 4577 683 4642 tecto
713 4571 943 4642 penitur,
973 4587 1076 4640 quo
1105 4585 1155 4626 et
1182 4573 1270 4628 ille
1299 4571 1386 4642 qui
1411 4575 1584 4628 omnia
1615 4571 1729 4637 sua,
1765 4590 1858 4642 pro
1884 4576 2097 4631 nomine

541 4637 739 4714 {Ilii-isti
771 4637 1094 4714 relinquens,
1129 4658 1186 4697 se
1210 4637 1358 4712 juxta
1384 4637 1810 4714 contemplativa:
1840 4645 1959 4700 vita:
1985 4662 2096 4714 per-

539 4707 822 4785 fectionem
854 4707 1147 4785 arctissitua
1184 4707 1359 4784 regula
1392 4707 1722 4785 constringit.
1757 4717 1886 4783 Quis
1917 4707 2095 4772 autem

537 4782 832 4855 iegnlaruin
865 4783 1043 4836 talium
1075 4782 1266 4840 artifeyi
1311 4795 1364 4839 et
1396 4782 1698 4840 moderator
1728 4782 1818 4853 sit,
1868 4791 2095 4855 Aposto-

542 4850 626 4921 lus
657 4854 1001 4916 demonstrat,
1031 4855 1120 4921 qui
1151 4856 1470 4909 enumeratis
1492 4850 1967 4912 cmlestibus’don'is
1994 4859 2096 4912 ait:

540 4919 679 5000 lituo
698 4935 865 5000 autem
891 4919 1062 5000 omnia
1091 4938 1324 4993 operatur
1358 4943 1489 4981 unus
1516 4937 1664 4996 atque
1692 4929 1826 4983 idem
1851 4928 2095 5000 Spiritus,

538 4994 765 5048 dividens
790 4995 1003 5061 singulis
1033 5007 1176 5063 prout
1206 5001 1328 5052 vult.

613 5065 764 5141 Sicut
791 5064 843 5117 hi
869 5065 959 5133 qui
989 5067 1255 5141 singulare
1285 5079 1552 5121 certamen
1583 5079 1763 5139 agunt,
1814 5085 1953 5124 nunc
1981 5072 2098 5141 qui-

540 5134 657 5188 dem
693 5135 815 5197 iste,
864 5151 1005 5189 nunc
1037 5134 1162 5190 veto
1192 5138 1277 5192 ille
1307 5141 1467 5192 alium
1499 5134 1755 5194 certando
1787 5141 1966 5205 vincit,
1997 5134 2096 5195 sed

541 5220 663 5258 mox
700 5205 837 5259 idem
883 5207 972 5274 qui
1002 5207 1065 5260 ad
1116 5209 1292 5261 horam
1325 5212 1493 5263 victus
1526 5219 1660 5273 erat,
1710 5211 1980 5275 resoirans
2007 5227 2097 5266 re-

543 5290 837 5346 paratisque
864 5280 1008 5331 vires
1040 5278 1288 5332 victorem
1319 5296 1470 5333 suum
1501 5281 1698 5348 dejicit,
1729 5281 1909 5349 sicque
1940 5282 2098 5336 alter-

541 5356 733 5418 nantes
756 5356 984 5412 certant,
1015 5363 1284 5418 quousque
1306 5352 1556 5404 alteruter
1581 5354 1739 5405 alium
1766 5367 1980 5417 prorsus
2007 5368 2096 5404 su-

543 5417 773 5490 perando
799 5420 955 5473 finem
986 5417 1283 5490 certaminis
1315 5420 1506 5474 faciat:
1541 5423 1610 5474 ita
1661 5421 1897 5490 quotidie
1923 5422 2096 5488 agitur

543 5484 682 5540 inter
711 5503 808 5541 nos
837 5498 889 5543 et
921 5489 1207 5543 invisibiles
1253 5490 1434 5544 hostes
1481 5484 1756 5545 nobiscum
1804 5484 2088 5547 certantes.

540 5553 644 5624 Ipsi
676 5558 814 5610 enim
847 5560 1105 5615 interdum
1139 5575 1233 5614 nos
1265 5561 1314 5614 iu
1345 5563 1556 5629 aliquod
1585 5570 1853 5630 peccatum
1879 5561 2098 5616 illicien-

543 5636 626 5683 tes
653 5630 887 5691 vincunt,
931 5631 1023 5684 sed
1053 5631 1094 5684 si
1148 5642 1355 5686 uosmet
1400 5648 1520 5685 mox
1554 5633 1860 5686 certaminis
1913 5631 2092 5698 ritum,

539 5697 631 5753 ubi
672 5699 765 5771 qui
797 5715 930 5771 nunc
962 5703 1144 5765 vincit,
1195 5717 1337 5770 saepe
1383 5703 1577 5756 dehinc
1629 5703 1874 5768 vincitur,
1924 5697 2096 5756 atteri-

539 5770 751 5841 deutes,
775 5770 1026 5828 auxilium
1045 5773 1280 5830 divinum
1307 5773 1639 5845 invocemus,
1663 5775 1803 5834 vires
1832 5773 1986 5832 nobis
2016 5788 2098 5833 re-

2131 3126 2180 3190 (Ξ

2213 1813 2666 1884 despoliavemnt,
2695 1830 2863 1883 eaque
2890 1830 3070 1869 secum
3099 1815 3400 1869 deferentes
3430 1813 3503 1868 ad
3541 1815 3799 1869 honorm

2215 1886 2308 1941 Dei
2337 1899 2620 1956 posuerunt
2647 1906 2658 1940 :
2695 1887 2765 1940 ita
2796 1887 3158 1955 unusquisque
3187 1901 3216 1938 a
3248 1885 3429 1940 seculi
3459 1887 3716 1956 vanitate
3741 1889 3800 1941 ad

2205 1955 2504 2024 epiri'tualis
2535 1960 2656 2012 vita:
2689 1957 2970 2024 puri-tatem
2999 1971 3288 2011 conversus
3323 1969 3495 2026 agere
3529 1955 3716 2010 debet.
3747 1958 3795 2012 Si

2213 2044 2369 2097 quam
2402 2032 2451 2083 in
2484 2029 2828 2082 saecularibus
2871 2027 3067 2080 litteris
3087 2028 3331 2081 notitiam
3366 2028 3591 2090 habuit,
3641 2029 3795 2097 eligat

2215 2115 2277 2153 ex
2307 2103 2382 2153 eis
2413 2101 2638 2168 pretiose
2664 2113 2909 2168 (tuaeque.
2961 2097 3013 2151 id
3039 2106 3140 2161 est,
3175 2098 3414 2152 honestae
3443 2107 3508 2152 et
3530 2097 3792 2164 spiritum

2215 2171 2333 2223 vita:
2367 2185 2598 2239 congrua
2635 2171 2798 2236 dicta,
2846 2169 3038 2238 illaque
3063 2182 3246 2223 secum
3274 2169 3425 2223 tollat
3453 2176 3573 2222 tam
3600 2169 3668 2222 ad
3691 2171 3793 2222 Ian.

2211 2241 2332 2295 dem
2365 2243 2476 2306 Dei,
2505 2257 2661 2310 quam
2687 2241 2750 2293 ad
2777 2239 3180 2293 mdiﬁcationem
3215 2239 3486 2294 ﬁdeli-unt.
3523 2239 3626 2294 Sic
3655 2240 3789 2295 enin

2211 2313 2366 2367 multi
2398 2313 2726 2366 venerabiles
2754 2312 3028 2378 sanetique
3059 2321 3235 2377 patres
3265 2310 3460 2364 fecisse
3511 2311 3782 2378 leguntur,

2215 2393 2472 2450 ponentes
2505 2386 2554 2436 in
2583 2384 2693 2438 suis
2733 2382 2950 2450 scriptis
2995 2380 3246 2449 plurimas
3269 2381 3622 2446 sententias,
3683 2397 3788 2450 qua:

2212 2455 2357 2508 velut
2387 2469 2574 2508 aurum
2617 2454 2670 2506 in
2696 2453 2815 2522 jure
2849 2453 3076 2519 positum
3108 2451 3160 2504 in
3192 2451 3343 2504 libris
3367 2453 3688 2522 gentiliu
3712 2468 3789 2507 re-

2212 2525 2508 2593 periuntur.
2537 2521 2734 2578 Eadem
2783 2523 2939 2576 faciat
2967 2522 3020 2576 in
3043 2522 3250 2576 ceteris
3277 2521 3532 2576 artificiis
3550 2562 3569 2588 ,
3597 2523 3786 2593 quibus

2213 2595 2377 2648 utitur
2423 2594 2705 2663 prudentia
2750 2593 3046 2657 satcularis,
3089 2593 3292 2660 eligens
3339 2608 3410 2645 ex
3435 2594 3524 2648 eis
3552 2607 3676 2662 qua
3720 2596 3782 2648 ad

2209 2667 2501 2734 spiritualis
2545 2667 2667 2720 vine
2693 2679 2848 2719 usum
2877 2665 3056 2733 aliquo
3103 2663 3263 2717 modo
3306 2665 3565 2734 exerceri
3597 2679 3788 2721 court:

2203 2732 2384 2792 .niunt.
2435 2737 2533 2804 Qui
2560 2751 2686 2791 vero
2729 2732 3022 2789 conversus
3073 2734 3269 2788 nullam
3295 2732 3424 2787 facit
3474 2734 3788 2792 distantia

2212 2807 2352 2862 inter
2379 2809 2608 2874 pretiosa
2637 2817 2693 2862 et
2721 2805 2864 2871 vilia,
2917 2805 3012 2860 sed
3045 2805 3213 2858 lutum
3259 2804 3408 2858 velut
3428 2819 3628 2860 aurum
3660 2821 3783 2874 peu-

2210 2888 2312 2942 sat,
2347 2879 2437 2934 ille
2459 2879 2665 2933 videtur
2691 2876 2860 2946 magis
2889 2876 3062 2929 adhuc
3084 2890 3203 2930 cum
3233 2875 3502 2944 .Egyptns
3528 2878 3671 2931 velle
3698 2877 3787 2930 ha-

2210 2947 2411 3020 bitare,
2463 2966 2620 3020 quam
2673 2947 2861 3020 exinde
2908 2947 3253 3020 proficiscens
3305 2961 3424 3020 eos
3455 2947 3781 3020 despoliare.

2212 3017 2364 3076 Unde
2393 3016 2649 3076 Dominus
2677 3035 2771 3090 per
2801 3018 3117 3090 Prophetam
3149 3016 3312 3071 dicit:
3356 3017 3427 3090 ..εἰ
3465 3019 3784 3090 separantis

2210 3093 2483 3159 pretiosum
2509 3108 2540 3144 a
2568 3088 2690 3156 vili,
2719 3089 2866 3159 quasi
2894 3105 2949 3142 os
2995 3104 3165 3142 meum
3185 3089 3310 3144 eris.
3337 3088 3505 3154 Quasi
3537 3089 3784 3146 diceret:

2211 3161 2266 3216 Si
2298 3165 2414 3232 quis
2443 3176 2736 3218 conversus
2765 3176 2794 3214 a
2813 3159 3157 3214 saecularibus
3180 3175 3242 3232 ea
3263 3173 3384 3228 qua:
3404 3169 3528 3229 post
3549 3175 3788 3216 conver-

2205 3230 2411 3286 sionem
2443 3234 2660 3288 minime
2710 3232 2864 3286 licent
2905 3245 3123 3300 prorsus
3160 3230 3381 3294 devitat,
3431 3243 3555 3298 qua:
3601 3245 3783 3286 autem

2207 3316 2442 3372 congrua
2487 3313 2540 3358 et
2571 3303 2869 3358 necessaria
2918 3315 3040 3356 sunt
3066 3301 3352 3370 diligenter
3377 3314 3534 3368 agere
3557 3313 3790 3368 tractat,

2199 3377 2484 3442 praeceptis
2517 3375 2650 3429 meis
2677 3373 3040 3427 testimonium
3075 3373 3298 3440 praebet,
3349 3385 3590 3438 separaris
3618 3374 3769 3425 licita

2203 3444 2270 3498 ab
2304 3446 2520 3501 illicitis.
2554 3445 2868 3513 IIujusmodi
2895 3451 3159 3511 praecepta
3181 3444 3350 3497 secuti
3373 3450 3487 3496 sunt
3511 3443 3775 3509 apostoli,

2201 3529 2323 3569 cum
2356 3531 2494 3570 unus
2513 3530 2699 3571 eorum
2729 3515 2816 3583 qui
2842 3523 2967 3569 ante
2989 3514 3394 3569 conversionem
3411 3515 3620 3567 teloneo
3647 3529 3791 3577 pra:-

2205 3583 2326 3649 fuit,
2373 3587 2439 3640 ad
2489 3587 2589 3641 hoc
2639 3586 2907 3657 negotium
2951 3594 3072 3652 post
3114 3585 3522 3639 conversionem
3561 3585 3793 3657 nituisse

2203 3657 2361 3711 rediit
2387 3676 2398 3710 :
2424 3658 2510 3711 alii
2536 3672 2662 3712 vero
2685 3656 2773 3726 qui
2801 3658 3091 3724 piscatores
3117 3664 3292 3726 erant,
3322 3663 3444 3722 post
3469 3656 3791 3709 conversio—

2210 3741 2332 3782 nem
2387 3742 2599 3796 quoque
2650 3725 2996 3797 piscationem
3048 3725 3395 3797 exercebant.
3453 3726 3590 3779 Item
3647 3727 3788 3781 sicut

2202 3801 2468 3868 quondam
2499 3795 2750 3854 I’srael'itis
2774 3798 3017 3852 nationes
3051 3795 3442 3868 pluritnarsunt
3468 3811 3500 3848 a
3525 3797 3645 3851 Deo
3661 3798 3793 3851 sub-

2211 3865 2363 3932 actae,
2397 3885 2577 3938 pauca:
2607 3885 2734 3926 vero
2779 3868 2898 3924 ideo
2940 3883 3044 3921 non
3073 3865 3534 3934 subijciebantar,
3584 3878 3644 3920 ut
3665 3883 3785 3921 cum

2202 3939 2282 3993 eis
2323 3943 2574 3995 habentes
2620 3939 3060 3996 consuetudinem
3105 3938 3381 4008 praeliandi
3433 3952 3780 4008 nequaquam

2209 4020 2574 4079 torpescerent
2597 4026 2727 4082 pace
2763 4010 2932 4082 inutili
2962 4027 2976 4076 ;
3009 4010 3079 4064 ita
3114 4009 3287 4082 etiam,
3308 4007 3583 4082 Dominus,
3610 4007 3791 4082 noster

2201 4077 2320 4134 etim
2377 4083 2559 4137 electis
2599 4077 2716 4137 suis
2745 4081 2980 4150 quotidie
3029 4082 3160 4148 agit,
3212 4077 3510 4150 subiiciens
3537 4081 3792 4134 videlicet

2202 4151 2281 4204 eis
2333 4153 2615 4206 maximam
2664 4148 3019 4220 sitiritttalium
3071 4148 3428 4217 uequitiarum
3481 4151 3789 4204 multitudi-

2202 4235 2346 4291 nem,
2379 4224 2470 4275 sed
2496 4224 2703 4291 aliquos
2731 4239 2834 4276 non
2860 4221 3167 4287 subjiciens,
3203 4230 3259 4272 ut
3279 4236 3371 4288 per
3395 4235 3492 4274 eas
3519 4223 3785 4288 spirituali

2201 4290 2340 4346 bello
2370 4290 2646 4348 exercitati
2681 4304 2734 4348 et
2763 4291 3048 4355 humiliati,
3083 4291 3290 4344 discant
3315 4307 3594 4359 nunquam
3629 4296 3683 4345 in
3712 4310 3787 4358 se,

2202 4363 2292 4416 sed
2322 4363 2372 4416 in
2404 4364 2626 4418 Domino
2663 4363 2860 4418 debere
2912 4363 3158 4416 litluciatn
3193 4361 3411 4416 habere.
3459 4361 3622 4416 Unde
3653 4367 3790 4431 Apo-

2201 4435 2372 4489 5tolus
2398 4436 2525 4489 dicit
2553 4454 2564 4488 :
2601 4432 2795 4489 Fidelis
2824 4435 2958 4487 Deus
2982 4433 3067 4500 qui
3095 4449 3194 4484 non
3225 4435 3446 4501 patietur
3482 4449 3572 4486 vos
3596 4437 3790 4486 tentari

2128 4492 2178 4553 Ι)
2204 4521 2355 4572 supra
2385 4507 2438 4558 itl
2463 4505 2595 4575 quod
2643 4507 2870 4572 potestis,
2900 4492 3004 4557 sed.
3023 4503 3174 4575 faciet
3197 4492 3316 4575 cum,
3345 4505 3632 4575 tentatione
3665 4523 3778 4574 pro-

2204 4586 2425 4644 ventum,
2468 4573 2518 4629 ut
2551 4577 2750 4645 possitis
2778 4579 3044 4630 sustinere.
3101 4573 3248 4645 Illud
3273 4574 3524 4627 videlicet
3553 4589 3788 4643 proven-

2207 4654 2314 4699 tum
2349 4644 2565 4710 vocaus,
2615 4648 2754 4716 quod
2781 4646 2938 4699 variis
2971 4644 3353 4716 tentationibus
3399 4646 3636 4716 fatigati,
3691 4647 3784 4700 sed

2201 4717 2266 4769 ad
2301 4716 2465 4770 Deut‘t‘t
2487 4712 2777 4772 clamantes
2795 4716 3021 4772 liberati.
3056 4712 3156 4767 Per
3179 4713 3278 4768 hoc
3305 4713 3563 4768 discimus
3587 4727 3784 4785 quanta

2204 4789 2432 4854 nequitia
2465 4788 2532 4841 sit
2559 4788 2755 4841 diaboli
2813 4803 2909 4840 nos
2942 4785 3324 4856 impugnantis,
3349 4796 3665 4856 quantaque
3691 4786 3780 4841 Dei

2205 4859 2370 4926 gratia
2404 4873 2501 4912 nos
2527 4858 2723 4913 exinde
2755 4857 3047 4911 liberantis.
3072 4855 3313 4924 Cumque
3347 4856 3445 4926 hoc
3473 4855 3636 4911 modo
3664 4873 3784 4925 gra-

2205 4925 2507 4982 tiaedivinm
2535 4927 2792 4984 Certiores
2841 4929 2963 4983 facti
2996 4928 3284 4989 fuerimus,
3334 4925 3539 4980 facilius
3585 4943 3784 4983 onlnes

2203 4997 2481 5052 diabolicae
2529 4997 2729 5052 fraudis
2759 5001 3079 5054 tentationes
3107 4996 3504 5067 sustinebimus.
3556 4998 3784 5067 Magnus

2204 5083 2415 5136 quoque
2441 5078 2728 5137 proventus
2773 5070 2876 5122 dici
2910 5076 3102 5138 potest,
3156 5068 3299 5136 quod
3349 5065 3783 5137 quotiescunque

2207 5140 2391 5192 tentati
2423 5140 2744 5206 resistimus,
2777 5150 2854 5194 tot
2882 5152 3109 5194 coronas
3135 5139 3184 5190 in
3211 5152 3373 5205 regno
3399 5138 3608 5193 caelesti
3639 5140 3782 5194 obti-

2206 5225 2330 5262 nere
2362 5210 2707 5264 merebimur.
2753 5209 2906 5265 Juxta
2937 5208 3062 5266 illud
3088 5225 3102 5262 :
3150 5207 3338 5262 Beatus
3368 5210 3440 5260 uir
3467 5210 3556 5277 qui
3597 5209 3784 5280 “(ut

2203 5281 2548 5344 tentationem,
2577 5290 2680 5335 etc.

2277 5349 2426 5404 Sicut
2469 5352 2813 5420 incongruum
2861 5361 2963 5416 est,
3016 5359 3072 5405 ut
3103 5358 3444 5404 numerantes
3493 5350 3640 5418 prius
3671 5355 3783 5409 duo

2203 5421 2287 5474 vel
2316 5423 2414 5474 tria
2444 5437 2536 5474 seu
2565 5423 2857 5489 quemlibet
2886 5436 3160 5476 numerum
3190 5421 3451 5488 dicamus,
3483 5434 3643 5488 quam
3671 5428 3781 5491 pri-

2205 5507 2352 5545 mum
2387 5493 2466 5545 vel
2499 5508 2692 5546 unum:
2727 5493 2796 5546 ita
2829 5493 3204 5547 inconveniens
3233 5500 3335 5554 est,
3375 5500 3433 5543 ut
3458 5492 3593 5545 ordo
3621 5496 3781 5551 ullius

2205 5564 2283 5616 rei
2312 5564 2685 5627 confundatur,
2717 5563 2814 5617 hoc
2845 5565 3093 5619 videlicet
3122 5560 3427 5631 prrposito,
3456 5565 3600 5630 quod
3628 5579 3781 5634 post.

2206 5634 2505 5703 poocuduui
2538 5641 2620 5686 cst
2648 5651 2658 5686 :
2701 5635 2779 5687 vel
2811 5635 2910 5688 hoc
2941 5634 3252 5702 postposito,
3287 5634 3427 5698 quod
3459 5649 3782 5703 print-postea-

2205 5702 2331 5755 dum
2350 5713 2451 5758 est.
2484 5703 2615 5758 Nam
2640 5703 2772 5758 sicut
2803 5708 2975 5758 unitas
2999 5707 3142 5758 OIIIIII
3174 5716 3395 5756 numero
3421 5702 3783 5773 praeponenda

2155 5850 2172 5854 ο
2202 5782 2306 5846 est,
2338 5783 2396 5834 ut
2422 5776 2490 5835 ab
2509 5790 2571 5832 ea
2599 5790 2884 5834 numerare
2908 5777 3245 5850 incipientes,
3292 5773 3374 5830 sic
3400 5779 3788 5845 perveniamus
