4006 6364
288 285 430 346 ΗΠ

1356 283 1422 340 ΙΝ
1462 280 1792 340 PSALMUM
1830 278 1920 336 LII
1956 275 2515 338 COMMENTARIUS.

3422 283 3560 342 1118

288 406 356 460 ad
387 416 510 457 eum
541 411 846 465 numerum,
889 413 1050 472 quem
1077 397 1458 472 designamusﬁ:
1491 398 1561 453 ita
1608 404 1661 452 et
1682 397 1859 472 divina
1889 395 1937 454 A
1974 392 2233 450 Similiter
2252 395 2296 450 si
2329 395 2475 472 nulla
2506 401 2650 472 esset
2670 371 2900 459 malitia,
2918 409 3020 472 nec
3040 394 3204 461 Deus,
3229 411 3259 452 a
3279 412 3392 472 quo,
3409 399 3547 456 bona

291 475 471 530 omnia
518 472 870 542 praeponenda
909 469 1040 527 sunt
1080 471 1330 526 immanis
1358 471 1540 538 rebus,
1591 478 1648 522 ut
1673 469 1863 542 deinde

290 541 682 612 consequenter
717 544 995 612 pervenire
1044 542 1306 612 possimus
1350 543 1414 595 ad
1470 541 1738 612 tractanda
1778 542 1863 596 vel

289 611 561 685 diligenda
600 611 871 685 humanm
893 611 1053 670 Unde
1087 613 1343 668 Dominus
1385 623 1566 667 noster
1597 611 1650 665 in
1683 612 1860 666 Evan-

290 683 431 756 gelio
461 683 621 739 dicit:
651 683 754 756 Qui
786 695 920 739 amat
951 685 1118 752 filium
1141 693 1229 756 aut
1257 685 1418 756 ﬁliam
1435 700 1595 753 super
1609 698 1718 756 me,
1759 699 1862 737 non

286 755 365 811 est
388 774 465 809 me
486 757 686 824 dignus.
715 755 827 810 Non
857 755 1269 819 dixitahsolute,
1308 755 1409 822 Qui
1431 764 1564 807 amat
1587 755 1752 820 ﬁlium
1775 763 1863 807 aut

288 829 592 897 ﬁliam:sed
622 826 844 894 addidit,
865 826 1034 896 Super
1052 843 1152 881 me.
1172 826 1240 880 Ut
1261 827 1547 897 discamus,
1563 825 1687 893 quia
1721 824 1860 880 Deus

288 896 594 962 diligendus
609 907 688 949 est
706 913 812 963 prae
830 901 1056 961 cunctis,
1075 908 1126 952 et
1149 898 1343 952 deinde
1361 896 1604 950 homines
1625 897 1857 950 amandi.

363 970 507 1023 Sicut
535 967 795 1035 principes
823 969 1032 1035 plurimi
1065 969 1230 1023 servis
1259 969 1369 1021 suis
1395 965 1648 1020 beneﬁcia
1667 967 1866 1032 quaeli-

294 1041 384 1094 bet
411 1055 566 1107 parva
597 1040 888 1094 Concedunt
915 1039 1220 1093 cnndilione
1249 1041 1358 1103 tali,
1383 1039 1509 1092 utsi
1561 1041 1611 1092 in
1636 1040 1719 1091 eis
1743 1037 1865 1093 tide-

289 1109 374 1165 lcs
399 1109 736 1176 eXstiterint,
781 1111 1198 1180 obsequiumque
1245 1120 1546 1180 ru'omptum
1599 1107 1861 1180 cxbibnee

290 1184 422 1245 rint,
455 1180 656 1249 majora
677 1179 994 1248 quandoque
1025 1181 1277 1234 beneﬁcia
1308 1181 1407 1234 sibi
1444 1179 1742 1232 tribuantur
1768 1197 1784 1233 :
1817 1179 1863 1234 si

293 1267 427 1307 vero
449 1251 600 1304 aliter
633 1253 881 1318 fecerint,
925 1267 1022 1305 nec
1052 1252 1163 1318 ipsa
1194 1265 1352 1318 parva
1382 1250 1613 1305 retinere
1641 1250 1862 1317 permit-

292 1333 494 1385 Iantur,
529 1321 597 1374 ita
630 1330 682 1375 et
713 1322 847 1376 Deus
879 1324 1216 1390 omnipmens
1243 1323 1362 1376 facit
1391 1321 1470 1375 his
1501 1321 1695 1388 quibus
1729 1331 1864 1384 tem-

291 1393 496 1461 poralia
527 1393 773 1446 concedit
803 1394 960 1446 bona.
991 1393 1046 1448 Si
1087 1394 1227 1446 enim
1269 1392 1319 1446 in
1352 1391 1551 1446 eisdem
1584 1400 1866 1458 tempora-

287 1463 435 1518 libus
483 1463 636 1517 bonis
683 1478 800 1530 quae
853 1464 937 1517 vel
993 1464 1045 1518 in
1094 1463 1521 1531 possessionibus
1550 1462 1634 1517 vel
1682 1463 1734 1515 in
1767 1477 1866 1530 po-

294 1535 457 1589 tentia
512 1533 750 1588 sa'eulari
799 1535 880 1588 vel
931 1534 1156 1588 scientia
1207 1533 1504 1599 Spirituali,
1559 1548 1654 1588 seu
1703 1535 1863 1588 etiam

290 1606 516 1661 sanitate
544 1605 807 1671 corporali
851 1605 1178 1672 tribuuntur,
1215 1606 1401 1660 ﬁdeles
1429 1604 1642 1670 fuerint,
1680 1618 1865 1674 paupe-

291 1691 384 1732 res
414 1674 534 1728 cibo
564 1683 797 1744 potaque
826 1675 1145 1738 reﬁcientes,
1179 1691 1465 1744 oppressos
1489 1690 1523 1729 a
1551 1687 1867 1744 perseeuto-

1967 477 2162 520 cuncta
2195 466 2518 535 procedunt,
2566 465 2786 522 haberet
2827 467 2967 522 unde
2995 481 3025 522 a
3055 465 3305 522 creatura
3342 469 3547 527 discer-

1965 549 2204 604 neretur,
2236 553 2334 592 nec
2365 537 2525 593 homo
2556 538 2697 592 unde
2729 539 3006 607 proﬁceret
3024 548 3114 594 aut
3139 541 3475 608 probaretur.

2039 609 2186 663 Sicut
2229 610 2281 662 in
2342 611 2485 663 omni
2526 609 2707 664 schola
2756 610 2969 676 virgulae
2998 611 3174 665 solent
3224 611 3405 665 haberi
3429 628 3542 670 non

1965 677 2030 731 ad
2065 681 2419 748 perditionem
2449 681 2782 750 cujusquam,
2815 682 2912 735 sed
2938 683 3004 735 ad
3035 683 3276 736 timorem
3307 683 3547 740 salutife-

1965 766 2120 816 rum;
2153 752 2222 805 ita
2254 760 2306 805 et
2331 750 2468 806 Deus
2495 751 2832 818 omnipotens
2855 754 2906 806 in
2933 753 3177 819 praesenti
3207 755 3551 810 stmulo-om-

1965 822 2050 894 nia
2082 822 2386 894 severitatis
2430 838 2538 877 sua:
2587 822 2805 892 judicia,
2856 837 2974 894 qua:
3015 825 3098 879 vel
3143 826 3410 893 leguntur,
3461 829 3544 882 vel

1964 892 2075 946 ullo
2102 893 2261 946 modo
2289 895 2619 948 sentiuntur:
2645 894 2763 948 ideo
2789 892 3087 949 hominibus
3112 892 3461 963 demonstrat,
3489 908 3548 952 ut

1963 977 2058 1017 eos
2087 979 2116 1016 a
2148 964 2288 1018 vitiis
2318 979 2663 1032 compescens
2691 967 2741 1019 in
2770 965 2953 1020 futuro
2979 966 3155 1022 salvos
3183 966 3362 1023 faciat.
3396 967 3546 1026 Unde

1964 1032 2079 1109 ipse
2105 1033 2360 1109 Domitius
2386 1036 2514 1109 dicit
2541 1053 2564 1109 :7
2589 1035 2699 1109 Ego
2726 1053 2851 1103 quos
2885 1054 3210 1109 amo,_:arguo
3254 1048 3297 1091 et
3329 1042 3546 1109 castigo.

1965 1103 2174 1181 llineet
2189 1105 2440 1181 Salomon
2467 1107 2596 1181 dicit
2617 1103 2984 1181 {Disciplinam
3009 1103 3211 1162 Domini
3225 1126 3292 1162 ne
3312 1103 3544 1181 abjicias,

1963 1191 2054 1250 nec
2075 1177 2283 1243 deﬁcias
2304 1194 2418 1250 cum
2455 1177 2516 1230 ab
2541 1195 2598 1231 eo
2621 1179 2867 1248 argueris.
2901 1180 3065 1244 Quem
3081 1182 3222 1234 enim
3250 1177 3413 1250 diligit
3441 1182 3548 1236 Do—

1963 1248 2152 1320 minus,
2191 1248 2421 1318 corripit,
2447 1259 2492 1302 et
2511 1251 2658 1320 quasi
2678 1260 2819 1319 pater
2840 1251 2890 1302 iu
2918 1250 3027 1317 filio
3047 1252 3328 1320 complacet
3347 1248 3476 1306 sibi.

2035 1317 2185 1372 Sicut
2212 1334 2314 1372 non
2343 1330 2424 1373 est
2447 1320 2498 1374 in
2524 1317 2792 1387 potestate
2823 1317 3172 1387 virgularum,
3213 1323 3427 1390 quando
3459 1323 3545 1378 vel

1963 1399 2219 1464 quantum
2251 1390 2476 1464 cumeis
2502 1391 2866 1464 unusquisque
2889 1391 3202 1460 flagelletur,
3233 1394 3326 1447 sed
3354 1393 3402 1446 in
3428 1395 3546 1464 ejus

1964 1459 2054 1528 qui
2087 1461 2301 1515 easdem
2348 1461 2579 1530 virgulas
2609 1463 2659 1516 itt
2710 1478 2867 1515 manu
2900 1459 3081 1526 tenet;
3132 1464 3202 1516 ita
3237 1477 3343 1517 non
3375 1459 3472 1518 est'
3496 1466 3548 1518 in

1967 1540 2228 1598 potestate
2277 1531 2472 1598 diaboli
2507 1533 2587 1586 vel
2637 1547 3075 1602 quorumcunque
3109 1549 3386 1601 pravorum
3414 1535 3550 1590 alios

1960 1603 2428 1672 persequentium,
2467 1615 2525 1656 ut
2549 1617 2643 1657 eos
2665 1603 2817 1672 juxta
2857 1605 3180 1672 voluptatem
3208 1621 3356 1658 suam
3390 1607 3547 1659 casti-

1965 1682 2110 1739 gent,
2153 1673 2247 1727 sed
2302 1674 2356 1728 in
2398 1671 2489 1728 Dei
2539 1671 2908 1742 permissione,
2947 1671 3037 1742 qui
3084 1675 3260 1730 omnia
3299 1675 3356 1730 in
3387 1693 3547 1731 manu

290 1749 441 1803 ribus
471 1745 583 1799 sive
611 1759 641 1798 a
681 1746 948 1813 judicihus
979 1747 1172 1816 iniquis
1213 1755 1485 1811 eruentes,
1518 1755 1760 1800 errantes
1797 1747 1863 1801 ad
1895 1753 1943 1816 Β
1969 1747 2271 1816 continens,
2317 1759 2451 1816 quos
2497 1745 2610 1798 vult
2647 1745 2893 1814 castigari
2944 1745 3239 1813 permittit:
3291 1749 3550 1815 quosdam

294 1817 441 1871 viam
468 1816 686 1884 iustitiae
711 1819 1072 1882 retrahentes,
1105 1819 1358 1887 operibus
1403 1817 1565 1871 variis
1595 1826 1648 1871 et
1678 1833 1865 1871 neces-

295 1890 454 1960 sariis
482 1897 652 1941 semet
679 1900 1024 1957 occupantes.
1076 1888 1131 1945 Si
1159 1904 1288 1960 ergo
1339 1887 1642 1956 hujusmodi
1689 1889 1864 1943 studia

295 1958 525 2014 ﬁdeliter
555 1962 911 2029 exercuerim,
943 1970 1141 2014 aeterna
1172 1958 1308 2013 bona
1337 1975 1460 2029 qua:
1486 1970 1612 2013 sunt
1641 1960 1869 2014 maxima

296 2031 578 2097 recipient.
627 2027 775 2083 Multi
803 2031 963 2084 etiam
1014 2041 1117 2084 tam
1145 2031 1293 2099 pueri
1324 2027 1478 2099 quam
1512 2031 1752 2084 seniores
1783 2046 1868 2084 re-

294 2099 485 2170 ligiose
513 2099 770 2164 viventes,
805 2100 855 2154 iu
880 2099 978 2170 hac
1002 2103 1105 2155 vita
1134 2111 1457 2169 praégnstant
1485 2099 1680 2154 divina:
1711 2101 1869 2154 retri-

295 2167 533 2226 butionis
571 2172 808 2238 praemia.
859 2167 992 2226 Nam
1021 2167 1149 2226 cum
1173 2187 1234 2226 se
1252 2167 1328 2224 ab
1357 2171 1556 2226 illicitis
1585 2173 1867 2225 continen-

301 2251 382 2297 tes
407 2241 574 2295 Deum
607 2243 794 2297 timere
819 2252 870 2295 et
902 2257 1083 2296 amare
1129 2242 1462 2304 studuerint,
1499 2243 1768 2295 miraculis
1815 2252 1868 2297 et

298 2313 582 2367 virtutibus
614 2313 774 2367 tantis
815 2313 882 2366 ab
908 2328 974 2367 eo
1003 2313 1378 2376 sublimantur,
1406 2322 1464 2366 ut
1491 2312 1653 2378 curio,
1687 2325 1864 2377 teme,

300 2383 393 2438 sed
427 2392 481 2436 et
508 2383 651 2436 omni
683 2393 942 2438 t-reatnrm
993 2383 1259 2452 imperare
1288 2384 1586 2438 videantur.
1645 2379 1719 2437 De
1751 2387 1869 2452 qui—

298 2455 396 2511 bus
426 2453 684 2507 Dominus
727 2455 888 2508 dicit:
925 2453 1078 2508 Omni
1118 2455 1321 2508 habenti
1364 2454 1588 2507 dabitur.
1642 2454 1868 2509 [labenti

301 2525 507 2580 scilicet
537 2527 781 2579 timorem
812 2540 1160 2594 amoremque
1206 2526 1324 2587 Dei.
1370 2525 1580 2578 dabitur
1611 2535 1666 2578 ut
1695 2528 1746 2578 in
1773 2542 1870 2580 no-

297 2598 442 2650 mine
466 2593 580 2666 ejus
593 2605 782 2650 cuncta
805 2597 903 2650 sibi
935 2593 1250 2650 subdantur.
1281 2597 1513 2663 Moxque
1530 2595 1596 2650 de
1623 2597 1867 2664 reprohis

295 2665 568 2738 subiungit
597 2667 779 2722 dicens
805 2684 816 2719 :
851 2668 922 2720 Ab
951 2683 1010 2738 eo
1040 2669 1129 2737 qui
1155 2684 1254 2721 non
1287 2668 1456 2732 habet,
1483 2679 1530 2738 et
1560 2667 1757 2721 videtur
1786 2668 1872 2721 ha‘

293 2736 432 2801 bere,
465 2738 718 2805 auferetur
745 2739 805 2791 ab
825 2755 902 2794 eo.
935 2736 1097 2802 Quasi
1127 2738 1328 2794 diceret
1354 2757 1366 2791 :
1391 2739 1489 2806 Qui
1515 2737 1622 2792 Deo
1651 2737 1748 2792 soli
1782 2755 1866 2796 re-

299 2811 512 2863 nuntiat
540 2808 714 2869 subdi,
748 2823 844 2862 nec
870 2822 934 2864 ea
963 2823 1080 2876 qua:
1109 2824 1238 2865 vere
1268 2819 1410 2873 sunt,
1446 2809 1496 2862 id
1522 2819 1625 2876 est,
1675 2811 1866 2879 gaudia

299 2888 498 2934 interna
540 2887 896 2946 consequetur
924 2898 938 2932 :
971 2894 1068 2934 nec
1099 2880 1188 2934 illa
1219 2896 1337 2949 quae
1384 2880 1631 2935 videntur
1666 2879 1868 2950 aliquid

297 2964 440 3012 esse,
470 2950 524 3005 id
552 2959 653 3015 est,
689 2950 996 3020 temporalia
1029 2950 1165 3005 bona
1191 2951 1387 3006 habere
1417 2951 1756 3020 permittitur.

371 3021 521 3075 Sicut
550 3021 752 3088 parvuli
803 3037 830 3074 a
877 3021 1214 3076 cultellorum
1262 3033 1316 3077 et
1364 3023 1662 3090 gladiorum
1714 3030 1857 3077 tactu

337 3092 667 3157 rohibentur,
718 3107 785 3146 ne
811 3107 905 3146 eos
935 3092 1143 3148 incaute
1175 3101 1448 3162 tangentes
1473 3094 1854 3147 vulnerentur:

324 3173 372 3218 ta
404 3163 584 3233 lascivi
615 3162 952 3233 puerilesque
978 3178 1166 3218 sensus
1193 3164 1506 3232 prohibendi
1539 3172 1663 3219 sunt
1693 3173 1798 3218 tam
1828 3179 1860 3219 a

302 3232 663 3303 spiritualibus
701 3232 878 3301 quant
904 3234 1248 3288 saecularibus
1277 3235 1439 3297 curis,
1483 3251 1548 3290 ne
1597 3250 1687 3290 eas
1734 3235 1864 3288 insi-

303 3308 512 3375 pienter
541 3313 848 3370 tractantes,
889 3314 944 3360 et
971 3320 1028 3359 se
1053 3318 1107 3360 et
1154 3307 1471 3360 commissos
1515 3305 1863 3375 spiritualiter

299 3376 606 3429 vulneratos
637 3385 903 3442 perpetua:
947 3376 1104 3430 morti
1137 3377 1366 3431 tradant.
1416 3375 1568 3430 Unde
1601 3375 1859 3442 scriptum

297 3456 414 3502 est:
454 3444 537 3528 [re
572 3444 760 3528 ciuitati
789 3449 935 3528 cujus
975 3463 1064 3500 rea:
1096 3448 1298 3517 juvenis
1329 3455 1418 3500 cst.
1463 3445 1865 3528 Quasiodiccre:

303 3524 426 3571 tur:
459 3513 552 3569 Va:
584 3516 689 3570 illis
717 3513 1020 3570 hominibus
1062 3513 1284 3584 quorum
1315 3526 1491 3570 rector
1522 3515 1748 3570 lascivus
1777 3517 1863 3572 vel

307 3587 578 3655 negligens
607 3595 660 3642 et
707 3587 1031 3656 irreligiosus
1063 3596 1143 3641 est
1170 3604 1183 3640 :
1214 3587 1358 3656 quia,
1383 3595 1666 3641 attestante
1712 3602 1896 3642 sacra'

304 3656 598 3727 Scriptura,
632 3658 972 3727 regnantibus
1015 3656 1190 3725 impiis
1216 3659 1366 3712 ruina
1415 3659 1517 3712 erit
1567 3658 1860 3714 hominum.

303 3723 476 3782 Ruina
503 3723 913 3798 quippe—magna
940 3723 1162 3782 dicenda
1202 3741 1303 3795 est,
1335 3743 1457 3782 cum
1503 3729 1862 3797 subjectorum

301 3798 584 3854 multitudo
634 3798 688 3853 in
741 3801 932 3855 eadem
982 3798 1107 3854 vitia
1151 3803 1385 3866 corruit,
1434 3816 1548 3870 qua:
1597 3810 1859 3855 rectorem

293 3883 452 3939 agere
476 3870 666 3924 cernit.

364 3939 513 3996 Sicut
565 3940 834 4009 sapientes
883 3939 1128 4008 discipuli
1177 3940 1451 3995 auriﬁcum
1500 3939 1582 3995 vel
1629 3941 1853 3997 aliorum

293 4010 554 4064 artiﬁcum
600 4027 734 4079 opus
781 4027 958 4077 suum,
1014 4013 1138 4066 licet
1163 4013 1233 4066 sit
1281 4013 1626 4081 prmeipuum,
1673 4027 1853 4066 coram

293 4081 563 4149 magistris
591 4081 816 4138 laudare
852 4097 957 4136 non
1003 4090 1275 4151 appetunt,
1331 4083 1423 4137 sed
1471 4098 1660 4137 eertum
1691 4085 1859 4152 magi—

293 4153 460 4206 sterio
489 4167 603 4221 qua:
635 4154 894 4207 laudanda
925 4162 1049 4207 sunt
1081 4153 1420 4220 relinquunt:
1452 4154 1528 4208 sic
1557 4154 1715 4208 etiam
1746 4170 1862 4208 om-

293 4237 391 4294 nes
419 4221 615 4277 Christi
637 4223 878 4293 discipuli
925 4225 1132 4277 laudem
1167 4224 1360 4278 nullius
1390 4234 1587 4294 praeter
1615 4225 1729 4293 ejus
1757 4241 1863 4279 ex-

292 4293 506 4364 quirere
533 4295 749 4348 debent.
782 4295 930 4364 Unde
956 4294 1207 4350 Dominus
1232 4293 1414 4351 noster
1445 4295 1720 4364 discipulis
1748 4296 1859 4350 suis

291 4363 556 4434 referens,
595 4365 823 4430 qualiter
858 4363 1057 4418 Scribae
1085 4376 1138 4418 et
1189 4366 1441 4418 Pharisazi
1477 4363 1612 4417 bona
1643 4380 1865 4434 qumque

293 4433 468 4504 palam
495 4441 832 4504 agerent,qu
863 4435 932 4504 ab
956 4434 1201 4504 omnibus
1232 4434 1568 4489 laudarentur
1610 4451 1623 4486 :
1672 4435 1866 4500 adjecit

293 4502 500 4566 dicens,
533 4502 691 4572 Anien
715 4502 827 4572 dico
856 4502 1012 4569 vobis,
1065 4514 1362 4572 receperunt
1385 4505 1663 4558 mercedem
1690 4522 1858 4560 suam.

293 4575 496 4643 Quibus
525 4571 698 4643 verbis
719 4571 1016 4643 intimatur,
1065 4573 1187 4643 quia
1227 4576 1271 4627 si
1317 4575 1384 4627 ab
1414 4574 1718 4628 hominibus
1760 4592 1856 4641 pro

295 4641 587 4726 benefactis
617 4641 817 4698 laudari
846 4641 1168 4712 appetimus,
1213 4644 1344 4699 nihil
1385 4647 1648 4701 mercedis
1682 4659 1714 4700 a
1755 4646 1863 4703 Deo

294 4729 635 4780 acetptemus.

365 4786 514 4838 Sicut
542 4785 711 4852 pictor
745 4784 1010 4840 coloribus
1035 4785 1195 4841 variis
1225 4785 1414 4852 utitur,
1446 4787 1656 4852 quando
1681 4785 1856 4854 pictu-

293 4870 408 4912 ram
439 4857 734 4924 elegantem
764 4857 978 4925 pingere
1008 4856 1225 4911 nititur:
1258 4857 1329 4911 ita
1361 4867 1416 4912 et
1446 4857 1586 4911 Deus
1616 4857 1860 4926 omnipo-

295 4935 413 4983 tens
440 4929 672 4994 speciem
702 4927 1017 4980 mundanam
1048 4937 1100 4981 et
1145 4928 1427 4982 humanam
1475 4927 1857 4983 innumerabili

295 5004 505 5061 ornatu,
539 5001 856 5064 eptimteque
887 4998 1153 5066 qualitatis
1183 5000 1452 5053 coloribus
1484 4997 1673 5066 pinxit.
1715 4998 1864 5055 Unde

293 5068 546 5140 scriptum
575 5076 656 5122 cst
672 5085 716 5140 5A
745 5067 899 5140 Vidit
928 5066 1064 5140 Deus
1095 5079 1276 5124 cuncta
1315 5085 1426 5140 qua:
1451 5069 1588 5140 fecit,
1622 5080 1669 5122 et
1692 5080 1863 5135 ,crant

294 5136 442 5210 valde
477 5136 629 5210 bona,
672 5135 788 5210 Non
818 5137 957 5192 enim
990 5137 1184 5192 ferrum
1215 5135 1336 5194 ideo
1363 5135 1692 5205 est'malum,
1739 5143 1865 5210 quia

295 5208 466 5280 multo
494 5207 773 5280 pretiosius
803 5217 1007 5280 constat
1036 5223 1224 5263 aurum
1249 5227 1264 5276 ;
1311 5211 1402 5265 sed
1435 5214 1554 5279 quia
1582 5207 1865 5280 utrumque

297 5278 403 5332 erit
450 5278 853 5346 necessarium,
903 5278 1023 5334 ideo
1073 5287 1356 5349 utrumque
1406 5278 1625 5334 bunum.
1676 5278 1862 5337 Omnia

297 5349 493 5420 quippe
522 5349 721 5420 pariter
766 5351 1089 5417 necessaria,
1141 5353 1338 5420 pariter
1365 5350 1598 5404 existunt
1625 5360 1678 5405 et
1704 5352 1862 5406 bona.

297 5417 454 5488 Sicutl
475 5419 626 5473 color
652 5418 803 5473 albus
833 5420 1042 5474 nonnisi
1093 5417 1186 5488 per
1227 5421 1458 5476 colorem
1507 5420 1610 5474 sibi
1648 5431 1863 5477 c0utra-

295 5490 433 5544 rium
469 5489 806 5560 declaratur._
839 5491 917 5544 sic
944 5505 1104 5545 omne
1133 5492 1328 5546 bonum
1362 5491 1573 5546 nonnisi
1618 5508 1713 5560 per
1739 5493 1864 5547 mali

292 5557 681 5628 oppositionem
711 5557 839 5614 satis
865 5561 1184 5629 agnoscitur.
1209 5561 1471 5628 Quantum
1495 5557 1637 5616 enim
1666 5563 1861 5618 bonum

294 5629 368 5702 sit
419 5629 636 5696 lumen,
665 5629 954 5685 ostendunt
992 5633 1268 5688 tenebrat:
1319 5633 1562 5688 similiter
1607 5643 1861 5702 quantum

289 5700 490 5757 bunum
517 5702 587 5755 sit
613 5702 829 5766 sanitas,
881 5703 1113 5757 ostendit
1141 5701 1436 5758 inﬁrmitas.
1489 5700 1687 5758 Nam—si
1716 5705 1864 5761 nulla

287 5778 435 5831 etset
472 5771 789 5843 infirmitas,
829 5786 924 5845 pro
970 5774 1136 5832 nihilo
1184 5782 1578 5847 computaretur
1637 5774 1856 5834 sanitas.

1895 4471 1944 4533 D

1971 1815 2184 1882 quidem
2209 1817 2274 1868 ad
2305 1815 2692 1883 probationem,
2721 1817 2974 1884 quosdam
3008 1832 3133 1870 vero
3163 1817 3230 1871 ad
3259 1819 3554 1884 correptio-

1972 1901 2133 1952 nem,
2180 1885 2438 1956 quosdam
2490 1894 2665 1940 autem
2715 1887 2781 1939 ad
2830 1886 3243 1941 damnationem.
3302 1887 3554 1942 Diabolus

1973 1971 2201 2026 namque
2239 1965 2294 2011 et
2323 1971 2510 2011 omnes
2541 1956 2722 2024 pravi,
2773 1971 2869 2024 per
2890 1972 3024 2026 quos
3053 1958 3141 2011 alii
3185 1959 3548 2026 tlagellantur,

1971 2024 2239 2095 ﬂagellum
2289 2027 2370 2081 vel
2425 2027 2566 2095 virga
2606 2027 2698 2081 Dei
2739 2024 3018 2081 vocantur.
3061 2027 3211 2082 Unde
3261 2024 3374 2095 ipse
3421 2029 3554 2084 dicit

1970 2112 2066 2168 per
2098 2097 2283 2151 Isaiam
2314 2097 2629 2166 Prophetam
2656 2115 2668 2150 :
2706 2096 2796 2150 Va:
2823 2097 3003 2163 Assur,
3035 2099 3175 2168 virga
3196 2099 3384 2167 furoris
3411 2101 3554 2154 mei!

1969 2167 2172 2232 Quibus
2195 2170 2372 2222 verbis
2400 2180 2453 2222 et
2477 2168 2602 2223 illud
2622 2168 2909 2232 colligitur,
2943 2169 3063 2237 quia
3085 2167 3203 2222 cum
3229 2184 3334 2224 non
3363 2169 3428 2223 ad
3451 2181 3546 2226 eos

1969 2239 2059 2305 qui
2093 2239 2446 2306 ﬁagellantur,
2477 2239 2569 2294 sed
2601 2241 2689 2305 qui
2725 2239 3010 2308 flagellant,
3064 2255 3142 2293 va:
3169 2240 3397 2302 dicatur,
3431 2257 3544 2294 ma-

1966 2309 2171 2376 joribus
2195 2311 2510 2382 quandoque
2541 2309 3105 2382 penisﬂsubjicinntur
3131 2312 3221 2377 qui
3252 2311 3544 2379 flagellant,
3613 2376 3621 2382 ἱ

1969 2396 2128 2450 quam
2147 2383 2234 2448 qui
2259 2381 2607 2451 ﬁagellantur.
2627 2381 2689 2436 Ut
2709 2380 3216 2448 Nabuchodonosor,
3233 2382 3544 2446 Antiochus,

1973 2451 2226 2516 Herodes,
2251 2452 2533 2521 pluresque
2557 2451 2670 2513 alii,
2697 2453 2782 2520 qui
2813 2461 3089 2520 postquam
3114 2453 3247 2505 alios
3270 2453 3435 2520 plagis
3455 2468 3548 2507 va-

1971 2522 2061 2575 riis
2083 2524 2446 2581 contriverint.
2468 2522 2571 2591 ipsi
2593 2523 2788 2592 duplici
2803 2523 3129 2577 contritione
3156 2523 3367 2577 contriti
3395 2533 3543 2578 sunt.

2040 2592 2188 2648 Sicut
2220 2595 2270 2648 in
2301 2604 2486 2648 aestate
2511 2606 2670 2661 opera
2703 2595 2927 2658 plurima
2957 2595 3039 2662 agi
3073 2601 3310 2662 possunt,
3342 2610 3460 2663 quae
3489 2596 3543 2648 in

1972 2664 2158 2735 hyeme
2189 2673 2492 2734 nequeunt:
2521 2665 2593 2718 ita
2620 2674 2673 2717 et
2702 2665 2752 2720 in
2779 2665 3075 2733 juventu-t—e,
3098 2680 3215 2732 quze
3240 2680 3352 2719 non
3380 2663 3430 2718 iu
3459 2680 3546 2720 se-

1970 2743 2218 2790 nectute:
2265 2744 2319 2788 et
2347 2736 2400 2789 in
2427 2735 2528 2791 hac
2574 2735 2718 2802 vita,
2754 2752 2871 2802 qua:
2918 2750 3023 2788 non
3064 2735 3121 2788 in
3147 2735 3338 2789 futura.
3393 2735 3544 2791 Unde

1969 2804 2223 2860 Dominus
2254 2805 2380 2875 dicit
2410 2809 2460 2860 in
2487 2796 2806 2875 Evangelia:
2844 2805 3021 2859 Videte
3061 2822 3123 2857 ne
3147 2807 3272 2874 fuga
3292 2814 3455 2859 vestra
3475 2808 3544 2860 sit

1969 2877 2146 2946 hyeme
2174 2877 2250 2930 vel
2276 2874 2524 2932 Sabbato.
2557 2874 2658 2931 Per
2687 2876 2932 2946 hyemem
2965 2875 3215 2930 videlicet
3241 2877 3548 2946 signiﬁcans

1971 2945 2104 3002 illud
2137 2949 2296 3002 futuri
2324 2947 2510 3014 judicii
2545 2945 2776 3014 tempus.
2825 2947 2877 3000 in
2925 2962 3033 3015 quo
3071 2947 3211 3000 nulla
3261 2945 3548 3002 fructuosa:

1963 3017 2298 3086 pmnitentia:
2318 3019 2435 3086 fuga
2459 3019 2778 3073 invenietur.
2812 3016 3123 3085 liujusmodi
3155 3017 3400 3087 hyemem
3419 3033 3548 3072 cva-

1969 3085 2097 3144 dere
2147 3085 2395 3142 Salomon
2425 3103 2636 3156 quoque
2683 3087 2955 3152 aii-monet,
3005 3085 3238 3142 dicens:
3287 3085 3546 3144 Memento

1969 3160 2222 3214 Creatoris
2250 3159 2325 3211 tui
2352 3160 2405 3212 in
2430 3159 2610 3210 diebus
2627 3159 2908 3228 juventutis
2930 3168 3051 3223 tute,
3085 3169 3190 3212 etc.

2036 3229 2184 3284 Sicut
2217 3244 2420 3300 pauper
2444 3230 2729 3282 conscissis
2760 3239 2814 3284 et
2835 3231 2967 3282 varii
2994 3228 3198 3300 coloris
3224 3237 3384 3300 atque
3411 3245 3545 3299 qua-

1965 3299 2129 3354 litatis
2175 3299 2474 3368 panniculis
2527 3299 2742 3354 indutus
2794 3300 3031 3364 incedit;
3066 3299 3136 3352 ita
3167 3309 3222 3353 et
3253 3299 3544 3357 humanum

1965 3386 2131 3439 genus
2155 3386 2254 3439 per
2299 3370 2457 3439 primi
2503 3370 2733 3442 hominis
2780 3372 3072 3442 culpamja
3101 3371 3329 3442 paradisi
3376 3373 3548 3442 patria

1965 3442 2261 3509 expulsum,
2307 3450 2361 3495 et
2388 3442 2439 3495 in
2475 3441 2630 3509 hujus
2659 3443 2841 3495 mundi
2871 3439 3060 3496 exsilio
3088 3439 3410 3510 projectum,
3443 3445 3546 3498 mi-

1965 3512 2102 3566 seria
2135 3514 2279 3566 varia
2312 3513 2465 3581 quasi
2491 3512 2788 3580 panniculis
2813 3511 3042 3567 diversae
3070 3513 3344 3581 qualitatis
3371 3513 3548 3570 indui-

1967 3593 2070 3648 tur,
2105 3584 2290 3651 sicque
2318 3584 2467 3651 quasi
2499 3583 2774 3637 mendicus
2803 3598 2898 3651 pro
2947 3583 3228 3652 praesentis
3267 3584 3392 3638 vitae
3421 3599 3544 3640 sus-

1967 3656 2256 3708 tentatione
2279 3653 2330 3707 in
2371 3656 2510 3709 varia
2532 3653 2830 3709 divertitur.
2847 3655 2993 3708 Hauc
3013 3661 3374 3722 paupertatem
3400 3656 3550 3711 Psal-

1966 3725 2122 3795 mista
2145 3734 2515 3793 conspexerat,
2538 3741 2657 3778 cum
2680 3725 2816 3780 dixit
2835 3741 2849 3778 :
2866 3725 2979 3780 Cito
2995 3726 3273 3795 anticipant
3289 3741 3380 3781 nos
3398 3729 3548 3781 mise-

1964 3794 2203 3849 ricordia:
2223 3805 2343 3859 tute,
2361 3795 2595 3861 Domine,
2619 3797 2735 3866 quia
2757 3813 3004 3865 pauperes
3031 3794 3164 3866 facti
3179 3813 3352 3851 sumus
3373 3799 3545 3854 nimis.

2037 3866 2186 3922 Sicut
2206 3881 2393 3921 servus
2420 3882 2515 3936 pro
2557 3867 2732 3938 aliqua
2765 3871 3186 3938 transgressione
3213 3871 3476 3937 praecipua
3513 3884 3545 3923 a

1971 3935 2188 3993 domino
2228 3953 2325 3992 suo
2357 3939 2406 3992 in
2425 3935 2537 3992 uno
2563 3935 2695 4007 pede
2725 3935 3017 4005 truncatus,
3045 3937 3116 3992 nil
3145 3935 3321 4006 operis
3353 3935 3541 4007 postea

1963 4023 2149 4076 gressu
2202 4023 2334 4064 sano
2392 4022 2550 4078 agere
2600 4008 2777 4072 valet;
2833 4009 2902 4062 ita
2939 4023 3097 4063 mune
3143 4023 3310 4078 genus
3352 4011 3540 4065 huma-

1965 4094 2090 4133 num
2119 4095 2212 4147 per
2241 4081 2400 4147 primi
2432 4081 2661 4135 hominis
2702 4079 3193 4148 pravaricationem
3221 4094 3251 4132 a
3277 4095 3389 4134 sua
3413 4094 3543 4135 con-

1967 4150 2185 4206 ditionis
2215 4151 2472 4219 dignitate
2495 4152 2780 4219 dejcctutn,
2813 4151 3049 4204 etinstar
3063 4151 3288 4204 truncati
3303 4152 3544 4220 corporis

1966 4220 2326 4289 debilitatum,
2370 4223 2422 4277 in
2447 4224 2590 4276 omni
2614 4236 2777 4291 Opere
2801 4236 2899 4275 suo
2925 4221 3210 4285 claudicat,
3262 4235 3360 4274 nec
3388 4223 3546 4292 quid-

1971 4307 2129 4363 quam
2166 4292 2288 4363 boni
2319 4293 2435 4348 sine
2461 4293 2646 4363 gratiae
2675 4293 2871 4348 divinae
2899 4292 3060 4346 ductu
3088 4306 3248 4360 agere
3277 4303 3471 4360 potest.

2041 4361 2189 4416 Sicut
2228 4361 2281 4415 in
2313 4365 2394 4418 via
2428 4361 2632 4431 publica
2659 4373 2714 4418 et
2738 4363 3071 4432 frequentata
3097 4378 3218 4432 qua:
3253 4364 3436 4432 plures
3463 4365 3545 4419 lu-

1973 4432 2226 4504 tulentas
2255 4445 2311 4488 et
2367 4435 2695 4504 periculosas
2747 4433 2908 4488 habet
2957 4435 3153 4499 foveas,
3207 4443 3543 4490 transeuntes

1971 4503 2122 4557 facile
2148 4503 2451 4560 efﬁciuntur
2499 4506 2738 4569 sordidi;
2785 4507 2858 4560 ita
2906 4517 2958 4561 et
3001 4507 3088 4575 qui
3121 4507 3173 4558 in
3203 4507 3541 4560 saacttlarium

1966 4589 2213 4645 curarum
2245 4578 2514 4630 communi
2547 4576 2627 4630 via
2655 4576 2987 4645 gradiuntur,
3024 4575 3332 4629 Criminibus
3380 4576 3545 4632 variis

1966 4643 2253 4701 foedantur.
2307 4646 2457 4702 Unde
2485 4643 2702 4702 sanctus
2731 4645 3016 4716 Gregorius
3037 4647 3184 4704 dicit
3210 4664 3220 4698 :
3252 4647 3388 4701 Sunt
3431 4648 3546 4717 ple-

1966 4729 2131 4787 raque
2161 4718 2369 4786 negotia
2400 4733 2518 4787 qus
2544 4721 2662 4774 sine
2690 4720 2920 4787 peccatis
2947 4719 3187 4772 exhiberi
3219 4728 3310 4770 aut
3336 4719 3423 4772 vix
3449 4729 3539 4772 aut

1969 4786 2272 4841 nullatenus
2305 4786 2550 4853 possunt.
2584 4786 2707 4844 Haec
2731 4791 2913 4856 itaque
2951 4788 3162 4857 plurimi
3190 4788 3262 4842 ita
3291 4804 3411 4842 esse
3441 4799 3549 4843 tra-

1967 4865 2173 4928 ctantes
2201 4869 2357 4926 atque
2390 4861 2697 4928 probantes,
2739 4860 2948 4928 negotia
2975 4860 3245 4913 saecularia
3276 4860 3544 4928 relinque-

1967 4925 2118 4998 bant,
2148 4937 2200 4983 et
2227 4925 2291 4982 ad
2328 4925 2789 4998 tuonasteria,'ubi
2816 4925 2996 4984 animo
3023 4929 3257 4986 liberiori
3283 4929 3395 4986 Deo
3421 4925 3540 4986 ier-

1967 4997 2160 5065 vit-ent,
2192 4999 2588 5068 confugiebant.

2039 5069 2188 5124 Sicut
2209 5071 2430 5140 quilibet
2458 5070 2651 5126 inﬁrmi
2679 5085 2901 5139 corpore
2929 5071 3245 5126 medicinam
3273 5070 3543 5126 carnalem

1967 5150 2212 5209 quaerunt
2239 5152 2293 5195 et
2319 5151 2578 5210 expetunt
2624 5142 2880 5210 undique,
2929 5145 2998 5197 ita
3046 5153 3099 5197 et
3125 5141 3315 5196 inﬁrmi
3365 5151 3546 5196 mente

1966 5211 2294 5278 spiritualem
2330 5213 2618 5279 medicum,
2667 5213 2717 5266 id
2750 5223 2854 5280 est,
2908 5215 3328 5280 omnipotentem
3379 5213 3544 5268 Deum

1966 5280 2162 5354 debent
2211 5283 2520 5338 omnimodo
2568 5299 2832 5353 quaerere,
2885 5294 3124 5354 petentes
3173 5285 3240 5337 ab
3269 5299 3334 5338 eo
3377 5287 3545 5338 sancti

1966 5351 2196 5420 Spiritus
2236 5354 2480 5422 gratiam,
2531 5351 2628 5423 per
2656 5370 2812 5424 quam
2843 5351 3040 5410 mentis
3088 5357 3231 5410 acies
3279 5354 3547 5409 illum-ina-

1966 5429 2073 5486 tur,
2123 5439 2218 5492 per
2244 5438 2399 5492 quam
2433 5427 2591 5479 totius
2640 5427 2760 5479 boni
2808 5428 2988 5494 Operis
3038 5426 3260 5480 facultas
3305 5425 3544 5480 simulet

1966 5495 2212 5565 voluntas
2261 5494 2685 5550 administratur.
2741 5497 2797 5550 In
2849 5512 2950 5565 qua
3001 5499 3250 5551 nimirum
3282 5497 3544 5565 petitione

1968 5571 2114 5618 tanto
2164 5564 2558 5633 frequentiores
2617 5576 2671 5622 et
2722 5564 3115 5622 constantiores
3153 5564 3540 5634 esse’debettt,

1966 5642 2164 5709 quanto
2210 5635 2397 5702 majori
2429 5639 2646 5703 spiritus
2691 5637 3000 5692 inﬁrmitate
3029 5653 3088 5694 se
3134 5649 3381 5709 gravatos
3423 5653 3545 5692 sen-

1969 5708 2126 5778 tiunt,
2173 5709 2508 5778 attendentes
2557 5710 2798 5764 mulieris
2844 5708 3164 5775 Chananete,
3216 5709 3546 5778 aliorumque

1965 5776 2278 5835 multorum.
2302 5776 2366 5832 dc
2387 5778 2578 5836 quibus
2597 5781 2649 5834 iu
2673 5795 2820 5836 sacra
2835 5780 3105 5854 Scriptura
3121 5779 3331 5852 legitur,
3351 5776 3542 5842 ﬁdem:
