4006 6364
496 250 633 308 1119

958 247 1163 306 BEDE
1202 244 1653 305 VENERABILIS
1691 247 1840 303 OPP.
1880 245 2057 304 PARS
2095 244 2159 303 ΙΙ.
2200 242 2393 304 SECT.
2435 242 2509 323 ll.
2540 273 2609 287 —
2646 242 2851 301 DUBIA
2895 240 2981 300 ET
3022 241 3293 302 SPURIA.

3615 242 3762 297 “20

492 360 583 420 sed
620 369 675 417 et
696 360 893 433 jugiter
919 361 1097 415 animo
1128 362 1443 433 replicantes
1487 361 2063 433 illudimasimumim-
2096 363 2143 421 Α
2172 358 2536 433 et_ille_homo
2573 359 2681 433 agit
2705 357 2819 433 qui,
2862 372 2956 428 per
2982 358 3181 433 diaboli
3234 358 3643 433 suggestionem
3703 360 3764 416 in

494 442 735 505 portunus
774 434 946 505 precis
984 443 1353 505 argumentum
1380 477 1394 497 ,

497 502 632 577 pulis
662 502 1036 560 suis’rel'erens
1065 502 1196 577 dixit
1216 522 1243 565 ε,
1285 505 1409 569 Quis
1439 502 1656 559 vestrum
1700 504 1898 577 habebit
1932 503 2065 577 ami-

495 574 655 631 cum?
683 586 811 640 etc.,
845 590 1033 642 usque,
1067 574 1125 629 Si
1152 590 1270 644 ergo
1300 592 1403 642 vos,
1432 594 1543 629 cum
1572 577 1681 631 sitis
1712 574 1858 641 mali,
1908 575 2066 627 nostis

496 648 625 701 bona
647 650 765 699 data
796 645 919 699 dare
947 646 1067 713 [iliis
1095 647 1289 710 vestris,
1319 657 1507 717 quanto
1535 648 1696 717 magis
1725 646 1885 700 Pater
1908 654 2066 700 vester

496 718 557 772 de
576 718 699 771 casto
724 717 863 769 dabit
883 718 1118 788 spiritum
1140 717 1324 771 bonum
1345 720 1624 788 petentibus
1651 735 1702 773 se
1725 721 1748 772 ?

569 788 717 859 Sicut
748 788 800 841 in
844 788 974 859 mari
1006 787 1185 859 velrin
1230 786 1466 856 quolibet
1508 803 1721 859 aequore
1771 786 2069 857 procelloso

498 858 806 929 navigantes
830 858 1027 913 nullam
1057 858 1156 912 sibi
1178 859 1516 914 securitatem
1542 858 1874 929 promittunt,
1899 860 2072 929 prius-

496 943 655 999 quam
711 928 777 982 ad
829 929 976 983 littus
1038 932 1379 999 perveniant;
1444 928 1757 986 ita’omnes
1810 931 1860 984 in
1915 928 2070 997 hujus

500 998 682 1071 mundi
713 998 1502 1071 tempestatepericulosissima
1546 1017 1642 1070 pro
1666 1000 1862 1057 Christi
1888 1014 2071 1071 amore

497 1070 862 1137 decertantes,
892 1070 1093 1126 nullam
1124 1072 1422 1127 securitatis
1470 1072 1714 1127 ﬁduciam
1747 1072 1943 1125 habere
1972 1070 2070 1126 de-

497 1139 667 1205 bent,
719 1151 1000 1210 antequam
1047 1157 1304 1209 corporeo
1352 1145 1622 1205 ergastulo
1663 1142 1806 1198 exuti
1856 1153 2072 1195 aeternas

497 1212 689 1282 quietis
721 1212 865 1266 littus
894 1212 1173 1282 attingant.
1228 1213 1377 1268 Unde
1404 1214 1655 1269 Salomon
1684 1214 1811 1268 dicit
1836 1232 1848 1267 :
1883 1211 2071 1267 Beatus

496 1280 649 1336 homo
688 1284 775 1352 qui
800 1299 998 1350 semper
1022 1280 1093 1337 est
1123 1284 1351 1350 pavidus.
1401 1285 1533 1340 Hinc
1564 1288 1752 1340 iterum
1796 1285 2074 1352 Scriptura

497 1352 662 1408 dicit:
715 1353 782 1407 lu
813 1354 1043 1407 omnibus
1072 1356 1307 1422 aperibus
1343 1357 1442 1411 tuis
1480 1372 1759 1411 memorare
1797 1356 2074 1411 novissima

498 1432 674 1495 tua,et
702 1424 757 1495 iri
780 1434 1024 1479 aeternum
1044 1443 1143 1478 non
1170 1426 1411 1495 peccabis.

567 1494 717 1567 Sicut
735 1494 903 1549 ﬁdelis
920 1496 1138 1567 quilibet
1160 1494 1350 1552 Sedens
1372 1500 1436 1552 ad
1458 1512 1693 1554 mensam
1717 1513 1821 1554 non
1840 1500 1985 1567 prius
2005 1499 2075 1555 de

499 1565 640 1619 escis
663 1567 920 1638 appositis
949 1566 1235 1638 quidquam
1266 1578 1477 1634 gustare
1505 1565 2079 1638 solet,quam'henedi-

498 1645 714 1710 camur;
740 1637 883 1710 itaet
903 1637 1155 1710 Dominus
1181 1650 1381 1706 noster,
1396 1640 1547 1710 cujus
1563 1649 1646 1695 est
1664 1637 1814 1695 cibus
1837 1643 2071 1697 omnium

1446 435 1582 504 quod
1610 431 1865 487 Dominus
1906 432 2063 504 disci-

2173 429 2384 499 aliquod
2409 430 2634 499 capitale
2656 432 2855 484 crimen
2904 444 2999 485 seu
3048 430 3101 485 in
3146 430 3440 500 quamlibet
3478 430 3758 499 negligere

2176 500 2299 554 tiam
2328 502 2587 567 incidens,
2631 501 2703 556 nil
2736 501 2957 556 ulterius
2986 510 3136 556 curat
3163 502 3396 571 qualiter
3436 516 3504 556 ex
3554 501 3760 569 hujus-

2174 572 2316 625 modi
2360 586 2486 627 casu
2521 588 2613 639 per
2660 573 3030 641 paenitentiam
3064 573 3609 637 emendationemque
3657 587 3755 625 re-

2172 651 2376 711 surgat.
2405 642 2556 698 Unde
2583 643 2855 697 Psalinista
2892 653 3157 711 precatur,
3190 643 3373 699 dicens
3404 662 3415 695 :
3453 642 3618 711 Eripe
3674 659 3759 695 me

2172 712 2235 785 de
2257 714 2382 781 tuto,
2416 724 2469 766 ut
2492 731 2593 768 non
2616 715 2823 785 iri/igar.
2847 714 2946 782 Qui
2990 715 3179 769 iterum
3221 729 3409 784 preces
3434 728 3565 767 suae
3589 727 3757 781 super

2176 783 2273 838 hac
2305 801 2363 841 re
2390 786 2552 840 factas
2582 800 2612 839 a
2643 783 2866 840 Dumino
2907 785 3182 841 exauditas
3208 800 3328 840 esse
3356 785 3608 839 referens
3634 825 3651 847 ,
3699 792 3758 838 et

2174 856 2327 926 quasi
2375 858 2507 911 alios
2546 854 2721 926 lapsos
2752 857 2817 909 ad
2860 856 3073 910 easdem
3107 871 3291 925 preces
3322 854 3603 910 faciendas
3635 868 3754 923 pro-

2176 925 2378 982 vocans
2402 927 2531 982 dicit
2559 944 2573 981 :
2606 925 2877 981 Exaudiuit
2899 942 3070 996 preces
3099 943 3257 994 meas,
3289 936 3337 980 et
3365 927 3557 980 eduxit
3584 942 3665 980 me
3686 926 3754 979 de

2176 998 2292 1051 lacu
2321 999 2535 1053 miseriae
2562 1006 2608 1051 et
2638 998 2699 1052 de
2725 999 2832 1052 luto
2863 999 3024 1066 fwcis.

2246 1068 2398 1124 Sicut
2440 1068 2671 1138 agricola
2726 1080 2935 1123 stercus
2985 1069 3388 1137 spurcissimum
3424 1066 3679 1122 deferens
3707 1068 3760 1123 in

2177 1154 2397 1217 agrum,
2434 1154 2499 1195 eo
2530 1139 2693 1217 utitur
2734 1138 2804 1196 ad
2848 1139 3260 1217 multiplicandte
3288 1138 3489 1217 segetis
3525 1140 3757 1217 bonum,

2178 1211 2248 1265 ita
2278 1220 2331 1265 et
2352 1211 2505 1289 _Deus
2535 1209 2871 1289 umnipotens
2902 1209 3372 1289 nonidediguatur’
3404 1209 3476 1264 de
3516 1210 3759 1289 sordidis

2180 1290 2234 1336 et
2264 1280 2650 1359 malis_actibus
2676 1282 2876 1359 nostris
2899 1280 3333 1359 quaelibet’bona
3359 1280 3607 1347 Operari,
3639 1294 3759 1359 qua

2180 1360 2329 1429 tanto
2367 1354 2544 1429 minus
2603 1353 2755 1408 nobis
2806 1352 3301 1429 deputandasunt,
3341 1360 3551 1429 quanto
3584 1352 3760 1429 miuor

2179 1424 2282 1480 erit
2312 1422 2540 1497 intentio
2567 1433 2746 1497 nostra
2774 1424 2839 1478 ad
2864 1424 2949 1478 illa
2982 1438 3077 1497 pro
3107 1425 3295 1497 timore
3323 1418 3633 1497 velamore
3664 1418 3761 1474 Dei

2180 1495 2563 1573 perpetranda.
2606 1495 2716 1573 Hoc
2746 1504 2929 1573 autem
2949 1488 3276 1573 credendum
3301 1502 3381 1548 est
3411 1488 3542 1571 ideo
3574 1490 3758 1557 dispo-

2179 1565 2373 1621 sitione
2392 1564 2570 1642 divina
2594 1566 2715 1642 agi‘,
2747 1580 2814 1619 ne
2843 1565 2983 1642 quis,
3012 1581 3078 1642 ex
3104 1564 3307 1642 meritis
3335 1564 3577 1642 propriis
3627 1575 3760 1642 pref

2180 1650 2426 1705 sumens,
2452 1634 2661 1695 studeat
2686 1636 2821 1691 inse
2843 1636 3080 1706 gloriari,
3114 1636 3203 1706 sed
3251 1635 3301 1688 in
3335 1634 3595 1706 Domino,
3623 1634 3763 1687 sicut

501 1704 734 1786 fidelium
754 1709 917 1786 saius,
932 1707 999 1786 de
1018 1708 1163 1763 nullo
1184 1704 1380 1786 aliquid
1399 1704 1611 1786 gustare
1626 1714 1883 1786 decernit,
1903 1716 2077 1779 prius-
2102 1724 2151 1786 Β
2180 1704 2438 1786 scriptum
2469 1718 2552 1786 est
2580 1725 2593 1762 :
2628 1709 2728 1774 Qui
2746 1704 3022 1786 _glu_riatur,
3047 1704 3655 1786 iupominogiuriemr.

499 1788 657 1844 quam
690 1776 1022 1846 baptismatis
1047 1776 1465 1837 sanctiﬁcatione
1491 1783 1801 1839 benedictus
1834 1776 2005 1839 fuerit.

570 1847 699 1902 Item
729 1849 864 1903 sicut
888 1864 1004 1904 mos
1040 1860 1143 1914 est,
1194 1862 1251 1905 ut
1293 1868 1481 1907 carnes
1529 1853 1741 1909 nonnisi
1784 1864 1947 1910 cocta:
1993 1856 2076 1913 vel

500 1931 635 1992 assae
657 1920 1023 1992 comedantur,
1051 1922 1121 1974 ita
1151 1930 1206 1975 et
1231 1923 1370 1976 Deus
1400 1924 1738 1992 omnipotens
1769 1926 1869 1979 nisi
1900 1930 2075 1981 omnia

500 1988 683 2065 cruda,
711 1990 808 2043 hoc
828 1998 911 2044 est
927 1991 1135 2058 vitiosa,
1157 1992 1207 2045 in
1233 1992 1383 2048 nobis
1409 1988 1603 2049 fuerint
1629 1997 1745 2064 igne
1768 1997 1934 2052 sancti
1959 1998 2077 2065 Spi-

499 2059 634 2137 ritus
655 2069 894 2137 excocta,
925 2076 1255 2137 nequaquam
1281 2078 1385 2137 nos
1416 2066 1465 2119 in
1490 2059 1671 2137 eseam
1693 2081 1842 2121 suam
1876 2059 2038 2137 eligit.

570 2130 718 2205 Sicut
740 2131 993 2205 dominus
1014 2130 1123 2188 vel
1154 2134 1406 2203 magister
1439 2136 1660 2205 quilibet
1695 2152 1818 2191 cum
1865 2130 2078 2195 sibimet

498 2199 692 2258 subditi
721 2201 1059 2271 deliquerint,
1110 2199 1268 2272 proui
1307 2199 1562 2271 vultfaut
1588 2207 1829 2262 districte
1859 2210 1939 2264 vel
1970 2211 2078 2265 cle-

499 2284 707 2345 menter
735 2273 788 2327 in
808 2288 908 2345 eos
939 2274 1210 2345 emendat,
1252 2290 1345 2331 seu
1375 2290 1592 2345 prorsus
1618 2278 1835 2333 dimittit
1862 2298 1873 2332 :
1926 2281 1994 2334 ita
2024 2290 2079 2335 et

505 2341 643 2415 Deus
674 2344 1010 2411 omnipotens
1052 2344 1105 2400 in
1160 2341 1466 2411 peccatores
1513 2349 1937 2415 qualemcunque
1972 2353 2079 2406 vult

500 2410 786 2469 vindictam
804 2410 1038 2469 exercet.
1056 2410 1435 2472 Verumtamen
1457 2419 1507 2473 in
1530 2410 1627 2474 hoc
1645 2410 1971 2476 dissimiliter
1990 2422 2079 2477 lla-

498 2483 681 2559 gellat,
696 2485 819 2559 quia
845 2485 1085 2559 voluntas
1103 2487 1215 2555 ejus
1233 2503 1445 2557 semper
1461 2491 1696 2559 estjusta
1716 2509 1729 2544 :
1753 2502 1933 2547 nostra
1952 2509 2080 2549 vero

502 2554 798 2631 saepissime
817 2568 907 2631 aui
930 2558 981 2631 in
1000 2554 1241 2631 iram’seu
1259 2554 1480 2631 gratiam
1503 2554 1749 2630 injustam
1765 2562 2077 2618 declinatur.

542 2624 714 2698 Sicut
744 2627 789 2680 is
817 2629 903 2698 qui
928 2629 1124 2698 jugiter
1153 2624 1365 2685 vere'tur
1394 2647 1451 2687 se
1482 2624 1813 2687 ab'hostihns
1847 2634 2078 2689 circum-

498 2693 635 2769 dari,
670 2694 722 2750 in
751 2696 895 2769 omni
928 2693 1044 2753 loco
1074 2700 1304 2769 gladium
1337 2702 1537 2757 habens
1568 2719 1773 2766 secum,
1822 2715 1979 2760 caute
2023 2721 2080 2761 se

498 2765 784 2843 ubservat:
820 2768 907 2843 iga
929 2777 985 2823 et
1010 2765 1210 2843 illequl
1238 2771 1438 2843 jugiter
1466 2790 1495 2827 a
1524 2773 1803 2829 desideriis
1848 2778 2081 2830 carnali-

503 2835 600 2889 bus
630 2850 725 2905 per
746 2838 976 2912 insidias
1002 2835 1199 2894 diaboli
1239 2835 1516 2912 'laiigatur,
1570 2860 1782 2909 semper
1810 2846 1967 2901 debet
2020 2863 2079 2901 se

501 2910 820 2985 praemunire
846 2909 1007 2985 armis
1022 2909 1406 2985 spiritualibu's,
1437 2909 1611 2980 idest,
1648 2916 1858 2985 vigiliis,
1893 2919 2083 2971 oratio-

502 2977 677 3051 iiibus,
709 2978 947 3051 jejuniis,
993 2977 1142 3036 sacra
1170 2977 1399 3037 lectione
1425 2977 1736 3051 ueterisque
1767 2977 2077 3045 virtutibus.

506 3046 659 3103 Unde
681 3046 968 3119 Apostolus
988 3051 1237 3106 admonet
1260 3069 1358 3108 nos
1380 3054 1563 3109 dicens
1596 3076 1607 3108 :
1643 3046 1848 3111 Induite
1875 3074 1957 3110 vos
1984 3075 2084 3112 ar-

500 3118 751 3191 maturam
774 3118 886 3188 Dei,
904 3130 957 3174 ut
976 3123 1178 3191 possitis
1206 3132 1340 3177 stare
1358 3124 1602 3180 adversus
1629 3127 1843 3181 insidias
1865 3128 2078 3185 diaboli.

572 3190 1215 3266 Sicutgranum’seminis
1246 3195 1297 3249 in
1340 3203 1479 3249 terra
1530 3197 1824 3266 projecmm
1879 3200 2082 3256 nullum

541 3259 702 3334 rofert
728 3259 977 3334 fructum,
1004 3264 1105 3317 nisi
1135 3267 1278 3332 prius
1302 3259 1556 3321 moriatur
1583 3259 1680 3334 ita;
1707 3278 1756 3322 et
1786 3269 1943 3323 homo
1966 3271 2085 3326 nul-

525 3345 585 3384 os
611 3332 913 3407 spiritu‘ales
944 3333 1143 3407 fructus
1176 3336 1410 3407 proferre
1440 3339 1600 3406 valet,
1632 3332 1732 3394 nisi
1760 3339 1904 3407 prius
1934 3341 2079 3397 vitiis

502 3411 555 3480 et
586 3404 1356 3480 concupiscentiiscarnalibus
1381 3404 1658 3464 moriatur.
1691 3404 1837 3464 Unde
1863 3411 2081 3480 Aposto

503 3470 586 3525 lus
616 3470 870 3528 admonet
897 3488 994 3529 nos
1020 3474 1203 3530 dicens
1232 3494 1243 3528 :
1296 3476 1605 3547 Mortiﬁcate
1648 3481 1869 3534 membra
1913 3470 2082 3537 uestra

502 3557 613 3609 quin
653 3552 773 3617 sum
816 3554 1225 3617 superrlerram,
1271 3547 1324 3602 id
1362 3558 1467 3617 est,
1520 3552 1942 3613 fornicationem.
1982 3552 2084 3606 im-

504 3614 839 3685 munditiam,
873 3615 1165 3672 libidinem.
1193 3614 1515 3685 Quibusdam
1546 3637 1675 3675 vero
1701 3622 1832 3676 dixit
1854 3621 2081 3680 :Mortui

501 3684 642 3749 estis,
666 3697 714 3737 ct
745 3687 849 3739 uita
874 3696 1041 3742 vestra
1070 3684 1366 3743 abscondita
1391 3700 1461 3744 est
1491 3707 1607 3744 cum
1630 3691 1830 3745 Christo
1870 3695 1921 3746 in
1950 3692 2077 3751 Deo.

576 3753 727 3829 Sicut
756 3767 949 3829 nautae,
974 3772 1093 3811 cum
1117 3760 1437 3829 remigantes
1460 3763 1722 3829 laborant,
1742 3778 1929 3817 manus
1958 3779 2079 3820 cum

505 3825 667 3879 remis
687 3826 846 3902 prius
872 3842 1081 3902 sursum
1112 3825 1313 3902 levant,
1342 3840 1395 3885 et
1417 3832 1610 3887 deinde
1636 3834 1685 3887 in
1711 3825 1907 3902 aquam
1957 3838 2081 3889 mit—

507 3902 651 3959 tunt;
678 3896 975 3973 ita_omnes
1007 3897 1190 3973 ﬁdeles
1226 3900 1533 3973 priusquam
1568 3896 1833 3957 ter'renu'm
1860 3904 2079 3973 aliquod

505 3978 642 4038 upus
674 3965 894 4035 faciant,
917 3969 1103 4038 gratia:
1132 3965 1605 4038 supernas—debent
1633 3987 1690 4028 se
1710 3965 2072 4033 committere.

505 4036 700 4116 Remos
726 4036 971 4116 enim
1016 4039 1179 4116 altum
1202 4036 1408 4116 ilevure
1435 4083 1448 4105 ,
1482 4052 1536 4097 et
1575 4043 1768 4097 deinde
1801 4046 1849 4098 in
1880 4060 2073 4116 aquam

505 4106 1035 4185 mittere,_signiﬁcat
1067 4112 1378 4185 Aspiritualia
1410 4124 1463 4168 et
1507 4128 1735 4183 superna
1769 4106 2076 4185 prius-esse

504 4181 818 4255 quarenda,
845 4182 1178 4255 et_post_b:ee
1208 4198 1349 4255 curae
1374 4181 1598 4239 terrena}
1628 4181 2073 4255 opus-providen-

502 4247 649 4322 dum.
704 4249 852 4304 Unde
898 4247 1159 4322 Dominus
1215 4254 1265 4307 in
1311 4254 1603 4322 Evangelio
1630 4247 1803 4310 dicit?
1847 4259 2074 4322 Quwrite

506 4318 727 4396 primum
757 4336 969 4396 regnum
1020 4321 1117 4376 Dei
1140 4365 1154 4390 ,
1182 4332 1224 4376 et
1242 4318 1509 4393 justitiam
1534 4326 1665 4396 ejus,
1697 4336 1744 4381 et
1765 4318 1885 4382 ha’c'
1903 4331 2073 4384 omnia

502 4388 994 4458 adjicientur'vobis.

574 4461 721 4531 Sicut
748 4460 909 4531 frigus
956 4464 1268 4517 immensum
1300 4478 1487 4521 omnes
1520 4473 1678 4522 terrae
1701 4467 1904 4523 fructus
1935 4483 2063 4524 cor~
2096 4454 2148 4516 Ι)

503 4530 722 4600 rumpit,
748 4530 1043 4587 ita’tnalitia
1070 4543 1123 4588 et
1152 4533 1433 4591 inﬁdelitas
1468 4537 1695 4593 humana
1742 4554 1956 4594 omnem
1987 4540 2068 4595 di-

504 4602 640 4676 vina:
668 4603 876 4669 pietatis
904 4604 1229 4676 agnitionem
1253 4646 1267 4670 ,
1298 4606 1364 4676 de
1396 4623 1496 4675 qua
1528 4610 1834 4676 spirituales
1863 4608 2070 4666 fructus

505 4674 770 4751 uriuntur,
801 4675 1018 4751 claudit.
1049 4675 1197 4731 Unde
1224 4676 1293 4732 de
1323 4674 1548 4751 Domino
1562 4674 1761 4734 nostro
1800 4682 1994 4751 legitur
2018 4682 2072 4737 in

505 4742 790 4816 Evangelio
845 4746 966 4816 quia
1015 4760 1119 4801 non
1183 4756 1389 4816 poterat
1436 4748 1572 4804 ullas
1622 4742 1881 4807 virtutes"
1899 4752 2072 4808 facere

506 4822 721 4882 propter
748 4814 1166 4887 incredulitatem
1185 4814 1578 4887 quorumdam.
1616 4820 1747 4875 Hinc
1782 4822 1910 4877 alibi
1938 4825 2068 4878 scri-

506 4893 649 4953 ptum
676 4894 757 4939 est
789 4902 800 4937 :
837 4883 903 4938 In
931 4883 1237 4943 malet-alam
1272 4890 1496 4942 animum
1549 4907 1651 4942 non
1702 4894 1931 4947 introibit
1984 4910 2070 4949 sa-

502 4952 714 5031 pientia,
747 4972 837 5031 uec
865 4958 1107 5031 (tabitabit
1134 4960 1186 5031 in
1212 4976 1426 5028 corpore
1446 4960 1653 5014 subdito
1683 4966 1918 5031 peccatis.

573 5024 917 5103 Sicutbestia
948 5038 1098 5095 capta
1128 5029 1209 5103 in,
1242 5024 1345 5103 reti
1402 5024 1705 5103 implicatur
1742 5050 1809 5087 ne
1838 5033 2069 5103 edugere

504 5096 700 5173 possit,
726 5098 797 5151 ita
819 5106 873 5151 et
903 5100 1063 5153 homo
1102 5099 1301 5173 divitiis
1331 5111 1387 5173 et
1410 5096 1771 5173 voluptatibus
1796 5108 1914 5157 vine
1939 5096 2071 5173 prte-

506 5167 677 5244 sentis
703 5179 915 5244 captus,
946 5180 1037 5244 aut
1066 5170 1149 5244 vix
1179 5182 1269 5244 aut
1301 5167 1608 5244 nullatenus
1641 5172 1834 5228 exinde
1861 5167 2066 5244 effugit.

507 5236 633 5313 Ideo
654 5250 831 5293 autem
863 5239 949 5313 vix
976 5240 1124 5308 fugit,
1154 5241 1279 5313 quia_
1289 5242 1507 5313 nonnisi
1530 5256 1648 5297 cum
1670 5258 1863 5313 magno
1888 5236 2071 5303 labore

508 5309 802 5377 voluptates
826 5310 1012 5365 solitas
1040 5312 1222 5364 vincit.
1262 5309 1411 5366 Unde
1460 5312 1720 5367 Dominus
1763 5309 1904 5369 'dicit
1931 5337 1942 5369 :
1972 5317 2071 5371 Re-

538 5395 656 5453 gium
684 5382 921 5434 caelorum
944 5382 1044 5434 vim
1072 5383 1285 5453 patitur,
1317 5390 1363 5435 et
1394 5382 1601 5445 uiolenti
1654 5386 1867 5453 rapiunt
1914 5388 2067 5442 illud.

538 5396 656 5432 itum
684 5396 921 5434 castorum
944 5397 1044 5434 vim
1072 5396 1285 5449 patitur,
1317 5396 1363 5435 et
1394 5396 1600 5445 utotentt
1654 5396 1867 5453 rapiunt
1914 5396 2067 5442 illud.

502 5396 732 5522 giarium
774 5465 1003 5522 namque
1046 5452 1264 5505 violenti
1307 5462 1469 5517 sunt,
1525 5455 1614 5522 qui
1656 5456 2068 5510 innumerabiles

506 5519 699 5595 diaboli
727 5519 945 5575 insidias
967 5532 1072 5575 tam
1094 5523 1145 5575 in
1164 5523 1403 5576 adversis
1426 5519 1581 5591 quam
1608 5531 1879 5595 prosperis
1911 5527 2069 5582 rebus

511 5590 709 5661 positas
737 5606 1082 5659 perrumpere
1112 5603 1165 5645 et
1194 5595 1422 5647 evadere
1442 5590 1690 5661 possunt.

572 5658 718 5714 Sicut
740 5658 941 5715 animal
964 5658 1251 5731 quoddam,
1282 5664 1333 5717 in
1366 5658 1536 5719 lacum
1564 5667 1648 5720 vel
1681 5667 1848 5721 lutum
1876 5682 1941 5722 ex
1983 5667 2067 5721 in-

501 5732 651 5791 curia
677 5733 899 5801 cadens,
932 5734 1236 5790 nullatenus
1261 5734 1460 5793 exinde
1482 5737 1730 5809 progredi
1760 5739 1963 5807 nititur,
1998 5740 2068 5795 ita

2109 3093 2156 3160 C

2254 1772 2403 1835 Sicut
2427 1772 2715 1855 sculptura}
2746 1772 2959 1832 inflictae
2990 1772 3214 1855 qualitas
3246 1777 3307 1855 in_
3327 1772 3512 1855 sigillo
3540 1772 3761 1855 nonnisi

2180 1864 2437 1926 pereerae
2468 1846 2868 1926 impressionem
2919 1850 3047 1904 satis
3094 1846 3308 1919 agnosci
3349 1848 3534 1910 valet,
3593 1846 3668 1898 ita
3699 1854 3763 1926 ei

2177 1922 2523 1976 invisibilium
2544 1921 2977 1990 ’ctelestiumque
3028 1934 3207 1975 rerum
3233 1927 3465 1990 secreta
3517 1921 3761 1990 conspici

2179 1994 2635 2069 n_equeu_nt,_nisi
2682 2007 2779 2062 per
2841 1988 3112 2069 impressa
3146 1989 3436 2069 visibilium
3481 1988 3760 2069 exempla.

2181 2063 2333 2141 Unde
2373 2064 2624 2141 Dominus
2674 2061 2854 2141 noster
2903 2063 2993 2141 de__
3015 2061 3251 2117 caelestis
3278 2061 3759 2141 regni.my.s_terii_s

2179 2136 2421 2204 loquens,
2456 2136 2650 2205 smpius
2677 2132 2882 2189 addidit
2927 2133 2993 2187 ali
3036 2147 3154 2186 uam
3203 2132 3491 2200 praesentis
3536 2132 3668 2208 vita;
3693 2132 3764 2182 si-

2179 2206 2534 2257 militudinem
2556 2251 2569 2257 -
2594 2220 2689 2257 per
2715 2204 2880 2257 hanc.
2937 2148 3143 2257 sciiicet
3166 2248 3179 2257 .
3234 2201 3512 2257 incondita
3558 2198 3761 2253 faetens

2179 2198 2570 2280 militudinemf,
2594 2220 2689 2280 per
2715 2204 2880 2271 hanc,
2937 2198 3143 2280 scilicet
3166 2248 3179 2269 ,
3204 2198 3512 2280 incognita
3531 2198 3761 2280 facietis

2181 2289 2322 2338 nota,
2356 2287 2413 2331 ut
2442 2293 2456 2331 :
2486 2270 2669 2332 Simile
2697 2287 2768 2331 est
2798 2292 3010 2343 regnum
3040 2274 3281 2329 caelorum
3335 2270 3544 2327 hbmini
3590 2272 3760 2339 patri-

2181 2348 2426 2418 familias,
2460 2350 2732 2418 multaque
2759 2347 2839 2402 his
2871 2345 3113 2418 similia.)

2261 2412 2614 2495 Sicut'tenera
2642 2412 2906 2495 parvaque
2931 2415 3154 2488 virgulta
3184 2413 3250 2469 ad
3277 2412 3545 2495 quaslibet
3572 2426 3763 2495 neces-

2180 2489 2319 2544 saria
2352 2490 2519 2557 magis
2564 2490 2699 2544 flecti
2746 2496 2947 2557 queunt
2977 2503 3134 2559 quam
3160 2500 3375 2559 magna:
3417 2492 3474 2538 et
3521 2489 3761 2553 antiqua

2180 2555 2535 2637 :irhoresL—ita
2556 2571 2608 2615 et
2631 2555 2871 2637 homines
2901 2560 2951 2614 in
2982 2555 3205 2637 pueritia
3227 2556 3319 2637 _v_e|
3339 2555 3643 2637 juveutute
3670 2570 3763 2625 po-

2181 2631 2276 2707 siti
2312 2626 2533 2707 [acilius
2548 2634 2782 2707 converti
2810 2626 3025 2699 possunt
3059 2628 3132 2707 ad
3155 2627 3393 2707 debitam
3432 2626 3761 2707 Christiane

2182 2702 2454 2779 religionis
2485 2702 2838 2779 disciplinam,
2869 2716 3025 2779 quam
3059 2700 3112 2779 in
3136 2706 3465 2779 senectute:
3499 2700 3757 2779 quia'se-

2185 2767 2373 2827 necius
2405 2767 2685 2844 impatiens
2706 2784 2787 2827 est
2818 2767 3110 2842 ad'qutcvis
3136 2771 3388 2844 inusitata
3411 2768 3585 2824 flecti.
3612 2767 3762 2824 Unde

2184 2843 2437 2912 scriptum
2480 2842 2563 2899 est
2596 2862 2607 2897 :
2639 2845 2765 2910 Quae
2796 2860 2896 2897 non
2928 2857 3203 2912 congregas
3231 2842 3282 2894 in
3304 2844 3607 2912 juventute,
3632 2856 3759 2908 quo-

2184 2918 2333 2992 modo
2358 2933 2417 2968 ca
2441 2917 2624 2992 (rabere
2642 2916 2840 2992 poteris
2864 2917 2915 2969 in
2944 2913 3237 2968 senectute?
3320 2981 3334 2992 _
3414 2981 3448 2992 υ

2259 2986 2413 3043 Sient
2439 2987 2490 3041 in
2524 2981 2663 3041 mari
2679 2986 2994 3063 navigantes
3024 2994 3125 3063 iam
3151 2981 3337 3063 procul
3361 2997 3391 3063 a_
3414 2981 3602 3063 littore
3634 2995 3759 3050 pos—

2186 3068 2311 3133 sunt
2341 3073 2537 3133 meare,
2574 3067 2628 3111 ut
2672 3052 2832 3133 illud'
2857 3073 2959 3133 nun
2992 3055 3243 3133 videant,
3276 3053 3346 3133 iia
3378 3052 3432 3133 hi
3461 3053 3555 3120 qui
3588 3066 3759 3132 scaeu-

2192 3128 2388 3183 laribus
2418 3130 2559 3183 curis
2603 3127 2684 3181 vel
2733 3128 3033 3181 carnalibus
3086 3124 3365 3179 desideriis
3392 3123 3757 3190 deserviunt,

2188 3198 2242 3253 in
2278 3197 2838 3276 tamam-negligentiae
2861 3196 3283 3276 profunditatem.
3297 3194 3483 3249 venire
3504 3206 3756 3276 possunt,

2188 3277 2248 3323 ut
2274 3285 2370 3323 nec
2398 3264 2775 3345 judicii'divini
2807 3264 3192 3345 recolant,_nec
3212 3264 3446 3345 siliquam
3474 3273 3759 3345 perpetua:

2192 3355 2362 3408 ptena:
2393 3333 2678 3415 vindictam
2709 3339 2949 3415 credant.
2973 3337 3124 3394 Unde
3145 3336 3396 3405 scripturn
3413 3333 3756 3415 est:1mpiu

2184 3426 2298 3464 cum
2332 3412 2514 3464 venerit
2545 3412 2597 3463 in
2627 3410 2939 3480 profundum
2966 3418 3326 3480 peccatorum,
3352 3410 3637 3480 contemnit.

2256 3480 2405 3535 Sient
2436 3482 2520 3558 leu
2546 3492 2599 3536 et
2628 3478 2784 3558 lupus
2842 3480 3123 3558 visiuiliter
3175 3478 3486 3533 insidiantur
3535 3479 3757 3558 anima-

2188 3550 2312 3605 lium
2359 3552 2603 3630 gregibus
2637 3592 2651 3617 ,
2688 3548 2772 3630 ita
2823 3562 2875 3606 et
2908 3551 3194 3630 diabolus,
3249 3562 3511 3630 quaerens
3546 3548 3758 3630 iugiter

2183 3637 2336 3691 quem
2368 3620 2588 3677 devoret
2615 3632 2670 3679 et
2698 3623 2760 3676 ad
2793 3624 3144 3691 perditionem
3176 3620 3367 3683 trahat,
3402 3620 3758 3691 invisibiliter

2184 3689 2460 3748 insidiatur
2484 3694 2691 3748 cunctis
2722 3689 2985 3748 fidelibus.
3023 3692 3174 3748 Unde
3202 3692 3462 3757 scriptum
3487 3700 3573 3744 est
3611 3710 3625 3743 :
3654 3689 3759 3744 So-

2182 3763 2276 3817 brii
2305 3774 2460 3818 estote
2487 3775 2534 3817 et
2571 3765 2792 3834 vigilate,
2821 3766 2941 3832 quia
2970 3764 3288 3817 adversarius
3316 3770 3483 3834 tester
3510 3762 3757 3815 diabolus

2182 3844 2423 3906 tanquam
2452 3838 2529 3889 leo
2560 3831 2761 3906 rugiens
2789 3831 2991 3898 circuit,
3022 3848 3250 3906 qutzreng
3273 3848 3417 3900 quem
3445 3831 3680 3906 deparci.

2251 3903 2401 3961 Sicut
2428 3903 2789 3975 regina'Saba
2822 3906 3045 3959 audiens
3097 3919 3168 3958 ex
3228 3904 3365 3975 fama
3421 3903 3756 3975 sapientiam

2178 3972 2509 4042 Salomonis,
2534 3978 2678 4031 venit
2706 3976 2771 4029 ad
2796 3989 2940 4040 eum,
2963 3984 3055 4039 et,
3085 3972 3391 4041 aliquandiu
3417 3973 3563 4041 apud
3599 3974 3758 4029 illum

2180 4061 2399 4101 manens
2426 4090 2482 4123 ,__
2507 4048 2672 4123 multo
2718 4044 2935 4115 majoris
2964 4047 3236 4123 sapienti-te
3262 4044 3487 4123 gloriam
3523 4044 3600 4097 ibi
3630 4045 3763 4123 vidit

2178 4132 2331 4186 quain
2360 4118 2728 4196 andimiamze
2780 4127 2934 4170 antea
2988 4118 3353 4196 percepisset;
3384 4118 3462 4167 sic
3489 4126 3546 4196 et
3572 4118 3759 4196 anima

2175 4203 2398 4257 quaeque
2431 4188 2622 4254 ﬁdelis,
2651 4202 2771 4242 cum
2797 4202 3052 4241 erroneus
3090 4187 3310 4241 affectus
3358 4187 3643 4257 corrigere
3673 4187 3760 4240 in-

2175 4255 2398 4326 cipiens,
2428 4269 2533 4312 tota
2555 4262 2749 4312 virtute
2771 4257 3067 4326 confugerit
3088 4258 3151 4310 ad
3176 4271 3355 4310 verum
3376 4255 3755 4323 Salomonem,

2178 4324 2337 4383 idest
2361 4328 2657 4394 Christum,
2712 4331 2883 4382 multo
2914 4324 3167 4396 majorem
3198 4328 3516 4395 sapientiam
3549 4337 3606 4383 et
3629 4343 3757 4398 gra-

2180 4403 2302 4453 tiam
2336 4399 2407 4455 ibi
2445 4401 2640 4455 sentiet
2665 4415 2825 4469 quam
2858 4398 2979 4453 ullis
3012 4401 3335 4468 scriptorum
3364 4399 3447 4453 vel
3478 4399 3757 4455 dictorum

2179 4470 2394 4525 indiciis
2424 4472 2492 4527 de
2518 4488 2582 4526 eo
2606 4470 2851 4525 audierit.

2248 4541 2400 4596 Sicut
2429 4556 2587 4596 nemo
2631 4549 2945 4596 construere
2990 4539 3090 4595 sibi
3122 4547 3299 4609 potest
3327 4538 3701 4594 habitaculum
3738 4580 3754 4605 ,

2175 4610 2276 4666 nisi
2310 4612 2457 4681 prius
2486 4613 2678 4667 habeat
2708 4611 2884 4665 locum
2913 4610 3147 4678 aliquem
3178 4610 3244 4664 ad
3280 4611 3710 4681 construendum
3738 4654 3751 4673 ,

2178 4682 2253 4736 ita
2294 4680 2452 4736 nemo
2478 4682 2677 4749 aliquid
2710 4681 2833 4734 boni
2858 4681 3036 4735 facere
3060 4682 3219 4745 valet,
3252 4680 3353 4735 nisi
3386 4682 3534 4749 prius
3558 4684 3755 4734 volun-

2176 4760 2336 4807 tatem
2388 4752 2581 4806 bonam
2622 4750 2930 4806 obtinuerit.
2965 4750 3115 4805 Unde
3154 4750 3351 4820 jugiter
3375 4750 3641 4805 orandum
3675 4761 3759 4805 est

2175 4832 2229 4878 et
2253 4823 2535 4877 dicendum
2569 4839 2583 4878 :
2615 4822 2715 4877 Cor
2759 4821 3005 4875 mundum
3035 4837 3150 4874 crea
3178 4824 3226 4875 in
3253 4838 3355 4887 me,
3387 4820 3545 4892 Deus,
3574 4831 3623 4874 et
3652 4825 3757 4892 spi-

2171 4896 2328 4947 ritum
2356 4906 2546 4947 rectum
2574 4895 2758 4948 innova
2781 4894 2833 4945 in
2854 4892 3124 4946 visceribus
3154 4893 3295 4945 meis.
3324 4892 3409 4956 Et,
3432 4892 3476 4945 0
3499 4891 3751 4958 Domine,

2171 4968 2241 5018 da
2272 4965 2397 5019 mihi
2433 4965 2559 5019 velle
2589 4965 2795 5027 bonum,
2828 4964 2957 5016 vires
2981 4964 3050 5015 ad
3074 4963 3462 5031 perﬁciendum.

2243 5034 2396 5114 Sicut
2427 5038 2597 5114 pisces
2624 5048 2893 5114 nuuquam
2912 5041 3117 5114 sponte
3146 5047 3241 5114 sua
3271 5074 3287 5100 ,
3319 5034 3413 5114 sed
3462 5033 3753 5114 piscatoris

2179 5106 2517 5160 solummodo
2545 5117 2661 5160 arte
2688 5106 2863 5173 aliqua
2893 5103 3127 5172 decepti,
3153 5104 3220 5157 ab
3272 5104 3423 5173 aquis
3467 5103 3611 5171 capti
3639 5114 3755 5160 trao

2174 5178 2371 5231 buntur
2397 5216 2413 5238 ,
2466 5178 2535 5230 ita
2587 5177 2744 5231 etiam
2777 5188 2962 5228 omnes
2991 5174 3059 5227 ad
3088 5176 3248 5229 vitam
3303 5182 3557 5229 aeternam
3601 5189 3752 5243 pra:-

2174 5246 2446 5313 destinati,
2475 5263 2500 5299 a
2532 5246 2811 5301 mundanis
2851 5244 3098 5299 ﬂuctibus
3130 5246 3241 5298 sola
3271 5244 3363 5300 Dei
3390 5246 3559 5312 gratia
3590 5246 3752 5313 quasi

2173 5319 2405 5386 quodam
2431 5328 2543 5372 rete
2572 5318 2708 5384 capti
2743 5318 3054 5371 liberantur.
3072 5316 3128 5369 In
3152 5314 3613 5386 huiusmodienitn
3630 5326 3754 5372 rete

2173 5384 2355 5442 nullus
2386 5397 2579 5456 sponte
2607 5403 2702 5441 sua
2726 5388 3017 5456 ingreditur
3038 5427 3054 5450 ,
3086 5385 3180 5440 sed
3211 5384 3387 5456 aliqua
3411 5386 3605 5439 divinae
3631 5388 3753 5454 pie-

2174 5460 2295 5512 tatis
2321 5459 2717 5523 dispensatione
2744 5474 2883 5512 nunc
2906 5458 3116 5526 quidem
3142 5471 3236 5525 per
3266 5471 3538 5525 prospera,
3572 5458 3751 5526 inter-

2170 5528 2294 5581 dum
2330 5546 2457 5583 vero
2505 5545 2598 5597 per
2627 5529 2852 5583 adversa
2877 5525 3121 5592 vocatus,
3146 5528 3544 5597 illucﬂtrahitur.
3586 5525 3747 5581 Unde

2174 5598 2426 5652 Dominus
2455 5596 2637 5652 noster
2664 5600 2713 5651 in
2740 5599 3029 5666 Evangelio
3051 5598 3179 5653 dicit
3211 5615 3225 5651 :
3255 5596 3422 5653 Nemo
3450 5605 3617 5667 potest
3647 5612 3745 5651 ve-

2169 5670 2279 5723 nire
2299 5671 2367 5721 ad
2389 5670 2601 5737 me,nisi
2619 5668 2777 5723 Pater
2798 5686 2956 5735 meus,
2976 5671 3070 5740 qui
3086 5671 3223 5724 misit
3242 5684 3341 5735 me,
3368 5673 3579 5740 tradem
3602 5682 3750 5724 eum.

2240 5740 2393 5800 Sicut
2448 5742 2779 5800 immensitas
2826 5750 2880 5799 et
2956 5739 3289 5813 profunditas
3344 5739 3750 5816 maris_ncquit
