4006 6364
778 324 783 327 .
808 289 821 315 Ι
898 288 899 291 Ἰ

238 314 376 404 ωε

1274 310 1339 367 ΙΝ
1380 308 1705 369 PSALMUM
1744 308 1835 368 LII
1870 309 2429 370 COMMENTARIUS.

238 428 522 508 exhauriri
549 442 613 485 ac
635 426 983 508 perscrutari,
998 426 1081 508 ita
1101 425 1505 508 judiciadivina
1534 436 1807 508 nequeunt
1830 430 1883 492 Δ
1911 427 2045 485 festa
2073 428 2382 508 suajudicia
2407 428 2676 508 sapienter
2698 432 2751 508 et
2772 416 3192 508 justo-disponit,
3220 404 3472 490 eamdem

239 516 463 575 prorsus
480 495 805 575 investigari.
824 495 1275 575 UndeiifSalmista
1294 498 1422 575 dicit
1444 495 1677 575 :Judic’ia
1694 509 1802 575 tua,

241 568 485 642 Domine,
509 568 723 642 abyssus
749 573 931 625 multa.
969 570 1101 625 ilinc
1124 577 1190 642 et
1205 568 1396 642 Paulus
1418 570 1689 642 apostolus
1719 568 1803 626 di;

242 645 345 700 cit:
367 641 412 696 0
429 639 646 697 altitudo
662 642 956 695 divitiarum
978 640 1238 709 sapientia:
1258 649 1307 692 et
1327 640 1546 694 scientiis
1567 639 1685 694 Dei!
1696 650 1801 698 etc.

318 714 466 770 Sicut
499 714 551 768 in
584 722 823 781 tempore
860 712 984 767 belli
1019 710 1185 765 multo
1212 711 1414 781 majori
1456 712 1679 781 militum
1709 728 1805 765 nu-

250 799 403 840 rnero
452 800 626 854 quam,
654 780 705 836 in
738 796 866 852 pace
893 796 1025 851 opus
1048 790 1129 836 est
1157 780 1222 835 ad
1253 781 1606 854 resistendum
1636 780 1803 836 hosti-

240 855 368 919 bus,
394 851 837 923 ita’amplioribus
865 854 1120 906 virtutum
1145 851 1337 905 studiis
1360 852 1670 923 certandum
1700 864 1800 919 est,

238 926 459 996 quando
488 926 567 980 vel
584 921 909 996 generaliter
936 923 1173 996 Ecclesia
1200 930 1406 996 sancta
1427 921 1676 996 nequitiis
1697 925 1805 996 spi-

241 992 528 1051 ritualibus
559 997 678 1064 plus
724 995 1009 1063 fatigatur,
1057 994 1142 1049 vel
1195 992 1496 1062 specialiter
1542 993 1804 1063 quispiam

238 1066 539 1121 acrioribus
567 1068 814 1120 vitiorum
845 1065 1127 1121 incentivis
1159 1068 1517 1130 impugnatur.

312 1136 464 1193 Sicut
490 1151 585 1205 per
609 1135 877 1191 stillicidia
908 1146 1167 1205 tectorum
1190 1135 1665 1205 pravissimaitecta
1695 1136 1800 1192 nisi

236 1203 571 1274 reficiantur,
602 1207 855 1275 paulatim
885 1220 1103 1275 prorsus
1141 1204 1443 1259 dilabuntur
1464 1243 1480 1271 ,
1510 1203 1580 1259 ita
1609 1206 1801 1263 animas

235 1279 527 1347 negligenti
554 1278 757 1334 evenit.
786 1277 842 1331 ln
868 1278 1056 1345 primis
1078 1276 1218 1329 enim
1243 1275 1389 1329 velut
1418 1276 1801 1347 minutaque:—

232 1346 361 1403 dam
392 1346 662 1403 stillicidia
694 1346 1028 1417 negligentia:
1060 1359 1121 1400 ea
1162 1356 1506 1417 corrumpunt
1535 1386 1551 1410 ,
1608 1346 1803 1417 deinde

239 1421 411 1488 magis
425 1433 485 1473 ac
503 1420 670 1487 magis
692 1418 927 1472 moribus
950 1432 1044 1488 per
1075 1416 1330 1488 incuriam
1357 1416 1576 1488 dilapsis
1602 1416 1801 1473 imbres

241 1485 531 1571 largissimi
591 1485 844 1571 vitiorum
894 1487 1139 1571 inﬂuunt.
1174 1485 1630 1571 Unde‘scriptum
1670 1496 1753 1543 est
1785 1506 1797 1541 :

247 1557 354 1627 Qui
380 1561 581 1614 modica
617 1560 828 1628 spernit,
885 1557 1378 1629 pautatimdecidet.

317 1630 467 1686 Sicut
516 1627 737 1698 granum
783 1627 1055 1696 quodlibet
1100 1628 1245 1681 varia
1304 1627 1490 1683 tritura
1539 1627 1804 1685 excutitur

240 1713 276 1754 ι
304 1701 493 1769 paleis,
528 1701 597 1755 ita
624 1709 677 1755 et
709 1699 875 1754 fidelis
902 1699 1101 1769 anima,
1127 1712 1246 1766 qua:
1274 1698 1411 1752 intra
1436 1713 1631 1768 corpus
1660 1702 1802 1755 velut

1903 515 2120 624 suoque
2167 498 2426 568 justitiam
2457 501 2507 554 in
2540 500 2762 554 secretis
2814 498 3031 568 judiciis
3074 513 3327 556 exercere
3359 517 3476 559 cre-

1945 572 2065 624 itur.
2096 572 2168 624 ita
2194 581 2249 624 et
2279 572 2418 624 Deus
2447 570 2784 624 omnipotens
2833 584 2925 624 per
2972 569 3305 624 manifestam
3338 571 3475 624 iudi-

1945 572 2065 635 itur,
2096 572 2168 625 ita
2194 581 2249 626 et
2279 572 2418 625 Deus
2447 570 2784 638 omnipotens
2833 584 2925 638 per
2972 569 3305 627 manifestam
3331 571 3475 640 judi-

1902 640 2109 716 ciorurn
2161 656 2379 716 suorum
2407 641 2741 716 _acquitatem
2775 649 2966 716 cuncta
2995 654 3113 709 quae
3144 643 3350 698 occulte
3383 642 3475 716 ju-

1901 712 2062 777 dicat,
2087 712 2379 781 justissima
2399 712 2640 780 judicare
2664 711 2962 766 credendus
2988 720 3089 766 est.

1979 782 2129 839 Sicut
2158 784 2347 839 melius
2374 784 2603 838 dulcedo
2630 784 2885 844 nescitur,
2938 781 3039 836 nisi
3070 781 3266 851 aliquid
3291 793 3472 853 guste.

1904 863 2011 919 tur,
2058 854 2130 908 ita
2178 854 2568 909 inaestimabilis
2608 853 2802 909 divinae
2834 853 3043 921 pietatis
3087 853 3314 907 suavitas
3343 857 3471 912 sciri

1902 924 1991 979 vel
2042 926 2188 980 credi
2237 925 2443 995 nequit,
2490 924 2592 995 nisi
2648 938 2740 992 per
2774 924 3216 995 experimentum
3257 924 3475 994 aliquod

1902 1004 2161 1065 gustetur.
2200 992 2349 1053 Unde
2402 993 2681 1067 Psalmista
2732 994 2901 1051 dicit:
2930 992 3143 1048 Gustate
3171 1002 3220 1049 et
3263 992 3424 1052 videte
3447 1039 3463 1067 ,

1900 1063 2147 1135 quoniam
2178 1068 2345 1121 suavis
2376 1074 2448 1120 est
2480 1063 2755 1121 Dominus.

1971 1136 2121 1192 Sicut
2167 1152 2261 1191 vas
2334 1136 2604 1203 quodlibet
2654 1138 2864 1205 plenum
2930 1149 3266 1205 nequaquam
3323 1136 3466 1191 aliud

1902 1209 2025 1271 quid
2055 1221 2245 1275 capere
2274 1208 2432 1272 valet,
2486 1206 2585 1261 nisi
2627 1207 2773 1275 prius
2811 1206 3089 1262 emittatur
3125 1206 3266 1275 quod
3309 1205 3359 1260 in
3409 1222 3468 1263 se

1902 1276 2155 1346 habebat,
2183 1278 2253 1332 ita
2282 1280 2456 1332 anima
2484 1277 2627 1331 vitiis
2666 1279 2840 1345 plena,
2886 1278 2985 1331 nisi
3026 1292 3121 1345 per
3164 1276 3462 1331 confessio-

1903 1363 2022 1403 nem
2050 1358 2100 1402 et
2125 1349 2490 1415 paenitentiam
2517 1347 2703 1401 eadem
2727 1350 2947 1416 ejecerit
2969 1348 3118 1415 vitia,
3145 1346 3455 1403 nullatenus

1902 1419 1954 1472 in
1985 1432 2103 1473 eam
2135 1419 2351 1474 intrabit
2377 1420 2547 1473 sancti
2586 1417 2817 1485 Spiritus
2848 1418 3037 1487 gratia.

1974 1488 2121 1545 Sicut
2150 1491 2202 1544 in
2233 1491 2360 1544 solis
2389 1489 2537 1545 radio
2569 1503 2663 1557 per
2694 1488 2981 1544 fenestram
3014 1488 3251 1545 immisso
3302 1490 3460 1546 innu-

1901 1561 2191 1616 merabiles
2229 1561 2390 1615 atomi
2449 1559 2738 1627 videntur,
2791 1559 2880 1627 qui
2930 1558 3085 1613 aliter
3128 1561 3298 1615 videri
3367 1577 3467 1617 ne-

1903 1640 2125 1699 queunt,
2157 1631 2229 1685 ita
2277 1639 2331 1685 et
2382 1630 2541 1684 homo
2577 1629 2668 1683 Dei
2706 1629 2875 1697 gratia
2908 1629 3474 1699 illustratusjnnume-

1901 1702 2087 1757 rabilia
2129 1702 2183 1757 in
2234 1715 2293 1756 se
2338 1709 2567 1771 peccata
2585 1701 2845 1769 agnoscit,
2880 1714 2997 1771 quae
3027 1711 3191 1759 antea
3213 1701 3469 1760 latebant.

312 1768 631 1853 anum'iiitra
660 1770 842 1853 paieas
872 1768 1173 1853 contegitur
1198 1770 1409 1853 ,__variis
1440 1768 1792 1853 ti‘ibtilationi-
1828 1790 1878 1853 Β
1902 1771 2065 1853 15am"
2094 1772 2219 1827 licet
2265 1786 2294 1825 s
2340 1768 2655 1853 capitalibus
2690 1784 2764 1853 “se
2815 1768 3101 1853 abstineat,
3130 1772 3270 1853 quod
3296 1775 3467 1853 etiam

283 1855 412 1895 usa
450 1842 613 1910 paleis
656 1838 901 1895 vitiorum
949 1846 1032 1895 est
1069 1839 1410 1910 excutienda.
1462 1838 1615 1895 Unde
1669 1842 1800 1897 scri-

237 1922 389 1992 ptum
419 1909 500 1967 est
531 1910 682 1992 :_l’er
706 1911 894 1965 multas
924 1909 1273 1965 tribulationes
1294 1919 1489 1979 Oportet
1506 1927 1595 1964 nos
1610 1912 1802 1968 intrare

237 1981 293 2035 in
314 1999 526 2052 regnum
550 1981 665 2037 Dei.

315 2049 463 2108 Sicut
486 2053 650 2106 lutum
674 2051 725 2107 in
752 2066 913 2107 manu
936 2050 1080 2121 liguli
1108 2059 1208 2123 est,
1233 2058 1292 2105 ut
1322 2050 1477 2106 faciat
1494 2049 1619 2108 inde
1644 2052 1803 2123 quale

238 2138 335 2177 vas
377 2123 608 2179 voluerit
640 2161 657 2189 ,
709 2124 788 2179 sic
828 2132 883 2177 et
925 2136 1114 2176 omnes
1144 2121 1386 2176 homines
1434 2124 1485 2175 in
1518 2121 1676 2178 manu
1704 2122 1801 2178 Dei

240 2204 388 2249 sunt.
418 2194 801 2263 Quemcunque
826 2192 934 2246 vult
958 2192 1115 2263 eligit
1132 2191 1197 2247 ad
1227 2193 1473 2263 gratiam,
1508 2208 1664 2262 quem
1691 2196 1803 2249 vult

237 2263 455 2319 dimittit
483 2266 548 2319 ad
572 2261 728 2319 iram;
754 2263 904 2319 Unde
934 2264 1047 2329 ipse
1070 2261 1196 2333 dicit
1222 2261 1289 2316 ad
1311 2261 1560 2333 Moysen:
1589 2263 1801 2319 Misere-

239 2334 332 2389 bor
354 2339 434 2388 cui
461 2336 687 2400 votuero,
710 2345 754 2389 et
775 2336 990 2388 clemens
1013 2347 1097 2385 ero
1124 2332 1191 2404 in,
1206 2348 1353 2399 quem
1383 2332 1507 2404 mihi
1528 2335 1799 2404 placuerit.

314 2406 462 2462 Sicut
490 2407 543 2460 in
574 2407 748 2474 capite
786 2412 1033 2459 constant
1079 2402 1217 2456 oculi
1247 2402 1610 2474 omnium,ita
1636 2408 1799 2461 etiam

236 2476 293 2532 in
324 2476 559 2541 Christo,
607 2473 699 2543 qui
754 2483 837 2530 est
887 2484 1047 2542 caput
1092 2473 1331 2543 corporis
1364 2473 1640 2540 Ecclesiae,
1671 2490 1802 2531 con-

237 2549 433 2601 sistere
453 2547 613 2601 debet
627 2542 806 2600 omnis
831 2544 1055 2598 intentio
1083 2542 1340 2598 fidelium.
1374 2544 1523 2599 Unde
1546 2548 1798 2603 Salomon

235 2618 367 2671 dicit
408 2636 420 2670 :
457 2616 714 2685 Sapientis
744 2615 879 2670 oculi
910 2616 961 2667 in
993 2615 1158 2686 capite
1187 2616 1319 2686 ejus.
1353 2615 1513 2680 Quasi
1547 2616 1748 2673 diceret
1784 2636 1796 2671 :

235 2686 439 2741 Fidelis
469 2686 737 2759 cujuslibet
730 2684 1141 2759 _in_t_entioid_ebet
1170 2684 1356 2759 essein
1384 2687 1547 2759 capite
1578 2704 1672 2741 suo
1699 2730 1715 2754 ,
1748 2689 1798 2743 id

238 2768 345 2824 est,
379 2758 432 2812 in
462 2755 699 2814 Uliri5to.
729 2755 946 2811 Talibus
982 2757 1140 2825 igitur
1169 2755 1606 2812 similitudinibus
1630 2773 1801 2813 unus-

234 2830 459 2901 quisque
510 2829 815 2901 intelligens
863 2840 925 2901 ac
971 2825 1250 2901 requirens
1281 2826 1485 2901 Deum,
1520 2827 1589 2901 ita
1624 2838 1799 2897 potest

236 2896 455 2966 instrui,
484 2909 540 2953 ut
567 2914 688 2953 cum
718 2899 770 2952 in
802 2897 957 2951 terris
989 2896 1060 2950 sit
1082 2911 1325 2964 corpore,
1386 2896 1633 2952 caelestia
1670 2913 1799 2953 con-

237 2970 527 3039 templetur
551 2970 741 3039 spiritu
772 2977 829 3039 et
844 2975 1057 3039 mente,
1089 2974 1145 3019 ut
1172 2976 1345 3039 autem
1370 2967 1434 3039 ad
1467 2967 1568 3039 hoc
1590 2969 1795 3027 facilius

244 3036 541 3095 instruatur
572 3036 598 3105 ,⁷
616 3039 745 3094 libet
772 3037 945 3091 adhuc
988 3036 1196 3104 aliquas
1248 3036 1623 3093 similitudines
1670 3054 1798 3095 sen-

236 3112 415 3167 tentia:
439 3110 889 3178 hrcvioris,quam
912 3107 1154 3178 superius
1180 3107 1409 3174 prolatas
1435 3107 1651 3175 addere,
1670 3110 1793 3178 quia

233 3190 289 3236 et
348 3183 449 3237 hoc
495 3182 608 3251 ipse
645 3177 937 3251 aediﬁcandi
966 3177 1097 3251 ordo
1144 3177 1327 3248 exigit,
1356 3179 1493 3233 utin
1522 3177 1796 3237 altitudine

234 3252 471 3307 minores
500 3247 655 3320 quam
684 3252 735 3305 in
763 3251 871 3320 imo
896 3247 1095 3320 lapides
1121 3247 1407 3317 ponantur.

306 3322 455 3379 Sicut
474 3318 531 3377 iri
547 3336 700 3375 muro
726 3318 1039 3373 aediﬁcando
1061 3327 1113 3372 et
1139 3320 1282 3385 parvi
1311 3327 1365 3371 et
1388 3319 1561 3387 magni
1595 3318 1795 3386 lapides

232 3400 525 3462 ponuntur,
544 3393 612 3445 ita
636 3391 687 3444 in
710 3388 1182 3462 sancta}_Ecclesim
1202 3387 1481 3462 aedilicium
1504 3397 1609 3462 tam
1628 3394 1795 3443 mino-

232 3457 310 3519 iis
325 3478 481 3530 quam
498 3462 711 3532 majoris
728 3458 902 3532 meriti
918 3458 1200 3532 hominesa
1214 3457 1437 3532 Domino
1452 3457 1790 3532 colliguntur.

306 3526 457 3588 Sicut
484 3526 625 3588 scala
654 3530 860 3585 duobus
889 3528 1103 3596 quidem
1136 3527 1290 3596 lignis
1318 3526 1369 3580 in
1402 3526 1640 3597 longum,
1674 3530 1796 3597 plu.

233 3602 385 3660 ribus
430 3618 555 3658 vero
604 3604 656 3656 in
706 3611 1063 3654 transversum
1111 3606 1382 3663 compacta
1427 3598 1701 3653 scanditur
1742 3601 1791 3653 in

233 3675 418 3739 altum,
469 3675 540 3727 ita
584 3671 795 3743 gemina
838 3668 1118 3743 dilectione
1166 3668 1261 3743 Dei
1305 3676 1360 3723 et
1418 3668 1693 3743 proximi,
1738 3670 1789 3724 in

232 3738 409 3813 quam
447 3738 656 3797 caeteras
697 3742 922 3813 virtutes
975 3738 1273 3794 inserenda:
1320 3748 1466 3804 sunt,
1502 3740 1793 3795 ascendere

234 3827 517 3883 possumus
545 3814 597 3866 ln
620 3812 836 3867 caelum.

313 3885 460 3939 Sicut
507 3883 754 3953 splendor
799 3880 927 3953 solis
973 3892 1188 3953 omnem
1218 3878 1284 3932 ad
1317 3879 1447 3953 lucis
1474 3894 1584 3953 suae
1614 3880 1791 3953 radios

235 3949 671 4009 venientem'nou
700 3952 931 4021 repellit,
952 3951 1045 4021 sed
1075 3950 1325 4021 illustrat,
1360 3950 1429 4003 ita
1457 3958 1509 4004 et
1546 3949 1793 4008 Salvator

240 4033 424 4078 noster
449 4038 635 4078 omnes
678 4020 850 4078 ad’se
900 4020 1171 4075 venientes
1214 4020 1503 4074 clementer
1545 4022 1789 4089 suscipit,

234 4092 421 4148 dicens
450 4110 465 4148 :
502 4093 676 4147 Venite
701 4094 768 4145 ad
796 4108 895 4157 me,
940 4106 1111 4145 omnes
1132 4091 1217 4159 qui
1253 4091 1499 4144 laboratis
1529 4100 1573 4145 et
1600 4094 1793 4147 onerati

234 4163 376 4235 estis,
408 4172 454 4218 et
482 4180 571 4235 ego
593 4165 814 4234 reﬁciam
838 4177 943 4215 vos.

310 4233 461 4288 Sicut
486 4232 603 4303 equi
634 4232 832 4304 absque
862 4239 1069 4287 rectore
1092 4242 1389 4304 currentes,
1418 4232 1469 4286 in
1502 4232 1788 4303 pracipitia

237 4314 419 4368 ruunt,
440 4306 507 4358 ita
532 4303 901 4373 etcorporalcs
922 4318 1115 4358 sensus
1138 4304 1251 4357 sine
1277 4303 1480 4357 ratione
1498 4313 1550 4357 et
1570 4305 1792 4373 imperio

235 4373 427 4428 animae
452 4376 503 4427 in
531 4389 684 4428 suum
713 4374 950 4428 feruntur
990 4374 1280 4429 interitum.
1310 4374 1457 4427 Unlle
1511 4374 1787 4428 Psalmista

234 4445 490 4499 admouet
511 4458 607 4496 nos
631 4442 811 4496 dicens
830 4459 846 4495 :
865 4441 1039 4496 Nolite
1060 4444 1171 4507 fieri
1195 4444 1321 4494 sicut
1342 4459 1495 4510 equus
1514 4452 1559 4495 et
1592 4444 1785 4498 titulus.

307 4486 607 4569 ξ’ιῖιῖιῖίὲἄῖ
628 4486 1495 4580 amisissemusuastata;
1512 4486 1785 4580 auara:
1818 4486 1873 4547 Ι)

238 4584 455 4639 luntatis
479 4597 590 4637 suae
620 4582 873 4646 impetum
905 4581 1203 4650 prmeipitcs
1228 4580 1546 4647 discurrant,
1576 4584 1647 4637 ita
1683 4583 1783 4638 ho-

237 4656 410 4711 mines
454 4650 661 4723 plurimi
692 4651 900 4723 llagello
938 4652 1031 4723 Dei
1069 4650 1531 4723 refrenantur,ne
1548 4654 1789 4709 stultitia:

244 4733 299 4779 et
327 4721 540 4778 malitia:
563 4737 673 4777 sua:
694 4732 811 4775 vota
835 4721 1053 4790 implere
1082 4722 1303 4789 possint.
1336 4721 1483 4777 Unde
1506 4721 1785 4779 Psalmista

240 4796 407 4849 Deum
439 4793 645 4848 invocat
664 4794 846 4847 dicens
873 4808 889 4846 :
912 4792 980 4845 In
1007 4807 1148 4845 como
1183 4802 1231 4845 et
1260 4795 1405 4861 freno
1427 4792 1668 4848 maxillas
1694 4811 1783 4848 eo-

238 4881 349 4918 rum
376 4866 683 4934 constringe.

312 4937 459 4989 Sicut
513 4931 707 4988 lunaris
752 4931 1003 5000 splend‘or
1050 4934 1103 4987 in
1151 4932 1549 5001 comparatione
1595 4934 1789 4989 solaris

245 5004 374 5059 nihil
406 5003 528 5069 erit,
557 5005 632 5058 sic
660 5006 831 5058 omnis
861 5004 1109 5058 Ecclesia:
1150 5005 1401 5057 sanctitas
1441 5002 1635 5058 divinae
1663 5019 1789 5058 san-

237 5074 410 5131 ctitati
456 5083 778 5141 comparata,
812 5077 1094 5128 evanescit.
1128 5074 1277 5129 Unde
1328 5074 1582 5127 Dominus
1604 5074 1733 5129 dicit
1770 5093 1781 5127 :

241 5144 409 5200 Nemo
434 5143 588 5197 bonas
614 5145 710 5197 nisi
738 5144 875 5197 solus
910 5143 1066 5197 Deus.
1106 5145 1264 5210 Quasi
1295 5144 1494 5198 diceret
1527 5162 1540 5196 :
1566 5144 1787 5199 Conver-

241 5216 406 5269 timini
428 5215 493 5266 ad
527 5213 690 5266 Deum
726 5215 779 5265 in
803 5223 907 5267 toto
931 5214 1083 5285 corde
1109 5224 1293 5280 vestro,
1324 5222 1381 5267 ut
1408 5216 1631 5280 probare
1657 5229 1785 5285 pos-

238 5286 359 5343 sitis
397 5298 553 5353 quani
586 5286 699 5351 pius
721 5287 791 5338 sit
816 5283 1059 5336 omnibus
1086 5287 1151 5336 ad
1178 5298 1237 5338 se
1260 5286 1549 5338 conversis.

312 5355 459 5411 Sicut
488 5355 626 5407 melli
653 5355 879 5423 plurimo
904 5367 1083 5421 parum
1114 5354 1360 5407 absinthii
1407 5353 1662 5421 injectum
1694 5370 1789 5411 ve-

239 5426 411 5483 locem
438 5425 839 5480 amaritudinem
870 5424 1065 5489 tradit,
1099 5424 1272 5477 mellis
1300 5438 1425 5477 vero
1452 5424 1660 5479 etiamsi
1688 5426 1791 5481 du-

239 5498 383 5567 plum
424 5495 682 5563 injiciatur
706 5494 970 5567 absinthio
991 5533 1007 5559 ,
1055 5508 1158 5567 non
1192 5494 1384 5567 poterit
1411 5494 1640 5567 obtineri
1671 5496 1789 5567 ejus

238 5564 482 5630 dulcedo,
518 5567 584 5616 ita
617 5582 772 5629 parva
804 5564 1016 5616 malitiae
1068 5564 1292 5617 scintilla
1345 5564 1563 5616 multum
1605 5564 1789 5627 polluit

240 5640 458 5695 bonum.
512 5633 660 5687 Unde
696 5635 964 5704 scriptum
1007 5645 1085 5687 eat
1130 5650 1145 5687 :
1199 5634 1301 5700 Qui
1341 5636 1391 5686 in
1426 5650 1525 5686 uno
1553 5634 1787 5704 offendit,

240 5708 398 5761 multa
432 5707 560 5759 bona
580 5703 762 5773 perdit.

312 5779 462 5833 Sicut
489 5787 663 5832 rector
690 5775 912 5846 quilibet
938 5775 1146 5845 sapiens
1170 5815 1184 5844 ,
1209 5789 1303 5845 per
1334 5777 1434 5833 hoc
1460 5776 1600 5848 quod
1623 5778 1786 5835 mani-

1904 1842 2151 1898 fidelibus
2200 1840 2421 1897 cunctis'
2455 1840 2801 1895 annitendum
2846 1851 2969 1904 est,
3026 1840 3243 1896 minutis
3290 1851 3467 1897 tamen

1913 1914 2389 1968 innumerabilibus
2418 1925 2600 1966 carere
2626 1911 2824 1979 nequit.
2858 1909 3009 1966 Unde
3057 1914 3311 1981 scriptum
3339 1922 3423 1968 est
3452 1930 3466 1968 :

1914 1982 1981 2037 In
2011 1983 2185 2037 multis
2214 1982 2517 2049 oﬂ'endimus
2548 1997 2739 2035 omnes.

1974 2054 2120 2109 Sicut
2164 2068 2289 2108 esca
2329 2052 2477 2121 juxta
2526 2051 2847 2123 qualitatem
2874 2049 3205 2123 infirmorum
3251 2068 3459 2123 praepa-

1904 2126 2067 2179 randa
2096 2134 2197 2189 est,
2220 2125 2291 2177 ita
2315 2120 2369 2177 et
2389 2121 2799 2177 consuetudines
2823 2120 3054 2175 ﬁdelium
3088 2130 3232 2176 tanta
3252 2120 3462 2179 disere-

1910 2197 2055 2249 tione
2084 2192 2379 2250 statuendus
2406 2202 2550 2260 sunt,
2580 2199 2638 2247 ut
2667 2193 2969 2247 nullatenus
3012 2192 3065 2245 hi
3094 2194 3180 2261 qui
3213 2194 3352 2247 inter
3373 2208 3469 2249 eos

1908 2265 2221 2320 inﬁrmitate
2256 2264 2516 2333 spirituali
2565 2262 2888 2325 detinentur,
2919 2262 3000 2316 vel
3029 2271 3245 2333 propter
3276 2264 3467 2318 lenita-

1902 2342 2011 2390 tem
2059 2332 2363 2405 torpescant
2388 2378 2402 2401 ,
2443 2334 2768 2405 velpropter
2794 2333 3154 2388 austeritatem
3197 2332 3471 2395 deﬁciant.

1902 2403 2159 2475 Superbia
2188 2406 2329 2461 enim
2353 2414 2407 2460 et
2430 2403 2819 2475 negligentibus
2845 2417 2979 2475 opus
3006 2412 3090 2459 est
3117 2406 3429 2461 austeritate
3450 2450 3463 2473 ,

1906 2473 2253 2544 puSillanimis
2282 2483 2408 2529 vero
2431 2485 2485 2530 et
2507 2473 2843 2541 simplicibus
2870 2473 3110 2529 lenitate.

1977 2549 2125 2602 Sicut
2149 2546 2357 2614 plurimi
2381 2548 2484 2601 cibi
2519 2544 2649 2599 nihil
2700 2552 2924 2613 prosunt
2965 2544 3166 2667 absgue
3212 2544 3346 2611 sale,
3396 2547 3468 2601 ita

1977 2632 2090 2667 mes
2135 2618 2357 2667 virtutes
2396 2616 2594 2667 absone
2646 2614 2926 2667 charitate.
2979 2613 3057 2667 Un
3100 2630 3130 2667 e
3169 2615 3462 2667 Apostolus

1902 2631 2090 2673 omnes
2135 2613 2357 2672 virtutes
2396 2616 2594 2684 absque
2646 2614 2926 2669 charitate.
2979 2613 3130 2670 Unde
3169 2615 3462 2684 Apostolus

1901 2687 2028 2743 dicit
2055 2706 2067 2741 :
2094 2688 2151 2742 Si
2181 2689 2440 2741 tradidero
2467 2687 2521 2739 in
2542 2685 2677 2739 cibos
2704 2700 2982 2755 pauperum
3000 2700 3170 2740 omnes
3191 2687 3467 2755 facultates

1904 2774 2059 2823 meas,
2093 2768 2140 2811 et
2166 2759 2208 2812 si
2229 2758 2484 2811 tradidero
2510 2772 2696 2823 corpus
2723 2771 2890 2809 meum
2916 2764 2971 2809 ut
2998 2757 3206 2824 ardeat,
3232 2757 3461 2811 charita-

1902 2837 2000 2883 tem
2028 2837 2196 2882 autem
2225 2845 2323 2882 non
2346 2827 2586 2887 habuero.
2619 2826 2749 2879 nihil
2778 2824 2902 2896 mihi
2927 2828 3156 2896 prodest.

1972 2899 2121 2954 Sicut
2146 2914 2341 2962 corpus
2367 2896 2628 2966 corporali
2659 2896 2801 2966 cibo,
2849 2895 3170 2966 ita'spiritus
3201 2896 3465 2966 spirituali

1903 2969 2220 3023 reficiendus
2242 2978 2346 3033 est,
2374 2969 2426 3021 id
2447 2964 2548 3037 est,
2574 2964 3039 3037 jejuniis,vigiliis,
3071 2964 3466 3037 virtutibusque

1903 3041 2132 3094 caeteris.
2170 3039 2319 3093 Unde
2348 3035 2600 3091 Dominus
2651 3045 2833 3091 noster
2855 3037 2926 3106 in
2974 3036 3263 3106 Evangelio
3291 3035 3418 3094 dicit
3448 3056 3463 3094 :

1904 3107 2030 3163 Non
2057 3110 2110 3162 in
2136 3110 2243 3163 solo
2268 3124 2397 3179 pane
2422 3108 2537 3179 vivit
2567 3107 2739 3171 homo,
2773 3104 2862 3159 sed
2891 3105 2942 3158 in
2968 3106 3106 3159 omni
3126 3104 3283 3161 uerbo
3329 3111 3467 3179 quod

1899 3181 2122 3249 procedit
2153 3180 2212 3231 de
2242 3175 2326 3249 ore
2355 3175 2470 3230 Dei.
2666 3243 2677 3249 _
2807 3244 2818 3249 _
2880 3244 2933 3249 Η
3052 3246 3061 3249 Α
3117 3246 3131 3249 _
3341 3175 3350 3179 '
3444 3214 3448 3219 .

1968 3249 2118 3304 Sicut
2159 3248 2371 3313 mulier,
2419 3260 2538 3300 cum
2568 3243 2723 3313 parit,
2755 3244 3021 3299 tristitiam
3050 3246 3203 3301 habet
3232 3288 3248 3315 ,
3278 3257 3460 3315 postea

1901 3332 2035 3399 vero
2047 3319 2127 3399 de
2166 3318 2311 3399 prole
2358 3326 2477 3399 naia
2507 3317 2743 3399 gaudet,‘
2775 3315 3084 3399 ita.omnes
3127 3332 3226 3399 pro
3262 3330 3460 3399 aeterna

1899 3386 2479 3443 felicitate'obtinenda
2506 3387 2831 3451 laborantes,
2864 3386 2915 3439 in
2960 3386 3061 3443 hac
3091 3386 3193 3441 vita
3236 3390 3467 3446 contris-

1898 3466 2078 3529 tantur
2104 3467 2157 3514 et
2184 3466 2429 3529 gemunt,
2485 3455 2820 3529 postmodum
2853 3471 2982 3529 vero
3014 3473 3223 3529 semper
3267 3460 3467 3529 gaude-

1898 3528 2048 3600 bunt.
2081 3526 2513 3600 UndeDominus
2540 3527 2694 3582 dicit:
2717 3526 2865 3581 Beati
2892 3529 2978 3597 qui
3004 3526 3193 3600 lugent,
3225 3526 3464 3600 quoniam

1896 3598 1996 3669 ipsi
2029 3599 2439 3654 consolabuntur.

1970 3670 2118 3726 Sicut
2166 3670 2358 3741 gallina
2401 3677 2687 3741 congregat
2730 3668 2900 3737 pullos
2951 3683 3077 3725 suos
3120 3673 3219 3727 sub
3249 3672 3382 3740 alas,
3407 3684 3465 3729 ut

1904 3753 1998 3795 eos
2025 3739 2285 3814 protegat,
2308 3740 2382 3793 ita
2405 3739 2495 3814 Dei
2511 3740 2678 3814 graiia
2703 3753 2895 3814 onines
2921 3740 2986 3794 ad
3014 3756 3072 3814 s_e
3094 3739 3463 3814 confugientes

1897 3812 2073 3883 operit
2114 3822 2171 3883 et
2189 3809 2199 3883 '_
2217 3811 2462 3883 protegit.
2509 3810 2661 3883 Unde
2701 3809 3135 3883 Psalmista‘Deo
3164 3809 3465 3883 supplicans

1894 3880 2023 3936 dicit
2056 3899 2068 3933 :
2093 3881 2210 3956 Sub
2237 3880 2439 3956 _um_bra
2465 3880 2665 3933 alarum
2694 3890 2894 3935 tuarum
2918 3920 2935 3949 ,
2977 3879 3244 3951 Domine,'
3264 3879 3467 3956 protegit

1896 3966 1986 4005 nos
2014 3969 2044 4005 a
2073 3953 2204 4022 facie
2232 3952 2519 4022 impiorum.

1972 4016 2120 4079 Sicut
2151 4016 2354 4091 palmes
2384 4038 2486 4076 non
2537 4020 2885 4091 potestulerre
2905 4016 3153 4085 fructum,
3183 4022 3280 4075 nisi
3312 4038 3462 4078 man-

1905 4094 2039 4147 serit
2068 4095 2119 4147 in
2149 4088 2278 4159 vite,
2310 4095 2385 4145 sic
2412 4100 2466 4145 et
2506 4105 2601 4143 nos
2626 4088 2827 4143 nullum
2873 4090 2998 4144 boni
3029 4092 3207 4159 operis
3230 4091 3462 4150 fructum

1896 4161 2040 4218 ferre
2064 4176 2361 4231 possumus,
2392 4160 2491 4214 nisi
2519 4173 2824 4231 maneamus
2853 4159 2904 4214 in
2934 4160 3167 4218 Christo.

1969 4229 2115 4288 Sicut
2169 4234 2360 4301 lignum
2399 4230 2534 4300 quod
2587 4229 2869 4297 plumatum
2911 4241 2983 4284 est
3032 4248 3177 4287 secus
3218 4234 3458 4289 decursus

1897 4318 2165 4369 aquarum,
2198 4302 2337 4355 dabit
2381 4301 2601 4370 fructum
2652 4300 2703 4351 in
2750 4308 2974 4370 tempore
3027 4319 3142 4368 suo,
3185 4306 3261 4360 sic
3288 4307 3460 4360 beatus

1896 4375 1970 4423 νὴ·
2008 4373 2168 4442 quiin
2202 4373 2308 4442 lege
2339 4371 2542 4424 Domini
2572 4370 2843 4424 meditatur
2870 4371 2954 4427 die
2991 4390 3051 4427 ac
3092 4384 3236 4430 nocte
3288 4382 3461 4432 varios

1897 4442 2096 4511 profert
2122 4441 2323 4497 fructus
2348 4443 2559 4496 animae.

1968 4513 2114 4585 Sicut
2140 4528 2313 4585 cervus
2342 4512 2690 4585 desidera_t_ad
2739 4514 2903 4584 fontes
2929 4530 3175 4585 aquarum
3200 4556 3215 4582 ,
3248 4516 3324 4570 ita'
3362 4518 3461 4574 de-

1893 4582 2131 4639 siderare
2158 4583 2314 4638 debet
2347 4585 2519 4635 anima
2550 4580 2723 4637 fidelis
2740 4580 3027 4651 pervenire
3054 4586 3118 4640 ad
3145 4580 3333 4641 Deum.

1952 4655 2254 4794 [Sicutzluit
2285 4668 2401 4707 cera
2431 4669 2463 4705 a
2501 4652 2633 4721 [acie
2658 4654 2812 4722 ignis,
2830 4656 2903 4710 sic
2932 4666 3142 4724 pereunt
3168 4668 3459 4727 peccatores

1975 4739 2083 4777 ααε
2163 4741 2229 4779 et.

1892 4740 1924 4777 α
1953 4739 2083 4779 ιααε
2113 4739 2207 4778 uet
2217 4765 2229 4779 .
3492 4752 3499 4755 ’

1964 4796 2110 4866 Sicut
2147 4796 2197 4848 in
2248 4808 2352 4849 uno
2395 4808 2619 4866 corpore
2650 4793 2810 4848 multa
2844 4793 3098 4866 membra
3157 4795 3413 4855 habemus
3441 4840 3457 4866 ,

1892 4865 2077 4919 omnia
2099 4876 2277 4919 autem
2305 4865 2539 4919 membra
2567 4879 2672 4919 non
2699 4864 2946 4919 eumdem
2990 4874 3163 4935 actum
3214 4868 3409 4923 habent
3438 4864 3454 4935 ,

1894 4936 1966 4989 ita
1997 4945 2050 4989 et
2092 4951 2183 5009 nos
2218 4950 2601 5009 unumcorpus
2626 4950 2825 5009 _sumus
2882 4936 2933 4988 in
2985 4934 3225 5003 Christo,
3266 4934 3456 5009 singuli

1893 5014 2063 5057 autem
2093 5008 2221 5059 alter
2250 5007 2455 5059 alterius
2487 5004 2726 5058 membra.
3119 5026 3140 5065 ι

1964 5075 2111 5129 Sicut
2136 5076 2464 5131 abscondere
2511 5091 2613 5128 non
2660 5082 2831 5142 potest
2860 5074 3019 5129 homo
3050 5076 3222 5145 ignem
3254 5077 3304 5131 in
3335 5080 3454 5135 sinu

1892 5157 2017 5209 suo,
2050 5155 2108 5200 ut
2135 5147 2446 5201 vestimenta
2474 5144 2588 5213 ejus
2618 5160 2720 5198 non
2747 5146 3001 5210 ardeant,
3052 5144 3143 5202 aut
3186 5149 3457 5205 ambulare

1898 5230 2060 5288 super
2095 5231 2309 5288 prunas,
2343 5226 2529 5288 nt_non
2560 5216 2937 5288 comburantur
2979 5216 3170 5283 planta:
3198 5218 3334 5288 ejus,
3374 5221 3455 5277 sic

1892 5286 1980 5355 qui
2028 5287 2315 5355 ingreditur
2359 5285 2423 5338 ad
2480 5285 2760 5341 mulierem
2814 5288 3037 5355 proximi
3086 5285 3342 5354 sui,'non
3370 5302 3454 5347 est

1892 5357 2141 5421 mundus,
2172 5372 2291 5410 cum
2320 5355 2547 5423 tetigerit
2576 5370 2715 5410 eam.

1967 5427 2119 5504 Sicut_
2141 5428 2259 5504 igne
2283 5426 2532 5504 probatur
2552 5434 2827 5504 argeuium
2849 5434 2903 5481 et
2918 5440 3104 5482 aurum
3134 5427 3186 5484 iu
3212 5431 3452 5504 camino,

1893 5495 1965 5550 ita
1994 5494 2451 5550 corda‘hominum
2487 5496 2672 5562 probat
2704 5494 2861 5551 Deus.

1962 5568 2109 5638 Sicut
2141 5569 2286 5638 favus
2312 5565 2649 5619 dulcissimus
2694 5576 2774 5620 est
2828 5570 3046 5638 gutturi,
3102 5570 3181 5627 sic
3208 5572 3449 5629 doctrina

1889 5636 2161 5706 sapientia:
2185 5636 2263 5689 his
2294 5638 2378 5703 qui
2407 5647 2584 5690 ainant
2604 5652 2741 5691 eam.

1971 5708 2119 5786 Sicut
2142 5722 2271 5774 aqua
2300 5706 2591 5786 exstinguit
2619 5708 2812 5778 ignem,
2864 5710 2934 5766 ita
2981 5713 3317 5786 eleemosyua
3344 5730 3441 5781 ex;

1891 5778 2110 5847 stinguit
2132 5785 2421 5848 peccatum.
