4038 6484
321 500 426 563 657

1441 498 1906 562 FRAGMENTA
1944 501 2027 562 IN
2064 500 2483 563 JEREMIAM.

3495 509 3601 572 658

323 609 472 680 Ὀρη
498 606 752 663 σκοτεινά
777 607 836 660 al
875 607 1112 677 πονηραὶ
1140 605 1425 677 δυνάμεις,
1447 609 1543 662 καὶ
1574 606 1635 660 al
1672 606 1908 661 διαϐολι-

2035 607 2293 679 uliginosi
2360 617 2663 679 potestates
2725 610 2946 681 iniquae,
3020 611 3409 683 diabolicatque
3467 632 3603 685 ope-

320 699 416 754 xal
450 698 751 768 ἐνέργειαι.
782 697 895 768 Πρὸ
927 697 1026 767 τῆς
1049 695 1142 749 οῦν
1174 696 1487 768 παρρησίας
1519 695 1614 749 τοῦ
1631 695 1906 765 διαϐόλου,

318 791 478 862 φησὶ,
512 790 850 845 πιστεύσατε
883 792 964 855 είς
1000 789 1063 843 τὸ
1092 788 1232 858 φῶς.

397 903 418 937 ι
463 886 575 941 Kal
602 887 923 956 ἀναμενεῖτε
950 884 1029 948 είς
1060 883 1197 951 φῶς,
1235 884 1329 937 καὶ
1352 883 1471 936 ἐκεῖ
1493 881 1623 935 σκιά
1644 882 1906 948 θανάτου,

327 977 425 1031 καὶ
476 977 799 1049 τεθήσονται
841 977 922 1039 εἰς
954 974 1168 1038 σκότος.
1208 993 1229 1027 ι
1276 975 1341 1026 Ai
1368 972 1477 1044 γὰρ
1505 972 1723 1043 ψευδεῖς
1762 972 1910 1025 διδα-

317 1068 546 1123 σκαλίαι
593 1069 711 1139 φῶς
749 1066 1221 1139 ὑπισχνούμεναι,
1282 1064 1520 1120 θανάτου
1574 1064 1907 1135 τυγχάνουσι

316 1160 597 1235 πρόξενοι.

392 1270 410 1303 ι
451 1249 873 1321 Κεκρυμμένως
927 1247 1226 1303 κλαύσεται
1278 1248 1315 1318 ἡ
1357 1246 1527 1319 ψυχή.
1585 1267 1604 1299 ι
1644 1248 1717 1301 ’Ἦ
1771 1247 1909 1319 πρὸς

314 1342 443 1405 τοὺς
468 1340 825 1403 διδασκάλους
851 1341 879 1393 ὁ
903 1339 1082 1408 λόγος,
1109 1340 1191 1392 ὅτι
1211 1339 1609 1410 Αἰσχυνόμενοι
1638 1338 1736 1402 οὓς
1758 1340 1904 1409 ἡπα-

314 1437 545 1506 τήσατε,
581 1432 991 1505 κεκρυμμένως
1028 1430 1337 1486 κλαύσατε·
1390 1432 1423 1503 ἢ
1464 1431 1559 1485 καὶ
1609 1432 1750 1503 πρὸς
1780 1431 1909 1495 τοὺς

313 1524 725 1597 αίλμαλὼτους,
757 1527 845 1581 ὅτι
884 1524 1123 1595 Τοιαύτη
1152 1523 1306 1595 ὑμῶν
1351 1522 1511 1577 ἔσται
1535 1525 1569 1594 ἡ
1603 1524 1910 1595 αἰχμαλω-

316 1620 431 1682 σία,
465 1619 580 1671 εἴτε
612 1618 803 1689 νοητὴ,
834 1616 947 1670 εἴτε
978 1615 1237 1688 αἰσθητὴ,
1278 1616 1355 1680 ὡς
1386 1616 1525 1687 μηδὲ
1551 1614 1762 1688 τολμᾷν
1797 1634 1904 1685 φα-

312 1710 494 1782 νερῶς
526 1710 818 1765 δεικνύειν.

395 1822 415 1856 ι
455 1802 649 1866 Πόλεις
682 1802 738 1858 αἲ
767 1801 904 1873 πρὸς
934 1801 1089 1856 νότον
1115 1801 1610 1872 συνεκλείσθησαν.
1641 1820 1661 1855 ι
1687 1801 1754 1855 Al
1777 1800 1903 1855 κατ’

317 1894 609 1948 εὐσέϐειαν
645 1894 936 1961 πολιτεῖαι,
977 1894 1036 1947 al.
1080 1892 1464 1964 ἀντικείμεναι
1506 1890 1585 1964 τῷ
1619 1892 1899 1965 νοουμένῳ

395 2096 415 2129 ι
474 2076 794 2148 ’Δπῳκίσθη
846 2077 1069 2142 Ἰούδας,
1106 2077 1468 2132 συνετέλεσαν
1512 2077 1775 2133 ἀποικίαν
1817 2095 1906 2130 τε-

317 2169 492 2224 λείαν.
534 2189 554 2222 ι
594 2169 753 2223 Μετά
788 2168 899 2223 τῶν
928 2151 1206 2239 αἷσθητῶν
1236 2169 1369 2234 νοεῖ,
1402 2166 1487 2221 ὅτι
1516 2168 1626 2222 τῶν
1657 2169 1781 2222 κατ’
1813 2169 1904 2223 εὑ-

317 2261 541 2315 σέϐειαν
567 2259 717 2332 ἠθῶν
754 2260 1018 2331 μετέστη.

391 2370 412 2402 ι
462 2349 729 2405 Ἀνάλαδε
766 2351 894 2414 τοὺς
939 2349 1257 2421 ὀφθαλμούς
1291 2366 1410 2417 σου,
1445 2349 1835 2424 Ἰερουσαλήμ.
1876 2371 1897 2407 ο

314 2441 477 2497 Τοῦτ’
509 2440 647 2507 ἐστι,
679 2439 1043 2510 κατανόησον.

393 2551 414 2585 ι
449 2532 519 2586 Τί
551 2534 698 2604 ἐρεῖς
746 2534 877 2588 ὅταν
908 2531 1355 2588 ἐπισκέπτωνται
1388 2548 1484 2598 ne;
1524 2551 1545 2585 ι
1580 2534 1754 2589 Ὅταν
1786 2534 1903 2604 equo

315 2623 488 2679 στῶσι
514 2640 599 2677 σοι
627 2625 678 2678 οἱ
695 2623 971 2695 αίσθητοὶ,
1001 2622 1034 2695 ἦ
1059 2624 1157 2678 καὶ
1188 2623 1376 2696 νοητοὶ
1396 2623 1676 2697 πολέμιοι.

393 2823 415 2857 ι
452 2802 568 2857 Kal
615 2803 681 2857 σὺ
713 2802 962 2869 ἐδίδαξας
1016 2803 1219 2866 αὐτοὺς
1263 2803 1357 2857 ἐπὶ
1386 2804 1448 2857 σὲ
1482 2803 1783 2876 μαθήματα
1817 2805 1902 2868 είς

315 2898 515 2969 ἀρχήν.
548 2915 571 2949 ι
621 2896 749 2950 Ἐἀν
783 2897 859 2967 μὴ
905 2895 1013 2967 γὰρ
1044 2893 1296 2966 ὲκδῶμεν
1326 2895 1556 2957 ἑαυτοὺς
1597 2897 1664 2966 τῇ
1710 2894 1903 2966 ἀμαρ-

315 2990 429 3060 τία,
470 2988 573 3041 οὐκ
597 2986 757 3057 ἄρχει
786 2984 968 3057 ἡμῶν.

392 3099 413 3132 ι
445 3079 560 3143 Τὰς
594 3079 834 3151 πτέρνας
869 3095 984 3133 σου.
1027 3095 1048 3129 ι
1083 3077 1153 3131 Δί
1189 3076 1300 3132 ὁδοί
1329 3094 1451 3144 σου,
1488 3077 1585 3132 καὶ
1614 3076 1685 3130 τά
1708 3077 1901 3149 ἐπιτη-

311 3171 408 3227 δεύ
418 3190 568 3243 ματα
598 3173 785 3242 γήϊνα.

390 3280 411 3314 ι
447 3262 514 3315 Εἰ
540 3261 832 3328 ἀλλάξεται
861 3260 1076 3330 Αἰθίοψ.
1111 3279 1132 3312 ι
1175 3259 1398 3330 Φυσικῷ
1431 3260 1724 3332 πράγματι
1751 3276 1897 3330 παρ-

2014 700 2271 755 rationes.
2312 702 2451 757 Ante
2483 703 2647 774 igitur
2676 703 2879 759 diaboli
2914 705 3209 760 adventum
3236 707 3462 775 credite,
3503 712 3601 774 ait.

2011 788 2068 843 in
2099 790 2298 845 lucem.

2086 900 2105 933 ι
2142 883 2207 937 Et
2233 887 2616 955 exspectabitis
2644 886 2714 941 ad
2743 887 2943 951 lucem,
2972 897 3028 944 et
3058 888 3131 944 ibi
3159 890 3354 945 umbra
3384 892 3598 954 mortis.

2009 979 2064 1027 et
2096 985 2367 1043 ponentur
2412 976 2464 1030 in
2500 979 2773 1034 tenebras.
2815 998 2833 1030 ι
2874 979 3114 1036 Fallaees
3159 982 3307 1037 enim
3338 983 3601 1040 doctrina:

2009 1081 2134 1120 cum
2162 1067 2345 1122 lumen
2375 1071 2712 1139 promittant,
2748 1081 2978 1128 mortem
3016 1072 3275 1130 all‘erunt.

2076 1239 2141 1296 ν.
2179 1244 2265 1299 l7.
2312 1262 2330 1297 ι
2371 1245 2431 1299 1η
2472 1248 2790 1304 abscondito
2831 1250 3067 1321 plorabit
3114 1251 3298 1307 anima
3326 1261 3526 1308 vestra.
3572 1270 3593 1304 ν

2010 1331 2106 1387 Vel
2119 1334 2184 1390 ad
2201 1337 2487 1406 magistros
2507 1353 2686 1393 sermo
2717 1339 2806 1394 hic
2833 1350 2934 1406 est,
2964 1357 3195 1410 nempe:
3225 1343 3427 1396 Eorum
3460 1358 3599 1414 quos

2005 1424 2297 1496 decepistis
2322 1429 2528 1498 pudore
2560 1430 2773 1497 sull'usi,
2804 1432 2857 1484 in
2888 1433 3208 1488 abscondito
3246 1434 3487 1503 plorato;
3514 1435 3598 1490 vel

2007 1518 2174 1573 etiam
2192 1520 2259 1575 ad
2280 1523 2549 1592 captivos,
2567 1539 2767 1594 nempe
2794 1543 2806 1578 :
2835 1524 3008 1579 Tanta
3040 1534 3220 1580 vestra
3255 1526 3361 1580 erit
3377 1527 3601 1596 captivi-

2007 1619 2109 1677 tas,
2149 1612 2263 1668 sive
2297 1628 2361 1668 ea
2404 1615 2742 1684 spiritaliter,
2773 1616 2889 1671 sive
2933 1618 3290 1687 corporaliter
3330 1617 3599 1688 intelliga-

2007 1712 2115 1769 tur,
2150 1713 2210 1759 ut
2239 1721 2311 1761 ne
2338 1707 2514 1776 palam
2544 1723 2663 1762 eam
2688 1708 2979 1763 ostendere
3006 1708 3277 1763 audeatis.

2077 1792 2143 1847 V.
2188 1794 2272 1851 1-9.
2334 1814 2353 1848 ι
2405 1795 2667 1852 Civitates
2715 1813 2837 1867 qua
2881 1797 2949 1852 ad
3003 1802 3267 1853 Austrum
3328 1798 3601 1853 concluse

2005 1894 2154 1940 sunt.
2193 1905 2213 1938 ι
2258 1886 2512 1944 lnstituta
2541 1888 2761 1944 vivendi
2790 1889 3093 1945 secundum
3136 1889 3310 1944 Deum
3330 1904 3450 1958 quae
3483 1889 3599 1958 spi-

1937 1999 1980 2055 B
2009 1975 2151 2029 ritali
2181 1975 2367 2032 Boreae
2400 1989 2778 2048 opponuntur.

2083 2085 2111 2118 ι.
2140 2064 2457 2123 Translatus
2472 2077 2554 2124 est
2571 2069 2598 2123 .l
2605 2070 2739 2124 udas
2759 2088 2773 2124 :
2798 2076 3320 2125 consummaverunt
3342 2067 3601 2123 transmi-

2006 2158 2305 2229 grationem
2344 2159 2663 2230 perfectam.
2723 2180 2740 2213 ι
2789 2162 2922 2216 Cum
2971 2162 3268 2216 sensilibus
3329 2161 3596 2233 intelligo,

2004 2250 2150 2321 quod
2188 2265 2369 2307 mores
2402 2253 2471 2308 ad
2504 2254 2760 2324 pietatem
2791 2255 3123 2324 compositos
3154 2255 3478 2309 deseruerit.

2074 2340 2140 2397 V.
2180 2343 2267 2400 20.
2302 2363 2320 2396 ι
2359 2345 2502 2401 Leva
2525 2346 2717 2401 oculos
2750 2354 2894 2410 tuos,
2928 2345 3253 2401 Jerusalem.
3291 2366 3309 2398 ι
3338 2343 3453 2400 Hoc
3485 2354 3589 2411 est,
3664 2362 3671 2369 ’

2005 2439 2394 2509 contemplare,
2425 2440 2693 2510 perspice,
2725 2440 2987 2511 intellige.

2077 2530 2142 2584 V.
2174 2531 2265 2586 2|.
2314 2552 2333 2584 ι
2367 2531 2506 2598 Quid
2547 2532 2699 2589 dices
2745 2548 2870 2588 cum
2909 2532 3255 2588 visitaverint
3286 2531 3377 2586 te?
3402 2550 3422 2582 ι
3454 2530 3595 2587 Cum

2009 2622 2103 2677 tibi
2141 2623 2414 2678 astiterint
2464 2625 2788 2691 sensibilcs,
2835 2624 2919 2679 vel
2966 2623 3336 2695 intelligibiles
3399 2624 3595 2679 adver-

2006 2714 2158 2769 sarii.

2082 2824 2102 2858 ι
2138 2806 2207 2861 Ει
2262 2814 2321 2863 ιιι
2345 2806 2577 2863 docuisti
2612 2822 2712 2863 eos
2766 2807 3062 2862 adversum
3120 2814 3172 2862 te
3227 2803 3506 2861 doctrinas
3539 2803 3595 2859 in

2005 2898 2391 2969 principatum.
2431 2920 2451 2952 ι
2517 2899 2634 2955 Nisi
2681 2901 2831 2955 enim
2886 2916 2989 2955 nos
3042 2900 3147 2971 ipsi
3194 2899 3460 2955 dedamus
3490 2898 3594 2953 ini-

2004 2988 2217 3058 quitati,
2250 3005 2313 3044 ea
2338 2990 2498 3045 nobis
2526 3006 2637 3045 non
2676 2991 3009 3046 dominatur.

2072 3079 2140 3135 ν.
2166 3080 2257 3134 ει.
2299 3100 2319 3134 ι
2359 3081 2615 3138 Caleanei
2648 3082 2749 3138 tui.
2787 3101 2805 3135 ι
2866 3081 2981 3137 Via:
3015 3089 3142 3149 tum,
3173 3090 3230 3137 et
3263 3081 3446 3138 studia
3476 3088 3594 3137 ter-

2005 3184 2160 3225 rena.

2077 3259 2144 3315 V.
2179 3260 2271 3317 25.
2325 3281 2342 3315 ι
2398 3261 2454 3317 Si
2500 3262 2734 3318 mutabit
2774 3261 3049 3334 EthiOps.
3118 3284 3139 3316 ι
3216 3262 3315 3319 Rei
3362 3263 3594 3319 naturali

314 3352 555 3418 εικάζει,
608 3352 708 3423 τὴν
757 3355 823 3407 ἐκ
874 3353 1078 3425 πολλῆς
1129 3351 1423 3423 συνηθείας
1472 3350 1772 3421 ἁμαρτίαν,
1812 3349 1900 3402 ἵνα

2035 3362 2289 3410 cccatum
2339 3354 2510 3409 multa
2552 3356 2949 3411 consuetudine
2991 3355 3241 3410 inclitum
3304 3356 3595 3422 assimilat,

313 3443 466 3517 δείξῃ
514 3445 820 3514 ἀναγκαίαν
851 3440 1123 3517 εἶναιτὴν
1174 3445 1338 3516 χάριν
1377 3443 1473 3497 τοῦ
1518 3440 1750 3515 λουτροῦ
1791 3441 1894 3514 τῆς

316 3536 766 3607 παλιγγενεσίας.

390 3645 412 3679 ι
443 3626 556 3682 Kal
580 3627 609 3680 ὁ
634 3625 1006 3698 χρεμετισμός
1032 3642 1150 3681 σου.
1196 3643 1216 3677 ι
1245 3625 1345 3681 Διά
1367 3625 1463 3680 τοῦ
1497 3625 1897 3697 χρεμετισμοῦ,

317 3719 601 3790 σημαίνει,
633 3717 732 3790 τὴν
755 3717 892 3791 πρὸς
924 3718 1025 3789 τὴν
1062 3718 1288 3789 θήλειαν
1331 3717 1536 3789 μίξεως
1558 3716 1658 3789 τὴν
1687 3717 1898 3788 ἔφεσιν.

313 3812 489 3865 Τοῦτο
518 3807 613 3866 οῦν
641 3827 828 3883 φησιν,
859 3811 943 3865 ὅτι
970 3811 1084 3865 Kal
1125 3812 1184 3865 ὲν
1217 3810 1641 3880 συγκαταθέσει,
1687 3810 1784 3864 καὶ
1833 3810 1893 3864 έν

314 3905 459 3977 αὐτῇ
483 3907 551 3976 τῇ
580 3903 777 3976 πράξει
805 3903 906 3975 τὴν
936 3902 1218 3975 ἁμαρτίαν
1253 3900 1604 3974 είργάσασθε.
1891 3971 1902 3978 ἡ

392 4017 414 4051 ι
463 3990 609 4051 Ἐπὶ
641 3996 872 4068 βουνῶν,
911 3997 1005 4051 καὶ
1049 3998 1107 4051 ὲν
1151 3997 1268 4058 τοῖς
1313 3995 1507 4064 ἀγροῖς
1557 3993 1783 4064 ἑώρακα
1822 3992 1893 4046 τὰ

314 4089 668 4162 βδελύγματά
693 4106 842 4144 σου.»
884 4089 1030 4142 ’Δντὶ
1053 4087 1173 4158 τοῦ,
1203 4086 1347 4143 κατά
1371 4085 1602 4151 πολλοὺς
1629 4085 1890 4157 τρόπους.

315 4182 468 4254 Πλὴν
490 4184 589 4237 ἐπὶ
607 4182 814 4237 τούτων
835 4181 1020 4239 ἔθυον.

913 4358 1169 4416 ΚΕΦΛΛ.
1212 4356 1310 4415 IA'.

393 4498 417 4533 ι
472 4476 807 4547 Ἐπένθησεν
833 4478 867 4547 ἠ
927 4474 1174 4530 Ἰουδαία.
1220 4491 1241 4525 ι
1280 4472 1438 4527 Μετά
1471 4471 1534 4524 τὺ
1572 4468 1830 4542 αἰσθητὸν
1864 4472 1897 4541 ἡ

314 4570 529 4639 γνῶσις
549 4569 654 4638 τῆς
687 4566 998 4631 εὐσεϐείας.

397 4681 420 4714 ι
463 4661 580 4716 Kal
624 4660 681 4713 αί
729 4659 897 4713 πύλαι
938 4657 1110 4729 αὐτῆς
1155 4653 1535 4727 ἐκενώθησαν,
1584 4675 1601 4707 ι
1659 4656 1727 4709 Ai
1790 4656 1901 4708 είσ-
1936 4698 1985 4753 Β

316 4754 548 4824 αγωγαλ.
576 4753 672 4805 καὶ
698 4752 1043 4806 διδασκαλίαι
1073 4749 1174 4809 οὐκ
1202 4748 1428 4820 ἔχουσαι
1478 4751 1609 4814 τοὺς
1655 4750 1907 4804 διδασκο-

320 4848 553 4918 μένους.

400 4957 423 4990 ι
456 4938 568 4992 Kal
594 4936 981 5008 ὲσκοτώθησαν
1008 4938 1104 4992 ἐπὶ
1144 4940 1246 5011 τῆς
1286 4938 1413 5008 γῆς.
1457 4959 1475 4991 ι
1529 4939 1644 5009 Τῆς
1669 4937 1781 5008 γὰρ
1812 4953 1912 4990 κα-

321 5030 458 5094 κίας
482 5029 892 5101 ἐπικρατούσης
922 5032 957 5101 ἡ
989 5030 1161 5104 ἀρετὴ
1189 5031 1554 5086 καλύπτεται.

402 5141 425 5173 ι
475 5122 588 5174 Kal
637 5122 672 5193 ἡ
705 5121 925 5193 κραυγὴ
955 5122 1059 5192 τῆς
1107 5124 1467 5196 Ἰερουσαλὴμ
1497 5121 1688 5193 ἀνέϐη.
1725 5142 1747 5174 ι
1802 5123 1915 5191 Οὐχ

324 5216 405 5278 ὡς
435 5214 471 5284 ἡ
500 5212 780 5283 Σοδόμωνο
818 5215 883 5269 ού
909 5215 1021 5287 γὰρ
1055 5216 1276 5281 τελείως
1306 5215 1581 5288 ἠφανίσθη
1605 5232 1620 5247 ’
1655 5214 1796 5269 ἀλλὰ
1816 5217 1912 5269 τοῦ

325 5303 572 5376 ὀδυρμοῦ
608 5306 783 5376 αὐτῆς
812 5309 844 5376 ἠ
877 5310 1117 5377 κραυγή.

410 5416 431 5449 ι
468 5398 578 5451 Kal
613 5400 665 5451 οί
699 5401 1031 5469 μεγιστᾶνες
1054 5400 1228 5471 αὐτῆς
1264 5400 1602 5456 ἀπέστειλαν
1630 5403 1755 5465 τοὺς
1785 5418 1919 5455 νεω-

328 5490 531 5561 τέρους
589 5490 770 5543 αὐτῶν
823 5492 907 5560 ἐφ’
953 5490 1121 5563 ὕδωρ.
1173 5511 1192 5544 ι
1231 5494 1295 5545 υἱ
1331 5493 1513 5564 θρόνοι
1556 5496 1604 5547 οἱ
1657 5494 1923 5565 ίερατικοὶ

332 5580 593 5649 ἔπεμψαν
664 5581 1015 5653 ἐπερωτῆσαι
1061 5581 1171 5635 ἀπὸ
1224 5581 1362 5636 Θεοῦ
1422 5582 1495 5635 τὰ
1549 5583 1918 5653 συμφέροντα.

333 5670 661 5740 Νεωτέρους
688 5670 746 5724 δὲ
765 5672 968 5735 αὐτοὺς
996 5672 1247 5737 ἐκάλεσε,
1278 5672 1366 5726 διὰ
1398 5674 1459 5725 τὸ
1496 5675 1794 5742 κοσμικαῖς
1829 5671 1924 5724 καὶ

334 5766 700 5833 νειςπερικαῖς
729 5764 931 5828 αὐτοὺς
962 5765 1284 5836 ἔπιθυμιαις
1308 5765 1614 5836 ἐνέχεσθαι.

415 5873 437 5908 ι
457 5855 736 5909 Ἦλθοσαν
755 5858 848 5910 ἐπὶ
868 5859 939 5911 τὰ
961 5858 1196 5929 φρέατα,
1217 5858 1312 5912 καὶ
1329 5859 1429 5927 οὐχ
1446 5856 1688 5929 εῦρησαν
1712 5856 1876 5927 ὕδωρ.
1902 5874 1921 5907 ι

339 5944 516 6000 Τοῦτο
546 5948 595 6000 εἰ
637 5946 710 6018 μὴ
740 5948 804 6002 ὲκ
840 5947 993 6012 θείας
1030 5948 1227 6019 ὀργῆς,
1265 5949 1366 6003 οὐκ
1399 5949 1466 6004 ἄν
1519 5966 1650 6004 ποτε
1703 5949 1920 6016 συνέϐη·

2010 3455 2070 3500 ιιι
2098 3445 2323 3523 gratiam
2367 3446 2566 3502 lavacri
2599 3447 3029 3519 regenerationis
3060 3449 3315 3503 ostendat
3345 3463 3600 3504 necessa-

2009 3537 2167 3593 riam.
2231 3522 2241 3533 ’

2081 3626 2148 3683 ν.
2195 3628 2287 3685 27.
2333 3648 2353 3681 ι
2409 3628 2473 3684 Et
2514 3630 2760 3686 hinnitus
2813 3630 2910 3685 tui.
2953 3650 2975 3683 ι
3023 3629 3247 3686 llinnitu
3294 3631 3597 3702 appetitum

2010 3720 2189 3777 coitus
2259 3736 2383 3778 cum
2466 3722 2672 3781 femina
2719 3723 3007 3795 signiﬁcat.
3059 3723 3175 3779 Hoc
3227 3722 3395 3794 igitur
3469 3724 3595 3778 ait:

2010 3812 2079 3868 Et
2101 3828 2350 3878 assensu,
2384 3822 2440 3870 et
2469 3827 2635 3885 apere
2662 3815 2780 3886 ipso
2818 3822 3100 3886 peccatum
3131 3815 3507 3885 perpetrastis.

2087 4013 2110 4049 ι
2155 3993 2333 4067 Super
2374 3997 2561 4061 colles,
2601 4004 2660 4052 et
2711 3997 2766 4051 in
2801 3997 2949 4068 agris
2995 3996 3107 4051 vidi
3153 3995 3598 4052 abominationcs

2014 4092 2154 4140 tuas.
2192 4104 2213 4138 ι
2244 4085 2363 4142 Ηοε
2413 4094 2532 4153 est,
2570 4086 2756 4143 multis
2811 4087 3087 4158 variisque
3150 4086 3348 4144 modis.
3410 4085 3603 4141 Adboc

2015 4175 2283 4247 superbis
2308 4175 2577 4235 sacrificia
2597 4175 2922 4233 oﬂ‘erebant.

2643 4354 2797 4417 CAP.
2833 4352 2977 4413 XN.

2084 4462 2152 4518 V.
2178 4462 2235 4521 2.
2287 4483 2307 4518 ι
2341 4464 2506 4520 Luxit
2530 4464 2736 4527 Iudaea.
2776 4482 2793 4518 υ
2828 4464 2959 4520 Post
2985 4463 3207 4529 sensile,
3260 4461 3482 4533 pietatis
3506 4475 3604 4518 co-

2017 4555 2207 4626 gnitio.

2092 4665 2112 4700 ι
2150 4648 2217 4702 Et
2238 4655 2407 4718 porta:
2443 4648 2563 4716 ejus
2590 4662 2777 4701 vacuas
2806 4645 2964 4701 facta:
2984 4653 3115 4701 sunt
3141 4654 3196 4701 et
3223 4643 3598 4699 contenebras

2013 4748 2101 4796 tua.
2128 4759 2147 4791 ι
2196 4739 2569 4794 lnstitutiones
2592 4748 2648 4792 ct
2676 4738 2978 4809 disciplina)
3025 4751 3163 4808 quos
3207 4736 3463 4791 erudiant
3494 4749 3607 4788 non

2016 4834 2298 4889 habentes.

2091 4945 2117 4978 ιι
2154 4924 2218 4980 Et
2244 4923 2649 4979 contenebrata:
2678 4930 2809 4978 sunt
2830 4937 2997 4990 super
3025 4928 3249 4975 terram.
3291 4939 3317 4971 ι
3345 4917 3604 4989 Nequitia

2017 5016 2169 5072 enim
2198 5014 2627 5086 praedominaute
2648 5013 2823 5068 virtus
2843 5013 3139 5083 obtegitur.

2096 5129 2114 5161 ι
2154 5111 2220 5165 Ει
2258 5108 2463 5164 clamor
2505 5106 2809 5162 Jerusalem
2859 5105 3127 5162 ascendit.
3173 5123 3192 5155 ι
3248 5102 3368 5157 Non
3417 5101 3494 5155 uti
3521 5102 3609 5155 ille

2018 5202 2380 5257 Sodomorum
2410 5216 2425 5264 ;
2461 5200 2609 5255 haud
2636 5199 2781 5255 enim
2812 5199 3029 5270 penitus
3058 5195 3313 5261 evanuit;
3354 5195 3449 5249 sed
3483 5194 3609 5263 (ιλιι-

2022 5296 2163 5351 latus
2201 5295 2371 5365 ipsius
2396 5293 2625 5348 clamor.

2076 5388 2159 5454 .V.
2195 5388 2250 5444 '5.
2290 5405 2309 5438 ι
2341 5386 2409 5441 Et
2432 5392 2721 5456 magnates
2754 5384 2876 5453 ejus
2905 5381 3175 5437 miserunt
3195 5378 3451 5450 iuniores
3476 5390 3610 5432 suos

2023 5480 2088 5535 ad
2114 5494 2336 5549 aquam,
2378 5497 2397 5529 ι
2425 5486 2533 5533 etc.
2554 5476 2727 5532 Sedes
2758 5474 3126 5530 sacerdotales
3167 5472 3437 5525 miserunt
3462 5485 3613 5538 qur—

2025 5571 2226 5626 situros
2265 5570 2333 5624 de
2378 5568 2491 5623 Deo
2529 5582 2653 5637 qum
2694 5566 3088 5620 conducerent.
3131 5562 3386 5617 Iuniores
3427 5570 3611 5614 autem

2026 5677 2121 5717 eos
2173 5660 2498 5731 appellavit,
2547 5672 2615 5713 eo
2660 5658 2804 5726 quod
2847 5654 3139 5709 mundanis
3177 5661 3234 5706 et
3281 5650 3617 5721 juvenilibus

2028 5753 2312 5811 desideriis
2333 5751 2730 5808 detinerentur.

2103 5866 2121 5901 ι
2150 5846 2433 5903 Venerunt
2450 5844 2518 5899 ad
2544 5852 2761 5914 puteos,
2784 5850 2839 5897 et
2862 5856 2970 5895 non
2990 5838 3319 5894 invenerunt
3345 5850 3562 5902 aquam.
3593 5850 3611 5879 θ

2033 5941 2146 5998 lloe
2175 5940 2231 5996 ni
2262 5938 2483 5996 fecisset
2522 5937 2600 5994 ira
2635 5936 2751 6003 Dei,
2782 5949 3064 6002 nunquam
3093 5931 3384 5989 evenisset.
3409 5928 3616 5982 Aliter:
