4038 6478
397 464 507 530 059

1490 464 2014 531 OLYM'PIODORI
2051 473 2094 527 A
2106 468 2350 529 LEXAN
2360 470 2548 529 DHIN
2558 470 2584 528 Ι

3576 471 3684 537 660

398 576 588 649 Neque
617 578 763 635 enim
796 579 1128 636 invenerunt
1164 594 1362 651 aquam
1394 580 1597 648 vivam,
1629 596 1751 651 qua:
1772 567 1973 637 datur:

2096 579 2310 644 ’Δλλως
2330 596 2346 612 θ
2381 580 2459 634 Οὐ
2491 581 2602 653 γάρ
2628 573 2785 653 εὗρον
2825 581 2889 636 τὸ
2922 580 3068 655 ὕδωρ
3098 581 3160 637 τὸ
3200 581 3313 649 ζῶν
3345 582 3407 637 τὸ
3437 583 3505 637 ἐκ
3542 584 3681 640 Θεοῦ

402 675 531 729 Deo.

472 780 491 812 ε
536 762 818 833 Agricolae.
859 781 878 814 ι
914 763 1017 829 Qui
1050 764 1251 820 debent
1274 765 1511 835 operari.

469 853 531 909 V.
566 855 619 909 5.
665 872 684 906 ι
730 854 798 910 Et
826 855 1186 925 reliquerunt,
1239 856 1366 926 quia
1404 872 1515 910 non
1553 865 1673 911 erat
1725 856 1913 911 herba.
1957 876 1978 908 ι

389 944 507 1001 Nec
537 946 683 1001 enim
721 955 878 1003 erant
910 947 1189 1003 auditores
1215 967 1228 1004 :
1254 948 1458 1004 etenim
1480 950 1637 1006 cibus
1666 960 1981 1004 sanctorum

392 1036 644 1108 discipuli
676 1047 824 1093 sunt.

463 1128 529 1185 V.
559 1131 614 1185 6.
650 1149 668 1181 ι
697 1129 896 1204 Onagri
931 1140 1204 1188 steterunt
1242 1134 1297 1189 in
1341 1135 1587 1206 rupibus.
1630 1154 1649 1186 ι
1690 1134 1982 1206 Ingemue-

264 1217 281 1229 ’
391 1232 521 1279 runt
569 1225 641 1281 ob
689 1234 1006 1295 pereuntes.
1036 1225 1257 1298 Onagri.
1291 1227 1394 1295 Qui
1435 1244 1466 1283 a
1492 1228 1786 1282 mundanis
1820 1225 1983 1281 rebus

387 1322 517 1370 sunt
541 1315 718 1370 liberi.

459 1405 522 1460 V.
553 1407 607 1462 8.
649 1426 667 1458 ‹
701 1407 880 1474 Quare
921 1409 1098 1465 factus
1126 1425 1187 1465 es
1222 1412 1363 1466 sicut
1385 1412 1615 1467 colonus
1644 1412 1698 1467 in
1734 1412 1915 1466 terra?
1957 1430 1975 1463 ι

386 1498 459 1555 Ut
480 1501 635 1571 quid,
683 1503 778 1569 ait,
818 1505 993 1558 nostri
1039 1520 1224 1560 curam
1265 1521 1373 1560 non
1411 1509 1555 1576 geris
1584 1507 1662 1561 uti
1697 1506 1979 1574 Dominus,

386 1592 483 1647 sed
518 1600 575 1646 ut
604 1594 832 1648 colonus
852 1594 1089 1665 despicis
1113 1597 1136 1649 ?

463 1682 522 1737 V.
560 1685 611 1740 9.
645 1705 662 1735 ι
690 1685 974 1741 Divertens
1005 1688 1072 1742 ad
1103 1689 1483 1744 diversorium.
1520 1709 1537 1739 ο
1573 1689 1675 1756 Qui
1705 1690 1772 1744 ad
1800 1690 1981 1745 diver~

385 1777 594 1832 serium
644 1791 921 1850 properat,
967 1782 1070 1836 etsi
1113 1785 1398 1854 quospiam
1443 1786 1642 1839 viderit
1678 1787 1981 1856 quomodo-

383 1884 602 1941 cunque
637 1873 757 1940 opis
814 1874 1114 1946 auxiliique
1166 1876 1400 1948 indiges,
1449 1878 1698 1948 despicit,
1747 1887 1801 1933 et
1837 1895 1978 1949 pne-

387 1972 530 2019 lcrlt.

454 2058 519 2113 V.
556 2059 641 2114 10.
699 2078 718 2112 ‹
762 2061 1080 2117 Dilexerunt
1112 2079 1332 2117 movere
1364 2067 1529 2134 pedes
1560 2080 1706 2118 suos.
1751 2083 1767 2115 ι
1820 2065 1972 2119 litor-

381 2151 568 2206 dinate
607 2153 840 2216 moveri,
871 2170 1094 2209 currere
1131 2156 1199 2210 ad
1229 2156 1384 2209 mala.
1959 2153 1965 2161 ’

459 2241 520 2296 ν.
570 2243 656 2297 15.
705 2262 724 2295 ι
787 2244 924 2300 Ecce
979 2246 1257 2314 prOpheta:
1303 2262 1492 2301 eorum
1551 2248 1899 2318 prophetarit.
1951 2268 1972 2302 ι

380 2328 551 2395 Quasi
582 2330 648 2385 ad
678 2334 1050 2388 excusandum
1093 2335 1356 2405 populum
1392 2338 1659 2407 prephcta
1695 2338 1849 2399 dicit,
1883 2356 1979 2394 eos

380 2437 411 2476 a
442 2422 936 2494 pseudOprOplietis
958 2426 1198 2493 (lc-lusos,
1225 2437 1279 2483 et
1309 2428 1418 2482 duo
1442 2445 1538 2499 per
1566 2430 1669 2483 hoc
1695 2429 1893 2484 efficit:
1923 2430 1977 2483 in

381 2512 679 2586 praphetas
710 2517 845 2573 iram
889 2520 1121 2586 derivat,
1176 2520 1457 2592 Deumque
1490 2532 1672 2578 movet
1698 2533 1756 2577 ut
1789 2523 1937 2578 dicat
1964 2546 1974 2579 :

381 2606 504 2661 Non
541 2624 635 2678 ego
669 2625 753 2663 eos
788 2611 924 2663 misi.

459 2785 522 2840 V.
563 2785 648 2842 16.
685 2807 702 2838 ι
759 2788 815 2842 in
853 2798 1024 2842 morte
1063 2792 1318 2845 morbosa
1354 2792 1679 2847 morientur.
1716 2812 1733 2845 ι
1770 2793 1825 2847 in
1859 2794 1979 2848 diu-

384 2890 548 2935 turno
580 2883 792 2946 morbo,
834 2883 917 2936 cui
953 2885 1136 2940 brevis
1169 2901 1316 2939 mors
1348 2886 1686 2979 praeferenda
1722 2888 1815 2943 sit.

459 3080 476 3110 α
517 3060 583 3115 Et
610 3070 772 3115 erunt
806 3061 1036 3131 proiecti
1092 3061 1145 3114 in
1190 3061 1351 3117 biviis
1393 3062 1715 3117 Jerusalem.
1755 3082 1774 3114 ι
1826 3062 1977 3117 Bivia

380 3163 512 3209 sunt
542 3152 855 3209 faadissimae
886 3153 1008 3207 vim.

454 3244 518 3299 V.
552 3243 641 3299 49.
681 3263 700 3295 ι
741 3242 998 3314 Nunquid
1036 3244 1358 3315 reprobans.
1403 3264 1421 3297 ι
1465 3246 1653 3300 Oratio
1693 3248 1974 3316 propheta

2086 673 2391 744 διδόμενον.

2165 784 2185 819 ι
2218 766 2285 821 Οἱ
2316 767 2575 837 γεωργοί.
2614 787 2631 819 ο
2667 768 2730 821 0i
2758 768 3075 837 ὀφείλοντες
3106 768 3464 841 ἐργάζεσθαι.

2161 878 2180 911 ι
2221 859 2332 913 Καὶ
2358 859 2746 927 ἐγκατέλιπον,
2779 861 2865 914 ὅτι
2899 859 3002 912 οὐκ
3032 856 3101 931 ἦν
3134 859 3359 932 βοτάνη.
3401 880 3420 913 ο
3468 860 3544 914 Οὐ
3570 860 3680 931 γὰρ

2084 948 2226 1025 ἦσαν
2257 954 2308 1006 οἱ
2339 952 2657 1017 ἀκούοντες.
2688 952 2881 1025 Τροφὴ
2916 953 3026 1024 γὰρ
3054 951 3166 1005 τῶν
3199 952 3374 1021 άγιων
3414 954 3465 1006 οἱ
3497 953 3682 1007 αὐτῶν

2090 1045 2354 1118 μαθηταί.

2161 1158 2180 1191 ι
2245 1142 2511 1212 Ὀναγροι
2561 1139 2799 1211 ἔστησαν
2850 1140 2944 1194 ἐπὶ
3003 1138 3207 1203 νάπας.
3276 1159 3296 1193 ι
3352 1139 3683 1205 Ἐστέναξαν

2086 1233 2181 1286 ἐπὶ
2212 1234 2325 1295 τοῖς
2355 1232 2563 1286 ἀπολλυ
2575 1233 2780 1302 μένοις.
2823 1236 3130 1303 "Granum.
3166 1233 3231 1287 Οἱ
3255 1233 3369 1287 τῶν
3394 1234 3682 1304 κοσμικῶν

2087 1328 2440 1399 πραγμάτων
2470 1326 2774 1397 ἐλεύθεροι.

2166 1440 2183 1472 ι
2216 1421 2335 1475 Ἱνα
2365 1421 2416 1474 τι
2455 1420 2726 1492 ὲγενήθης
2754 1420 2888 1473 ὡσεὶ
2919 1421 3192 1490 πάροικος
3221 1419 3314 1472 ἐπὶ
3351 1419 3453 1489 τῆς
3493 1417 3622 1487 γῆς.
3654 1435 3674 1469 ι

2088 1514 2209 1566 Ἵνα
2236 1512 2311 1577 τί,
2350 1512 2538 1582 φησὶν,
2578 1511 2641 1564 οὐ
2676 1512 2818 1583 κήδῃ
2850 1510 3011 1582 ἡμῶν
3056 1509 3133 1574 ὡς
3194 1509 3498 1579 Δεσπότης,
3540 1509 3682 1563 ἀλλὰ

2086 1606 2338 1675 παρορᾷς
2368 1605 2503 1658 ὡσεὶ
2533 1604 2802 1677 πάροικος
2819 1621 2834 1670 ;

2163 1715 2181 1747 ι
2234 1694 2534 1749 Ἐκκλίνων
2575 1697 2658 1759 εἰς
2691 1695 3006 1765 κατάλυμα.
3044 1711 3065 1746 ›
3105 1693 3167 1747 '0
3205 1691 3568 1762 ἐπειγόμενος
3597 1691 3679 1754 εἰς

2086 1788 2379 1859 κατάλυμα
2402 1786 2628 1856 φθάσαι,
2671 1787 2775 1841 κᾶν
2806 1786 2890 1857 ἴδῃ
2906 1786 3062 1849 τινὰς
3088 1784 3341 1840 ὁπωσοῦν
3367 1783 3676 1855 χρῄζοντας

2089 1879 2372 1951 βοηθείας,
2410 1879 2655 1950 παρορᾷ,
2684 1878 2781 1930 καὶ¹
2807 1875 3176 1947 παρατρέχει.

2162 2072 2179 2103 ι
2239 2051 2569 2121 Ἠγάπησαν
2623 2051 2817 2102 κινεῖπν
2858 2049 3026 2111 πέδας
3079 2046 3281 2100 αὐτῶν.
3331 2064 3349 2097 ι
3395 2043 3676 2107 ’Δτάκτως

2086 2142 2376 2210 κινεῖσθαι,
2408 2142 2629 2213 τρέχειν
2658 2144 2739 2204 εἰς
2766 2140 2834 2193 τά
2863 2139 3031 2192 κακά.

2163 2256 2181 2287 ι
2234 2235 2367 2288 Ἰδοὺ
2418 2236 2468 2287 οἱ
2497 2234 2777 2304 προφῆται
2821 2231 3003 2286 αὐτῶν
3042 2227 3475 2301 προφητεύουτι.
3517 2247 3535 2278 ι
3582 2228 3674 2291 Ὠς

2087 2325 2506 2399 ὑπεραπολογού
2517 2343 2679 2396 μενος
2704 2325 2800 2378 τοῦ
2826 2324 2957 2377 λαοῦ
2992 2325 3021 2376 ὁ
3050 2324 3342 2395 προφήτης
3368 2321 3555 2391 φησὶν,
3584 2322 3671 2375 ὅτι

2082 2416 2149 2491 Di
2176 2420 2624 2491 ψευδοπροφῆται
2657 2419 2858 2481 αὐτοὺς
2903 2417 3161 2470 ἀπατῶσι
3181 2432 3195 2446 ο
3227 2419 3324 2469 καὶ
3355 2414 3452 2467 δύο
3490 2412 3677 2467 ἐντεῦο

2075 2480 2700 2594 ξοείπραγματευεται·
2755 2509 2987 2579 μετάγει
3036 2510 3135 2580 τὴν
3185 2507 3362 2579 ὀργὴν
3407 2507 3503 2559 ἐπὶ
3544 2506 3674 2569 τοὺς

2074 2598 2396 2677 ⁴προφήτας,
2425 2604 2523 2657 καὶ
2561 2604 2857 2676 προτρέπει
2898 2602 3079 2669 λέγειν
3116 2601 3271 2667 Θεὸν,
3304 2600 3385 2653 ὅτι
3416 2598 3532 2651 Οὐκ
3559 2595 3676 2666 ἐγὼ

2077 2700 2285 2762 αὐτοὺς
2316 2698 2634 2752 ἀπέστειλα.

2163 2810 2182 2843 ι
2206 2792 2295 2845 Ἐν
2317 2790 2535 2860 θανάτῳ
2564 2808 2685 2844 νοσε
2697 2789 2774 2861 ρῷ
2808 2788 3262 2843 ἀποθανοῦνται.»
3311 2786 3401 2840 Ἐν
3426 2798 3674 2857 παρατευ

2074 2849 2299 2958 ἕταμένῃ
2332 2885 2495 2955 νόσῳ,
2524 2884 2600 2949 ὡς
2628 2883 2724 2937 τοῦ
2770 2883 3045 2954 συντόμου
3096 2881 3335 2935 Θανάτου
3371 2875 3674 2951 αἱρετωτά-

2088 2996 2185 3050 ρου
2218 2976 2605 3048 τυγχάνοντος.

2162 3088 2180 3120 ι
2222 3069 2335 3122 Καὶ
2360 3068 2576 3123 ἔσονται
2605 3068 2934 3140 ἐρριμμένοι
2962 3068 3021 3120 ὲν
3060 3068 3183 3129 ταῖς
3234 3064 3429 3128 διόδοις
3473 3062 3674 3132 Ἰερου-

2088 3162 2293 3233 σαλήμ.
2332 3181 2350 3214 ι
2380 3161 2553 3214 Διοδοι
2580 3161 2720 3213 εἰσιν
2753 3162 2809 3214 αἱ
2841 3160 3113 3230 αἴσχιστοι
3135 3158 3268 3212 ἐδοῐ.

2163 3273 2181 3306 ‹
2222 3255 2315 3325 Μὴ
2342 3253 2788 3324 ἀποδοκιμάζων.
2824 3271 2843 3303 ι
2870 3252 3068 3322 Δέησις
3090 3250 3188 3304 τοῦ
3218 3249 3503 3321 προφήτου
3530 3247 3671 3319 πρὸς

381 3338 450 3392 ad
471 3337 663 3403 Deum,
692 3346 746 3393 et
766 3311 1040 3393 confessio
1067 3311 1167 3409 pro
1199 3339 1421 3409 populo,
1458 3339 1666 3410 Deique
1694 3311 1763 3395 ad
1794 3311 1970 3410 ipsum

2095 3347 2234 3412 930v,
2285 3311 2380 3400 ,ἑαι
2426 3311 2825 3417 ἐξομολόγησις
2864 3311 3006 3416 ὑπέρ
3050 3311 3144 3397 τοῦ
3181 3311 3354 3411 λαὲῠξ
3394 3311 3493 3396 ita}.
3530 3311 3669 3395 θεοῦ

381 3443 688 3499 responszo.

459 3541 478 3573 ι
514 3522 581 3576 Et
612 3538 641 3576 a
673 3519 807 3576 Sion
841 3523 1070 3578 recessit
1103 3524 1285 3578 anima
1313 3526 1440 3579 tua?
1476 3544 1494 3577 ι
1535 3524 1689 3580 Sicut
1735 3526 1975 3581 humana

381 3617 553 3687 ﬁgura
592 3614 763 3670 Deum
811 3613 1093 3686 Scriptura
1126 3616 1327 3688 elligiat
1355 3619 1539 3673 omnis
1565 3617 1749 3690 ﬁgura:
1775 3633 1974 3689 exper-

381 3716 516 3774 tem,
549 3709 630 3763 sic
662 3717 718 3763 et
756 3708 824 3764 de
858 3709 1083 3764 homine
1115 3719 1437 3781 usurpatum
1469 3719 1557 3765 est
1599 3711 1755 3777 illud,
1780 3712 1976 3765 Anima

383 3811 475 3856 tua
506 3810 717 3856 mortua
752 3810 854 3857 est.
887 3800 981 3856 Vel
1002 3801 1344 3872 proplictice,
1371 3802 1518 3872 quod
1564 3803 1808 3858 futurum
1835 3811 1973 3865 erat.

382 3905 443 3950 ut
471 3895 614 3949 Deus
635 3893 875 3950 Verbum
909 3903 1131 3965 propter
1162 3910 1263 3949 nos
1290 3895 1455 3949 homo
1481 3895 1653 3950 fieret.

454 3985 516 4041 V.
557 3988 649 4042 22.
678 4006 697 4039 ι
742 3986 900 4053 Quod
931 3987 976 4042 si
1011 3987 1211 4041 ccelum
1258 3985 1412 4042 dabit
1447 3987 1757 4043 satietatem
1794 4004 1973 4053 suam,

382 4093 568 4135 nonne
606 4087 663 4133 tu
704 4094 765 4133 es
802 4077 955 4148 ipse?
977 4097 995 4129 ι
1022 4076 1136 4132 Nec
1169 4077 1442 4144 emiestes,
1495 4078 1692 4149 inquit,
1722 4080 1971 4147 virtutes,

382 4170 487 4227 nisi
530 4180 583 4225 te
610 4168 948 4226 concedente
978 4168 1124 4223 bona
1146 4168 1329 4240 largiri
1362 4179 1613 4240 possunt.

459 4282 479 4315 ι
514 4261 581 4317 Ει
603 4261 997 4319 sustinebimus
1023 4269 1095 4330 te,
1121 4261 1369 4328 Domine,
1413 4262 1541 4333 quia
1584 4260 1758 4318 iecisti
1791 4264 1974 4319 omnia

384 4355 521 4409 lnec.
559 4370 579 4405 ι
633 4352 739 4418 Τιι,
770 4350 966 4423 inquit,
1002 4366 1084 4417 es,
1115 4359 1173 4406 et
1202 4366 1317 4407 non
1361 4351 1526 4420 alius,
1568 4351 1661 4423 qui
1690 4361 1746 4407 et
1776 4368 1975 4424 corro-

383 4461 537 4503 reum
572 4444 753 4511 nobis,
784 4453 840 4501 et
863 4444 1201 4516 spiritualem
1236 4446 1558 4518 suppeditas
1585 4446 1840 4502 imbrem.

1020 4712 1178 4771 CAP.
1208 4711 1325 4767 XV.

452 4806 598 4865 Val.
631 4825 651 4861 ι
679 4806 747 4862 Et
774 4807 908 4863 dixit
937 4806 1203 4861 Dominus
1229 4803 1298 4859 ad
1331 4818 1418 4858 me
1450 4800 1541 4858 :Si
1568 4802 1783 4859 steterit
1815 4802 1968 4876 Moy-

379 4914 490 4965 ses,
525 4907 581 4957 et
629 4898 870 4967 Samuel,
910 4917 930 4952 ι
966 4906 1075 4955 etc.
1107 4895 1343 4969 Moyses,
1383 4894 1474 4966 qui
1507 4892 1757 4950 dicebat:
1805 4893 1866 4951 Si
1887 4912 1969 4950 re-

378 5004 553 5049 mum
584 4993 691 5048 illis
716 4990 1008 5060 p‘eccatum,
1059 4988 1268 5044 remitte
1290 5003 1309 5042 .'
1341 4988 1432 5042 sed
1451 4995 1503 5042 et
1535 5002 1618 5041 me
1638 4986 1806 5041 dele-e
1837 4986 1970 5042 libro

377 5095 470 5141 tuo
497 5086 615 5152 hoc,
653 5086 712 5140 in
740 5101 844 5157 quo
888 5083 1144 5154 scripsisti
1166 5080 1225 5148 ⁸;
1255 5088 1310 5135 et
1355 5078 1596 5145 Samuel,
1633 5079 1727 5150 qui
1757 5089 1812 5135 ct
1841 5079 1971 5135 Saul

377 5178 722 5250 iniquitatem
754 5175 1128 5249 deplorabat’.

455 5290 474 5324 ε
511 5270 662 5341 Ejice
700 5269 840 5335 illos,
875 5274 932 5323 et
955 5266 1323 5338 egrediantur.
1365 5283 1385 5316 ι
1426 5264 1548 5320 Νοη
1575 5274 1660 5320 est
1693 5264 1838 5320 Deus
1877 5264 1971 5335 qui

375 5362 576 5435 reiicit,
628 5360 725 5417 sed
768 5359 1084 5432 iniquitates
1116 5367 1316 5414 nostra:
1360 5357 1613 5413 dividunt
1648 5358 1792 5412 inter
1818 5358 1968 5413 illum

375 5464 435 5510 0t
461 5469 587 5510 nos.

453 5542 517 5597 V.
556 5546 610 5599 5.
644 5564 663 5597 ι
693 5542 942 5601 Gladium
978 5542 1044 5597 ad
1074 5541 1405 5596 occisionem
1457 5547 1512 5594 et
1538 5553 1723 5594 canes.
1769 5559 1786 5590 ι
1835 5537 1967 5594 Post

378 5637 692 5693 sensibilem
725 5637 963 5710 gladium
1008 5634 1329 5707 spiritalem,
1361 5632 1481 5688 falsi
1511 5632 1753 5687 nominis
1780 5632 1966 5704 cogni-

380 5730 605 5783 tionem.
663 5730 841 5786 Canes
908 5744 1038 5783 vero
1096 5728 1164 5782 dc
1235 5725 1433 5795 quibus
1493 5724 1674 5779 aiebat
1729 5723 1965 5793 Aposto-

378 5818 467 5872 lus
497 5820 540 5852 ¹⁰
571 5838 583 5874 :
612 5820 814 5876 Cavete
847 5837 877 5876 a
911 5822 1161 5884 canibus,
1190 5828 1380 5875 cavete
1410 5835 1439 5872 a
1468 5818 1626 5873 malis
1671 5817 1959 5888 operariis.

454 5950 476 5983 ⁸
508 5951 676 6007 Exod.
707 5968 875 6018 xxx",
904 5954 990 6008 Si.
1068 5954 1087 5985 ⁰
1127 5950 1144 6006 l
1175 5952 1301 6024 Reg.
1340 5967 1427 6017 xv,

2078 3440 2215 3511 πρὸς
2250 3438 2413 3492 αὐτὸν
2444 3438 2765 3511 ἀπόκρισις.

2152 3551 2172 3584 ι
2214 3532 2326 3586 Καὶ
2379 3531 2488 3585 ἀπὸ
2514 3530 2656 3587 Σιὼν
2702 3531 2921 3602 ἀπέστη
2955 3533 2990 3602 ἠ
3036 3531 3183 3603 ψυχή
3216 3547 3345 3596 σου;
3382 3548 3401 3583 ι
3456 3529 3667 3600 Ὥσπερ

2078 3617 2448 3691 ἀνθρωπίνως
2480 3618 2782 3691 διαμορφοῖ
2807 3620 2903 3672 τὸν
2933 3618 3116 3689 Θεὸνή
3155 3618 3349 3691 Γραφὴ
3374 3617 3466 3672 τὸν
3493 3621 3671 3688 ἀσχη-

2080 3711 2366 3780 μάτιστον,
2397 3709 2574 3773 οὕτως
2610 3712 2705 3763 καὶ
2735 3710 2811 3773 ὡς
2848 3710 2941 3763 ἐπὶ
2973 3709 3367 3781 άνθρώπου,Ἦ
3394 3708 3541 3779 ψυχή
3567 3724 3663 3759 σου

2077 3798 2360 3871 τέθνηκεν.
2393 3801 2463 3852 Ἢ
2498 3800 2877 3870 προφητικῶς,
2913 3800 2994 3852 ὅτι
3021 3798 3247 3872 ἔμελλεν
3269 3800 3297 3852 0
3327 3798 3461 3861 Θεὸς
3495 3798 3671 3866 Λόγος

2077 3891 2145 3943 δι’
2179 3892 2325 3962 ἡμᾶς
2354 3890 2645 3956 ἅνθρωπος
2679 3890 2991 3960 γίγνεσθαι.

2152 4004 2170 4036 ι
2206 3984 2315 4036 Καὶ
2363 3985 2412 4036 εἱ
2440 3985 2468 4036 0
2498 3984 2727 4054 οὐρανὸς
2758 3983 2922 4037 δώσει
2955 3984 3280 4055 πλησμονὴν
3321 3982 3510 4049 αὐτοῦ,
3542 3982 3669 4051 οὐχὶ

2078 4076 2143 4129 σὺ
2184 4076 2380 4141 αὑτό;;
2414 4094 2432 4126 ι
2483 4074 2618 4128 Οὐδὲ
2661 4076 2716 4128 αἱ
2745 4076 3021 4146 οὐράνιαι,
3072 4076 3229 4146 φησὶ,
3261 4075 3520 4146 δυνάμεις
3544 4074 3669 4145 δίχα

2077 4169 2175 4240 τῆς
2208 4168 2311 4239 σῆς
2338 4168 2650 4240 ἐπιτροπῆς
2680 4168 2941 4223 δύνανται
2965 4172 3226 4241 χορηγεῖν
3250 4169 3451 4237 ἀγαθά.

2153 4281 2171 4313 ι
2213 4261 2327 4316 Καὶ
2361 4260 2746 4331 ὑπομενοῦμεν
2795 4278 2878 4329 σε,
2914 4262 3110 4333 Κύριε,
3151 4263 3232 4314 ὅτι
3286 4262 3350 4314 σὺ
3400 4261 3665 4333 ὲποέησας

2076 4355 2258 4408 πάντα
2293 4354 2487 4410 ταῦτα.
2529 4371 2547 4404 ι
2596 4353 2670 4406 Σὺ
2725 4349 2793 4415 εἷ,
2847 4354 3004 4424 φησὶ,
3057 4356 3152 4407 καὶ
3195 4354 3294 4424 οὐχ
3340 4354 3530 4425 ἕτερός
3577 4371 3664 4418 τις

2075 4450 2103 4501 ὁ
2134 4448 2229 4500 καὶ
2258 4446 2351 4499 τὸν
2384 4444 2644 4516 αἰσθητὸν
2676 4446 2809 4516 ἡμῖν
2862 4448 2959 4499 καὶ
2990 4446 3080 4500 τὸν
3129 4448 3505 4519 πνευματικὸν
3535 4463 3665 4520 χορη

2077 4538 2230 4611 ηγῶν
2262 4538 2441 4591 ὑετόν.
3056 4543 3061 4548 ”

2667 4636 2924 4730 mum.
2953 4676 3051 4731 112'.

2145 4814 2164 4847 ι
2203 4794 2314 4850 Καὶ
2361 4790 2481 4847 εἷπε
2514 4792 2721 4866 Κύριος
2756 4793 2895 4865 πρός
2937 4811 3028 4865 με,
3086 4791 3213 4846 Ἐὰν
3264 4795 3363 4866 στῇ
3394 4795 3662 4864 Μωυσῆς,

2068 4888 2165 4942 καὶ
2205 4887 2483 4959 Σαμουὴλ.
2540 4906 2560 4940 ι
2608 4886 2855 4959 Μωυσῆς
2897 4888 2925 4940 0
2971 4885 3169 4955 λέγων,
3207 4887 3277 4941 Ei
3322 4888 3444 4957 μὲν
3494 4886 3662 4957 ἀφῇς

2067 4983 2276 5050 αὐτοῖς
2298 4981 2414 5051 τὴν
2437 4982 2752 5052 ἁμαρτίαν,
2776 4981 2928 5052 ἄφες
2945 4998 2959 5013 ο
2989 4981 3123 5036 ἐπεὶ
3155 4982 3305 5051 κάμὲ
3325 4981 3666 5052 Mli/largiar

2067 5075 2136 5129 ἐκ
2169 5073 2280 5144 τῆς
2310 5074 2535 5140 ,βίϐλου
2563 5089 2681 5130 σου
2713 5076 2957 5142 ταύτης,
2987 5069 3064 5146 ἧς
3084 5073 3385 5146 hrpaga-ar
3422 5077 3517 5130 καὶ
3556 5076 3661 5130 Σα-

2073 5168 2253 5239 μουὴλ
2277 5168 2305 5221 ὁ
2331 5168 2426 5221 καὶ
2447 5166 2547 5238 τὴν
2573 5166 2666 5220 τοῦ
2702 5168 2878 5222 Σαοὺλ
2900 5168 3183 5240 ἁμαρτίαν
3215 5169 3450 5224 πενθῶν.

2145 5282 2165 5314 ι
2214 5260 2627 5328 Ἐξαπόστειλον
2653 5261 2875 5326 αὐτοὺς,
2930 5262 3025 5315 καὶ
3057 5260 3448 5328 ἔξελθέτωσαν.
3489 5282 3508 5316 ›
3546 5265 3660 5336 Οὐχ

2068 5354 2096 5406 ὁ
2118 5352 2252 5416 Θεὸς
2287 5351 2564 5416 ἐκϐάλλει,
2613 5350 2730 5407 ἀλλ’
2760 5353 2817 5405 αἱ
2858 5352 3016 5423 ἡμῶν
3047 5353 3313 5426 ἁμαρτίαι
3352 5354 3655 5421 διιστῶσιν,

2068 5444 2345 5516 άναμέσον
2377 5444 2535 5516 ἡμῶν
2566 5445 2661 5497 καὶ
2695 5443 2883 5500 αὐτοῦ.
2986 5432 2989 5435 Δ

2153 5557 2174 5591 ι
2206 5539 2503 5610 Μάχαιραν
2535 5539 2617 5601 εἰς
2649 5538 2885 5610 σφαγὴν,
2924 5541 3019 5594 καὶ
3055 5541 3180 5604 τοὺς
3213 5541 3402 5605 κύνας.
3436 5561 3455 5593 ι
3498 5542 3657 5596 Μετὰ

2074 5632 2198 5705 [ἀλ.
2264 5630 2407 5701 μετὰ
2458 5633 2518 5686 τὸ
2546 5631 2822 5703 αἰσθητόν]
2872 5632 2974 5704 τὴν
3028 5631 3316 5703 αἰσθητὴν,
3377 5634 3659 5704 μάχαιραν

2072 5722 2287 5794 νοητὴν,
2312 5722 2666 5792 ψευδώνυμον
2691 5723 2908 5792 γνῶσιν.
2941 5724 3126 5787 Κύνας
3149 5724 3207 5778 δὲ
3248 5724 3376 5794 περὶ
3403 5717 3477 5778 ὧν
3500 5720 3659 5779 εἶπεν

2070 5817 2099 5869 0
2142 5815 2463 5879 Ἀπόστολος
2488 5830 2500 5843 ⁸
2561 5814 2795 5869 Βλέπετε
2845 5817 2972 5879 τοὺς
3009 5815 3177 5881 κύνας
3202 5857 3217 5882 ,
3255 5815 3485 5885 βλέπετε
3527 5814 3660 5880 τοὺς

1631 5949 1674 5981 ’θ
1704 5948 1903 6019 Philip.
1935 5964 2016 6016 ut,
2037 5948 2090 6005 2.
