4038 6418
309 424 416 491 661

1440 434 1905 493 FRAGMENTA
1947 435 2027 494 ΙΝ
2067 439 2486 500 JEREMIAM.

3497 443 3600 503 €62

308 538 519 600 κακοὺς
561 536 821 610 ἐργάτας.
859 540 1040 614 θηρία
1068 543 1125 596 δὲ
1157 542 1282 612 γῆς,
1310 543 1437 606 τοὺς
1467 544 1534 596 τὰ
1565 547 1728 614 γήῖνα
1771 564 1903 616 φρο-

2032 549 2229 605 Bestias
2261 568 2390 606 vero
2427 563 2586 608 terra:
2617 569 2712 608 eos
2747 554 2839 624 qui
2875 564 3088 609 terrena
3120 572 3281 610 sensa
3334 558 3384 610 in
3444 557 3605 612 nobis

305 627 532 699 νήματα
579 631 710 700 ἡμῖν
741 634 1128 704 ὲνσπεῐροντας
1151 652 1164 665 ·
1203 637 1429 690 πετεινὰ
1453 637 1508 690 δὲ
1539 639 1635 690 τοῦ
1666 639 1902 710 οὐρανοῦ

306 721 439 784 τοὺς
486 722 554 776 τὰ
625 724 900 794 ὑψώματα
951 728 1081 797 ἡμῖν
1132 730 1561 801 ὲπισπείροντας
1617 731 1755 802 μετὰ
1805 733 1904 803 τῆς

310 813 569 881 γνώσεως
601 817 696 869 τοῦ
732 818 888 872 Θεοῦ.

389 923 409 955 ι
438 906 538 960 Διὰ
567 909 888 980 Μανασσῆν.
915 929 934 962 ι
967 906 1132 977 Οὗτος
1157 913 1375 967 ἔπεισεν
1407 913 1654 976 ἐκτόπως
1687 915 1905 969 εἰδωλο-

344 1001 533 1066 ατρεῑν
569 1000 697 1062 τοὺς
734 1001 1040 1066 Ἰουδαίους.
1090 1006 1322 1073 Λέγεται
1353 1007 1410 1059 δὲ
1439 1007 1535 1060 καὶ
1567 1007 1659 1059 τὸν
1689 1009 1904 1078 προφή-

309 1104 412 1158 την
457 1090 688 1143 Ἡσαΐαν
720 1093 881 1156 αὐτὸς
915 1097 1132 1166 πρίσαι.

389 1199 408 1231 ι
451 1182 520 1234 Ἦ
550 1183 633 1246 τίς
683 1186 1001 1256 ἀνακάμψει
1051 1191 1132 1252 εἰς
1168 1191 1393 1260 εἰρήνην
1435 1209 1553 1257 σοι;
1597 1211 1613 1242 ι
1666 1192 1759 1257 Τίς
1791 1193 1906 1262 ἔχει

311 1270 623 1340 φοΰηοῆναι
657 1275 736 1335 εἰς
766 1276 827 1327 τὸ
861 1277 1112 1331 κακῶσαί
1141 1295 1201 1331 σε
1229 1296 1244 1344 ;
1276 1281 1398 1332 ἀντὶ
1428 1282 1522 1334 τοῦ
1546 1322 1561 1346 ,
1595 1283 1806 1344 Οὐδείς.
1837 1285 1907 1336 Ἦ

309 1363 415 1426 τίς,
447 1366 606 1432 φησὶ,
644 1366 830 1435 μέλλει
862 1386 942 1422 σοι
970 1371 1297 1441 εἰρηνεύειν,
1331 1373 1466 1444 ἐμοῦ
1498 1393 1581 1428 σοι
1611 1375 1910 1446 πολεμοῦν-

307 1472 444 1521 τοὶς

388 1569 407 1598 ι
450 1550 558 1603 Καὶ
592 1553 870 1622 διαφθερῶ
931 1573 1012 1622 σε,
1047 1558 1140 1610 καὶ
1172 1559 1356 1612 οὐκέτι
1393 1561 1580 1628 ἀνήσω
1625 1562 1844 1624 αὐτούς.
1886 1582 1902 1612 ι

307 1639 408 1706 Τὸ,
444 1641 526 1703 σέ,
561 1643 673 1707 καὶ,
723 1645 942 1712 αὐτούς,
972 1649 1114 1700 κατὰ
1169 1650 1263 1703 τοῦ
1297 1651 1463 1704 αὑτοῦ
1517 1656 1735 1707 κεῖται·
1773 1653 1908 1724 φησὶ

305 1731 363 1785 δὲ
399 1734 499 1804 τήν
536 1735 914 1809 Ἰερουσαλὴμ,
947 1741 1042 1792 καὶ
1057 1741 1182 1804 τοὺς
1213 1743 1672 1814 ἁπειλουμένους.

387 1933 407 1967 ι
457 1917 546 1968 Ἐν
588 1917 784 1983 πύλαις
813 1919 945 1974 λαοῦ
983 1941 1084 1993 μου
1141 1924 1551 1996 ἡτεκνώοησαν.
1590 1948 1607 1978 ι
1638 1929 1704 1980 Αἱ
1743 1930 1906 1982 πολυ-
1941 1903 1982 1956 Β

307 2008 566 2077 οχλοῦσαι
595 2012 777 2076 πόλεις
798 2013 994 2085 ἔρημοι
1023 2016 1334 2084 γεγόνασιν.

387 2118 405 2150 ι
461 2100 634 2172 Ὑπὲρ
672 2103 770 2174 τὴν
809 2104 993 2175 ἄμμον
1027 2107 1126 2177 τῆς
1177 2106 1475 2178 θαλάσσης.
1523 2129 1540 2161 ι
1588 2109 1909 2180 ’Υπερὸολι-

309 2190 406 2255 κὸς
439 2191 467 2244 ὁ
502 2193 682 2261 λόγος.

388 2303 409 2336 ι
429 2285 823 2357 Ταλαιπωρίαν
841 2291 898 2342 ὲν
926 2292 1266 2364 μεσημϐρίᾳ.
1283 2312 1300 2344 ι
1340 2295 1449 2349 Τοῦ
1472 2296 1908 2362 Χρυσοστόμου

310 2375 426 2450 [ἄλ.
482 2381 1004 2455 Ὀλυμπιοδώρου]
1034 2385 1173 2455 Ὅρα
1217 2386 1332 2450 πῶς
1364 2389 1462 2456 τὴν
1506 2389 1779 2458 τιμωρίαν
1816 2390 1912 2440 ἐπ-

311 2469 692 2541 ἡγαγεν,ὦστε
713 2473 786 2540 μὴ
802 2473 1126 2542 νομισθῆναι
1145 2474 1347 2539 ταύτας
1367 2471 1505 2530 εἶναι
1519 2477 1616 2540 τὰς
1634 2477 1907 2546 συνήθεις,

310 2562 430 2615 ἀλλ’
464 2564 636 2626 ὅντως
666 2564 968 2634 Οεηλάτους
1001 2568 1175 2630 τινάς.

390 2673 414 2708 c
444 2656 751 2727 Ἀπέῤῥιψα
781 2659 870 2710 ἐπ’
892 2659 1062 2728 αὐτὴν
1096 2660 1358 2730 ἐξαίφνης
1393 2661 1615 2730 τρόμον.
1647 2679 1663 2710 ι
1687 2660 1913 2731 Ἀπροσ-

312 2748 588 2819 ὼκήτως.

395 2861 414 2892 ι
463 2841 763 2911 Ἐκενώοη.
811 2844 1003 2895 Ἑπέδυ
1032 2846 1059 2896 ὁ
1089 2844 1239 2914 ἥλιος
1274 2844 1360 2896 ἐπ’
1389 2844 1526 2914 αὐτῇ
1557 2885 1568 2906 ,
1600 2843 1677 2896 ἔτι
1715 2844 1910 2914 μεσού-

317 2950 420 3004 σης
449 2935 550 3003 τῆς
580 2933 814 3005 ἡμέρας.
851 2955 870 2986 ι
919 2935 1056 2987 Ὑπὸ
1087 2936 1181 2988 τοῦ
1212 2935 1453 3007 πλήθους
1471 2937 1583 2988 τῶν
1617 2937 1909 3006 πολεμίων·

312 3025 351 3094 ἢ
375 3027 460 3079 ὅτι
487 3027 772 3094 αἰφνιδίως
809 3030 1123 3098 συμφοραῖς
1162 3028 1740 3099 καταλαμϐανόμενοι,
1792 3031 1915 3084 οὐδὲ

313 3117 412 3172 τὸν
442 3119 596 3189 ἥλιον
629 3120 735 3174 ὑπὸ
761 3122 862 3191 τῆς
883 3122 1132 3193 ταραχῆς
1159 3121 1471 3192 βλέπουσιν.

397 3229 418 3262 ι
454 3209 616 3282 Οἴμοι
649 3210 875 3279 ὲγὼ,ὼς
902 3211 1048 3273 τίνα,
1083 3212 1282 3282 μῆτερ,
1315 3214 1381 3281 μὲ
1417 3212 1604 3276 ἔτεκες
1631 3211 1805 3283 ἄνδρα
1833 3214 1914 3266 δι-

315 3302 624 3373 καζόμενον
684 3303 780 3356 καὶ
832 3303 1245 3372 διακρινόμενον
1275 3305 1428 3376 πάσῃ
1469 3307 1532 3376 τῇ
1566 3307 1674 3375 γῇς
1717 3325 1735 3357 ι
1773 3305 1916 3373 Πρὸς

320 3397 425 3465 μὲν
475 3397 639 3464 ῥητὸν
661 3439 676 3462 ,
709 3398 793 3450 ὅτι
823 3399 937 3459 τοῖς
971 3396 1454 3468 ψευδοπροφήταις
1489 3397 1748 3465 ἀντέλεγε
1774 3437 1787 3460 ,
1824 3399 1918 3450 καὶ

317 3489 459 3562 πρὸς
497 3490 625 3554 τοὺς
667 3488 1124 3560 παρανομοῦντας
1165 3489 1477 3553 ἐδικάζετοο
1521 3489 1659 3559 πρὸς
1706 3488 1764 3541 δὲ
1798 3489 1916 3542 διὰ-

316 3600 494 3647 νυισν,
528 3582 616 3635 διὰ
644 3583 708 3636 τὸ
748 3582 850 3654 τὴν
890 3583 1172 3654 ἁμαρτίαν
1217 3581 1545 3653 πολυμερῶς
1591 3580 1918 3654 περισύρειν

315 3682 422 3748 τὴν
452 3677 790 3748 ἀγαθοτητα.
1073 3737 1092 3748 ε

401 3790 420 3822 ι
470 3769 608 3825 Οὔτε
651 3770 938 3842 ὠφέλησεν
987 3788 1054 3840 με
1087 3769 1284 3834 οὐδείς.
1326 3790 1341 3820 ι
1376 3771 1503 3824 ’Ὀτι
1529 3772 1680 3824 οὐδὲν
1711 3773 1739 3824 ὁ
1779 3788 1919 3841 προσ-

322 3863 556 3934 φητικὺς
582 3863 742 3931 λόγος
766 3862 869 3932 τῆς
897 3863 1175 3931 ἁμαρτίας
1205 3863 1538 3932 ἀπήλλαξεν,
1566 3863 1641 3928 ὡς
1672 3863 1729 3928 ἐξ
1757 3864 1917 3932 ἀνάγ-

320 3973 431 4027 κης
458 3955 669 4008 δεῖσθαι
690 3957 789 4024 τῆς
817 3955 905 4008 διὰ
937 3954 1176 4026 Χριστοῦ
1210 3955 1665 4026 ἀπολυτρώσεως.

403 4065 422 4098 ι
465 4046 526 4098 Ἦ
554 4046 708 4116 ἰσχύς
727 4063 829 4116 μου
857 4046 1100 4110 ἐξέλιπεν
1119 4045 1176 4097 ἓν
1193 4047 1306 4108 τοῖς
1326 4046 1743 4118 καταρωμένας
1771 4063 1858 4116 με.
1893 4065 1912 4099 ι

323 4137 455 4200 Τοῖς
489 4139 904 4191 ἐπιϐουλεύουσί
938 4156 1050 4207 μοι.

407 4249 424 4280 ι
461 4229 701 4294 Γένοιτο,
730 4230 998 4290 Δέσποτα,
1037 4228 1478 4283 κατευθυνὸντιυν
1501 4229 1733 4285 αὐτῶν.»
1765 4229 1914 4292 Εἴθε,

325 4323 490 4395 φησὶ,
515 4321 886 4392 κατηύουναν,
912 4321 1009 4374 καὶ
1042 4320 1388 4390 ἐπέστρεψαν
1423 4320 1558 4390 πρδς
1585 4323 1665 4384 σὲ,
1703 4322 1779 4385 ὡς
1811 4325 1920 4374 πά-

325 4415 414 4470 λιν
460 4415 688 4485 ὲδεόμην
732 4415 870 4484 ὑπὲρ
909 4413 1123 4479 αὐτῶν,
1158 4415 1252 4467 καὶ
1298 4415 1462 4485 ᾔτουν
1489 4415 1672 4478 αὐτοῖς
1716 4416 1920 4483 ἀγαθὰ,

327 4509 430 4564 καὶ
484 4507 659 4562 ταῦτα
709 4506 920 4578 ἐχθρῶν
981 4524 1071 4577 μοι
1126 4506 1298 4559 ὄντων
1351 4505 1555 4571 αὐτῶν,
1616 4509 1710 4560 καὶ
1765 4508 1922 4560 πολε-

329 4594 501 4668 μίων.

296 4697 301 4740 l
413 4708 432 4738 ‹
476 4688 536 4740 ΕΞ
585 4688 960 4757 γνωσθήσεται
1007 4690 1242 4760 σίδηρος,
1274 4690 1370 4742 καὶ
1410 4691 1754 4761 περιϐόλαιον
1792 4691 1922 4763 χαλ⁹

328 4779 434 4835 κοῦ
459 4783 493 4849 ή
531 4781 686 4852 ἰσχῦς
715 4799 845 4847 sou;
883 4802 901 4834 ι
945 4783 1042 4836 Ἐκ
1063 4780 1200 4835 Θεοῦ
1231 4783 1368 4852 πρὸς
1405 4783 1495 4835 τὸν
1523 4783 1652 4836 λαὸν
1682 4783 1711 4834 ὁ
1743 4784 1920 4852 λόγος.

327 4873 459 4928 Κᾶν
488 4874 709 4943 ἰσχυρὸς
731 4870 1015 4947 ᾖς,φησὶν,
1039 4876 1113 4938 ὡς
1133 4875 1350 4946 σίδηρος
1373 4875 1404 4946 ἢ
1429 4877 1648 4946 χαλκδς,
1667 4879 1926 4949 περιέσο-

335 4968 440 5036 μαί
470 4984 563 5020 σου
575 5010 588 5022 .

413 5079 433 5111 ι
469 5059 580 5114 Καὶ
603 5060 726 5122 τοὺς
754 5059 1060 5129 θησαυρούς
1091 5077 1184 5112 σου
1210 5061 1286 5122 si;
1307 5063 1587 5132 προνομὴν
1612 5062 1768 5117 δώσω
1798 5067 1928 5118 ἀντ-

333 5150 592 5221 άλλαγμα
628 5150 716 5205 διΞι
771 5151 951 5214 πάσας
989 5151 1083 5213 τὰς
1129 5152 1405 5222 ἁμαρτίας
1469 5172 1584 5206 σου,
1630 5175 1646 5204 ι
1684 5157 1748 5207 Τί
1780 5159 1930 5210 ἐστιν

331 5243 768 5313 ἀντὰλλιιῃια;
792 5243 943 5296 Ἀντὶ
962 5244 1073 5296 τῶν
1096 5245 1385 5315 ἁμαρτιῶν
1417 5263 1508 5298 σου
1533 5246 1689 5300 δώσω
1706 5249 1772 5300 τὰ
1791 5251 1931 5320 χρή-

339 5337 495 5408 ματᾶ
533 5353 627 5390 σου
668 5338 764 5390 καὶ
797 5337 894 5408 τὴν
929 5337 1082 5407 ἰσχύν
1128 5355 1244 5404 σου,
1293 5339 1484 5410 ἐπειδὴ
1533 5341 1718 5404 αὐτοῖς
1765 5341 1929 5414 ἐθάρ-

342 5431 495 5502 pm.

420 5544 439 5576 ι
479 5525 650 5580 Γνῶοι
677 5525 754 5589 ὡς
785 5525 977 5579 ἔλαϐον
1005 5525 1133 5597 περὶ
1167 5525 1260 5578 σοῦ
1316 5523 1641 5594 ὀνειδισμσῧν.
1680 5543 1697 5574 ι
1756 5525 1930 5598 Ταχὺ,

345 5619 426 5692 μὴ
462 5617 760 5691 βραδύνῃς.

420 5732 439 5764 ι
480 5712 588 5766 Καὶ
609 5712 763 5764 ἔσται
801 5713 828 5764 ὁ
859 5711 1015 5779 λόγος
1053 5728 1147 5763 σου
1178 5711 1300 5781 ἐμοὶ
1332 5712 1411 5772 εἰς
1445 5711 1787 5779 εὐφροσύνην
1840 5713 1936 5765 καὶ

345 5804 524 5876 χαρὰν
574 5805 804 5875 καρδίας
862 5822 986 5874 μου.
1032 5825 1050 5857 ι
1091 5805 1209 5857 Ἵνα
1267 5803 1408 5873 μετὰ
1453 5805 1627 5874 χαρᾶς
1678 5804 1938 5877 προφέρω

350 5901 416 5953 τὰ
449 5898 514 5952 σὰ
541 5898 724 5966 λόγια,
764 5897 962 5970 μηκέτι
995 5895 1086 5951 ὑπ’
1113 5897 1292 5952 αὐτῶν
1318 5896 1754 5968 ἀντιλεγόμενος.

2009 644 2301 700 seminant.
2336 645 2585 700 Vol-utilia
2631 659 2812 702 autem
2869 650 2991 704 curii
3022 645 3112 719 qui
3140 650 3265 703 talia
3319 649 3450 704 dant
3507 665 3606 703 no-

2007 732 2092 787 bis
2144 735 2376 802 semina,
2433 746 2490 792 ut
2549 739 2877 794 extollantur
2903 741 3165 796 adversus
3212 740 3303 795 Dei
3335 741 3603 813 cognitio-

2009 839 2156 878 nem.

2085 917 2144 970 V.
2177 920 2229 972 4.
2263 939 2277 969 ι
2311 919 2534 991 Propter
2559 921 2885 980 Manassen].
2925 945 2942 976 ι
2989 927 3087 982 llic
3136 927 3342 983 Judazis
3385 927 3604 982 idolola-

2012 1016 2156 1062 trare
2183 1013 2470 1078 persuasit.
2507 1013 2714 1068 Dicitur
2744 1027 2798 1072 et
2829 1019 3156 1088 pr0phctam
3193 1022 3387 1076 lsaiam
3438 1021 3604 1077 disse-

2011 1116 2216 1156 CUISSC.

2011 1187 2016 1192 ’
2085 1195 2148 1247 V.
2181 1195 2263 1248 5.(
2289 1197 2395 1251 Aut
2433 1199 2555 1268 quis
2574 1203 2820 1257 curvabit
2851 1219 2920 1258 so
2937 1206 3001 1259 ad
3035 1221 3223 1275 pacem
3259 1208 3398 1261 tibi?
3428 1229 3444 1260 ι
3472 1207 3604 1274 Quis

2012 1295 2160 1339 metu
2187 1288 2625 1345 eohibehiturne
2661 1302 2712 1346 te
2742 1295 3354 1365 aﬂligat?qnasidieat:
3387 1299 3597 1354 Nullus.

2013 1378 2122 1433 Aut
2152 1380 2294 1449 quis,
2326 1381 2523 1451 inquit,
2557 1392 2737 1438 tecum
2758 1401 2946 1456 pacem
2973 1388 3185 1460 jungat,
3219 1407 3342 1445 cum
3373 1408 3472 1462 ego
3505 1392 3601 1447 tibi

2013 1473 2214 1527 bellum
2247 1474 2478 1530 inferam
2500 1477 2523 1530 ?

2091 1565 2151 1621 ν.
2190 1568 2242 1622 6.
2282 1590 2299 1620 ‹
2338 1569 2406 1621 Et
2433 1569 2746 1638 disperdam
2782 1580 2855 1632 te,
2888 1579 2942 1625 et
2973 1588 3082 1626 non
3133 1573 3271 1628 ultra
3329 1575 3603 1630 dimittam

2013 1672 2128 1711 cos.
2179 1676 2198 1708 ι
2241 1658 2324 1723 Te,
2358 1669 2412 1712 et
2443 1677 2547 1724 eos,
2595 1660 2664 1714 de
2720 1662 2913 1717 eodem
2964 1664 3254 1728 dicuntur;
3289 1664 3366 1718 ait
3421 1673 3602 1720 autem

2013 1749 2335 1817 Jerusalem,
2370 1769 2575 1823 eosque
2604 1753 2804 1822 quibus
2857 1755 3020 1809 mium
3047 1756 3347 1826 jactantur.

2087 1941 2151 1996 ν.
2183 1944 2233 1994 7.
2274 1962 2291 1993 ι
2334 1942 2391 1994 ln
2426 1943 2599 2012 portis
2649 1945 2836 2013 pepuli
2873 1945 2977 1999 mei
3016 1945 3191 2000 orbati
3238 1945 3331 2000 ﬁlii
3393 1954 3538 2000 sunt.
3579 1965 3597 1998 ι

2017 2034 2498 2102 Frequentissitme
2526 2035 2775 2090 civitates
2807 2037 3066 2092 desolata:
3103 2047 3252 2092 sunt.

2093 2126 2153 2180 V.
2185 2127 2239 2180 8.
2277 2146 2295 2178 ι
2337 2125 2515 2196 Super
2543 2143 2766 2183 arenam
2801 2131 2982 2186 maris.
3035 2150 3054 2182 ι
3095 2131 3492 2201 Hyperbolicus
3517 2131 3608 2186 hic

2018 2234 2217 2273 sermo.
3368 2274 3372 2278 I

2095 2331 2113 2363 (
2145 2312 2416 2366 Miseriam
2447 2315 2500 2366 in
2533 2313 2782 2368 meridie.
2810 2335 2826 2366 ι
2854 2315 3322 2391 Cluysostomﬂal.
3345 2321 3600 2397 01ymp.].

2017 2404 2152 2458 Vide
2182 2407 2458 2475 quomodo
2499 2423 2690 2476 poenas
2719 2407 3015 2474 indixerit,
3057 2421 3116 2466 ut
3179 2430 3249 2469 ne
3314 2427 3609 2474 consuetas

2019 2512 2111 2552 eas
2137 2514 2259 2552 esse
2290 2498 2413 2568 quis
2439 2508 2672 2567 putaret,
2709 2503 2806 2563 sed
2839 2518 2967 2557 vere
3005 2521 3034 2556 a
3064 2504 3173 2559 Deo
3199 2505 3397 2562 illatas.

2096 2699 2112 2731 ι
2146 2680 2308 2748 lnjeei
2339 2696 2505 2749 super
2533 2698 2652 2736 eam
2689 2692 2914 2752 repente
2956 2692 3270 2741 tremorem.
3318 2707 3337 2740 ι
3404 2687 3610 2744 Prmter

2021 2773 2504 2840 eXSpectationem.

2098 2864 2161 2918 V.
2188 2866 2241 2922 9.
2280 2886 2297 2916 ‹
2326 2865 2508 2921 Vacua
2537 2867 2676 2922 facta
2712 2876 2816 2922 cst.
2839 2869 3050 2925 Occidit
3085 2872 3162 2926 sol
3191 2871 3262 2931 ei.
3286 2889 3410 2926 cum
3431 2873 3611 2928 adhuc

2021 2961 2234 3015 medius
2274 2962 2390 3014 dies
2423 2969 2589 3015 esset.
2617 2982 2634 3012 ι
2673 2961 2766 3016 Vel
2810 2974 3034 3033 propter
3075 2963 3316 3018 hostium
3362 2966 3611 3020 multitu-

2021 3053 2237 3120 dinem;
2265 3053 2347 3106 vel
2375 3054 2523 3123 quia,
2547 3055 2848 3124 repentinis
2878 3055 3057 3112 allecti
3079 3057 3506 3123 calamitatibus,
3540 3075 3611 3113 ne

2022 3144 2193 3198 Solem
2227 3144 2446 3213 quidem
2481 3160 2590 3214 prxc
2615 3144 2938 3200 confusione
2975 3147 3180 3203 vident.

2097 3233 2159 3288 V.
2196 3237 2281 3290 10.
2331 3255 2348 3285 ι
2377 3234 2494 3289 llcu
2527 3252 2634 3299 me,
2678 3245 2854 3291 mater
2884 3254 3025 3300 mea,
3055 3255 3225 3308 quare
3258 3241 3492 3310 genuisti
3525 3257 3612 3294 me

2020 3326 2218 3390 virum,
2262 3326 2353 3396 qui
2380 3326 2596 3395 judicer
2628 3337 2682 3382 et
2713 3328 2995 3383 diseernar
3025 3331 3173 3382 omni
3207 3330 3403 3384 terrae?
3427 3349 3445 3381 ι
3477 3330 3610 3385 Jux-

2023 3429 2073 3473 ta
2115 3421 2379 3483 litteram,
2433 3423 2578 3491 quod
2634 3423 3129 3492 pseudopmphetis
3177 3425 3605 3490 contradicebat,

2021 3525 2252 3579 cumque
2288 3509 2454 3577 impie
2480 3510 2768 3580 agentibus
2798 3511 3042 3580 litigabat
3071 3528 3084 3574 ;
3120 3510 3273 3580 juxta
3305 3526 3436 3565 vero
3467 3511 3611 3564 inte-

2021 3600 2220 3654 riorem
2255 3616 2496 3665 sensum,
2530 3603 2657 3670 quia
2688 3603 2853 3657 variis
2889 3603 3066 3657 modis
3098 3603 3358 3672 iniquitas
3383 3602 3613 3656 cireum-

2019 3695 2129 3765 agit
2159 3694 2479 3749 bonitatem.
2515 3691 2518 3693 Α

2098 3805 2120 3838 ‹
2156 3787 2265 3841 Nec
2306 3787 2506 3855 profuit
2541 3788 2674 3842 mihi
2702 3789 3010 3858 quisquam.
3039 3810 3055 3840 ι
3084 3789 3238 3855 Quod
3260 3788 3614 3860 propheticus

2022 3896 2204 3934 sermo
2242 3883 2392 3934 nullo
2433 3883 2594 3936 modo
2623 3884 2874 3938 liberavit
2906 3901 2934 3938 a
2984 3893 3247 3953 peccato;
3289 3883 3360 3937 ita
3394 3892 3452 3936 ut
3512 3898 3612 3938 ne-

2022 3976 2259 4029 cessario
2285 3992 2423 4044 opus
2463 3985 2611 4031 esset
2650 3978 2821 4030 salute.
2854 3994 2950 4047 per
2984 3978 3285 4031 Christum.

2101 4068 2436 4123 «Fortitudo
2487 4085 2603 4123 mea
2657 4070 2854 4124 defecit
2913 4071 2966 4124 in
3018 4070 3103 4124 his
3141 4071 3232 4140 qui
3277 4071 3612 4125 maledicunt

2025 4162 2182 4216 mihi.
2219 4181 2236 4212 ι
2277 4162 2378 4227 Qui
2410 4163 2541 4216 mihi
2575 4162 2924 4218 insidiantur.
3023 4234 3026 4236 η

2097 4251 2160 4305 ν.
2187 4253 2269 4306 ll.
2299 4271 2316 4303 ι
2345 4250 2482 4319 Fiat,
2504 4255 2752 4318 Domine,
2780 4253 3138 4325 dirigentibus
3167 4255 3289 4309 illis.
3322 4275 3338 4306 ι
3367 4255 3613 4322 Utinam,

2025 4346 2119 4410 ait,
2152 4361 2208 4399 se
2240 4345 2536 4416 dirigerent
2567 4355 2620 4401 et
2651 4355 3104 4402 converterentur
3124 4348 3188 4402 ad
3226 4357 3298 4412 te,
3330 4357 3388 4402 ut
3417 4348 3612 4404 iterum

2024 4456 2122 4509 pro
2151 4440 2255 4493 illis
2295 4440 2360 4492 ad
2398 4450 2448 4494 te
2486 4455 2675 4509 preces
2705 4440 3067 4507 cﬂunderem,
3105 4451 3159 4494 et
3189 4451 3434 4510 peterem
3485 4441 3616 4510 ipsis

2027 4531 2192 4596 bona,
2223 4531 2381 4599 idque
2415 4531 2595 4585 hostili
2629 4532 2812 4587 animo
2841 4532 2892 4585 in
2930 4548 3016 4586 mc
3046 4531 3276 4586 allectis.

1957 4608 2001 4663 υ
2099 4619 2164 4674 ν.
2199 4621 2283 4673 1⁸2.
2327 4619 2348 4670 ι’
2383 4620 2436 4674 Si
2467 4632 2826 4692 eognoscetur
2859 4625 3088 4687 ferrum,
3119 4633 3173 4678 et
3224 4625 3613 4678 vestimentum

2027 4730 2237 4768 :eneum
2267 4712 2526 4768 fortitudo
2563 4715 2691 4767 tua?
2719 4736 2736 4766 ι
2771 4715 2863 4770 Dei
2900 4717 3059 4771 verba
3095 4717 3161 4771 ad
3199 4718 3459 4786 populum
3484 4734 3495 4768 :
3525 4715 3616 4771 Li-

2029 4815 2136 4869 cet,
2164 4804 2359 4870 inquit,
2395 4805 2469 4858 sis
2502 4805 2758 4860 robustus
2793 4814 2850 4859 ut
2883 4807 3108 4872 ferrum,
3139 4809 3223 4863 vel
3258 4825 3354 4873 (es,
3387 4825 3618 4879 snpera-

2031 4897 2098 4949 bo
2130 4903 2198 4949 te.

2104 5075 2167 5128 V.
2209 5076 2287 5128 15.
2322 5073 2418 5128 «Ει
2443 5073 2728 5128 thesauros
2758 5083 2879 5127 tuos
2903 5073 2956 5126 in
2986 5074 3526 5142 direptioncnulabo,
3563 5084 3612 5128 ct

2033 5173 2516 5224 commutationem
2547 5175 2770 5237 propter
2799 5167 2982 5220 cinnia
3016 5175 3237 5236 pecrata
3280 5177 3389 5220 tua.
3422 5186 3438 5215 ι
3475 5167 3617 5233 Quid

2035 5272 2136 5324 est,
2156 5261 2654 5316 commutationem?
2677 5259 2781 5313 Pro
2810 5258 3048 5329 peccatis
3084 5259 3188 5326 tuis
3209 5259 3413 5312 tradam
3452 5275 3619 5329 pecu-

2037 5355 2183 5410 niam
2242 5363 2409 5419 tuatn,
2465 5362 2518 5406 et
2578 5353 2746 5407 robur
2810 5361 2983 5416 tuutn,
3033 5351 3289 5420 quoniam
3342 5351 3446 5407 illis
3485 5352 3620 5407 lide-

2037 5447 2186 5500 bant.

2109 5536 2170 5592 V.
2214 5536 2292 5590 l3.
2323 5556 2338 5585 ι
2367 5534 2514 5588 Scito
2530 5533 2787 5602 quoniam
2816 5533 2998 5603 accepi
3020 5549 3117 5602 pro
3139 5531 3614 5603 lct)ppl‘()bl‘itlln.)

2036 5630 2156 5685 Cito
2182 5671 2194 5688 .
2229 5645 2296 5682 ne
2330 5629 2530 5682 tardes.

2114 5739 2130 5770 ι
2166 5718 2229 5772 Et
2260 5719 2367 5772 erit
2395 5718 2523 5771 mihi
2554 5717 2781 5771 verbum
2841 5725 2994 5770 tuum
3027 5716 3080 5770 in
3135 5715 3396 5778 lmtitiam,
3449 5722 3504 5768 et
3567 5714 3619 5768 in

2039 5812 2294 5884 gaudium
2357 5810 2536 5866 cordis
2575 5811 2702 5862 mei.
2740 5827 2758 5858 ι
2796 5809 2868 5862 Ut
2926 5807 3290 5886 cwaudio
3342 5817 3624 5860 sermones

2045 5914 2168 5957 tuos
2201 5901 2445 5968 eloquar,
2480 5899 2682 5954 nullam
2716 5897 2943 5969 posthac
2992 5897 3060 5953 ab
3094 5897 3198 5953 illis
3237 5893 3622 5954 contradictiov

2046 6009 2172 6052 nem
2195 5993 2430 6065 patiens.
