3942 6412
320 360 431 429 663

1397 372 1917 435 OLYMPIODOBI
1952 375 2490 443 ALEXANDRINI

392 471 460 526 ν.
493 471 583 528 l'l.
629 439 658 525 ἰ
693 472 1047 544 Ludentium,
1088 496 1106 531 ι
1135 486 1243 536 etc.
1300 480 1606 537 Deridicula
1666 496 1894 553 operan-

2190 439 2195 440 γ
2214 439 2221 440 κ
2244 439 2250 441 .
2265 439 2297 443 -τ
2315 439 2339 442 -
2355 439 2421 442 eff
2440 439 2448 443 -
2462 439 2489 443 τ
3486 439 3588 463 υντ

2088 507 2106 541 ι
2131 491 2464 561 Παιζόντων,
2493 511 2546 549 κ.
2564 512 2617 549 τ.
2638 494 2691 549 λ.
2722 516 2743 549 ι
2771 498 3168 568 Καταγέλωτος
3194 502 3321 569 ἄξια
3352 502 3588 576 ἐργαζοο

322 562 481 618 tium.

390 654 456 709 ν.
492 655 578 710 l8.
618 675 637 709 ι
675 656 835 728 Plaga
873 675 993 715 mea
1027 660 1200 717 solida
1250 650 1354 718 est.
1395 682 1415 715 ι
1459 663 1759 721 Theodoriti
1806 666 1901 740 [aL

323 746 732 822 Olympiodori].
765 749 907 805 Num
953 754 1101 808 enim
1164 754 1319 826 plaga
1357 770 1479 811 mea
1513 757 1621 813 illis
1646 758 1717 813 ad
1753 759 1904 814 utili-

319 840 527 895 tatem?
552 840 665 897 Cur
697 842 865 915 igitur
889 844 1007 900 haec
1024 846 1132 900 illis
1161 847 1475 917 permittis?

392 971 411 1003 ι
439 952 595 1010 Unde
625 958 903 1013 sanabor?
937 980 955 1012 ι
989 960 1346 1033 Olympiodori
1399 964 1494 1038 [aL
1543 966 1896 1041 Theodoreti].

313 1041 511 1116 Figura
532 1051 1056 1109 accommodationis
1074 1056 1363 1111 verborum
1391 1058 1456 1112 ad
1477 1058 1655 1128 plura,
1690 1069 1903 1118 natura:

312 1132 567 1194 humanae
584 1140 745 1194 verba
777 1150 935 1209 sunt;
963 1158 1083 1223 quae
1110 1146 1262 1202 nullo
1283 1149 1448 1204 modo
1478 1151 1657 1205 curari
1689 1160 1903 1223 poterat
1930 1164 1942 1175 '

308 1227 415 1284 nisi
446 1230 515 1285 ab
541 1247 650 1288 uno
676 1232 956 1291 Salvatore
979 1247 1191 1293 nostro.

385 1362 411 1396 ο
443 1343 581 1403 Dum
638 1348 720 1417 ﬁt,
753 1348 891 1407 facta
945 1363 1031 1411 est
1077 1354 1213 1410 mihi
1245 1356 1402 1426 quasi
1460 1373 1602 1429 aqua
1641 1361 1897 1428 mendax,

306 1450 421 1492 non
481 1437 691 1497 habens
740 1443 924 1501 ﬁdem.
953 1465 973 1499 ι
1035 1447 1648 1521 Pseudoprophctarum
1718 1454 1895 1518 fraus,

306 1543 431 1598 qua
460 1539 517 1587 et
543 1534 813 1605 populum
832 1539 1114 1607 sauciavit,
1153 1542 1240 1598 vel
1276 1544 1539 1615 iniquitas
1599 1545 1740 1615 ipsa,
1776 1560 1899 1615 quae

305 1619 543 1679 infidelis
558 1636 658 1693 est,
690 1636 747 1683 et
779 1631 937 1700 aquis
962 1634 1299 1690 assimilatur
1337 1636 1732 1693 suﬂ'ocantibus
1756 1651 1901 1707 quos

307 1714 662 1775 detinuerint.
694 1721 790 1778 Est
817 1724 983 1781 etiam
1014 1741 1157 1797 aqua
1183 1730 1417 1786 mendax
1438 1746 1549 1787 non
1587 1731 1799 1787 habens
1832 1728 1897 1785 li-

306 1808 453 1875 dem,
490 1809 871 1871 haereticorum
902 1817 1195 1889 baptisma.

376 1927 445 1986 Ἴ.
478 1930 567 1987 19.
606 1950 629 1984 ι
650 1930 709 1988 Si
739 1936 1031 1994 reverteris
1053 1979 1068 2006 ,
1106 1949 1163 1994 et
1195 1940 1480 1995 restituam
1540 1949 1591 1995 te
1623 1958 1637 1995 :
1675 1950 1730 1996 ct
1768 1950 1896 1996 ante

305 2017 504 2077 faciem
564 2039 743 2080 meam
774 2027 965 2083 stabis.
1002 2047 1023 2081 ι
1046 2028 1104 2084 Si
1135 2032 1305 2099 enim,
1334 2031 1431 2095 ait,
1466 2032 1535 2087 ab
1597 2032 1887 2104 iniquitate

306 2114 605 2184 destiteris,
633 2118 747 2174 eris
786 2128 851 2176 ut
879 2136 912 2176 a
954 2121 1233 2195 principio
1278 2123 1473 2190 Adam,
1507 2138 1629 2180 mea
1682 2125 1894 2181 visione

308 2207 586 2281 dignatus.
1734 2234 1738 2238 Α

385 2341 406 2375 ο
439 2323 499 2379 Si
521 2327 862 2396 separaveris
898 2330 1197 2401 pretiosum
1228 2347 1258 2387 a
1289 2333 1405 2402 vili,
1429 2333 1584 2405 quasi
1612 2349 1676 2389 os
1710 2350 1892 2389 meum

312 2416 450 2473 eris.
487 2436 515 2470 ι
547 2419 604 2474 Si
636 2420 891 2479 eduxeris
921 2424 1149 2480 verbum
1176 2426 1497 2494 pretiosum,
1522 2427 1627 2483 hoc
1659 2437 1743 2482 est
1767 2427 1892 2482 ﬁdei

303 2508 709 2567 confessionem
735 2512 804 2568 ab
836 2528 902 2568 eo
931 2515 1021 2585 qui
1061 2516 1193 2571 olim
1241 2516 1498 2589 indignus
1526 2526 1644 2574 erat
1682 2528 1737 2574 et
1770 2519 1895 2573 inii-

302 2600 463 2669 delis,
498 2603 861 2676 ell'ecerisque
894 2614 954 2661 ut
981 2608 1188 2673 credat,
1214 2608 1323 2665 eris
1350 2618 1410 2663 ut
1448 2624 1511 2666 os
1570 2609 1890 2677 Salvatoris,

301 2692 398 2764 qni
431 2693 567 2749 dixit
599 2712 614 2749 :
646 2694 691 2753 ο
720 2696 927 2766 mulier,
952 2715 1146 2770 magna
1171 2709 1247 2755 est
1264 2701 1391 2769 ﬁdes
1423 2711 1515 2755 tua
1551 2702 1613 2757 ¹¹.

381 2907 403 2943 ι
437 2889 504 2947 Et
526 2901 917 2952 convertentur
948 2895 1049 2967 ipsi
1073 2898 1141 2953 ad
1178 2905 1251 2963 te,
1284 2906 1341 2953 et
1368 2905 1426 2952 tu
1457 2913 1568 2953 non
1597 2906 1891 2953 converte-

302 2981 379 3037 ris
403 2981 470 3037 ad
500 2999 615 3041 ros.
649 3005 669 3039 ι
701 2985 889 3055 Stude,
927 2989 1128 3062 inquit,
1151 2990 1441 3063 propheta,
1472 2990 1593 3046 talis
1654 3005 1799 3055 esse,
1834 2998 1895 3045 ut

302 3087 399 3129 eos
420 3073 489 3131 ad
517 3076 776 3135 virtutem
805 3080 1068 3149 attrahas,
1113 3096 1219 3139 nec
1245 3098 1276 3138 a
1305 3082 1511 3138 malitia
1540 3097 1732 3138 eorum
1793 3081 1892 3138 de-

302 3165 564 3225 traharis.

919 3392 1079 3450 CAP.
1106 3393 1251 3449 XVI.

375 3528 441 3586 ν.
475 3529 533 3583 2.
571 3548 591 3582 ι
628 3527 695 3585 Ει
725 3538 783 3585 ιιι
816 3544 887 3586 ne
918 3529 1178 3602 accipias.
1214 3549 1235 3583 ι
1267 3529 1554 3587 Proditum
1589 3539 1693 3599 est,
1724 3530 1893 3604 virgi-

301 3637 428 3679 nem
455 3623 626 3680 l’nisse
668 3624 1014 3696 pr0phetam,
1053 3626 1144 3682 cui
1196 3639 1396 3696 nempe
1426 3639 1459 3679 a
1510 3620 1623 3678 Deo
1681 3637 1891 3694 prazce-

299 3725 456 3789 ptum
486 3717 589 3773 fuit
611 3733 684 3774 ne
711 3734 937 3780 uxorem
976 3719 1226 3776 duceret.

372 3807 440 3865 ν.
469 3810 522 3866 5.
569 3827 589 3863 t
636 3809 716 3866 Ne
754 3811 1083 3883 ingrediaris
1120 3810 1177 3865 in
1231 3808 1473 3868 thiasum
1501 3822 1714 3865 eorum.
1754 3825 1774 3861 ι
1806 3806 1889 3863 Ad

298 3900 521 3973 epulum
549 3901 773 3971 laetitiae,
798 3903 886 3959 vel
911 3903 1077 3959 etiam
1104 3900 1305 3958 luctus.

371 3993 435 4051 ν.
464 3994 519 4051 ϐ.
555 4012 576 4048 ι
599 3991 719 4052 Non
749 3996 1008 4069 plangent
1027 4009 1109 4052 se.
1145 4013 1165 4049 ι
1201 3993 1605 4059 Lacerationcs,
1638 3993 1888 4050 abrasio-

299 4101 436 4235 ne;
465 4179 521 4236 9.
558 4196 579 4232 ι
610 4177 863 4236 Vocem.»
907 4179 1181 4237 Gaudium
1204 4179 1433 4237 omnino
1457 4178 1528 4234 ab
1550 4176 1657 4233 illis
1686 4178 1886 4233 tollen-

296 4270 591 4419 “31.3..
616 4363 693 4420 De
717 4371 863 4420 terra
891 4363 1211 4435 aquilonis.)
1230 4362 1475 4438 Babylon
1498 4363 1671 4434 magis
1710 4362 1889 4436 vergit

296 4454 366 4512 ad
393 4454 726 4527 aquilonem,
762 4470 927 4527 quam
956 4453 1341 4527 Jerosolyma;
1397 4454 1660 4511 historice
1719 4454 1889 4526 igitur

2029 582 2213 637 ιένων.

2029 598 2213 637 ιενων.

2011 598 2026 653 ι
2082 691 2103 726 ι
2186 676 2251 731 Ἦ
2301 678 2484 751 πληγή
2540 697 2643 752 μου
2704 684 2924 756 στερεά.
2971 705 2993 737 ι
3055 687 3419 755 Θεοδωρίτου
3468 691 3591 764 [ἀλ.

2017 767 2542 844 Ὀλυμπιοδάψοὺ].
2590 773 2681 845 Μὴ
2734 776 2844 846 γάρ
2885 778 2965 840 εἰς
3016 777 3287 846 ὠφέλειαν
3335 784 3517 839 αὐτῶν
3557 786 3593 856 ἡ

2003 862 2114 935 ἐμὴ
2143 860 2364 936 πληγῆς
2396 865 2553 931 Τίνος
2581 862 2676 921 οὖν
2704 866 2891 922 ἕνεκεν
2928 875 3233 943 συγχωρεῖς
3260 875 3389 929 αὺτς
3401 874 3495 943 dc;

2079 997 2101 1033 ι
2148 980 2321 1036 Πόθεν
2350 980 2684 1056 ίαθήσομαις
2725 1003 2745 1037 ι
2776 987 3283 1059 Ὀλυμπιοδώρου.
3315 991 3423 1064 [ἀλ.
3456 995 3594 1048 Oso-

2003 1071 2327 1145 δωρήτου.]
2365 1074 2501 1128 Ἀπὸ
2528 1076 2710 1130 κοινοῦ
2737 1080 2836 1149 τῆς
2857 1078 3286 1153 άνθρωπότητος
3310 1085 3467 1156 φέρει
3500 1086 3594 1139 τὸν

2002 1166 2183 1236 λόγον,
2218 1168 2524 1239 οὐδαμόθεν
2545 1169 2853 1244 δυναμένης
2884 1174 3125 1244 ίαθῆναι,
3159 1177 3209 1229 εί
3243 1180 3317 1247 μὴ
3356 1178 3460 1232 ὑπὸ
3490 1162 3617 1250 μό(

2002 1276 2097 1315 νου
2124 1259 2219 1317 τοῦ
2253 1262 2508 1333 Σαηῆρος
2535 1262 2714 1334 ἡμῶν.

2076 1391 2095 1424 ι
2130 1373 2395 1447 Γινομένη
2421 1374 2657 1447 ἐγενήθη
2693 1394 2784 1449 μοι
2810 1377 2885 1444 ὡς
2909 1379 3053 1453 ὕδωρ
3081 1381 3294 1451 ψευδὲς.
3332 1383 3433 1437 οὐκ
3466 1383 3592 1455 ἔχον

2001 1464 2206 1519 πίστιν.
2247 1484 2266 1519 ι
2318 1466 2381 1518 Ἦ
2412 1466 2522 1520 τῶν
2545 1466 3014 1540 ψευδοπροφητῶν
3040 1472 3226 1544 ἀπάτη
3256 1475 3289 1545 ἠ
3327 1476 3420 1528 καὶ
3450 1476 3594 1552 πλή-

2001 1558 2141 1623 ξασα
2167 1558 2262 1613 τὸν
2291 1559 2448 1613 λαόνο
2473 1560 2507 1633 ἢ
2536 1562 2676 1635 αὐτὴ
2707 1565 2740 1634 ή
2764 1564 3010 1634 ἁμαρτία
3038 1564 3268 1629 ἄπιστος
3299 1563 3455 1634 οὖσα,
3494 1571 3593 1624 καὶ

1999 1655 2207 1708 ἐοικυῖα
2248 1654 2400 1709 ὕδατι
2444 1656 2803 1725 ἀποπνίγοντι
2845 1658 2975 1722 τοὺς
3005 1659 3590 1733 ἀπολαμϐανομένους.

2003 1747 2161 1800 Ἐστι
2217 1746 2273 1800 δὲ
2336 1747 2533 1818 ψευδὲς
2599 1747 2744 1821 ὕδωρ
2789 1750 2890 1805 οὐκ
2949 1749 3071 1822 ἔχον
3121 1753 3305 1807 πίστιν
3356 1754 3425 1809 τά
3479 1754 3592 1810 τῶν

1927 1856 1977 1913 Β
1999 1838 2293 1910 αἱρετικῶν
2336 1839 2710 1912 βαπτίσματα.

2076 1970 2097 2003 ‹
2147 1951 2275 2005 Ἐἀν
2331 1954 2701 2026 ὲπιστρέψῃς,
2757 1957 2850 2011 καὶ
2890 1958 3326 2032 ἀποκαταστήσω
3355 1977 3415 2015 σε
3444 1977 3461 1992 ·
3491 1959 3591 2016 καὶ

2001 2043 2107 2115 πρδ
2131 2042 2427 2115 προσώπου
2462 2062 2565 2114 μου
2592 2049 2787 2120 στήσῃ.
2828 2067 2845 2097 ι
2891 2047 3017 2101 Ἐἀν
3046 2047 3175 2118 γὰρ,
3205 2050 3372 2119 φησὶν
3396 2090 3413 2117 ,
3446 2051 3590 2105 ἀπο-

1999 2136 2131 2205 στῇς
2161 2135 2260 2206 τῆς
2292 2135 2591 2207 ἁμαρτίας,
2627 2136 2724 2209 ἔσῃ
2762 2138 2836 2202 ὼς
2860 2138 2956 2193 ἀπ’
2979 2141 3152 2212 ἀρχῆς
3183 2141 3212 2194 ό
3263 2141 3454 2213 ’Δδᾶμ,
3484 2143 3590 2215 τῆς

1998 2226 2140 2297 ἐμῆς
2167 2227 2401 2301 θεωρίας
2437 2228 2591 2294 ἀξιού
2602 2247 2785 2300 μενος.

2075 2358 2095 2393 ι
2137 2341 2251 2399 Καὶ
2295 2342 2391 2397 ἐὰν
2425 2341 2707 2416 ὲξαγάγῃς
2747 2342 2931 2415 τίμιον
2977 2344 3089 2399 ἀπὸ
3134 2344 3388 2413 ἀναξίου,
3417 2344 3492 2409 ὡς
3526 2344 3592 2400 τὸ

2001 2433 2176 2503 στόμα
2195 2450 2297 2503 μου
2328 2434 2448 2507 ἔσῃ.
2484 2454 2503 2488 ι
2537 2434 2665 2489 Ἐὰν
2699 2434 2979 2508 ὲξαγάγῃς
3009 2437 3164 2509 ῥῆμα
3188 2437 3393 2509 τίμιον,
3426 2454 3590 2492 τουτ-

1997 2525 2115 2578 ἐστι
2164 2526 2226 2579 τὸ
2254 2527 2355 2595 τῆς
2389 2528 2629 2593 πίστεως
2657 2527 3003 2601 ὁμολόγημα,
3035 2530 3144 2585 ἀπὸ
3195 2529 3289 2583 τοῦ
3324 2546 3457 2584 ποτε
3491 2530 3589 2582 ἀν-

1996 2617 2148 2683 αξίου
2173 2619 2269 2673 καὶ
2294 2620 2546 2688 ἀπίστου,
2578 2623 2674 2676 καὶ
2698 2621 3130 2693 παρασκευάσῃς
3163 2622 3329 2676 αὐτὸν
3356 2622 3587 2679 πιστεῦ-

1997 2723 2109 2775 σαι,
2133 2708 2207 2772 ὡς
2234 2709 2409 2781 στόμα
2437 2709 2536 2783 ἔσῃ
2563 2710 2658 2765 τοῦ
2680 2712 2927 2776 είπόντος
2956 2707 3209 2782 Σωτῆρος
3236 2728 3251 2743 ·
3292 2707 3367 2767 Ὦ
3386 2713 3586 2785 γύναι,

1990 2798 2229 2871 μεγάλη
2261 2816 2379 2857 σου
2402 2804 2441 2871 ἠ
2464 2803 2693 2871 πίστις.

2069 2932 2089 2966 ι
2151 2912 2264 2969 Καὶ
2297 2916 2727 2987 ἀναστρέφουσιν
2776 2918 3089 2991 αὐτοὶ-πρὸς
3139 2919 3220 2986 σὲ,
3246 2920 3343 2974 καὶ
3383 2919 3450 2974 σὺ
3482 2918 3588 2975 οὐκ

1994 3005 2364 3077 ἀποστρέψεις
2404 3007 2542 3079 πρὸς
2588 3008 2811 3074 αὐτούς.
2850 3029 2870 3063 ι
2899 3011 3236 3078 Σπούδασον,
3295 3013 3488 3083 φησὶν,
3536 3004 3585 3069 ὦ

1995 3097 2272 3169 προφῆτα,
2296 3098 2540 3164 τοιοῦτος
2598 3096 2763 3168 εἶναι,
2817 3101 2894 3167 ὡς
2952 3102 3136 3158 ἕλκειν
3191 3104 3392 3167 αὐτοὺς
3443 3104 3586 3176 πρὸς

1917 3207 1960 3266 c
1993 3188 2216 3261 ἀρετὴν,
2267 3191 2363 3245 καὶ
2413 3192 2489 3262 μὴ
2538 3192 2645 3247 ὑπὸ
2685 3191 2787 3264 τῆς
2829 3193 3012 3250 αὐτῶν
3062 3195 3268 3261 κακίας
3315 3192 3583 3250 καθέλκε-

1996 3283 2144 3337 σθαι.

2576 3399 2827 3454 ΚΕΦΑΔ.
2865 3399 2985 3468 ις’.

2070 3555 2089 3587 ι
2136 3535 2249 3591 Καὶ
2304 3537 2369 3591 σὺ
2418 3537 2496 3610 μὴ
2536 3538 2731 3610 λάϐῃς.
2785 3558 2805 3592 ι
2851 3539 3176 3612 Ἱστοριῖται
3219 3541 3249 3594 ό
3289 3540 3581 3613 προφήτης

1992 3627 2264 3701 παρθένος
2297 3622 2458 3699 εῖναι,
2490 3630 2567 3697 ὡς
2600 3630 2705 3686 ὑπὸ
2743 3631 2879 3685 Θεοῦ
2908 3632 3222 3698 κελευσθεὶς
3254 3633 3333 3706 μὴ
3373 3635 3578 3705 γῆμαι.

2071 3827 2092 3863 ι
2126 3809 2221 3882 Μὴ
2258 3808 2507 3883 εἰσέλθῃς
2543 3811 2626 3876 είς
2656 3810 2865 3869 θίασον.
2906 3832 2927 3867 ι
2957 3813 3057 3879 Εἰς
3101 3812 3348 3870 ἑστίασιν
3373 3815 3577 3887 εὐφρο-

1993 3899 2218 3972 σύνηςῆ
2247 3899 2343 3954 καὶ
2379 3900 2639 3966 πένθους.

2069 4010 2089 4045 ι
2130 3992 2204 4046 Οὐ
2233 3991 2309 4065 μὴ
2338 3993 2614 4064 κόψονται.
2662 4014 2685 4048 ι
2728 3993 2992 4067 Ἀμυχάς,
3024 3995 3480 4068 κατατρύσματα.

2059 4174 2174 4228 Καὶ
2209 4175 2413 4247 φωνήν.
2456 4194 2475 4227 ι
2534 4173 2647 4247 Τὴν
2682 4174 2894 4231 τελείαν
2928 4175 3228 4248 ἀφαίρεσιν
3261 4176 3363 4249 τῆς
3394 4178 3575 4250 χαρᾶς

2034 4284 2146 4320 τισι.

2034 4284 2146 4320 rat.

1991 4284 2027 4336 φ
2053 4306 2387 4431 ⁸Βορειοτὲρα
2424 4359 2572 4413 ἐστὶν
2600 4360 2634 4431 ἠ
2660 4358 2921 4414 Βαϐυλὼν
2958 4360 3034 4424 ὡς
3072 4326 3209 4429 πρὸς
3239 4358 3338 4431 τὴν
3373 4360 3575 4432 Ἰερου-

1991 4446 2174 4520 σαλήμ
2206 4463 2220 4479 ο
2264 4448 2367 4519 τῆς
2421 4442 2515 4502 οὖν
2568 4447 2835 4519 αἰσθητῆς
2882 4448 3207 4511 Βαδυλῶνός
3252 4466 3386 4521 φησι
3447 4448 3572 4503 καθ’

296 4548 471 4618 ipsam
503 4548 693 4604 urbem
725 4548 1052 4621 Babylonem
1085 4547 1360 4622 intelligit,
1387 4547 1477 4605 vel
1500 4563 1624 4621 qua:
1666 4548 1887 4623 spirita-

2023 4540 2260 4612 στορίαν,
2313 4539 2347 4611 ἢ
2395 4539 2491 4594 καὶ
2539 4540 2637 4611 τῆς
2679 4541 2879 4612 νοητῆς
2911 4540 3249 4612 τῶνψυχῶν
3297 4541 3577 4613 αἰχμαλω-

296 4642 422 4697 ιζιει·
455 4641 799 4713 intelligitur,
830 4639 1137 4696 animarum
1158 4640 1555 4711 captivitatem.

368 4732 432 4789 ν.
466 4733 554 4789 16.
594 4752 613 4786 ι
646 4734 789 4791 Ecce
814 4746 915 4806 ego
941 4733 1117 4788 mitto.
1162 4752 1182 4786 ι
1217 4731 1510 4805 Apostolos
1539 4734 1636 4790 ait.

369 4845 388 4879 ι
422 4825 575 4882 Mitto
607 4827 809 4882 multos
823 4834 1130 4883 venatores.
1160 4846 1181 4882 ι
1206 4825 1476 4885 Ριιαξείὰοε
1500 4827 1780 4885 Ecclesiae.
1806 4826 1886 4883 De

296 4920 585 4978 diabolicis
606 4920 839 4976 actibus.

371 5034 390 5067 ι
434 5016 502 5071 Et
527 5014 888 5071 venahuntur.
910 5032 930 5067 ι
964 5013 1303 5081 Daemonum,
1335 5013 1419 5070 vel
1439 5012 1658 5069 malitia:
1684 5012 1879 5069 modo-

295 5123 439 5164 rum.
1236 5166 1242 5171 .

370 5219 389 5252 ο
435 5198 503 5256 Ει
546 5214 713 5272 supra
757 5200 962 5256 omnia.
1005 5219 1025 5254 ι
1077 5202 1460 5269 Occultarum,
1502 5211 1559 5257 ct
1611 5199 1699 5254 vix
1751 5212 1880 5269 per-

292 5292 630 5363 ceptibilium
660 5293 917 5364 nequitiae
941 5295 1244 5350 actionum.

367 5380 423 5437 V.
460 5382 546 5438 18.
579 5400 599 5433 ι
622 5382 689 5437 Et
718 5383 995 5439 reddam.»
1025 5381 1082 5437 Si
1116 5391 1308 5438 contra
1337 5382 1635 5446 daemones,
1666 5380 1719 5434 in
1751 5380 1874 5435 illos
1910 5430 1921 5435 -

290 5487 507 5542 quoque
540 5471 685 5526 illata
714 5472 880 5542 dupla
903 5486 1085 5543 ptena,
1122 5472 1270 5542 quod
1301 5479 1357 5527 ct
1408 5480 1728 5526 averterunt
1772 5470 1877 5550 ho-

291 5564 469 5619 mines
496 5579 528 5618 a
550 5579 679 5619 vero
709 5564 820 5620 Deo
854 5580 1024 5634 seque
1062 5564 1211 5634 ipsos
1246 5563 1379 5619 deos
1437 5561 1783 5618 cil‘ecerunt:
1833 5561 1878 5617 si

288 5668 423 5709 vero
483 5663 671 5709 contra
725 5654 996 5724 homines,
1031 5656 1193 5710 mina:
1239 5664 1368 5711 sunt
1408 5663 1598 5711 contra
1646 5670 1741 5711 eos
1798 5653 1893 5724 qui

369 5854 411 5889 "
437 5844 627 5910 Matth.
662 5871 749 5920 xv,
775 5854 866 5909 9.8.

1987 4633 2133 4696 σίας.

2060 4743 2079 4778 ι
2127 4725 2260 4780 ἰδοὺ
2285 4724 2398 4795 ἐγὼ
2427 4723 2766 4779 ἀποστέλλω.
2802 4743 2820 4775 ι
2856 4725 2995 4790 Τοὺς
3026 4725 3362 4790 ἀποστόλους
3396 4725 3568 4796 λέγει.

2058 4839 2079 4872 ι
2102 4817 2443 4875 Ἀποστέλλω
2479 4817 2608 4881 τοὺς
2639 4817 2888 4881 πολλούς.
2930 4835 2948 4870 ›
2972 4815 3111 4882 Τοὺς
3138 4817 3439 4890 προέδρους
3464 4818 3573 4872 τῶν

1994 4909 2356 4979 Ἐκκλησιῶν.
2411 4909 2507 4963 Ἐκ
2534 4908 2639 4963 τῶν
2663 4908 2987 4964 διαϐολικῶν
3025 4910 3340 4981 ἐνεργειῶν.

2057 5023 2076 5056 ‹
2105 5004 2217 5057 Καὶ
2242 5002 2602 5074 θηρεύσωσιν.
2643 5020 2662 5054 ι
2690 5002 2810 5057 Τῶν
2826 5003 3120 5073 δαιμόνων,
3146 5003 3178 5076 ἢ
3209 5004 3305 5056 καὶ
3331 5002 3441 5056 τῶν
3471 5001 3572 5072 τῆς

1983 5098 2184 5161 κακίας
2214 5096 2454 5168 τρόπων.
2536 5097 2540 5102 ’

2059 5211 2078 5244 ι
2125 5192 2234 5245 Καὶ
2263 5189 2453 5244 ἐπάνω
2502 5190 2724 5254 παντός.
2781 5209 2801 5242 ι
2844 5189 2967 5243 Τῶν
2996 5170 3219 5259 ἀφανῶν
3253 5190 3347 5244 καὶ
3367 5189 3573 5244 δυσκα-

1979 5283 2258 5352 τανοήτων
2283 5281 2386 5351 τῆς
2415 5280 2619 5344 κακίας
2643 5279 2960 5351 ἐνεργειῶν.

2057 5393 2077 5426 ‹
2097 5374 2208 5428 Kal.
2222 5373 2605 5427 ἀνταποδώσω.
2621 5391 2641 5426 ι
2662 5373 2725 5425 Ei
2755 5373 2853 5443 μὲν
2869 5372 3015 5426 κατά
3030 5371 3139 5426 τῶν
3155 5373 3449 5443 δαιμόνων,
3473 5373 3568 5427 καὶ

1985 5466 2163 5522 αὐτῶν
2196 5467 2290 5521 καὶ
2327 5468 2361 5537 ἡ
2411 5465 2785 5538 ἐπιφερομένη
2829 5465 2993 5538 διπλῆ
3033 5468 3301 5538 τιμωρία,
3340 5469 3425 5522 ὅτι
3475 5467 3571 5520 καλ⁸

1988 5558 2307 5628 ἀπέστησαν
2355 5558 2449 5611 τοῦ
2514 5557 2751 5628 ἀληθοῦς
2807 5557 2944 5612 Θεοῦ
3020 5560 3149 5623 τοὺς
3205 5558 3565 5629 ἀνθρώπους,

2004 5651 2099 5705 καὶ
2142 5649 2372 5713 ἑαυτοὺς
2406 5649 2766 5720 ὲθεοποίησαν
2788 5667 2804 5683 ’
2841 5651 2891 5704 εί
2942 5650 2998 5705 δὲ
3035 5651 3175 5724 κατὰ
3214 5651 3324 5705 τῶν
3358 5649 3569 5724 ἀνθρώ-

3486 395 3707 463 ϐθιν
