3942 6440
260 441 369 507 665

1379 451 1845 513 FRAGMENTA
1875 455 1970 523 IN.
1993 457 2412 523 JEBEMIAM.

3434 473 3541 537 666

260 571 386 608 πων
437 554 578 653 μετά
634 557 734 630 τὴν
791 558 992 628 γνῶσιν
1024 560 1468 634 ἁμαρτανόντων,
1509 565 1590 618 διὸ
1623 566 1840 622 διπλοῦν.

1984 573 2191 629 cientes
2259 584 2526 645 peccant,
2575 589 2910 651 quapropter
2979 581 3142 653 dupla
3224 583 3542 653 plectuntur

266 647 664 718 τιμωροῦνται.

337 757 354 789 t
405 740 493 793 'Ev
541 744 654 806 τοῖς
711 743 1078 814 Θνησιμαίοις.
1114 766 1135 799 ι
1195 749 1285 802 Ἐν
1330 751 1444 814 τοῖς
1496 753 1712 822 νεκροῖς
1749 751 1850 821 τῆς

264 832 540 940 ἁμαρτίας
567 833 749 905 ἔργοις
776 854 789 868 ·
816 837 1160 908 βδελύττεται
1187 841 1242 894 δὲ
1278 842 1370 894 καὶ
1399 842 1468 894 τὰ
1489 841 1790 912 θνησιμαῖα
1822 847 1849 897 ὁ

262 941 451 992 νομος.

336 1033 356 1065 ι
382 1016 530 1086 Πρὸς
561 1017 620 1070 σὲ
644 1017 794 1086 ἔθνη.
823 1038 842 1072 ι
871 1020 1015 1091 Πρὸς
1038 1022 1128 1076 τὸν
1162 1024 1370 1094 Κύριον
1387 1026 1618 1096 Ἰησοῦν,
1635 1028 1762 1098 περὶ
1787 1022 1848 1083 οὗ

270 1107 586 1178 γέγραπται
611 1126 625 1140 ο
660 1113 885 1166 Καὶέπ³
920 1114 1081 1181 αὐτῷ
1107 1115 1252 1186 ἔθνη
1287 1118 1633 1174 ἐλπιοῦσιν.

334 1314 354 1348 ε
389 1296 450 1350 El
485 1298 722 1369 ποιήσει.
761 1317 780 1350 ι
809 1300 882 1354 Τὸ
911 1301 1013 1370 τῆς
1041 1302 1530 1374 ὲνανθρωπήσεως,

335 1409 356 1440 ι
386 1388 502 1442 Καὶ
524 1391 764 1461 γνωριῶ.
802 1411 822 1445 ι
861 1392 920 1446 '0
947 1395 1142 1467 Πατήρ
1164 1399 1315 1449 ὲστιν
1337 1399 1364 1450 ὁ
1388 1397 1562 1466 λέγων
1591 1398 1720 1470 περὶ
1750 1398 1846 1453 τοῦ

260 1482 633 1551 Μονογενοῦς.
1081 1541 1099 1557 ο

868 1577 1118 1630 ΚΕΦΑΛ.
1147 1580 1246 1633 lZ'.

299 1665 311 1675 ’
332 1684 352 1719 ι
410 1667 871 1738 Ἐπικατάρατος.
910 1688 930 1721 ι
978 1671 1094 1740 Ἐφ’
1126 1671 1341 1736 ἑαυτὸν,
1375 1673 1406 1744 ἢ
1439 1675 1532 1726 καὶ
1559 1673 1748 1745 ἕτερόν
1774 1692 1850 1727 τιο

256 1777 321 1811 να
350 1775 365 1790 ·
398 1757 548 1828 ἥκαὶ
579 1761 608 1812 ὀ
645 1760 882 1830 νομίζων
931 1761 1087 1831 ψιλὸν
1123 1763 1414 1833 ἄνθρωπον
1440 1761 1585 1819 εἶναι
1613 1765 1703 1819 τὸν
1735 1767 1850 1817 Σω-

253 1852 403 1923 τῆρα
428 1852 688 1923 Χριστὸν,
714 1855 807 1908 καὶ
843 1855 918 1925 μὴ
950 1855 1084 1908 Θεὸν
1122 1856 1650 1929 ἐνανορωπήσαντα.

333 1964 352 1997 ι
395 1947 510 1999 Καὶ
539 1947 806 2018 στηρίσει.
844 1967 861 1999 ι
895 1949 1006 2003 Καὶ
1029 1949 1307 2014 πεποιθὼς
1397 1951 1492 2004 ἐπὶ
1519 1953 1585 2022 τῇ
1610 1952 1836 2021 δυνάμει

256 2038 454 2092 αὐτοῦ.

334 2149 355 2182 ι
398 2133 510 2184 Καὶ
542 2131 697 2186 ἔσται
722 2133 797 2197 ὡς
831 2136 862 2205 ἡ
891 2135 1289 2207 ἀγριομυρίκη.
1323 2155 1341 2188 ι
1382 2136 1552 2190 Τοῦτο
1581 2137 1644 2189 τὸ
1675 2137 1844 2205 φυτὸν

253 2223 355 2277 καὶ
395 2224 454 2278 ὲν
485 2225 567 2294 τῷ
593 2225 693 2295 ζῇν
722 2227 988 2296 ἡμιθανὲς
1010 2229 1126 2281 ἐστι
1158 2229 1251 2281 καὶ
1282 2229 1622 2298 κεκαυμένον
1654 2247 1666 2259 ·
1687 2229 1844 2295 λέγεε·

251 2331 344 2377 ται
375 2316 435 2370 δὲ
461 2317 847 2387 ἀποθνήσκειν,
869 2320 998 2373 ὅταν
1023 2318 1176 2382 ὑετὸς
1216 2319 1343 2393 ἔλθῃ
1377 2323 1464 2374 ἐπ’
1486 2322 1654 2392 αὐτῷ.
1689 2322 1746 2376 ὐ
1769 2322 1843 2393 μὴ

254 2407 534 2461 πιστεύων
561 2409 644 2462 ὅτι
679 2409 812 2474 Θεός
861 2412 1010 2465 ἐστιν
1059 2411 1490 2484 ὲνανθρωπήσας
1519 2415 1546 2466 ὁ
1582 2413 1841 2482 Χριστὸς,

251 2499 365 2553 τῶν
396 2501 495 2570 τῆς
521 2491 828 2571 παρουσίας
859 2501 1024 2556 αὑτοῦ
1062 2503 1281 2572 ἀγαθῶν
1306 2504 1406 2556 οὐκ
1435 2504 1754 2561 ἀπολαύσει.

332 2611 352 2644 ι
399 2594 509 2646 Καὶ
544 2594 987 2665 κατασκηνώσει.
1020 2615 1038 2647 ι
1064 2596 1270 2667 Ἀλιμα
1295 2596 1492 2668 βοτάνη
1521 2598 1692 2664 ἐστὶν,
1725 2593 1844 2651 εἶτα

255 2683 495 2738 αωλλῶν.

332 2797 353 2830 ι
398 2779 509 2832 Καὶ
538 2779 596 2833 ού
652 2779 1042 2852 φοϐηθήσεται.
1073 2800 1092 2832 ι
1160 2782 1247 2834 Ἐν
1289 2779 1468 2852 καιρῷ
1505 2779 1839 2852 πειρασμοῦ,

256 2871 450 2943 φησιν.

333 2985 351 3018 ι
387 2967 497 3019 Καὶ
522 2965 696 3021 ἔσται.
737 2984 754 3017 ι
791 2965 1056 3029 Εύθαλεῖς
1089 2967 1294 3037 καρποὶ
1336 2967 1438 3038 τῆς
1465 2966 1689 3037 ἀρετῆς,
1746 2981 1846 3018 πε-

259 3057 616 3127 ρισκὲποντες
644 3058 806 3112 αὑτὸν
835 3059 892 3110 ὲν
919 3061 1033 3122 τοῖς
1060 3061 1414 3130 πειρασμοῖς.

331 3163 350 3197 ι
401 3145 494 3198 Ἐν
537 3146 791 3217 ἐνιαυτῷ.
837 3166 856 3198 ›
903 3146 962 3200 Ὁ
1010 3149 1259 3212 ἐνιαυτὸς
1292 3148 1494 3210 κύκλος
1537 3145 1687 3200 ἐστιν
1715 3164 1728 3176 ·
1788 3149 1847 3199 ὲν

1951 682 2132 736 pinna.

2025 776 2042 807 ι
2069 757 2124 810 ln
2147 761 2469 817 morticinis.
2503 780 2521 814 ι
2559 764 2614 816 lu
2647 763 2876 820 mortuis
2907 765 3214 836 iniquitatis
3237 768 3535 837 operibus:

1949 849 2292 908 abominatnr
2322 870 2450 910 vero
2473 855 2557 911 lex
2577 865 2632 910 et
2661 858 2968 913 morticina.

2022 1029 2087 1084 V.
2121 1032 2207 1087 l9.
2238 1026 2292 1084 ἰ
2324 1033 2404 1086 Ad
2440 1042 2491 1086 te
2537 1043 2746 1104 gentes.
2791 1052 2810 1085 ι
2846 1033 2928 1088 Ad
2981 1032 3274 1088 Dominum
3325 1033 3535 1098 Jesum,

1951 1121 2018 1176 de
2075 1139 2183 1191 quo
2230 1123 2510 1192 scriptum
2543 1133 2670 1178 est:
2731 1124 2800 1178 Et
2860 1125 2919 1176 in
2967 1125 3081 1193 ipso
3125 1133 3301 1194 gentes
3349 1139 3537 1193 spera-

1955 1215 2080 1267 bunt
2111 1217 2171 1268 η.

2027 1305 2087 1360 ν.
2116 1308 2206 1361 20.
2239 1325 2256 1358 ι
2281 1307 2337 1361 Si
2361 1308 2539 1362 faciet.
2585 1325 2604 1358 ›
2632 1307 3030 1362 lncarnationis
3072 1308 3409 1378 mysterium.

2025 1417 2042 1450 ι
2082 1399 2149 1452 Ει
2177 1409 2362 1454 notam
2393 1399 2608 1454 faciam.
2648 1418 2667 1450 ι
2699 1399 2858 1454 Pater
2879 1409 2964 1454 est
2990 1399 3083 1468 qui
3126 1400 3192 1454 de
3240 1395 3537 1469 Unigenito

1952 1490 2215 1560 loquitur.

2573 1578 2722 1634 CAP.
2757 1578 2922 1634 XVII.

2022 1673 2086 1726 Υ.
2119 1674 2171 1727 5.
2201 1692 2219 1724 ι
2245 1673 2560 1728 Maledictus
2595 1672 2813 1726 homo.»
2841 1671 2900 1725 In
2939 1672 3119 1740 seipse
3153 1672 3236 1725 vel
3256 1671 3364 1724 alio
3399 1685 3537 1738 quo-

1949 1765 2116 1835 piam,
2152 1765 2238 1819 vel
2266 1766 2359 1835 qui
2384 1765 2596 1819 nudum
2627 1764 2910 1819 hominem
2958 1765 3218 1833 opinatur
3257 1762 3539 1818 Christum

1951 1860 2307 1922 Salvatorem,
2340 1867 2524 1912 etnon
2558 1857 2727 1911 Deum
2761 1857 3133 1912 incarnatum.

2022 1967 2040 2000 ι
2067 1948 2131 2002 Et
2162 1948 2417 2002 ﬁrmabit.
2460 1965 2477 1998 ι
2513 1946 2579 2000 Ει
2605 1946 2719 2001 ﬁdit
2749 1946 2805 1999 in
2829 1955 3098 2016 potestate
3124 1963 3245 2002 sua.

2019 2150 2085 2205 ν.
2112 2151 2165 2221 _6.
2201 2168 2218 2201 ι
2247 2150 2315 2204 Et
2359 2149 2464 2203 erit
2510 2149 2651 2203 sicut
2696 2148 2900 2219 myrica
2947 2148 3231 2204 silvestris.
3263 2167 3281 2198 ι
3344 2146 3536 2202 Planta

1947 2247 2063 2302 haec
2093 2245 2282 2298 vivens
2309 2242 2658 2296 semimortua
2690 2250 2792 2303 est,
2822 2243 3015 2295 adusta
3050 2259 3063 2295 :
3103 2241 3241 2294 mori
3288 2256 3420 2294 vero
3442 2240 3528 2294 di-

1947 2335 2085 2391 citur
2113 2349 2235 2387 cum
2268 2332 2439 2386 imber
2472 2331 2872 2401 supervenerit.
2907 2331 3010 2396 Qui
3043 2347 3153 2386 non
3174 2331 3349 2385 credit
3382 2330 3537 2386 Chri-

1945 2434 2090 2482 stum
2149 2440 2270 2479 esse
2323 2422 2494 2478 Deum
2546 2423 2906 2487 incarnatum,
2942 2423 3212 2478 bonorum
3267 2421 3538 2478 adventus

1946 2517 2066 2587 ejus
2133 2529 2326 2584 expers
2355 2513 2464 2567 ﬁet.

1997 2645 2005 2653 .
2030 2626 2048 2659 ‹
2081 2608 2145 2661 Et
2183 2605 2447 2660 habitabit
2474 2603 2530 2658 in
2557 2602 2738 2659 salsis.
2770 2621 2788 2655 ›
2821 2601 3033 2656 llalima
3054 2599 3226 2656 herba
3252 2610 3336 2655 est
3365 2599 3420 2653 in
3446 2599 3536 2656 dc-

1947 2710 2089 2760 serla
2112 2699 2360 2767 salsaque
2391 2705 2533 2752 terra
2563 2696 2888 2750 adnascens.

2021 2792 2083 2846 V.
2118 2792 2169 2846 8.
2199 2809 2216 2842 ι
2242 2791 2307 2844 Ει
2343 2805 2450 2843 non
2492 2787 2724 2842 timebit.
2761 2805 2779 2838 ι
2821 2783 3117 2855 Tempore,
3154 2783 3250 2848 ait,
3281 2782 3534 2838 amictio-

1949 2885 2058 2940 nis.

2024 2995 2042 3027 ι
2081 2977 2146 3030 Et
2171 2981 2351 3028 erunt.
2383 2991 2401 3023 ι
2432 2971 2641 3026 Uberes
2669 2967 2887 3022 virtutis
2910 2966 3120 3021 fructus
3144 2963 3537 3036 circumtegen—

1948 3076 2030 3122 tes
2056 3082 2185 3122 eum.
2225 3066 2282 3120 in
2317 3062 2790 3119 tribulationibus.
3338 3129 3346 3133 _

2028 3179 2048 3212 ι
2081 3160 2136 3214 1η
2170 3173 2341 3212 anno.
2375 3175 2394 3208 ι
2431 3158 2624 3209 Annus
2660 3152 2898 3209 circulus
2928 3159 3044 3206 est:
3071 3158 3317 3218 tempore
3347 3147 3533 3218 igitur,

256 3237 436 3308 καιρῷ
463 3234 559 3292 οὖν
582 3279 594 3303 ,
627 3240 761 3310 φησὶ
789 3281 803 3306 ,
838 3239 1132 3295 καθολικοῦ
1159 3239 1469 3310 πειρασμοῦ
1502 3239 1562 3292 ού
1597 3237 1840 3309 φοϐηθή-

1979 3254 2042 3320 it,
2073 3251 2342 3324 generalis
2379 3247 2686 3304 alllietionis
2716 3261 2827 3301 non
2854 3243 3090 3300 timebit.

257 3347 434 3386 σεται.

333 3447 353 3480 ι
391 3427 594 3480 Βαθεῖα
623 3427 655 3497 ἠ
685 3426 905 3498 καρδία.
958 3444 980 3480 ι
1012 3425 1087 3479 Τὸ
1114 3425 1214 3496 τῆς
1242 3424 1714 3494 ὲνανθρωπήσεως
1746 3421 1840 3476 τοῦ

253 3519 599 3588 Μονογενοῢς
631 3521 938 3591 μυστήριον
969 3518 1104 3589 βαθύ
1127 3521 1266 3584 ἑστι,
1295 3519 1392 3570 καὶ
1427 3516 1837 3587 ἀκατάληπτον.

252 3613 367 3665 Καὶ
411 3612 519 3682 γὰρ
573 3613 709 3682 μετὰ
743 3611 840 3664 τοῦ
895 3607 1034 3664 εἶναι
1092 3609 1246 3673 Θεὸς,
1295 3609 1582 3679 ἄνθρωπος
1625 3606 1839 3676 γέγονε.

253 3705 348 3768 Τίς
385 3701 480 3758 οὖν
531 3703 825 3772 γνώσεται,
877 3704 1064 3774 φησὶν,
1115 3704 1148 3774 ἢ
1203 3702 1302 3774 τὴν
1361 3703 1426 3756 ὲκ
1477 3699 1691 3771 Πατρὸς
1743 3699 1842 3753 αύ-

250 3796 346 3850 τοῦ
382 3799 670 3867 γέννησιν,
699 3795 735 3868 ἢ
778 3795 879 3866 τὴν
916 3795 1056 3867 μετὰ
1082 3793 1286 3864 σαρκὸς
1313 3793 1592 3864 ἄφραστον
1625 3793 1837 3844 οἰκονο-

255 3885 391 3955 μίαν
411 3903 427 3951 ;

327 3995 347 4028 ι
401 3976 680 4048 Ἐφὼνησε
709 3974 919 4044 πέρδιξ.
959 3995 978 4028 ι
999 3975 1058 4029 '0
1084 3973 1294 4046 πέρδιξ,
1325 3973 1400 4037 ὥς
1425 3990 1609 4042 φασιν,
1636 3973 1843 4044 ὑπερή-

253 4088 423 4142 φανος
443 4069 541 4137 ὣν,
563 4071 652 4124 διὰ
679 4070 782 4140 τῆς
811 4070 996 4139 φωνῆς
1021 4071 1148 4132 τοὺς
1171 4067 1489 4137 ἀλλοτρίους
1511 4066 1842 4137 προσκαλεῖ-

253 4182 341 4218 ται
379 4165 652 4229 νεοττούς.
683 4164 896 4225 Οἶτινες
933 4163 1154 4230 γνόντες
1195 4161 1423 4232 ὕστερον
1451 4161 1531 4214 ὅτι
1559 4161 1661 4214 οὐκ
1694 4159 1834 4212 εἰσὶν

252 4255 442 4318 αὐτοῦ,
475 4253 984 4323 καταλιμπανουσιν
1017 4253 1180 4305 αὐτόν
1201 4268 1215 4283 ο
1246 4250 1388 4304 οὕτω
1415 4250 1512 4303 καὶ
1553 4251 1602 4303 οἱ
1627 4249 1844 4320 ἄνθρω-

251 4365 350 4400 ποι
373 4349 419 4400 οἱ
449 4345 823 4418 ἀπατηθέντες
849 4345 955 4399 ὑπὸ
983 4346 1078 4400 τοῦ
1099 4344 1370 4407 διαϐόλου,
1401 4344 1530 4397 ὅταν
1552 4342 1723 4411 γνῶσι
1749 4341 1844 4396 τὸν

251 4440 466 4494 ἑαυτῶν
496 4439 840 4510 Δημιουργὸν
868 4439 965 4494 καὶ
1001 4438 1285 4508 Δεσπότην
1324 4436 1478 4500 Θεὸν,
1507 4434 1840 4505 ἀφίστανται

251 4533 349 4586 ἀπ’
376 4531 570 4585 αὑτοῦ.

2015 3425 2080 3479 ν.
2112 3423 2166 3479 9.
2209 3421 2589 3493 «Profundum
2647 3427 2732 3473 est
2759 3433 2872 3472 cor.
2906 3434 2923 3467 ι
2958 3412 3357 3468 lncarnationis
3397 3407 3537 3464 Uni-

1943 3517 2111 3589 geniti
2153 3520 2555 3570 sacramentum
2603 3508 2935 3580 profundum
2984 3514 3088 3569 est,
3145 3520 3244 3558 nec
3283 3517 3537 3570 compre-

1943 3608 2109 3664 hendi
2169 3615 2366 3676 potest.
2421 3603 2646 3657 Manens
2699 3599 2902 3669 quippe
2942 3598 3086 3650 Deus
3143 3594 3308 3648 homo
3357 3593 3536 3648 factus

1941 3709 2046 3756 est.
2080 3698 2213 3764 Quis
2263 3697 2430 3768 igitur
2471 3697 2785 3764 cOgnoscet,
2832 3689 2927 3752 ait,
2971 3687 3055 3741 vel
3103 3685 3312 3739 aPntre
3363 3683 3536 3752 ipsius

1941 3792 2374 3864 generationem,
2404 3787 2490 3843 vel
2521 3800 2646 3840 cum
2687 3797 2852 3838 carne
2872 3779 3206 3835 ineffabilem
3241 3777 3531 3846 dispensa-

1945 3883 2195 3940 tionem?

2013 3976 2082 4031 ν.
2112 3977 2199 4030 ll.
2235 3992 2253 4026 ι
2285 3971 2551 4028 Clamavit
2571 3963 2798 4040 perdix,
2837 3985 2856 4018 ι
2889 3975 2996 4021 etc.
3028 3963 3250 4025 Perdix,
3279 3968 3337 4013 ut
3357 3959 3530 4017 aiunt,

1942 4084 2067 4123 cum
2088 4065 2330 4121 insolens
2370 4062 2461 4127 sit,
2490 4074 2624 4115 voce
2658 4058 2867 4112 alienos
2892 4061 3157 4111 convocat
3206 4050 3400 4121 pullos.
3430 4045 3534 4112 Qui

1943 4168 2131 4230 postea
2161 4173 2221 4213 se
2252 4156 2400 4210 illius
2419 4169 2534 4209 non
2561 4165 2686 4207 esse
2737 4153 3120 4218 agnoscentes,
3148 4141 3536 4209 derelinquunt

1943 4267 2070 4307 eum
2102 4268 2116 4304 :
2147 4247 2225 4305 sic
2251 4256 2306 4303 et
2339 4245 2592 4301 homines
2621 4258 2651 4298 a
2672 4240 2888 4297 diabolo
2935 4236 3150 4306 decepti
3200 4249 3324 4289 cum
3374 4246 3533 4285 suum

1943 4342 2194 4413 opiﬁcem
2225 4338 2627 4406 Dominumque
2673 4335 2846 4388 Deum
2893 4327 3234 4402 agnoverint,
3272 4321 3538 4379 recedunt

1944 4433 2012 4489 ab
2036 4447 2124 4489 eo.

333 4641 354 4674 ι
395 4623 511 4676 Καὶ
550 4625 651 4676 οὐκ
694 4622 779 4676 ἐπ’
823 4622 1077 4693 ἐσχάτου.
1120 4639 1142 4674 ι
1189 4619 1408 4690 Ἐπειδὴ
1445 4618 1686 4688 ἀκρίτως
1731 4615 1840 4669 τῶν

2021 4631 2041 4664 ι
2075 4611 2216 4666 Etin
2249 4609 2551 4664 novissimo
2592 4606 2698 4661 erit
2748 4602 3038 4672 insipiens.
3080 4618 3097 4650 υ
3131 4595 3402 4663 Quoniam
3448 4593 3534 4647 in-

252 4715 558 4784 ἀλ).οτρίων
578 4712 926 4784 ἐπεθύμησεν
950 4751 965 4778 ,
996 4711 1224 4781 ὕστερον
1247 4710 1601 4780 ἐλεγχόμενος
1623 4706 1843 4776 δειχθή-

255 4826 412 4863 σεται
435 4806 508 4874 ἀφ
515 4822 648 4876 ρων.

332 4919 352 4952 ι
391 4898 614 4968 Θρόνος.
641 4896 768 4966 [Σὺ
798 4892 866 4958 εἴ,
899 4896 1055 4966 φησι,
1082 4894 1308 4965 Κύριος,
1347 4895 1375 4946 ὁ
1403 4893 1492 4946 τὸν
1521 4891 1711 4961 θρόνον
1742 4893 1843 4962 τῆς

253 4986 412 5058 δόξης
441 4988 578 5058 ἔχων
601 4987 695 5040 τὸν
725 4988 948 5056 ὑψηλὸν,
975 4987 1068 5039 καλ¹
1096 4986 1156 5039 τὸ
1176 4982 1315 5039 εἶναι
1344 4986 1496 5056 ἡμῖν,
1523 4983 1618 5037 καὶ
1643 4983 1702 5036 τὸ
1729 4982 1844 5036 δια-

260 5079 448 5150 μένειν
482 5079 758 5148 παρέχων.

337 5188 358 5222 ι
416 5169 1016 5240 Καταισχυνθήτωσαν.
1054 5187 1071 5222 ›
1133 5169 1198 5222 Οἱ
1256 5166 1394 5221 θεοῦ
1439 5165 1842 5236 ἀφεστηκότες,

259 5263 416 5333 φησι,
453 5263 527 5332 μὴ
557 5264 615 5315 ὲν
643 5263 879 5333 οὐρανῷ,
920 5262 1036 5315 ἀλλ’
1071 5263 1128 5314 ὲν
1163 5263 1233 5331 γῇ
1270 5261 1668 5331 γραφὴτωσαν,
1700 5257 1846 5312 κατά

256 5353 346 5419 τὸ,
380 5352 473 5422 Γῆ
503 5349 576 5420 εἷ,
607 5353 706 5407 καὶ
737 5355 825 5418 εἱς
843 5351 960 5422 γῆν
984 5352 1318 5420 ἀπελεύσῃ.

338 5554 356 5586 ι
398 5533 508 5586 Καὶ
537 5535 774 5604 ἡμέραν.
804 5551 824 5584 ι
853 5530 1001 5585 Ἀντὶ
1028 5529 1147 5597 τοῦ,
1171 5528 1384 5592 οὐδενὸς
1416 5527 1525 5582 τῶν
1560 5526 1842 5598 ἀνθρωπί-

259 5644 386 5681 νων.

338 5741 356 5772 ι
388 5720 482 5792 Μὴ
507 5718 744 5790 γενηθῇς
775 5734 884 5788 μοι.
929 5735 948 5768 ι
992 5717 1082 5770 Ἐν
1106 5715 1171 5788 τῇ
1197 5715 1439 5785 ὲπιπόνῳ
1469 5713 1562 5768 καὶ
1583 5715 1839 5785 ὲταστικῇ

333 5901 374 5932 ³³
400 5897 502 5954 lsa.
534 5897 704 5962 t|.l2;
738 5895 894 5953 Rom.
921 5913 1008 5963 xv,
1034 5897 1117 5951 12.
1202 5897 1244 5930 ¹⁹
1280 5896 1413 5952 Gen.
1453 5909 1534 5959 ut,
1577 5893 1660 5947 l9.

1947 4700 2194 4757 consulte
2229 4698 2407 4752 aliena
2458 4694 2794 4764 concupivit,
2825 4691 3043 4746 tandem
3083 4688 3406 4756 redargutus
3448 4683 3536 4735 in-

1946 4794 2152 4864 sipiens
2179 4787 2665 4846 demonstrabitur.

2015 4882 2081 4936 ν.
2115 4881 2203 4936 12.
2228 4898 2247 4932 ι
2281 4878 2508 4932 Solium.
2541 4894 2558 4926 ι
2596 4873 2678 4927 Tu
2702 4888 2782 4934 es,
2810 4872 2905 4936 ait,
2925 4869 3206 4927 Dominus,
3225 4863 3315 4934 qui
3341 4862 3537 4918 solium

1944 4973 2128 5044 gloriae
2157 4969 2403 5042 possides
2435 4967 2732 5030 excelsum,
2769 4963 3041 5030 nobisque
3080 4957 3225 5028 quod
3255 4956 3426 5010 simus
3482 4957 3537 5006 ct

1944 5079 2334 5123 conserventur
2363 5076 2499 5132 [ποτε
2507 5068 2588 5113 ιαε
2598 5098 2608 5110 .

2020 5159 2079 5212 ν.
2119 5158 2204 5210 15.
2275 5172 2293 5206 ι
2320 5151 2756 5208 Coulundantur.
2796 5165 2815 5200 ι
2854 5145 2958 5213 Qui
3029 5147 3394 5201 recesserunt,
3447 5138 3534 5190 in-

1946 5252 2083 5322 quit,
2110 5265 2140 5303 a
2171 5250 2296 5312 Deo,
2341 5261 2445 5300 non
2478 5246 2532 5298 in
2568 5243 2728 5304 cmlo,
2757 5241 2851 5295 sed
2882 5240 2936 5292 in
2993 5247 3138 5291 terra
3197 5234 3530 5294 scribantur,

1943 5345 2095 5414 juxta
2164 5339 2345 5395 illud:
2391 5357 2408 5390 t
2460 5337 2618 5391 Terra
2672 5352 2754 5399 es,
2815 5343 2862 5388 et
2911 5334 2966 5385 in
3016 5342 3212 5384 (errant
3263 5334 3533 5379 converte-

1952 5437 2026 5488 ris
2060 5434 2123 5490 ¹³.

2021 5526 2086 5581 ν.
2120 5524 2206 5580 l5.
2247 5543 2264 5576 ‹
2300 5523 2363 5576 Et
2400 5522 2566 5578 diem.
2603 5538 2622 5571 ι
2654 5517 2758 5573 Pro
2781 5558 2795 5583 ,
2831 5516 3190 5570 humanarum
3223 5522 3405 5563 rerum
3447 5504 3536 5560 ni-

1950 5618 2047 5674 hil.
2782 5623 2784 5626 ’

2018 5711 2205 5769 v.17.
2279 5728 2296 5762 ι
2337 5706 2454 5765 Non
2510 5705 2607 5762 ﬁas
2657 5703 2791 5760 milii
2847 5703 2902 5758 in
2946 5696 3406 5756 alienationem.»
3474 5691 3540 5746 ln-
