3942 6422
324 405 429 473 667

1413 408 1935 471 OLYMPIODORI
1976 410 2280 470 ALEXAN
2290 410 2514 470 DRlNl

3511 408 3620 474 668

318 534 627 576 aerumnosa
662 529 717 575 et
762 521 1155 576 examinatrice
1210 521 1301 577 die
1326 520 1516 591 iudicii
1546 536 1656 575 non
1698 528 1757 574 ut
1779 519 1904 575 alie-

2031 520 2116 589 τῆς
2181 520 2420 591 κρίσεως
2481 518 2669 590 ἡμέρα
2728 517 2803 589 μὴ
2853 516 2928 582 ὡς
2980 519 3266 589 ἀλλότριος
3316 519 3416 572 καὶ
3465 519 3620 573 ἀντί-

319 624 425 664 nus
452 619 503 664 et
537 612 885 667 adversarius
919 628 1203 685 oppugnes
1229 629 1335 675 me,
1381 613 1627 678 Domine,
1648 612 1743 667 sed
1789 628 1913 682 par-

319 715 452 755 cens
469 703 606 757 mihi
627 704 828 759 delicta
862 720 981 760 mea
1005 705 1140 760 mihi
1163 707 1399 760 remitte.

390 792 456 847 Υ.
493 797 620 852 18.‹
645 796 1085 853 (ἶοηΐυηιξιιιιιυτ.
1120 817 1139 849 ι
1180 798 1529 853 Dacmonibus
1555 806 1910 868 imprecalur,
1941 865 1949 874 .

317 899 429 939 non
458 886 606 941 enim
633 888 747 942 vult
783 899 1004 943 sanctus
1044 889 1126 943 vir
1169 889 1424 944 homines
1457 889 1732 959 perpetuis
1756 888 1913 942 addi-

320 991 447 1031 cere
480 979 788 1048 suppliciis,
826 980 1084 1049 quoniam
1117 990 1170 1035 et
1208 981 1515 1051 iniquitatis
1538 980 1669 1036 sunt
1715 979 1914 1034 inven-

318 1076 486 1134 tores,
517 1078 573 1125 et
598 1080 852 1126 auctores
882 1072 1196 1154 hominibus
1225 1083 1283 1128 et
1315 1074 1582 1145 magistri.

386 1253 451 1308 ν.
490 1255 580 1309 24.
616 1273 636 1307 ι
662 1256 734 1312 Ut
756 1272 866 1311 non
902 1256 1171 1312 inferatis.
1214 1276 1234 1309 ι
1272 1256 1526 1312 Mensura
1554 1267 1703 1313 certa
1747 1256 1912 1312 itine-

314 1346 392 1400 ris
421 1356 539 1402 erat
566 1365 579 1401 :
612 1364 752 1418 opus
791 1350 1267 1405 cnim-videbatur
1293 1366 1417 1406 esse
1464 1351 1681 1421 longius
1713 1351 1813 1415 ire,
1854 1359 1912 1405 et

314 1437 422 1493 hoc
451 1447 537 1493 est
564 1441 709 1509 quod
741 1441 795 1494 in
813 1441 1042 1496 Actibus
1081 1443 1455 1511 apostolorum
1483 1441 1679 1512 legitur
1718 1457 1731 1494 :
1770 1438 1910 1493 Sab-

313 1531 427 1585 lmti
457 1532 653 1587 habens
676 1534 777 1587 iter
809 1533 873 1588 ”.

388 1620 567 1678 v.27.
633 1644 651 1676 ι
684 1626 748 1678 Et
797 1626 1116 1680 acuendam.
1152 1644 1169 1677 ι
1228 1624 1390 1679 Facta
1447 1622 1908 1695 inexstinguibilis

313 1711 457 1784 ignis
485 1716 764 1772 mentione
789 1717 1086 1772 meditandi
1113 1716 1270 1770 nobis
1295 1729 1481 1770 ansam
1507 1715 1731 1785 praebet,
1766 1714 1908 1785 quod

314 1806 621 1877 iniquitatis
655 1809 900 1879 pondera
933 1824 1043 1864 non
1072 1810 1441 1880 deponentem
1497 1808 1736 1862 animam
1794 1822 1911 1862 ma-

314 1906 411 1955 net
443 1898 584 1972 ignis
613 1908 878 1959 aeternus.

908 2011 1063 2070 CAP.
1124 2011 1312 2067 XVIII.

394 2102 453 2157 ν.
484 2102 539 2159 4.
580 2123 598 2156 ι
637 2093 969 2160 Ειίηιιέιιηι.
1014 2123 1032 2156 ι
1070 2106 1199 2159 Eam
1241 2120 1363 2175 qum
1386 2119 1449 2159 ex
1499 2103 1775 2174 baptismo
1807 2103 1909 2157 ha-

312 2194 478 2252 betur
507 2213 701 2251 novam
734 2197 1118 2253 formationem
1155 2198 1377 2252 indicat.

389 2306 411 2339 ι
447 2287 603 2343 Sicut
647 2290 945 2359 placuerat.
999 2308 1019 2340 ι
1068 2290 1185 2344 Νοιι
1232 2291 1435 2344 bonum
1479 2290 1762 2346 voluntate
1813 2298 1910 2346 aut

310 2380 515 2434 malum
555 2398 567 2433 :
602 2381 705 2437 hoc
723 2383 870 2436 enim
930 2382 1216 2437 electionis
1242 2391 1409 2437 estet
1457 2382 1615 2436 liberi
1669 2383 1904 2449 arbitrii,

312 2471 460 2528 unde
483 2481 537 2529 et
566 2473 949 2544 delinquentes
985 2474 1365 2544 pmnitentiam
1390 2489 1550 2540 agere
1579 2476 1910 2545 prmcipinn-

264 2554 267 2557 ’
311 2572 405 2621 tur
454 2584 468 2621 :
521 2566 616 2621 sed
680 2568 787 2621 tale
841 2583 940 2638 per
989 2566 1395 2622 formationem.
1472 2566 1746 2622 Docemur
1805 2569 1907 2638 igi-

316 2665 404 2711 tur
426 2673 536 2711 non
566 2656 784 2713 curiose
842 2659 1158 2714 examinare
1215 2658 1629 2728 inexplicabiles
1669 2660 1908 2715 creatio-

313 2748 401 2803 nis
428 2748 645 2804 modos.

384 2837 521 2905 ν.,9.
559 2857 577 2889 ι
602 2838 670 2894 Ει
690 2839 757 2894 ad
789 2838 953 2893 ﬁnem
976 2840 1187 2910 loquar.
1226 2858 1245 2891 ι
1278 2838 1334 2895 Si
1363 2839 1688 2895 sententiam
1713 2849 1908 2911 protu-

313 2929 452 2985 lero.

382 3020 448 3075 V.
483 3023 570 3077 ll.
614 3041 633 3074 ι
663 3022 803 3078 Ecce
851 3038 951 3095 ego
998 3022 1161 3094 ﬁngo.
1199 3041 1217 3075 ι
1272 3022 1513 3080 Poenalia
1565 3024 1705 3081 mala
1736 3025 1905 3082 intel-

310 3110 453 3183 ligit,
484 3121 541 3169 et
557 3114 815 3185 quoniam
833 3114 1087 3171 homines
1109 3131 1218 3171 non
1242 3117 1490 3172 omnium
1514 3133 1741 3174 suorum
1768 3134 1906 3190 pec-

2021 612 2171 676 δικος
2218 614 2624 684 ἀντικαταστῇς
2663 629 2776 683 μοι,
2809 606 2855 665 ὦ
2898 612 3097 684 Κύριε,
3130 612 3271 668 ἀλλὰ
3294 612 3620 683 φειδόμινός

2025 726 2127 780 μου
2159 708 2520 781 συγχώρησόν
2553 727 2646 780 μοι
2669 708 2741 763 τὰ
2760 710 2981 781 άμαρτή
2991 728 3160 781 ματα.

2098 817 2117 851 ι
2152 800 2259 853 Kal
2280 800 2890 870 xatato‘xuveﬁzmaav.»
2919 802 3059 865 Τοὺς
3078 801 3341 873 δαίμονας
3370 805 3618 875 καταρᾶ-

2020 907 2142 944 ται·
2177 892 2237 946 ού
2271 893 2380 962 γάρ
2413 892 2665 963 βούλεται
2696 893 2723 946 ὁ
2753 893 2909 962 ἅγιος
2932 894 3259 966 ἀνθρώπους
3278 898 3345 967 τῇ
3370 894 3618 967 διηνεκεῖ

2021 983 2357 1053 παραδοῦναι
2393 984 2644 1037 κολάσειο
2680 985 2762 1039 ὅτι
2794 986 2890 1039 καὶ
2921 986 3026 1056 τῆς
3059 986 3261 1049 κακίας
3287 987 3427 1039 εἰσὶν
3446 988 3614 1057 ὲφευυ

2023 1078 2176 1147 ρεταὶ
2227 1079 2323 1134 καὶ
2365 1078 2786 1147 ἐπαναγκασταὶ
2833 1081 2949 1143 τοῖς
2976 1079 3291 1150 ἀνθρώποις
3325 1080 3423 1134 καὶ
3460 1079 3614 1134 διδά-

2021 1170 2236 1226 σκαλοι.

2097 1283 2116 1316 ι
2155 1263 2263 1317 Τοῦ
2307 1263 2383 1336 μὴ
2415 1264 2712 1333 εἰσφέρειν.
2736 1281 2754 1314 ι
2790 1262 3008 1334 Μέτρον
3045 1260 3282 1331 φανερὸν
3319 1260 3570 1326 ἐϐάδιζον
3593 1275 3611 1293 ο

2017 1353 2078 1407 τὸ
2105 1353 2216 1425 γάρ
2256 1357 2336 1417 είς
2383 1354 2559 1426 μῆκος
2592 1353 2821 1414 ὁδεύειν.
2876 1353 3039 1425 ἔργον
3079 1348 3224 1406 εἶναι
3264 1350 3475 1416 ἐδόκει,
3516 1353 3616 1406 καὶ

2016 1446 2176 1501 τοῦτό
2236 1450 2352 1501 ἐστι
2401 1447 2462 1500 τὸ
2505 1449 2563 1500 ὲν
2624 1449 2745 1510 ταῖς
2793 1446 3054 1524 ῌράξεσι,
3092 1443 3401 1499 Σαΰϐἁτου
3451 1443 3615 1513 ἔχων

2017 1538 2181 1592 ὀδόν.

2093 1647 2111 1680 ι
2150 1630 2261 1683 Kal
2298 1629 2510 1699 ἀνάψω.
2542 1648 2558 1680 ι
2609 1628 2902 1681 Ἀσόἐστου
2938 1625 3112 1698 πυρὸς
3154 1624 3545 1696 μνημονεύσας
3580 1626 3615 1679 ὁ

2014 1721 2197 1791 λόγος,
2241 1722 2322 1785 είς
2358 1721 2594 1793 Θεωρίας
2634 1722 2785 1791 ἡμᾶς
2833 1720 3230 1789 παραπέμπει,
3262 1719 3347 1771 ὅτι
3389 1716 3492 1787 τὴν
3533 1715 3612 1787 μὴ

2015 1817 2421 1888 ἁποτιθεμένην
2465 1817 2533 1870 τά
2566 1816 2764 1889 φορτία
2808 1816 2909 1886 τῆς
2949 1814 3227 1886 ἁμαρτίας
3266 1812 3480 1904 ψυχὴν,
3497 1810 3614 1883 πῦρ

1945 1890 1987 1944 Β
2017 1910 2237 1965 αἰώνιον
2267 1910 2505 1981 δέχεται.

2596 2000 2821 2054 ΚΕΦΑΛ
2834 2039 2848 2053 .
2891 2000 2997 2053 IH'.

2092 2113 2109 2147 ι
2143 2096 2258 2150 Kal
2285 2095 2470 2150 πάλιν.
2512 2114 2531 2146 ι
2572 2093 2684 2164 Τὴν
2714 2092 2806 2147 διὰ
2829 2091 2923 2146 τοῦ
2950 2089 3334 2163 βαπτίσματος
3364 2086 3608 2144 ἀνάπλα-

2014 2198 2100 2236 σιν
2122 2184 2440 2238 αἰνίττεται.

2089 2297 2108 2329 ‹
2148 2278 2346 2341 Καθὼς
2379 2279 2601 2351 ἤρεσεν.
2646 2295 2664 2329 ι
2702 2278 2777 2331 Ού
2809 2277 2974 2332 καλὸν
3018 2274 3117 2347 τὴν
3145 2274 3395 2345 γνώμην,
3434 2274 3469 2345 ἡ
3500 2291 3606 2329 κα-

2011 2367 2127 2421 κόν.
2156 2366 2329 2419 Τοῦτο
2375 2366 2485 2437 γὰρ
2508 2369 2607 2436 τῆς
2648 2364 3048 2436 προαιρέσεως,
3082 2363 3294 2418 καὶτοῦ
3339 2361 3608 2431 αὐτεξουο

2012 2460 2128 2513 σίου
2153 2475 2171 2492 ο
2209 2459 2402 2529 ἀμέλει
2439 2460 2536 2514 καὶ
2574 2459 2987 2530 ἁμαρτάνοντες
3018 2459 3305 2529 μετανοεῖν
3354 2456 3611 2512 κελεύον-

2009 2567 2140 2604 ται·
2172 2551 2310 2605 ἀλλά
2347 2552 2550 2605 τοιόνδε
2585 2551 2683 2621 τὴν
2713 2551 2937 2604 πλάσιν.
2978 2547 3361 2618 Διδασκὸμεθα
3393 2543 3487 2601 οὖν
3528 2545 3608 2618 μὴ

2010 2643 2495 2713 πολυπραγμονεῖν
2534 2646 2661 2706 τοὺς
2706 2642 3034 2712 ἀνεφίκτους
3085 2643 3184 2712 τῆς
3234 2638 3608 2711 δημιουργίας

2005 2735 2265 2807 τρόπους.

2086 2844 2106 2877 ι
2144 2825 2253 2877 Kal
2276 2824 2451 2896 πέρας
2480 2824 2725 2893 λαλήσω.
2761 2841 2780 2874 ι
2831 2821 2958 2877 Ἐὰν
2986 2821 3406 2893 ἀποφαίνωμαι.

2091 3029 2111 3062 ι
2135 3009 2268 3064 Ἰδοὺ
2302 3007 2415 3074 ἐγὼ
2436 3007 2717 3061 πλάσσω.»
2742 3005 2901 3060 Κατά
2922 3003 3023 3068 τὰς
3063 3002 3338 3068 κακώσεις
3391 3003 3489 3067 τὰς
3522 3019 3607 3057 τι·

2012 3101 2355 3175 μωρητικάς,
2389 3103 2578 3170 φησιν,
2632 3100 2728 3154 καὶ
2774 3097 3082 3167 ἐπειδήπερ
3130 3097 3184 3149 οἱ
3223 3096 3503 3167 ἄνθρωποι
3537 3094 3606 3149 οὐ

309 3213 560 3261 eatorum
595 3207 913 3263 memoriam
960 3208 1184 3265 habent.
1238 3207 1433 3279 Finge,
1484 3209 1561 3265 ait
1593 3228 1606 3265 :
1636 3210 1726 3266 illa
1770 3186 1903 3269 ante

2031 3195 2231 3250 ιάντων
2248 3192 2359 3249 τῶν
2385 3192 2805 3264 ἁμαρτημάτων
2828 3189 3010 3243 αὐτῶν
3044 3187 3370 3261 μέμνηνται.
3407 3186 3606 3242 uad:-

310 3298 501 3354 oculos
530 3306 741 3354 vestros
769 3316 936 3370 pono,
972 3309 1031 3356 ut
1074 3300 1334 3371 patiendo
1363 3316 1427 3357 ea
1467 3302 1901 3361 reminiscamini
1940 3286 1970 3291 v
2005 3303 2106 3350 των
2165 3286 2334 3356 φησιν

310 3405 434 3460 qua:
467 3393 763 3462 peccastis.

382 3481 448 3538 V.
477 3483 564 3538 12.
596 3503 615 3536 ‹
652 3478 721 3539 Ει
748 3483 1023 3540 dixerunt.
1061 3502 1081 3537 ι
1131 3482 1449 3541 Petulanter
1505 3484 1673 3542 locuti
1713 3495 1843 3543 sunt
1883 3508 1898 3545 :

311 3568 487 3625 Enixe
506 3570 867 3641 persistemus
896 3571 952 3626 in
988 3571 1075 3627 his
1112 3588 1234 3643 qua:
1289 3572 1519 3644 agimus.
1563 3573 1667 3639 Tu,
1699 3574 1900 3646 inquit,

310 3674 414 3717 nos
445 3677 475 3716 a
511 3663 671 3717 bonis
709 3664 969 3733 operibus
1009 3679 1235 3720 aversos
1284 3680 1452 3735 prava
1492 3674 1730 3723 sectatos
1775 3682 1903 3725 esse

308 3752 416 3820 ais,
451 3762 506 3809 et
542 3770 645 3811 nos
669 3755 813 3810 mala
849 3755 965 3826 ipsa
1005 3771 1323 3827 sequemur.

381 3926 450 3985 v.
486 3930 571 3987 tt.
612 3951 632 3983 ι
677 3929 935 4002 Nunquid
952 3904 1478 3990 deﬁcient.’Petra
1508 3933 1762 3994 Christus
1784 3943 1898 4003 est,

309 4020 481 4079 ubera
514 4038 697 4080 sermo
728 4025 1016 4092 nutriens;
1069 4027 1163 4081 nix
1220 4036 1572 4097 peccatorum
1626 4029 1900 4100 purgatio.

308 4111 544 4186 lntelligi
582 4116 747 4172 etiam
785 4124 1018 4187 possunt
1048 4133 1144 4187 per
1173 4119 1345 4174 ubera
1377 4128 1434 4173 et
1459 4117 1673 4174 Novum
1711 4128 1770 4175 et
1789 4120 1901 4175 Ve-

308 4214 400 4262 tus
434 4205 868 4263 Testamentum.
897 4207 979 4263 An
1008 4209 1177 4281 igitur
1215 4208 1274 4264 in
1303 4223 1580 4278 quoquam
1620 4202 1802 4264 défeci
1835 4210 1904 4265 ad

308 4300 452 4356 bene
480 4300 791 4358 faciendum
826 4301 955 4367 illis,
986 4310 1042 4357 et
1072 4301 1394 4356 nutriendas
1423 4316 1616 4356 eorum
1646 4303 1902 4358 animas?

385 4411 407 4444 c
435 4390 692 4462 Nunquid
757 4392 1073 4447 declinabit.
1105 4411 1124 4445 ι
1174 4390 1315 4458 Quid
1354 4392 1457 4446 hoc
1479 4392 1503 4444 ?
1525 4391 1637 4459 ait;
1716 4408 1901 4450 nonne

308 4482 510 4537 suntin
533 4483 638 4537 hac
663 4482 773 4537 vita
804 4483 898 4553 qui
924 4483 1074 4537 velut
1110 4497 1249 4552 aqua
1268 4490 1558 4537 ventorum
1589 4482 1643 4537 vi
1664 4483 1899 4540 saeviens

2381 3300 2395 3315 ·
2468 3285 2609 3340 αὐτὰ
2666 3284 2754 3338 ἐπ’
2816 3282 3009 3353 ὄψεσιν
3064 3281 3218 3352 ὑμῶν
3280 3281 3449 3350 ἄγω,
3508 3280 3602 3334 ἵνα

2002 3376 2094 3433 διὰ
2112 3377 2222 3431 τῶν
2249 3375 2532 3448 τιμωριῶν
2549 3374 2962 3445 ἀναμνησθῆτε,
2995 3364 3071 3426 ὧν
3105 3372 3489 3443 ἡμαρτήκατε.

2080 3487 2099 3521 t
2135 3469 2248 3522 Kal
2296 3463 2484 3522 εἶπαν.
2529 3487 2549 3519 ο
2618 3466 2878 3530 Ἀναιδῶς
2932 3464 3267 3534 ἐφθέγξαντο
3319 3464 3602 3533 λέγοντες,

2016 3561 2278 3634 ’ἰσχυρῶς
2299 3561 2691 3633 ἐπιμενοῦμεν,
2708 3555 2789 3626 οἷς
2816 3560 3157 3632 πράττομεν’
3183 3560 3258 3611 Σὺ
3276 3558 3483 3627 λέγεις’
3503 3574 3608 3628 (m-

2006 3654 2112 3719 alv,
2147 3652 2728 3725 ὃτιἈποστ-ραφέντες
2760 3652 2869 3707 ἀπὸ
2894 3651 3007 3705 τῶν
3036 3651 3221 3704 καλῶν
3243 3650 3446 3720 ἔργων,
3466 3649 3606 3718 ἡκο-

2001 3746 2350 3818 λουθήσαμεν
2397 3749 2510 3810 τοῖς
2567 3745 2827 3814 φαύλοιςο
2859 3744 3039 3799 ὀπίσω
3080 3742 3264 3798 αύτῶν
3302 3742 3415 3796 τῶν
3462 3741 3607 3811 φαύ-

2001 3838 2113 3894 λων
2144 3839 2615 3911 ἀκολουθήσομεν.
3522 3822 3529 3835 ’

2081 3951 2102 3985 t
2147 3931 2240 4003 Μὴ
2273 3932 2622 4002 ὲκλείψωσιν.
2662 3950 2681 3985 ι
2707 3930 2897 4003 Πέτρα
2930 3924 2959 3985 δ
2998 3930 3257 4002 Χριστὸς,
3312 3931 3514 4002 μαστοὶ⁵
3542 3929 3600 3984 δὲ

2000 4024 2030 4079 ὁ
2074 4022 2351 4095 τρόφιμος
2400 4022 2596 4091 λόγος’
2638 4020 2777 4092 χιὼν
2816 4021 2906 4086 δὲ,
2943 4023 2978 4092 ἡ
3022 4021 3131 4076 τῶν
3177 4021 3598 4093 ἁμαρτημάτων

2003 4116 2301 4187 κάθαρσις.
2331 4114 2604 4169 Νοοῦνται
2633 4114 2691 4168 δὲ
2722 4113 2923 4185 μαστοὶ
2956 4113 3051 4167 καὶ
3088 4114 3121 4182 ἡ
3155 4114 3273 4178 νέα,
3306 4112 3458 4183 καὶὴ
3490 4127 3600 4164 πα-

2000 4207 2130 4262 λαιά
2163 4205 2423 4278 διαθήκη.
2460 4208 2553 4277 Μή
2580 4225 2634 4259 τι
2661 4207 2757 4261 οὖν
2789 4204 3046 4276 ὲνέλειψα
3074 4201 3133 4261 εὖ
3169 4205 3346 4261 ποιῶν
3383 4205 3595 4273 αὐτοῖς,

2002 4300 2100 4355 zeal
2126 4300 2436 4372 διατρέφων
2458 4300 2641 4354 αὐτῶν
2673 4301 2773 4364 τὰς
2803 4299 2984 4371 ψυχάς
3007 4316 3024 4368 ς

2080 4410 2099 4443 ι
2139 4392 2231 4463 Μὴ
2261 4392 2520 4446 ἐκκλίνει.
2559 4408 2577 4441 ι
2611 4392 2680 4445 Τί
2715 4392 2772 4446 δὲ
2818 4407 3020 4460 φησιν;
3048 4390 3165 4444 Οὐκ
3196 4391 3338 4444 εἰσὶν
3367 4391 3424 4443 ὲν
3452 4388 3594 4460 τῷδε

1999 4483 2079 4555 τῷ
2130 4483 2230 4555 βίῳ
2272 4481 2770 4554 κλυδωνιζόμενοι,
2823 4483 3014 4553 ὥσπερ
3071 4481 3219 4553 ὕδωρ
3266 4482 3375 4535 ὺπδ
3418 4481 3591 4552 βιαίου

308 4583 443 4631 :rstu
463 4574 770 4645 agitentur?
802 4586 859 4631 et
886 4583 1070 4631 tamen
1120 4590 1302 4645 neque
1358 4590 1479 4629 mea
1517 4576 1781 4631 beneﬁcia
1808 4592 1903 4632 co-

2031 4578 2213 4646 ινέμου
2259 4576 2596 4649 φερόμενον;
2638 4578 2734 4630 καὶ
2776 4577 2927 4645 ὅμως
2960 4573 3088 4629 οὔτε
3129 4575 3229 4639 τὰς
3259 4575 3403 4645 ἐμάς
3435 4575 3595 4645 εὐερ-

308 4668 570 4740 gitarunt,
594 4683 772 4739 neque
796 4669 919 4724 vita:
950 4667 1114 4738 hujus
1157 4669 1592 4737 instabilitatem,
1611 4669 1898 4726 sed'vitam

308 4758 453 4814 hanc
486 4758 561 4814 ita
598 4759 820 4831 degunt,
859 4771 915 4815 et
946 4760 1212 4830 inaequale
1275 4760 1383 4816 iter
1440 4761 1671 4829 faciunt,
1740 4761 1898 4831 quasi

309 4857 582 4920 putantes,
611 4860 728 4907 toto
767 4853 965 4909 saeculo
1003 4868 1061 4908 se
1105 4853 1197 4907 hic
1228 4853 1490 4909 victuros.
1550 4853 1900 4925 Quapropter

306 4950 365 4995 et
397 4940 822 4997 inﬁrmabuntur
858 4945 915 4999 in
948 4944 1050 5000 viis
1086 4944 1357 5014 ipsorum,
1387 4944 1589 5000 frustra
1634 4946 1748 5000 Deo
1786 4946 1899 5000 ini-

307 5050 415 5105 qua
454 5044 637 5092 mente
694 5037 994 5093 suiﬁentes.
1049 5036 1280 5092 Semitas
1336 5053 1469 5093 vero
1534 5038 1898 5111 [articulosque

307 5142 408 5197 pro
429 5127 621 5184 eodem
652 5129 828 5200 ponit,
855 5145 918 5186 ac
945 5126 991 5185 si
1023 5130 1233 5186 diceret
1261 5130 1399 5185 vias.

378 5302 445 5359 γ.
478 5305 566 5361 16.
601 5325 619 5358 ι
648 5307 714 5361 Et
742 5307 960 5363 sibilum
987 5309 1407 5378 sempiternum.
1445 5328 1464 5363 ι
1511 5309 1785 5376 Quoniam
1809 5310 1895 5366 vel

306 5396 663 5467 admirantes,
698 5400 784 5456 vel
819 5401 1111 5457 illudentes
1145 5400 1399 5457 homines
1436 5402 1657 5457 sibilum
1726 5405 1892 5461 edere

304 5488 506 5545 solent.

376 5577 554 5638 v.17.
589 5599 609 5634 ‹
645 5582 799 5639 Sient
829 5593 1075 5639 ventum.
1108 5601 1128 5637 ι
1199 5582 1404 5639 Omnes
1439 5599 1596 5654 teque
1634 5584 1890 5658 afﬂigant.

305 5669 516 5728 Ventus
538 5678 683 5731 enim
713 5692 878 5733 urens
895 5693 1049 5748 reque
1067 5692 1260 5732 omnes
1300 5678 1500 5732 exurit.

377 5762 445 5819 ν.
499 5765 581 5819 l8.
612 5785 632 5820 ι
696 5768 954 5834 Dorsum,
1001 5778 1057 5824 et
1101 5784 1208 5824 non
1264 5767 1459 5823 faciem
1521 5768 1829 5825 ostendam.
1866 5790 1884 5822 ι

379 5897 561 5955 “Act.
586 5916 624 5967 ι,
661 5900 746 5955 li.

2000 4672 2194 4741 γεσίας
2228 4670 2569 4739 ὲλογίσαντο.
2600 4669 2727 4724 οὔτε
2751 4669 2849 4724 τοῦ
2881 4668 3157 4742 παρόντος
3185 4668 3304 4739 βίου
3335 4668 3397 4723 τὸ
3428 4667 3600 4722 ἄστα-

2000 4780 2092 4817 τον
2112 4781 2125 4795 ·
2163 4762 2281 4818 ἀλλ’
2312 4763 2489 4827 οὕτως
2519 4764 2629 4817 εἰσὶ
2658 4765 2717 4817 ὲν
2753 4762 2931 4834 τούτῳ
2955 4763 3035 4833 τῷ
3074 4762 3173 4834 βίῳ
3205 4762 3590 4835 πορευόμενοι,

2000 4855 2096 4909 καὶ
2120 4856 2222 4925 τὴν
2255 4853 2549 4925 ἀνώμαλον
2578 4854 2674 4909 τοῦ
2722 4854 2842 4926 βίου
2889 4854 3202 4925 βαδίζοντες
3247 4856 3478 4926 πορείαν
3514 4854 3592 4917 ὡς

1998 4945 2337 5016 νομίζοντες,
2372 4948 2456 5001 δτι
2484 4947 2576 5002 τὸν
2614 4946 2790 5002 αἰῶνα
2815 4947 3055 5001 ἐνταῦθα
3084 4945 3337 5017 μενοῦσι.
3371 4945 3464 4999 Διὸ
3495 4945 3593 4998 καὶ

1999 5036 2417 5108 άσθενήσουσιν,
2457 5038 2516 5092 ὲν
2546 5040 2665 5102 ταῖς
2712 5038 2853 5101 ὁδοῖς
2898 5038 3103 5103 αὐτῶν,
3155 5039 3236 5100 είς
3274 5040 3452 5108 μάτην
3491 5035 3594 5088 θυ-

2000 5128 2238 5199 μιῶντες
2269 5129 2391 5200 Θεῷ
2421 5130 2563 5201 μετά
2593 5129 2811 5201 φαύλης
2837 5129 3103 5201 γνώμης.
3123 5129 3377 5197 Τρίϐους
3410 5129 3466 5181 δὲ
3495 5127 3594 5183 καὶ

1996 5222 2313 5290 σχοίνους,
2349 5221 2411 5276 τὸ
2435 5223 2570 5277 αὐτό
2600 5240 2791 5295 φησιν,
2834 5224 2958 5277 ἀντὶ
2980 5221 3101 5289 τοῦ,
3126 5222 3226 5287 τὰς
3255 5221 3432 5285 ὁδούς.

2070 5337 2088 5369 ι
2125 5320 2234 5373 Kal
2263 5317 2533 5391 σύριγμα.
2565 5339 2583 5373 ι
2603 5320 2727 5374 Ὅτι
2756 5319 3134 5391 θαυμάζοντες
3161 5319 3195 5393 ἦ
3225 5319 3590 5390 χλευάζοντες

1999 5412 2049 5464 οἱ
2080 5410 2382 5483 ἄνθρωποι,
2420 5412 2668 5485 συρίζειν
2692 5412 3028 5482 πεφύκασιν.

2079 5608 2097 5641 ι
2145 5589 2234 5654 Ὠς
2281 5589 2504 5658 ἄνεμον.
2544 5609 2564 5643 ι
2621 5590 2841 5655 Πάντας
2881 5591 3088 5662 ὁμοίως
3137 5588 3333 5659 θλίψω.
3375 5589 3434 5642 '0
3477 5585 3587 5662 γὰρ

2003 5678 2222 5733 καύσων
2251 5676 2454 5748 ἄνεμος
2473 5679 2674 5749 ἐπίσης
2703 5678 2949 5745 ἅπαντας
2984 5681 3341 5750 καταφλέγει.

2078 5770 2239 5825 Ἶδιον
2282 5770 2391 5824 τῶν
2431 5767 2790 5843 δορυαλώτων
2832 5774 2893 5828 τὸ
2932 5773 3163 5831 κύπτειν
3212 5777 3294 5839 εἱς
3340 5778 3467 5848 γῆν,
3506 5772 3585 5840 ὡς
