3942 6448
297 426 399 493 671

1396 438 1921 500 OLYMPIODORI
1952 438 2487 500 ALEXANDRINI

3485 434 3595 499 672

297 556 605 607 sermones,
639 543 684 597 si
715 545 1018 600 concordes
1044 554 1177 600 sunt
1203 565 1216 601 :
1241 554 1299 601 ut
1334 548 1378 602 si
1431 547 1487 601 in
1552 549 1735 618 aliqua
1783 547 1874 604 sib

2004 566 2147 619 γους,
2195 548 2245 602 εί
2280 546 2569 620 σύμφωνοί
2614 548 2790 602 εἰσιν·
2844 545 2938 601 ἶνα
2976 547 3079 602 ἐὰν
3106 547 3311 619 εὑρεθῇ
3350 552 3496 603 κατὰ
3535 570 3592 607 τι

308 636 609 705 pugnantia
642 636 825 693 dicere
854 638 1385 709 deprehenderetur,
1441 652 1702 712 tanquam
1732 658 1886 697 men-

296 726 487 781 dacem
513 727 918 782 interimerent.

374 837 393 869 ι
420 818 627 875 idcirco
658 820 931 889 persecuti
970 832 1118 878 sunt.
1152 842 1170 874 ι
1214 823 1484 890 Quoniam
1507 824 1653 879 Deus
1672 840 1886 880 mecum

297 917 406 973 est;
447 911 700 980 quodque
734 927 819 965 res
857 913 1124 969 dedecore
1147 916 1341 984 dignas
1374 925 1562 987 agunt.

369 1000 434 1057 ν.
474 1004 560 1059 14.
597 1023 615 1056 ι
654 1006 778 1059 Dies
807 1005 862 1061 in
903 1023 1006 1077 qua
1048 1011 1263 1078 peperit
1310 1027 1398 1065 me
1450 1020 1626 1066 mater
1679 1027 1823 1067 mea.
1861 1031 1881 1065 ι

296 1094 579 1164 Tanquam
623 1111 732 1150 non
784 1098 940 1153 valde
970 1115 1171 1156 curans
1211 1102 1497 1158 invehitur
1530 1104 1586 1158 in
1638 1119 1729 1158 res
1769 1119 1883 1162 non

296 1194 574 1242 exstantes
616 1196 673 1243 et
718 1189 829 1259 jam
866 1193 1176 1261 praeteritas
1219 1212 1343 1265 quae
1385 1197 1753 1252 maledictioni
1788 1197 1891 1253 ob-

294 1281 473 1336 noxiae
498 1297 620 1337 esse
668 1299 776 1337 non
810 1295 1060 1355 possunt,
1089 1298 1150 1343 ut
1188 1289 1363 1343 solum
1389 1289 1535 1361 quod
1574 1290 1680 1345 sibi
1704 1290 1886 1347 conti-

293 1380 447 1443 gerat
487 1374 689 1428 malum
748 1376 1074 1433 declararet.

363 1460 429 1517 ν.
468 1464 553 1519 15.
586 1483 605 1517 ι
651 1465 968 1522 Maledictus
987 1469 1173 1524 homo.
1219 1490 1238 1522 ι
1270 1471 1435 1525 Aiunt
1460 1470 1669 1525 iulium
1698 1472 1885 1528 suisin

289 1552 715 1613 Commentariis
750 1559 953 1616 dixisse
1008 1563 1279 1619 Aminiam
1347 1566 1884 1635 pseudoprophetam

288 1647 573 1702 nuntiasse
596 1650 834 1719 primum
857 1651 1095 1710 Chalcis:
1122 1657 1259 1725 patri
1294 1655 1547 1712 Jcrcmie
1574 1667 1767 1711 natum
1794 1657 1876 1712 illi

290 1736 460 1793 ﬁlium
490 1742 792 1798 masculum
822 1764 836 1800 :
870 1746 991 1813 jure
1021 1746 1185 1816 igitur
1236 1749 1315 1803 illi
1348 1749 1645 1813 maledicit,
1674 1757 1732 1803 ut
1787 1749 1880 1820 qui

289 1829 476 1898 populi
507 1832 704 1887 excidii
729 1849 888 1890 causa
925 1836 1110 1892 fuerit.
1151 1839 1374 1910 Mystice
1405 1855 1536 1895 vero
1563 1840 1637 1894 ita
1666 1840 1880 1895 intelli-

1990 640 2139 712 αὐτῷ
2171 640 2608 712 ἐναντιούμενος,
2640 639 2902 711 ἀνέλωτιδ
2926 639 3092 695 αὐτὸν
3128 640 3208 705 ὡς
3231 640 3499 715 ψεύστην,

2066 837 2084 870 ι
2117 818 2218 873 Διὰ
2247 820 2406 874 τοῦτο
2442 818 2691 885 ἐδίωξαν.
2737 839 2754 872 ι
2788 821 2915 875 ’Ότι
2944 819 3078 885 Θεὸς
3106 822 3228 893 μετ’
3255 823 3393 894 ἐμοῦ
3438 824 3584 892 ἐστι,

1987 910 2083 964 καὶ
2106 912 2188 965 ὅτι
2219 913 2448 983 ἀτιμίας
2481 913 2607 978 ἄξια
2633 913 2995 985 πράττουσιν.

2064 1020 2084 1055 ε
2126 1003 2189 1058 'ii
2224 1004 2441 1075 ἡμέρα,
2481 1006 2539 1058 ὲν
2574 998 2788 1076 ᾖέτεκέ
2838 1020 2905 1074 με
2953 1004 2987 1074 ἡ
3037 1005 3224 1077 μήτηρ
3264 1022 3392 1077 μου.
3425 1027 3453 1060 ι
3500 1009 3593 1073 Ὠς

1985 1095 2269 1167 ὀλιγωρῶν
2298 1097 2390 1149 ἐπὶ
2415 1096 2484 1151 τὰ
2513 1097 2871 1152 ἀνυπόστατα
2901 1096 2998 1151 καὶ
3031 1096 3133 1168 ἠδη
3173 1102 3584 1171 παρῳχηκότα,

1987 1188 2056 1242 τὰ
2107 1189 2182 1259 μὴ
2225 1187 2503 1260 δυνάμενα
2548 1188 2801 1259 κατάραν
2847 1187 3113 1255 δέξασθαι
3173 1191 3402 1264 ἐκφέρει
3451 1196 3587 1258 τοὺς

1987 1280 2216 1349 λόγους*
2251 1283 2338 1336 ῐνα
2373 1283 2524 1356 δείξῃ
2563 1282 2730 1353 μόνον
2774 1281 2874 1351 τὴν
2907 1281 3205 1353 συμϐᾶσαν
3234 1284 3385 1357 αὐτῷ
3420 1287 3587 1357 περί-

1992 1391 2205 1428 στασιν.

2067 1483 2086 1516 ι
2136 1466 2599 1537 Ἐπικατάρατος.
2631 1485 2649 1519 ι
2686 1467 2857 1522 Φασὶν
2887 1468 2982 1521 τὸν
3017 1468 3220 1523 Ἰοῦλον
3251 1469 3310 1521 ἑν
3337 1468 3581 1534 οίκείοις

1991 1559 2428 1628 συγγράμμασιν
2453 1557 2759 1630 είρηκέναι,
2793 1558 2871 1621 ὡς
2914 1560 3171 1624 Ἀνανίας
3209 1561 3239 1614 6
3270 1560 3583 1632 ψευδοπροη

1990 1648 2169 1719 φήτης
2212 1648 2374 1713 αὐτὸς
2407 1648 2624 1720 πρῶτος
2655 1648 2774 1704 εἷπε
2806 1650 2882 1722 τῷ
2914 1651 3125 1723 Χελκία
3157 1652 3237 1723 τῷ
3269 1654 3439 1723 πατρὶ
3480 1652 3582 1708 τοῦ

2001 1741 2289 1812 Ἱερεμίου,
2324 1743 2409 1796 ὅτι
2439 1742 2635 1814 ἐτέχθη
2665 1743 2819 1815 αύτῷ
2841 1744 3055 1798 παιδίον
3083 1745 3277 1816 ᾶρῤεν.
3317 1746 3583 1809 Ἐνδίκως

2001 1827 2097 1887 οὖν
2125 1832 2273 1904 αύτῷ
2302 1836 2611 1905 καταρᾶται
2659 1834 2736 1899 ὡς
2781 1835 2963 1889 αἴτιον
2995 1834 3074 1906 τῷ
3117 1835 3233 1907 λαῷ
3280 1837 3582 1907 γενόμενον

289 1937 420 1990 ges:
457 1921 744 1981 Hominem
777 1927 1059 1999 Scriptura
1087 1946 1231 2001 saepe
1259 1942 1419 1987 vocat
1444 1933 1743 1988 diabolum.
1781 1932 1874 1988 Mat

2004 1922 2298 1986 ἀπωλείας.
2330 1923 2476 1997 Πρὸς
2515 1924 2761 1980 διάνοιαν
2801 1926 2858 1980 δὲ
2884 1904 3264 1998 οῠτωννοήσης
3289 1942 3305 1957 ⁸
3335 1904 3581 2000 Ἀνθρω-

288 2011 525 2071 ledictus
578 2016 783 2087 itaque,
826 2021 923 2086 ait,
959 2021 1031 2075 sit
1079 2022 1350 2091 diabolus,
1383 2026 1477 2095 qui
1511 2025 1655 2080 Patri
1686 2036 1881 2082 nostro

287 2106 402 2163 Deo
434 2110 641 2166 dixerat
668 2130 681 2167 :
718 2112 855 2168 Ecce
890 2116 1168 2172 masculus
1196 2126 1281 2173 est
1314 2118 1500 2184 homo,
1528 2119 1738 2175 scilicet
1768 2119 1884 2175 for-

288 2198 380 2268 tis,
411 2204 666 2271 permitte
690 2216 749 2259 ut
779 2206 931 2260 illum
962 2215 1196 2266 tentem.

358 2386 423 2445 Υ.
470 2390 553 2447 16.
587 2414 605 2446 ι
652 2395 1214 2453 Audiatclamorcm.»
1255 2400 1572 2456 Secundum
1600 2403 1872 2470 litteram,

268 2478 393 2538 'cito
415 2502 428 2537 :
451 2485 768 2556 spiritaliter
795 2505 953 2555 vero,
986 2491 1355 2558 Perterrefiat,
1393 2494 1593 2564 inquit,
1619 2495 1874 2551 diabolus

254 2576 340 2630 ‘in
363 2580 699 2649 apparitione
726 2592 781 2637 et
809 2593 935 2638 ortu
965 2586 1079 2640 veri
1105 2587 1235 2641 solis
1261 2587 1393 2642 Jesu
1420 2588 1636 2643 Domini
1676 2590 1871 2645 nostri.

359 2768 377 2801 ι
424 2749 493 2806 Et
526 2752 810 2809 ululatum.
845 2774 863 2808 ι
893 2755 973 2812 Ad
1005 2758 1243 2813 litteram
1276 2761 1518 2830 quidem,
1554 2763 1764 2827 Adhuc,
1798 2762 1877 2818 in-

282 2840 423 2911 quit,
463 2843 519 2897 in
552 2843 812 2903 felicitate
841 2850 1057 2919 positus
1103 2851 1345 2906 Ananias
1398 2869 1589 2908 vocem
1629 2854 1872 2911 hostium

282 2937 468 2992 audiet
502 2952 515 2988 :
545 2939 865 3009 spiritaliter
936 2960 1066 2999 vero
1105 2943 1367 3001 :Meridie
1433 2948 1581 3001 cruci
1640 2948 1879 3019 anigitur

280 3023 553 3092 Christus,
593 3043 721 3083 cum
752 3038 806 3085 et
828 3031 1080 3088 diabolus
1117 3034 1362 3103 perfecte
1386 3036 1567 3092 victus
1596 3046 1701 3094 cst.
1743 3039 1873 3098 Ulu~

282 3114 424 3173 latus
446 3119 593 3173 enim
619 3120 824 3175 clamor
855 3133 939 3178 est
979 3124 1232 3182 hostibus
1275 3127 1533 3185 devictis.

273 3363 278 3371 η
360 3315 379 3348 ι
410 3295 548 3363 Quia
577 3315 689 3354 non
720 3300 994 3358 interfecit
1038 3320 1144 3361 me.
1185 3325 1204 3358 ι
1258 3306 1375 3364 Hoc
1406 3319 1669 3379 praestare
1725 3310 1871 3365 Ana-

282 3385 404 3441 nias
440 3403 551 3442 non
609 3399 845 3459 poterat,
875 3394 1061 3464 itaque
1104 3399 1422 3467 spiritaliter
1482 3403 1665 3472 potius
1715 3403 1867 3459 acci-

281 3477 541 3547 piendum
577 3498 591 3534 :
626 3482 704 3537 ait
731 3483 895 3555 igitur
928 3504 941 3539 :
980 3485 1292 3547 Voluntatis
1314 3492 1580 3562 impetum
1609 3510 1719 3547 non
1764 3511 1860 3550 re-

283 3571 517 3627 tardavit
552 3584 844 3647 antequam
866 3595 929 3635 se
961 3581 1029 3636 ad
1046 3584 1247 3638 malum
1278 3596 1646 3652 converteret,
1684 3589 1864 3642 mani-

286 3664 493 3720 festans
564 3668 701 3723 mibi
777 3672 1101 3740 pravitatem
1179 3676 1491 3746 iniquitatis
1527 3719 1542 3742 ,
1620 3687 1674 3732 et
1757 3695 1868 3735 non

284 3754 785 3815 inseminansillam
812 3777 941 3817 cum
966 3767 1328 3845 praetextibus
1379 3776 1435 3823 et
1480 3769 1871 3825 occultatione.

358 3954 419 4013 V.
446 3956 531 4012 l7.
564 3977 581 4010 ι
623 3957 691 4014 Et
714 3958 954 4017 factaest
993 3963 1126 4019 mihi
1165 3975 1337 4022 mater
1378 3983 1514 4023 mea.
1552 3989 1571 4022 ι
1605 3970 1735 4033 Cur.
1763 3973 1859 4038 ait,

282 4044 339 4099 in
366 4046 483 4116 ipso
508 4048 783 4119 proposito
813 4065 924 4105 non
959 4052 1130 4113 stetit,
1158 4064 1213 4107 et
1265 4054 1441 4110 soluta
1463 4067 1548 4111 est
1575 4058 1856 4129 cogitatio,

282 4151 384 4190 nec
421 4136 486 4190 ad
516 4152 655 4207 Opus
686 4138 912 4207 perdu‘xi
942 4140 1086 4207 quod
1118 4141 1261 4195 volui
1286 4141 1311 4195 ?

352 4221 419 4275 V.
455 4223 580 4277 ἱ8.‹
611 4223 679 4278 Ut
708 4225 836 4294 quid
869 4226 985 4281 ita?
1011 4227 1271 4297 Egressus
1326 4250 1346 4282 ι
1387 4230 1676 4286 Peccatum
1717 4232 1874 4288 dolo-

284 4328 406 4367 rum
457 4313 813 4384 laborumque
839 4318 991 4388 origo
1048 4328 1153 4382 est,
1208 4331 1263 4376 et
1301 4322 1547 4391 peecanti
1590 4323 1866 4392 poenitere

208 4466 217 4475 Α
284 4400 463 4456 ali'erl.
487 4398 680 4458 Sermo
712 4403 986 4475 igiturhic
1018 4408 1228 4464 varium
1264 4410 1428 4468 deﬂet
1458 4422 1686 4468 statum.

915 4646 1069 4704 CAP.
1133 4649 1275 4705 ΧΧΙ.

355 4760 423 4815 ν.
464 4762 511 4815 l.
547 4782 567 4815 ‹
604 4763 835 4830 Quando
864 4767 1014 4823 misit
1043 4768 1111 4823 ad
1153 4783 1278 4823 eum
1317 4768 1597 4826 Sedecias.
1636 4790 1654 4823 ι
1693 4771 1865 4829 Sede-

284 4852 395 4907 cias
424 4852 477 4907 in
508 4852 783 4925 Babylonii
810 4868 1133 4928 potestatem
1158 4860 1429 4928 redactus,
1466 4877 1658 4918 rursus
1689 4864 1870 4920 abillo

284 4959 378 4996 rex
408 4953 625 5000 creatur
649 4946 971 5015 Jerusalem,
1013 4952 1373 5021 jurejurando
1411 4955 1674 5022 pr.estito,
1701 4971 1761 5011 se
1796 4957 1867 5012 ab

284 5038 376 5095 illo
403 5055 514 5095 non
546 5042 932 5111 discessurum,
963 5047 1057 5103 sed
1075 5047 1247 5103 fracto
1272 5048 1478 5106 foedere
1501 5066 1689 5107 rursus
1716 5067 1747 5106 a
1770 5052 1875 5107 Ba-

285 5130 503 5201 bylonio
516 5133 658 5190 bello
686 5145 938 5191 vexatur.

359 5308 423 5365 V.
464 5311 517 5367 9.
566 5331 585 5366 ι
620 5314 689 5369 Ει
743 5315 1029 5387 egrediens
1071 5318 1352 5374 accedere.
1391 5338 1412 5372 ι
1472 5320 1758 5392 Tanquam
1818 5338 1879 5379 se

287 5400 475 5459 divino
508 5420 618 5460 non
648 5422 933 5477 Opponens
960 5409 1167 5478 judicio
1192 5452 1205 5477 ,
1238 5412 1323 5467 cui
1346 5413 1549 5484 placuit
1578 5432 1674 5471 eos
1693 5417 1747 5469 in
1768 5415 1875 5469 Ba-

288 5490 632 5563 byloniorum
660 5507 984 5566 potestatem
1015 5501 1221 5555 venire.

365 5601 385 5635 ι
425 5585 495 5641 Et
517 5588 623 5643 erit
663 5589 846 5643 anima
876 5590 1017 5660 ejus.
1051 5611 1070 5644 ι
1105 5592 1221 5649 Hoc
1248 5605 1351 5661 est,
1400 5596 1655 5651 Animam
1718 5612 1873 5653 suam

289 5674 614 5734 lucrabitur.

362 5769 428 5826 γ.
473 5772 559 5825 12.
590 5791 607 5824 ι
641 5773 889 5831 Judicate
919 5792 1097 5837 mane.
1144 5800 1163 5834 ι
1189 5786 1367 5849 Mane,
1396 5782 1449 5837 id
1480 5794 1582 5849 est,
1623 5783 1731 5839 cito
1758 5800 1876 5854 poc—

294 5861 577 5918 nitentiam
612 5866 770 5935 agite.

1992 2018 2154 2088 πονή
2196 2018 2389 2089 Γραφὴ
2446 2016 2723 2089 πολλαχοῦ
2757 2018 2850 2071 τὸν
2896 2017 3147 2071 διάϐολον
3184 2018 3364 2073 καλεῖ.
3419 2018 3578 2071 Ἐπι-

1987 2111 2300 2181 κατάρατος
2332 2107 2457 2178 οὖν,
2496 2110 2665 2182 φησὶν
2686 2151 2701 2175 ,
2731 2109 2874 2163 ἔστω
2902 2109 3216 2175 ὁδιαόολος,
3249 2109 3308 2174 6;
3342 2110 3573 2182 εἴρηκεν

1985 2200 2065 2271 τῷ
2094 2202 2273 2272 Harp!
2317 2202 2480 2272 ἡμῶν
2511 2203 2589 2273 τῷ
2633 2200 2786 2271 Θεῷ,
2825 2200 2958 2253 Ἰδοὺ
3008 2201 3179 2271 ἄρσεν
3212 2199 3365 2253 ἐστὶν
3391 2201 3420 2253 6
3471 2200 3576 2255 ἄν..

1985 2293 2226 2365 θρωπος,
2257 2292 2537 2346 τουτέστιν
2552 2290 2796 2361 ἀνδρεῖος
2815 2304 2828 2318 ·
2861 2290 2951 2354 δὸς
2981 2288 3070 2343 ἵνα
3102 2289 3356 2361 πειράτω
3378 2288 3571 2344 αύτόν,

2060 2405 2081 2439 ι
2129 2387 2445 2441 Ἀκουσάτω
2493 2385 2755 2459 κραῦγος.
2804 2404 2823 2437 ι
2891 2384 3037 2456 Πρὸς
3105 2384 3207 2456 μὲν
3258 2384 3320 2437 τδ
3381 2385 3573 2455 ρητδν,

1981 2480 2118 2551 ταχύ
2136 2499 2150 2512 ·
2183 2481 2322 2551 πρὸς
2339 2479 2397 2533 δὲ
2422 2480 2685 2545 διάνοιαν,
2716 2476 3014 2548 Πτοηθείη,
3045 2477 3237 2548 φησὶν,
3263 2477 3294 2529 6
3318 2477 3573 2542 διάϐολος

1982 2573 2042 2625 ὲν
2081 2576 2149 2644 τῇ
2184 2572 2479 2642 ἐπιφανείᾳ
2501 2612 2514 2635 ,
2547 2571 2643 2625 καὶ
2687 2570 2749 2623 ὲν
2786 2571 2853 2641 τῇ
2902 2568 3141 2639 ἀνατολῇ
3176 2567 3273 2621 τοῦ
3308 2567 3573 2640 ἀληθινοῦ

1982 2661 2133 2733 ἡλίου
2179 2661 2356 2731 Ἰησοῦ
2390 2660 2486 2713 τοῦ
2524 2659 2734 2732 Κυρίου
2765 2659 2950 2730 ἡμῶν.

2062 2770 2080 2804 ι
2104 2752 2211 2805 Καὶ
2236 2750 2578 2821 ἀλαλαγμοῦ.
2595 2771 2611 2801 ι
2630 2751 2777 2821 Πρὸς
2806 2750 2908 2821 μὲν
2930 2750 2991 2803 τὸ
3010 2749 3351 2820 ρητδν,Ἔτι,
3378 2748 3571 2817 φησὶν,

1982 2844 2379 2915 εὐθυνούμενος
2419 2845 2448 2897 6
2489 2844 2744 2906 Ἀνανίας
2794 2840 3023 2896 ἀκούσει
3073 2841 3175 2911 τῆς
3222 2839 3410 2911 φωνῆς
3458 2840 3574 2894 τῶν

1982 2937 2285 3006 πολεμίων
2318 2936 2457 3008 πρὸς
2502 2935 2560 2989 δὲ
2598 2934 2864 2999 διάνοιαν,
2902 2934 2992 2987 Ἐν
3030 2933 3355 3005 μεσημϐρίᾳ
3403 2949 3575 2987 σταυο

1982 3030 2172 3101 ροῦται
2223 3033 2252 3084 6
2286 3032 2526 3103 Κύριος·
2592 3031 2681 3084 ὅτε
2727 3029 2823 3083 καὶ
2867 3028 3091 3092 τελείως
3134 3028 3342 3100 ἡττήθη
3385 3029 3415 3081 6
3457 3028 3576 3082 διά-

1980 3123 2156 3187 ϐολος·
2180 3122 2499 3195 ἀλαλαγμὸς
2533 3122 2667 3194 γάρ,
2700 3121 2799 3193 βοὴ
2830 3120 2973 3175 κατὰ
3008 3120 3380 3180 πεπτωκότων
3407 3119 3573 3175 πολε·

1904 3256 1952 3318 c
1986 3215 2147 3286 μίων.

2057 3325 2076 3358 ι
2098 3308 2223 3360 Ὅτι
2254 3305 2355 3359 οὐκ
2384 3304 2678 3359 ἀπέκτεινέ
2706 3322 2797 3375 με.
2835 3323 2853 3357 ι
2886 3304 3063 3359 τοῦτο
3094 3307 3275 3358 ποιεῖν
3311 3304 3569 3366 Ἀνανίας

1977 3397 2079 3451 οὐκ
2106 3396 2357 3467 ἠδύνατο·
2385 3397 2460 3461 ὡς
2485 3397 2831 3469 δικαιότερον
2853 3397 2935 3460 είς
2955 3396 3194 3468 θεωρίαν
3227 3396 3378 3451 ἰδεῖν.
3398 3396 3574 3467 Φησὶν

1976 3484 2092 3554 οὖν,
2125 3490 2208 3542 ὅτι
2234 3489 2349 3543 Ούκ
2382 3488 2622 3559 ἀνέκοψε
2659 3489 2763 3560 τὴν
2803 3488 2985 3561 ὁρμὴν
3014 3488 3117 3558 τῆς
3159 3488 3569 3559 προαιρέσεωῖν

1980 3582 2111 3653 πρὶν
2137 3580 2237 3652 τὴν
2270 3582 2364 3635 ἐπὶ
2393 3581 2456 3635 τὸ
2483 3580 2691 3651 φαῦλον
2718 3581 2979 3648 δέξασθαι
3018 3580 3254 3652 τροπὴν,
3311 3579 3571 3651 φανερώ-

1981 3690 2080 3735 σας
2106 3690 2196 3743 μοι
2226 3674 2324 3742 τὴν
2365 3674 2567 3727 κακίαν
2599 3674 2697 3744 τῆς
2721 3672 2999 3745 ἁμαρτίας
3026 3712 3040 3737 ,
3073 3672 3167 3726 καὶ
3197 3672 3275 3743 μὴ
3322 3673 3461 3743 μετὰ
3489 3671 3571 3725 δι-

1981 3766 2315 3835 καιωμάτων
2361 3766 2458 3819 καὶ
2499 3764 2853 3835 ἐπικρύψεως
2910 3762 3121 3834 ταύτην
3168 3780 3263 3834 μοι
3321 3764 3565 3832 ἐγκατα-

1983 3855 2236 3926 σπείρας.

2053 3968 2075 4001 c
2111 3950 2220 4003 Καὶ
2250 3948 2470 4018 ἐγένετό
2497 3967 2587 4021 μοι
2615 3950 2648 4021 ἡ
2675 3950 2865 4022 μήτηρ
2886 3966 3013 4020 μου.
3044 3966 3064 4002 ο
3093 3949 3223 4002 "ivx
3245 3946 3320 4015 τί,
3354 3946 3541 4017 φησὶν,

1974 4043 2033 4095 ὲν
2078 4043 2217 4113 αὐτῇ
2260 4043 2520 4114 προθέσει
2559 4044 2915 4112 ὲναπέμεινε,
2958 4042 3055 4095 καὶ
3098 4039 3316 4110 διελύθη
3349 4042 3377 4094 6
3414 4039 3567 4107 λογι-

1976 4133 2133 4204 σμὸς,
2160 4134 2255 4187 καὶ
2288 4134 2362 4205 μὴ
2393 4135 2474 4197 είς
2507 4133 2669 4203 ἔργον
2699 4134 2916 4204 ἠνεγκα
2950 4133 3011 4185 τὸ
3043 4130 3329 4201 βούλημα;

2051 4243 2071 4277 ι
2101 4224 2220 4278 Ἰνα
2259 4225 2313 4278 τί
2340 4226 2528 4293 τοῦτο;
2573 4224 2849 4296 Ἐξῆλθον.
2889 4245 2908 4278 ι
2953 4226 3017 4279 Ἦ
3047 4227 3295 4297 ἁμαρτία
3325 4223 3432 4277 τῶν
3472 4224 3569 4277 1:6-

1976 4333 2084 4371 νων
2128 4316 2225 4371 καὶ
2264 4317 2374 4370 τῶν
2419 4317 2636 4389 μόχθων
2679 4318 2832 4372 αἰτία
2885 4317 3078 4386 γέγονε
3105 4333 3120 4348 ·
3171 4318 3318 4369 ποιεῖ
3360 4316 3419 4369 δὲ
3465 4318 3566 4369 καὶ

1980 4410 2284 4482 μετάμελον
2313 4412 2390 4483 τῷ
2421 4412 2808 4485 ἁμαρτάνοντι.
2852 4411 3135 4485 Ὀδύρεται
3173 4407 3267 4467 οὖν
3290 4412 3390 4483 τὴν
3434 4427 3564 4483 τρο·

1981 4503 2088 4574 πὴν
2117 4505 2145 4557 6
2172 4502 2353 4573 λόγος.

2540 4659 2794 4716 ΚΕΦΑΛ.
2827 4657 2960 4716 KA'.

2054 4792 2074 4827 ι
2114 4775 2244 4829 Ὅτε
2288 4772 2579 4828 ἀπέστειλε
2627 4774 2764 4845 πρὸς
2811 4774 2976 4828 αὐτὸν
3016 4774 3045 4828 6
3097 4770 3358 4842 βασιλεὺς
3407 4768 3569 4827 Σεδε-

1980 4865 2123 4929 κίας.
2162 4885 2181 4917 ι
2232 4866 2292 4919 '0
2337 4864 2591 4929 Σεδεκίας
2629 4866 2981 4934 αἰχμάλωτος
3026 4862 3268 4933 γεγονὼς
3316 4862 3423 4916 ὑπὸ
3463 4860 3561 4914 τοῦ

1979 4952 2345 5019 Βαϐυλωνίου,
2384 4953 2549 5007 πάλιν
2583 4954 2674 5007 ὑπ’
2705 4953 2873 5008 αὐτοῦ
2900 4952 3217 5024 κατεστάθη
3251 4950 3575 5022 βασιλεύειν

1978 5047 2077 5117 τῆς
2114 5046 2490 5117 Ἰερουσαλὴμ,
2518 5047 2715 5116 ὅρκους
2741 5047 2892 5116 αὐτῷ
2920 5045 3173 5109 δεδωκὼς
3193 5086 3209 5113 ,
3246 5046 3322 5116 μὴ
3358 5045 3568 5113 ἀθετή-

1981 5155 2099 5192 σειν
2141 5138 2339 5193 αὐτόν·
2391 5138 2741 5210 παραϐάντος
2794 5139 2853 5193 δὲ
2897 5139 3064 5193 αὐτοῦ
3114 5138 3215 5202 τὰς
3261 5136 3565 5209 συνθήκας,

1980 5230 2144 5284 πάλιν
2169 5231 2554 5303 ἐπιστρατεύει
2578 5235 2606 5286 6
2628 5232 2992 5295 Βαϐυλώνιος.

2058 5343 2075 5377 ι
2110 5323 2220 5377 Καὶ
2248 5326 2276 5377 6
2300 5325 2761 5395 ἐμπορευόμενος.
2804 5345 2821 5375 ι
2864 5325 2950 5388 Ὡς
2982 5324 3057 5396 μὴ
3110 5324 3569 5394 ἀντιταττόμενος

1978 5416 2056 5488 τῷ
2088 5417 2218 5485 θείῳ
2244 5419 2498 5489 κρίματι,
2534 5417 2614 5488 τῷ
2650 5416 3004 5472 δικαιώσαντι
3037 5417 3424 5489 παραδοθῆναι
3463 5416 3565 5471 αύ-

1980 5510 2105 5572 τοὺς
2129 5512 2241 5571 τοῖς
2272 5506 2665 5572 Βαϐυλωνίοις.

2057 5617 2078 5651 r
2114 5601 2224 5655 Καὶ
2264 5599 2422 5653 ἔσται
2462 5601 2497 5671 ἡ
2536 5598 2708 5672 ψυχή.
2741 5619 2761 5653 ι
2812 5600 2959 5655 ’Δντὶ
2989 5601 3123 5666 τοῦ,
3156 5600 3427 5672 Κερδανεῖ
3463 5598 3564 5669 τὴν

1980 5694 2158 5764 ψυχὴν
2196 5693 2384 5749 αὐτοῦ.
2418 5713 2437 5745 ι

2060 5806 2078 5837 ι
2115 5786 2352 5856 Κρίνατε
2392 5789 2561 5860 πρωΐ.
2600 5808 2619 5842 ι
2670 5788 2744 5843 T6
2777 5790 2929 5860 πρωῒ
2954 5833 2967 5856 ,
3012 5789 3139 5844 ἀντὶ
3175 5788 3295 5857 τοῦ,
3351 5787 3560 5858 ταχέως

1987 5879 2385 5951 μετανοήσατε.
