3942 6420
249 290 355 354 673

1382 286 1851 348 FRAGMENTA
1885 290 1969 351 ΙΝ
2004 289 2423 355 JEREMIAM.

3436 301 3545 365 674

324 417 344 449 ι
384 399 498 451 Καὶ
528 396 889 467 καυθήσεται.
925 415 943 448 ι
979 396 1091 467 Τὴν
1117 394 1328 466 τροφήν
1360 412 1552 466 φησιν,
1588 393 1702 451 εἷλε
1735 398 1845 471 γὰρ

2030 418 2047 450 ι
2087 400 2153 455 Ει
2181 402 2486 458 det-orabit.
2520 422 2538 455 ι
2578 404 2912 462 Alimentuni
2944 408 3040 474 ait,
3073 409 3216 479 quod
3250 412 3411 467 etiam
3439 413 3545 469 Ba-

248 493 348 547 ttal.
379 489 559 564 αὐτὴν
590 492 619 545 ὁ
644 489 1013 553 Βαϐυλώνιος.

831 581 1084 635 ΚΕΦΑΛ.
1129 580 1261 634 KB’.

324 698 343 732 ι
376 678 493 733 Καὶ
520 673 714 742 ἐπάξω
740 676 836 729 ἐπὶ
862 675 945 731 σέ.
983 693 1001 726 ι
1048 671 1277 743 Ἐπειδὴ
1306 672 1517 744 κέδρων
1546 671 1674 742 ἑξῆς
1713 682 1850 742 μνη.

254 770 505 844 μονεύει,
543 765 833 838 σημαίνων
858 765 989 828 τοὺς
1021 766 1080 818 ὲν
1113 764 1383 834 ὑπεροχῇ,
1411 761 1729 830 ἀναγκαίως
1750 762 1850 814 καὶ

250 864 495 919 πέλεκυν
522 856 698 914 εἶπεν.

325 974 346 1008 ι
399 953 807 1027 ’ῼκοδόμησαφ
845 968 864 1002 ι
914 948 1172 1020 ’Υπερῷα
1198 948 1331 1013 νόει,
1364 946 1436 1000 τὰ
1466 945 1760 1017 ὑψώματα,
1779 947 1851 1000 τὰ

256 1046 608 1118 ὲπαιρόμενα
653 1047 799 1098 κατὰ
824 1042 928 1113 τῆς
953 1042 1211 1111 γνώσεως
1250 1039 1349 1092 τοῦ
1383 1038 1543 1094 Θεοῦ.
1583 1039 1644 1091 '0
1687 1036 1850 1107 ὑφαί-

257 1157 364 1195 νων
396 1132 517 1203 οὖν,
545 1137 740 1206 φησιν,
776 1133 957 1203 ἐαυτῷ
989 1130 1340 1203 φευδοδοξίας
1370 1131 1641 1202 δόγματα.

327 1329 348 1362 ι
386 1310 487 1382 Μὴ
522 1305 894 1379 βασιλεύσεις.
931 1324 952 1358 ι
997 1305 1319 1378 Ἐζήλωσας
1343 1344 1359 1371 ,
1395 1307 1534 1376 φησι
1556 1346 1571 1373 ,
1618 1305 1713 1359 τὸν
1746 1321 1852 1357 πα-

246 1404 389 1474 τέρα
432 1420 535 1456 σου
559 1398 761 1472 Ἀχαζ,
811 1401 910 1454 καὶ
936 1398 1285 1461 ὲσπούδασας
1332 1398 1557 1467 νικῆσαι
1593 1397 1759 1451 αὐτὸν
1794 1398 1853 1449 tv

245 1493 505 1565 ἀσεϐείᾳ..

328 1608 350 1641 ε
386 1585 590 1659 Ταφὴν
618 1586 743 1640 δνου
763 1586 1129 1656 ταφήσεται.)
1175 1583 1322 1637 ’Δντὶ
1342 1581 1461 1647 τοῦ,
1493 1582 1676 1652 Τάφος
1704 1580 1857 1659 αὐτῷ

1950 487 2204 560 bylonius
2229 495 2475 551 abstulit.

2804 534 2829 561 \

2580 588 2738 644 CAP.
2776 591 2942 646 XXII.

2018 677 2083 733 ν.
2117 679 2169 734 7.
2209 696 2227 729 ι
2265 677 2334 733 Ει
2356 678 2607 735 inducam
2632 697 2799 752 super
2827 692 2900 738 te.
2924 704 2941 735 ι
2967 683 3235 751 Quoniam
3258 689 3545 745 cetlrorum

1950 770 2006 824 in
2052 771 2408 840 sequentibus
2471 773 2740 840 meminit,
2788 776 3101 848 significans
3127 794 3222 835 eos
3272 782 3365 853 qui
3418 790 3548 837 sunt

1950 859 2007 914 in
2044 859 2308 931 dignitate
2345 863 2528 932 positi,
2564 867 2876 922 necessario
2920 876 2977 922 et
3006 870 3240 924 securim
3272 873 3543 943 adjunxit.

2019 950 2086 1006 ν.
2120 953 2207 1008 14.
2247 972 2266 1005 ι
2312 953 2640 1011 ᾹΞιΙίίὶρειειί.
2676 976 2695 1009 ι
2757 958 3049 1015 (ἷωηοουιιι
3085 962 3325 1035 intellige
3357 966 3545 1020 altitu-

1951 1044 2129 1108 dines,
2158 1060 2281 1116 qua:
2310 1057 2501 1102 contra
2531 1049 2771 1104 divinam
2792 1053 3158 1122 cognitionem
3184 1057 3541 1117 extolluntur.

1956 1135 2142 1205 Itaque
2175 1136 2275 1205 ait,
2317 1135 2421 1203 Qui
2474 1138 2577 1194 sibi
2603 1141 2709 1210 ipsi
2761 1141 2915 1199 falsa;
2969 1144 3241 1214 opinionis
3294 1147 3545 1220 dogmata

1953 1227 2107 1281 texit.

2031 1317 2091 1374 V.
2118 1318 2207 1374 15.
2244 1337 2263 1370 ι
2292 1318 2548 1391 Nunquid
2585 1322 2858 1393 regnabis.
2896 1343 2916 1376 ι
2969 1325 3278 1384 ᾹΞηιιιιιιιιιε
3308 1344 3386 1394 es,
3446 1332 3543 1399 ait,

1954 1410 2142 1465 Achaz
2174 1420 2387 1481 patrem
2429 1421 2605 1480 tuum,
2663 1428 2899 1483 eumque
2946 1416 3226 1487 impietate
3284 1436 3545 1493 superare

1954 1504 2229 1559 studuisti.

2024 1596 2088 1652 ν.
2120 1597 2208 1652 l9.
2241 1614 2261 1647 ‹
2302 1595 2569 1668 Sepulcro
2602 1599 2741 1654 asini
2788 1601 3134 1672 sepelietur.»
3160 1606 3323 1675 Quasi
3360 1608 3544 1666 dicat:

250 1658 594 1749 γενήσονται
649 1677 707 1728 ατί
736 1674 846 1729 τῶν
873 1673 1249 1746 σαρκοφάγων
1276 1671 1511 1745 ὐρνίθων
1538 1673 1635 1726 καὶ
1674 1658 1854 1725 κυνῶν

1994 1689 2284 1758 .epulcrum
2317 1688 2422 1758 ipsi
2455 1698 2619 1744 erunt
2644 1691 3051 1747 carnivororum
3083 1695 3364 1752 volucrum
3383 1710 3550 1756 etca-

250 1771 562 1843 γαστέρες’
617 1768 707 1823 ἵνα
732 1768 903 1834 εἴποι,
949 1768 1034 1822 ὅτι
1071 1768 1100 1820 ὁ
1131 1765 1304 1835 τάφος
1342 1765 1852 1837 παραῤῥιφήσεται.

2000 1794 2093 1833 um
2129 1788 2388 1845 ventres;
2419 1787 2481 1833 ut
2506 1779 2577 1834 sit
2612 1779 2821 1835 dictum
2868 1783 3014 1852 quod
3044 1785 3351 1853 sepulcrum
3377 1790 3542 1859 proji-

248 1864 402 1936 Πρὸς
460 1862 523 1919 δὲ
569 1861 833 1926 διάνοιαν,
875 1860 1057 1931 ταφὴν
1114 1858 1238 1913 δνου
1269 1857 1544 1914 θάπτεται
1578 1858 1608 1910 ὁ
1656 1857 1851 1928 ἀλογίᾳ

256 1956 447 2022 συζῶν
474 1953 574 2010 καὶ
600 1952 779 2025 ταύτῃ
813 1949 1300 2022 σοναποθνήσκων.

325 2156 348 2190 ι
375 2137 507 2190 Ὅτι
535 2131 961 2205 συνετρίϐησαν.
994 2147 1017 2182 ι
1060 2127 1330 2200 Ἐραστὰς
1350 2127 1450 2199 τῆς
1490 2125 1851 2198 Ἰερουσαλὴμ

250 2226 476 2298 νοήσεις
513 2223 614 2293 μὲν
637 2222 735 2277 καὶ
778 2221 906 2283 τοὺς
934 2217 1234 2290 δαίμονας,
1271 2219 1488 2290 νοήσεις
1506 2217 1566 2270 δὲ
1592 2216 1690 2271 καὶ
1725 2216 1852 2281 τοὺς

249 2316 760 2390 ψευδοπροφήτας,
794 2313 994 2377 οἵτινες
1019 2309 1305 2375 δοκοῦντες
1336 2309 1511 2379 αὐτῆς
1531 2311 1684 2381 ὲρᾷν,
1708 2309 1854 2380 ἡπά-

245 2427 362 2464 των
399 2409 593 2480 αὐτήν.

332 2520 353 2554 ι
399 2499 680 2570 Ἐλάλησα
714 2495 854 2568 πρὸς
891 2496 975 2552 σέ.
1010 2514 1029 2548 ι
1070 2495 1137 2551 Οἱ
1173 2493 1396 2563 ἀληθεῖς
1428 2493 1744 2566 προφῆται,
1768 2486 1851 2549 ὧν

249 2594 358 2648 οὐκ
381 2592 634 2663 ἤκουσας
662 2589 936 2658 λεγόντων
963 2605 1048 2642 σοι
1070 2587 1141 2642 τὰ
1163 2585 1234 2640 σὰ
1256 2585 1705 2658 παραπτώματα.

330 2705 350 2738 ι
385 2684 610 2747 Πάντας
648 2683 779 2746 τοὺς
821 2681 1093 2752 ποιμένας
1135 2696 1231 2733 σου
1263 2680 1525 2749 ποιμανεῖ
1566 2677 1793 2750 ἄνεμος.
1822 2696 1844 2730 ι

262 2778 424 2834 ’Δντὶ
450 2775 572 2842 τοῦ,
601 2776 681 2840 εἰς
708 2773 1152 2844 διασκορπισμὸν
1185 2772 1423 2826 ἔσονται.

328 2893 351 2926 ι
378 2865 737 2924 Κατοικοῦσα
772 2871 831 2922 ἐν
862 2865 942 2937 τῷ
965 2865 1207 2937 Λιϐάνῳ.
1241 2883 1261 2919 ι
1299 2865 1390 2919 Ἐν
1413 2867 1482 2936 τῇ
1511 2866 1582 2937 γῇ
1615 2866 1715 2937 τῆς
1748 2866 1851 2918 tn:-

368 2963 550 3018 ελίας.

368 2981 494 3018 sua.
535 3003 550 3018 .

252 2984 365 3110 ατῖ
399 2981 833 3111 Ἐνξοσσεύουσα
871 3049 931 3103 ὲν
966 3050 1090 3112 ταῖς
1136 3046 1372 3115 κέδροις.
1416 3065 1437 3100 ι
1480 3045 1847 3112 Πιστεύουσα,

255 3151 353 3204 καὶ
378 3143 813 3215 καταφεύγουσα
842 3143 957 3202 τοῖς
992 3141 1147 3211 παρὰ
1177 3140 1261 3192 σοὶ
1289 3138 1561 3201 δυνατοῖς.

331 3262 353 3295 ι
394 3239 486 3295 Ζῶ
519 3236 655 3306 ἐγὼ,
682 3235 838 3304 λέγει
857 3234 1089 3305 Κύριος.
1124 3250 1147 3284 ι
1192 3231 1321 3285 Ἐὰν
1356 3229 1528 3295 οὕτως
1563 3230 1853 3302 ὑποκρινό-

261 3351 428 3407 μενος
456 3330 762 3403 ἀπαρτήσῃ
791 3327 989 3382 ἑαυτὸν
1021 3327 1103 3389 είς
1128 3323 1466 3392 θεοσέϐειαν,
1497 3325 1592 3379 καὶ
1639 3324 1875 3393 ἀγαθὰς

260 3427 572 3501 ἐργάσηται
598 3422 855 3494 πράξεις,
882 3418 1045 3474 τοῦτο
1068 3417 1179 3489 γάρ
1211 3418 1330 3471 ἐστι
1363 3416 1427 3470 τὸ
1449 3417 1551 3472 ἐπὶ
1583 3415 1696 3486 τῆς
1737 3432 1856 3486 χει-

256 3523 366 3592 ρὸς
396 3518 510 3589 τῆς
524 3514 733 3582 δεξιᾶς
758 3532 899 3586 μου,
931 3511 1046 3582 ἐγὼ
1068 3514 1097 3565 ὁ
1131 3510 1264 3574 Θεὸς
1289 3509 1466 3578 εἰδὼς,
1497 3510 1581 3564 ὅτι
1611 3511 1705 3562 τὸν
1731 3525 1854 3563 και-

265 3615 358 3685 ρὸν
387 3609 770 3683 ὑποκρίνεται,
787 3608 848 3661 οὐ
870 3606 1132 3676 φείσομαι
1156 3602 1346 3660 αὑτοῦ.
1364 3599 1857 3674 Ἀποσςρράγισμα

260 3708 342 3771 δὲ,
404 3702 697 3758 δακτύλων
743 3699 899 3771 φησί.
955 3696 1255 3753 Δακτύλιον
1302 3695 1362 3749 δὲ
1402 3697 1462 3749 ὲν
1504 3695 1649 3767 χειρὶ¹
1695 3692 1857 3759 Θεοῦ,

262 3797 471 3870 ⁴πρᾶξις
496 3793 678 3865 ἀγαθὴ
707 3792 898 3848 κακῶν
933 3790 1229 3862 ἀμέτοχος.
1261 3789 1332 3842 Ἢ
1366 3786 1460 3841 καὶ⁴
1489 3786 1680 3849 οὕτως’
1730 3785 1860 3839 Ἐὰν

261 3890 342 3952 εἰς
388 3887 484 3940 τδν
536 3884 770 3958 οὐρανὸν
828 3881 1008 3953 ἁναὸῇ
1059 3880 1309 3950 φεύγων,
1359 3879 1497 3949 ὅπερ
1548 3876 1855 3947 ἀμήχανον,

263 3977 484 4032 ἐκεῖθεν
546 3974 713 4031 αὐτὸν
778 3972 1067 4037 ὲκσπάσας
1131 3969 1448 4043 παραδώσω
1503 3971 1620 4033 τοῖς
1693 3967 1857 4021 πολε-

328 4086 440 4133 οις.

267 4070 501 4232 μὶῗιῖἧ,
529 4161 624 4232 γῆ.
642 4159 878 4215 ἄκουσον
903 4176 923 4211 ι
943 4157 1055 4230 Τὴν
1075 4156 1178 4229 γῆν
1197 4154 1647 4230 μαρτύρεται,ὲφ’
1674 4156 1740 4227 ἣν
1764 4155 1861 4219 τὰς

264 4256 484 4319 ἀδικίας
518 4256 776 4309 ἐποιεῖτο.

857 4360 1114 4416 ΚΕΦΔΛ.
1149 4359 1280 4414 KI".

339 4479 363 4514 ι
400 4460 518 4515 Καὶ
532 4457 797 4525 ἐξώσατε.
834 4474 854 4509 ι
893 4456 993 4508 Ἐκ
1042 4457 1142 4527 τῆς
1174 4450 1464 4516 θεοσεϐοῦς
1490 4450 1786 4515 πολιτείας.

342 4654 368 4688 ι
409 4633 524 4689 Καὶ
550 4632 905 4704 καταστήσω.
951 4649 971 4683 ι
1006 4630 1102 4694 Et;
1160 4628 1222 4683 τὸ
1269 4626 1436 4683 πάλιν
1474 4627 1543 4682 τὰ
1582 4627 1704 4681 θεῖα
1741 4626 1869 4698 δρέ-

267 4724 475 4780 πεσθαι
505 4722 777 4795 δόγματα.

340 4843 366 4872 ι
402 4817 526 4873 Καὶ
568 4818 885 4889 ἀναστήσω.
938 4833 959 4867 ›
1005 4814 1146 4878 Τοὺς
1206 4810 1315 4866 τῶν
1364 4809 1680 4883 ἐκκλησιῶν
1735 4826 1872 4881 προ-

397 4930 483 4975 υς.

267 4914 561 5060 “ﬂavom;
605 5000 1032 5074 πτοηθήσονται.
1073 5016 1093 5051 ι
1134 4995 1406 5067 ,Ἰουδαῖοι
1474 4995 1629 5050 οὐδὲν
1688 4996 1873 5067 ἔχουσι

272 5098 417 5171 πρὸς
474 5094 642 5149 τοῦτο
687 5092 889 5162 λέγειν.
942 5088 1100 5145 Μετὰ
1136 5086 1248 5159 γὰρ
1287 5086 1387 5159 τὴν
1435 5087 1502 5141 ἐκ
1551 5085 1875 5151 Βαϐυλῶνος

271 5188 541 5245 ἐπάνοδον
595 5185 822 5248 τελείως
867 5183 970 5253 τῆς
1021 5181 1126 5252 γῆς
1173 5179 1513 5252 μετανάσται
1559 5179 1871 5248 γεγόνασιν.

282 5279 619 5351 ’Δμφίῦολος
672 5272 1098 5350 [ἀναμφίδολος]
1168 5272 1263 5328 οὖν
1305 5271 1445 5345 αὕτη
1486 5273 1520 5341 ὴ
1567 5272 1875 5345 προφητεία

271 5375 409 5448 περὶ
433 5372 704 5445 Χριστοῦ.

351 5491 373 5524 ι
437 5472 575 5527 Ἰδοὺ
638 5469 849 5543 ἡμέραι
905 5467 1238 5538 ἔρχονταιπι
1306 5463 1411 5518 Τὸν
1460 5461 1668 5536 Κύριον
1716 5461 1875 5534 ἡμῶν

284 5565 502 5641 Ἰησοῦν
537 5564 812 5636 Χριστὸν,
847 5560 938 5614 τὸν
974 5558 1086 5632 πρὸ
1115 5556 1332 5613 αἰώνων
1378 5559 1444 5610 ὲκ
1496 5556 1591 5610 τοῦ
1635 5556 1873 5630 Πατρδς,

275 5660 376 5716 καὶ
409 5662 475 5714 ὲκ
507 5657 678 5713 Δαδὶδ
704 5654 851 5712 κατὰ
882 5654 1084 5724 σάρκα.

355 5769 381 5806 ι
426 5749 519 5805 Ἐν
540 5751 660 5814 ταῖς
689 5745 999 5819 ἡμέραις...
1046 5741 1375 5812 σωθήσεται.
1392 5758 1410 5791 ι
1433 5738 1657 5807 Ἰούδας,
1681 5738 1709 5792 ὁ
1733 5739 1877 5795 κατὰ

1962 1870 2260 1928 cietur.Ad
2310 1885 2536 1926 sensum
2591 1886 2724 1928 vero
2778 1870 3089 1945 mysticum,
3122 1877 3374 1947 sepulcro
3409 1881 3548 1938 asini

1959 1964 2243 2036 sepelitur,
2267 1965 2359 2035 qui
2388 1965 2509 2021 sine
2537 1966 2751 2023 ratione
2782 1968 2935 2035 vivit,
2964 1978 3019 2025 et
3039 1970 3159 2027 sine
3187 1974 3397 2030 ratione
3428 1991 3547 2031 mo-

1958 2058 2119 2113 ritur.

2031 2151 2094 2207 ν,
2132 2151 2224 2207 ΞΟ.
2263 2169 2282 2205 ι
2318 2150 2456 2219 Quia
2496 2153 2715 2209 contriti
2746 2162 2895 2210 sunt.
2954 2174 2973 2208 ι
3015 2155 3300 2215 Amatores
3323 2159 3547 2218 Jerusa-

1958 2244 2063 2298 lem
2097 2244 2366 2316 intelliges
2386 2254 2440 2299 et
2470 2245 2768 2313 daemones,
2807 2256 2862 2302 et
2893 2248 3418 2322 pseudoprophetas,
3447 2255 3546 2326 qui

1960 2350 2086 2390 cum
2110 2350 2233 2390 eam
2265 2335 2585 2391 viderentur
2605 2352 2809 2403 amare,
2837 2338 3200 2408 decipiebant.

2027 2510 2212 2568 v.21.
2250 2532 2271 2565 ί
2310 2512 2551 2568 Locutus
2575 2527 2695 2568 sum
2726 2516 2795 2568 ad
2820 2523 2890 2570 te.
2943 2533 2961 2568 ι
2998 2516 3232 2575 Veraces
3261 2521 3545 2593 prophetae.

1956 2618 2096 2674 quos
2123 2619 2233 2658 non
2264 2605 2462 2659 audisti
2487 2605 2806 2660 nuntiantes
2838 2607 2933 2660 tibi
2964 2608 3183 2665 delicta.

2033 2711 2052 2747 ι
2086 2693 2292 2750 Omnes
2328 2706 2579 2766 pastores
2621 2707 2744 2751 tuos
2777 2707 2967 2767 pascet
2995 2713 3215 2758 ventus.
3247 2721 3264 2751 ι
3300 2702 3411 2761 ﬂoc
3460 2714 3546 2763 est

1957 2786 2364 2859 dispergentur.

2029 2880 2096 2935 ν.
2130 2880 2224 2937 25.
2270 2903 2287 2933 ι
2317 2880 2453 2948 Quae
2479 2880 2693 2937 habitas
2710 2882 2767 2936 in
2802 2881 3031 2940 Libano.
3072 2904 3091 2938 ι
3147 2886 3209 2942 in
3244 2898 3386 2945 terra
3416 2905 3544 2962 pro-

1959 2986 2253 3027 mtssnoms.

2034 3079 2055 3114 ι
2085 3061 2218 3128 Quae
2250 3061 2502 3119 nidiﬁcns
2545 3062 2603 3117 in
2655 3065 2853 3120 cedris.
2892 3085 2914 3119 ι
2953 3066 3177 3137 Fidens,
3236 3080 3292 3126 et
3338 3071 3406 3127 ad
3451 3088 3546 3131 eos

1960 3154 2303 3226 confugiens,
2325 3170 2463 3225 quos
2498 3164 2753 3227 potentes
2782 3158 3086 3215 arbitraris.

2031 3248 2104 3304 ν.
2139 3249 2230 3303 24.
2265 3266 2285 3300 ι
2318 3248 2459 3304 Vivo
2481 3265 2603 3320 ego,
2637 3250 2767 3306 dicit
2794 3252 3080 3309 Dominus.
3128 3273 3145 3307 ι
3197 3255 3252 3309 Si
3276 3255 3349 3312 ita
3384 3258 3550 3315 dissi-

1962 3341 2181 3397 mulans
2210 3342 2275 3397 ad
2314 3342 2577 3414 pietatem
2609 3360 2732 3401 sese
2771 3360 3087 3418 componat,
3118 3364 3175 3405 et
3226 3351 3390 3406 bonis
3421 3370 3554 3424 ope-

1961 3432 2115 3488 ribus
2141 3446 2202 3489 se
2223 3443 2492 3501 exerceat,
2521 3436 2626 3491 hoc
2655 3452 2897 3508 namque
2930 3449 3033 3506 est,
3060 3441 3117 3494 in
3143 3457 3305 3496 manu
3334 3444 3552 3502 dextera

1964 3538 2103 3587 mea,
2138 3537 2240 3594 ego
2269 3522 2437 3591 Deus,
2480 3527 2664 3583 sciens
2692 3529 2844 3584 illum
2901 3530 2969 3585 ad
3025 3541 3243 3602 tempus
3289 3534 3553 3593 dissimu-

1964 3615 2099 3682 lare,
2130 3632 2237 3671 non
2265 3632 2486 3688 parcam
2519 3619 2617 3674 illi.
2650 3620 3064 3692 Obsignarulum
3122 3642 3253 3682 vero
3288 3629 3555 3685 annulum

1964 3716 2160 3763 vocat:
2194 3709 2434 3766 annulus
2491 3726 2625 3767 vero
2652 3713 2707 3768 in
2768 3729 2934 3769 manu
2963 3715 3081 3783 Dei,
3128 3719 3272 3775 actio
3327 3720 3469 3776 bona
3523 3737 3555 3775 a

1964 3801 2110 3856 malo
2135 3801 2415 3858 immunis.
2448 3803 2547 3858 Vel
2576 3806 2655 3860 sic
2680 3824 2694 3862 :
2724 3806 2779 3861 Si
2808 3806 2865 3862 in
2898 3809 3097 3865 coelum
3124 3810 3338 3883 fugiens
3363 3830 3557 3871 ascen-

1965 3892 2129 3959 derit,
2159 3897 2304 3966 quod
2336 3896 2454 3952 fieri
2484 3912 2596 3953 non
2616 3906 2821 3969 potest,
2854 3900 2982 3955 inde
3004 3900 3156 3956 illum
3189 3904 3432 3960 avellens
3451 3905 3558 3962 hoc

1965 3986 2141 4044 stibus
2182 3988 2414 4045 tradam.

2039 4162 2105 4223 ν.
2138 4166 2229 4221 29.
2262 4185 2281 4217 ί
2322 4165 2518 4230 Terra,
2543 4175 2711 4230 terra,
2744 4167 2891 4222 andi.
2923 4188 2942 4222 δ
2972 4166 3199 4225 Terram
3238 4168 3555 4231 invocatte-

1914 4242 1919 4247 ’
1969 4264 2132 4325 stem,
2163 4258 2218 4312 in
2252 4273 2358 4328 qua
2379 4258 2591 4313 scelera
2619 4259 2900 4328 patrabat.

2584 4370 2736 4427 CAP.
2768 4371 2960 4429 XXIII.

1893 4482 1940 4537 ι)
2038 4462 2106 4519 ν.
2132 4471 2186 4517 ‘2.
2213 4480 2231 4513 ι
2263 4464 2368 4520 Vos
2393 4464 2706 4536 expulistis.
2742 4483 2761 4517 ι
2812 4462 2890 4519 Ex
2917 4481 2980 4521 ea
3020 4466 3142 4522 vitae
3179 4468 3411 4535 ratione,
3452 4486 3561 4540 qua

1975 4558 2122 4612 Deus
2148 4556 2363 4612 colitur.

2046 4647 2111 4702 ν.
2147 4650 2201 4703 5.
2234 4662 2254 4696 ι
2294 4649 2738 4705 Eteonstituam.
2780 4670 2799 4703 ι
2839 4649 2911 4707 Ut
2934 4654 3131 4707 iterum
3160 4650 3343 4706 divina
3369 4654 3561 4710 decer-

1974 4749 2109 4812 pant
2134 4740 2403 4810 dogmata.

2045 4833 2112 4889 ν.
2146 4833 2201 4888 4.
2242 4831 2349 4886 ιΕι
2371 4824 2669 4889 suscitabo.
2705 4850 2725 4885 ›
2762 4834 3135 4893 Ecclesiarum
3164 4838 3456 4909 praesides.

2052 5028 2073 5063 ι
2127 5009 2194 5065 Et
2223 5023 2335 5065 non
2362 5007 2738 5066 formidabunt
2766 5011 2929 5067 ultra.
2967 5030 2986 5064 ι
3045 5012 3194 5069 Nihil
3219 5016 3287 5071 ad
3327 5015 3446 5073 hate
3471 5031 3563 5073 re-

1978 5100 2248 5171 spondere
2281 5108 2514 5173 possunt
2559 5099 2754 5156 Judaei.
2828 5101 2965 5157 Nam
3014 5118 3140 5174 post
3190 5122 3501 5178 regressum
3529 5124 3563 5164 e

1977 5192 2251 5265 Babylone
2282 5192 2508 5249 omnino
2542 5200 2686 5248 terra
2719 5192 2862 5265 pulsi
2901 5203 3051 5251 sunt.
3109 5196 3425 5256 Certissime
3461 5200 3562 5272 igi-

1978 5296 2067 5344 tur
2097 5287 2202 5342 hoc
2223 5286 2538 5343 vaticinium
2558 5285 2625 5341 de
2658 5283 2881 5341 Christo
2912 5285 3138 5358 intelligi
3164 5282 3348 5345 debet.

2046 5466 2114 5522 ν.
2145 5466 2197 5523 5.
2240 5486 2259 5521 ‹
2299 5468 2441 5525 Ecce
2479 5468 2599 5525 dies
2634 5469 2873 5526 venient.
2913 5489 2932 5523 ι
2979 5469 3275 5528 Dominum
3308 5480 3562 5530 nostrum

1977 5556 2165 5615 Jesum
2194 5559 2493 5629 Christum,
2524 5561 2615 5633 qui
2646 5578 2714 5617 ex
2771 5563 2931 5618 Patre
2960 5572 3044 5618 est
3071 5573 3199 5619 ante
3228 5564 3450 5632 saecula,
3509 5576 3565 5623 et

1978 5668 2043 5711 ex
2068 5652 2238 5710 David
2267 5654 2569 5711 secundum
2600 5669 2822 5711 carnem
2846 5662 3009 5711 natus
3034 5665 3139 5711 est.

2049 5742 2117 5798 Ὗ.
2146 5742 2233 5800 6.(
2261 5745 2322 5800 ln
2353 5744 2548 5803 diebus
2574 5743 2764 5817 ejus...
2794 5756 2848 5801 et
2876 5746 3190 5803 salvabitur.
3216 5765 3234 5800 ι
3268 5744 3561 5819 Judas,qu‘
