3942 6428
354 245 462 310 675

1437 243 1960 307 OLYMPIODORI
2003 243 2535 304 ALEXANDRINI

3528 244 3637 307 676

354 355 414 409 in
436 354 746 409 abscondito
769 351 986 408 ludum:
1020 351 1102 419 ";
1143 351 1234 422 qui
1268 351 1321 407 in
1356 352 1549 422 spiritu
1596 353 1792 422 recipit
1836 354 1944 407 cir-

2071 354 2108 405 τὸ
2144 353 2388 425 κρυπτδν
2431 351 2683 416 Ἰουδαῖος
2706 367 2718 382 ·
2757 352 2784 404 ὁ
2816 350 2916 423 τήν
2945 350 3003 403 ἐν
3028 351 3303 424 πνεύματι
3339 353 3638 423 λαμῆάνων

357 445 773 501 cumcisionem.
806 442 974 498 Israel
1000 443 1319 513 spiritualis,
1344 443 1439 512 qui
1492 459 1592 513 per
1656 442 1940 499 Christum

356 544 600 592 mentem
625 535 855 605 adeptus
884 542 987 593 est.
1012 549 1118 602 qua
1150 532 1291 587 Deus
1316 533 1549 588 videtur.

434 643 453 676 ι
486 622 742 679 Josedec.
781 641 800 674 ι
861 622 1094 676 Joscdec
1139 623 1548 691 interpretatur,
1608 622 1708 677 Joa
1741 622 1939 691 justus,

358 719 465 775 hoc
492 726 575 772 est
598 715 813 786 justitia
853 726 1073 780 nostra;
1108 715 1192 769 vel
1215 714 1335 779 Jao,
1365 715 1455 784 qui
1485 725 1590 777 est,
1633 724 1689 770 et
1728 715 1945 770 futurus

358 825 463 881 est,
483 811 733 876 Josedec,
764 819 823 865 et
841 818 1065 881 propter
1088 810 1339 865 eamdem
1363 810 1785 880 appellationem
1813 809 1942 864 Jcsu

359 903 453 958 filii
484 903 733 966 Josedec.
760 903 853 972 qui
888 904 997 958 dux
1026 902 1127 956 fuit
1155 902 1391 956 ﬁlioium
1442 902 1492 954 Is
1525 902 1632 963 ael.
1660 917 1689 955 e
1712 901 1945 970 captivi-

359 1003 469 1049 tate
502 996 869 1050 redeuntium.
922 992 1078 1064 Smpe
1108 994 1251 1049 enim
1289 992 1567 1064 Scriptura
1599 1001 1655 1047 et
1679 1008 1744 1048 ex
1765 992 1945 1047 nomi-

359 1087 525 1143 nibus
553 1088 762 1157 judicat
791 1102 897 1152 res,
935 1096 995 1141 ut
1023 1086 1207 1141 videre
1247 1094 1330 1141 est
1359 1086 1409 1139 in
1449 1084 1830 1150 Melchisedee,
1853 1084 1944 1154 qui

360 1197 456 1234 rex
484 1180 632 1249 pacis
657 1179 1071 1250 interpretatur.
1105 1178 1253 1233 Inter
1286 1178 1589 1247 prophetas,
1636 1177 1854 1246 quando
1893 1184 1948 1231 et

360 1272 649 1343 prophetae
687 1271 1114 1342 appellationem
1157 1286 1264 1325 non
1307 1270 1634 1340 dedignatus
1667 1278 1768 1325 est.
1805 1268 1948 1323 sicut

359 1342 538 1419 factus
565 1372 650 1419 est
684 1364 851 1418 homo
875 1363 1046 1418 Filius
1075 1362 1192 1428 Dei,
1222 1363 1616 1432 prophetarum
1653 1342 1943 1424 “Dominus,

356 1456 512 1528 juxta
542 1456 741 1527 Moysis
777 1455 1100 1510 vaticinium
1128 1454 1363 1509 dicentis
1396 1472 1409 1507 :
1438 1454 1761 1523 Prop/letam
1804 1456 1946 1509 vobis

360 1547 640 1602 suscitabit
706 1544 965 1600 Dominus
998 1545 1138 1600 Deus
1183 1555 1354 1600 vester
1385 1561 1448 1600 ex
1473 1547 1731 1616 fratribus
1762 1547 1946 1600 vestris

360 1640 495 1694 sicut
524 1653 629 1704 me;
660 1637 713 1692 in
741 1635 985 1692 omnibus
1018 1638 1189 1708 ipsum
1213 1636 1442 1691 audietis
1465 1636 1528 1692 ¹⁶.

432 1827 500 1885 ν.
532 1830 586 1887 9.
629 1849 649 1883 ι
682 1828 991 1886 Contritum
1018 1837 1102 1884 est
1124 1844 1218 1885 cor
1271 1844 1476 1885 meum.
1511 1847 1531 1881 ι
1567 1828 1798 1900 Expavit
1824 1845 1951 1901 pro-

362 1920 533 1993 pheta
555 1920 611 1974 in
645 1921 938 1992 aenigmate
957 1918 1162 1975 Christi
1229 1921 1549 1992 mysterium
1608 1922 1951 1993 contempla-

367 2020 476 2066 tus.

442 2098 508 2155 ν.
536 2101 622 2155 10.
655 2118 674 2152 ι
704 2098 842 2165 Quia
891 2113 920 2153 a
962 2098 1123 2155 facie.
1155 2118 1174 2152 ι
1230 2101 1840 2174 Pseudoprophetarum
1897 2114 1952 2159 et

365 2193 981 2264 pseudouiagistrorum.

447 2303 467 2338 ι
499 2285 749 2339 Arefacta
774 2294 921 2340 sunt.
962 2303 980 2336 ›
1006 2284 1405 2355 Institutiones,
1436 2287 1638 2357 quibus
1666 2289 1948 2345 rationalia

364 2376 688 2433 nutriuntur
722 2375 903 2430 ovilia.

441 2489 461 2522 ς
497 2469 562 2526 Et
588 2467 913 2524 fortitudine
943 2483 1190 2524 eorum.»
1226 2468 1343 2526 Non
1373 2481 1603 2539 tantum,
1635 2472 1825 2543 inquit,
1851 2487 1947 2527 va-

364 2561 587 2620 luerunt
620 2570 884 2635 quantum
940 2561 1335 2618 deliberaruut.
1361 2563 1629 2622 Volebam.
1680 2565 1850 2630 enim,
1904 2564 1946 2619 si

365 2654 693 2726 potuissent,
737 2664 794 2719 et
818 2656 1013 2726 pejora
1040 2651 1239 2707 facere.

442 2743 504 2797 V.
543 2744 630 2799 11.
663 2764 681 2797 ι
721 2745 791 2800 Ει
821 2746 878 2801 in
909 2747 1074 2803 domo
1118 2760 1261 2800 mea.
1301 2764 1319 2798 ι
1350 2746 1484 2801 Nam
1520 2746 1573 2802 in
1605 2746 1700 2803 Dei
1748 2747 1949 2819 templo

368 2835 509 2892 idola
535 2837 953 2905 collocaverant,
990 2840 1149 2895 sicuti
1173 2844 1227 2896 et
1257 2837 1507 2894 Ezechiel
1534 2839 1741 2895 viderat
1774 2840 1838 2894 ν’.

437 2922 503 2981 ν.
537 2927 625 2981 12.
665 2926 920 2983 «Idcirco
959 2928 1045 2983 via
1082 2930 1296 2986 illorum
1348 2927 1461 2982 fiat.
1500 2949 1521 2981 ι
1552 2929 1781 2997 Quando
1826 2945 1949 2987 sese

2046 445 2380 517 περιτομὴν,
2438 443 2657 514 Ἰσραὴλ
2694 446 2723 498 6
2765 443 3173 514 πνευματικὸς,
3209 445 3238 498 6
3265 444 3355 498 διὰ
3397 446 3639 518 Χριστὸν
3700 508 3723 515 __

2044 536 2171 591 νοῦν
2200 538 2547 607 κτησάμενος
2568 536 2783 607 ὁρῶντα
2811 535 2966 591 Θεόν.

2122 646 2141 678 ι
2176 626 2443 680 Ἰωσεδὲκ.
2476 645 2494 677 ι
2537 625 2784 680 Ἰωσεδὲκ
2815 626 3206 699 ἑρμηνεύεται,
3241 625 3361 681 Ἱωὰ
3382 626 3638 697 δίκαιος,

2042 719 2292 772 τουτέστι
2319 716 2636 789 δικαιοσύνη
2669 717 2848 788 ήμῶν·
2885 718 3093 789 ἢἸωὰ,
3125 717 3201 772 ὢν
3232 720 3327 773 καὶ
3353 720 3636 791 ἐσόμενος,

2059 810 2307 865 Ἰωσεδὲκ
2329 829 2344 843 ·
2377 812 2471 865 καὶ
2511 811 2601 864 διὰ
2629 811 2728 883 τὴν
2763 811 3087 882 ὁμωνυμίαν
3137 811 3258 865 υἱοῦ
3312 811 3409 865 τοῦ
3455 813 3637 868 Ἰωσε-

2045 903 2161 969 δὲκ,
2187 904 2280 958 τοῦ
2316 904 2675 976 ἡγησαμένου
2700 904 2807 957 τῶν
2831 903 2964 957 υἱῶν
2994 902 3215 976 Ἰσραὴλ
3244 905 3352 958 ἀπὸ
3384 906 3484 974 τῆς
3518 909 3643 978 αίχ-

2051 996 2354 1067 μαλωσίας.
2401 996 2671 1060 Πολλάκις
2703 996 2814 1067 γὰρ
2849 997 2884 1066 ἡ
2921 996 3118 1067 Γραφὴ
3157 999 3252 1050 καὶ
3296 998 3404 1051 ἀπὸ
3436 1000 3644 1069 ὀνομά-

2045 1104 2157 1140 των
2201 1088 2269 1141 τὰ
2300 1088 2604 1159 πράγματα
2647 1086 2861 1157 κρίνει·
2893 1085 2970 1151 ὼς
3010 1086 3108 1140 επὶ
3149 1083 3244 1140 τοῦ
3277 1086 3638 1159 Μελχισεδὲκ,

2047 1180 2105 1244 ὃς
2140 1179 2510 1250 ἑρμηνεύεται
2546 1178 2855 1244 ,βασιλεὺς
2899 1178 3166 1247 sip-12mg.
3209 1178 3306 1234 Ἐν
3341 1180 3468 1247 τοῖς
3493 1194 3641 1250 προ-

2047 1269 2266 1339 φήταις
2290 1268 2478 1340 ἐπειδὴ
2507 1269 2600 1322 καὶ
2627 1268 2918 1343 προφήτης
2944 1268 3149 1339 ἠξίωσε
3176 1269 3464 1342 κληθῆναι,
3500 1272 3642 1326 καθὸ

2048 1366 2277 1435 γέγονεν
2310 1365 2626 1432 ἄνθρωπος,
2655 1366 2684 1419 6
2725 1363 2822 1418 τοῦ
2851 1363 2987 1417 Θεοῦ
3031 1365 3181 1428 Υίὸς,
3216 1366 3245 1418 6
3277 1365 3388 1419 τῶν
3422 1382 3646 1438 προφη-

2048 1457 2156 1511 τῶν
2204 1457 2488 1528 Δεσπότης
2509 1498 2526 1523 ,
2576 1454 2719 1511 κατὰ
2750 1455 2845 1510 τὸν
2875 1454 2966 1509 διὰ
2996 1455 3241 1519 Μωσέως
3272 1457 3520 1527 χρησμὸν
3544 1457 3647 1533 Mf

2048 1566 2217 1620 γοντα
2239 1589 2254 1615 ,
2334 1548 2664 1619 Προφήτην
2737 1546 2882 1618 ὑμῖν
2941 1546 3285 1615 ἀναστήσει
3336 1549 3553 1618 Κύριος
3607 1552 3646 1605 ό

2052 1644 2200 1710 Θεὸς
2231 1642 2404 1713 ὑμῶν
2438 1642 2520 1708 ὡς
2567 1641 2674 1711 ἐμέ
2700 1657 2716 1672 ·
2765 1640 2921 1698 κατὰ
2967 1626 3168 1697 {circa
3215 1640 3404 1696 αὑτοῦ
3455 1641 3648 1697 ἀκού-

2051 1739 2260 1791 σεσθε.

2131 1847 2151 1880 ι
2196 1827 2499 1900 Συνετρίὸη
2526 1828 2562 1899 ή
2595 1826 2795 1899 καρδία
2828 1842 2953 1898 μου.
2993 1825 3308 1898 »Ἐπτοήθη
3351 1826 3381 1879 ὁ
3426 1826 3649 1898 προφή-

2051 1937 2175 1991 της,
2201 1920 2260 1972 ὲν
2285 1892 2571 1990 divique-rel
2598 1918 2660 1974 τδ
2677 1892 3091 1991 κατὰᾟριστδν
3114 1892 3398 1992 θεωίνθξης
3434 1892 3646 1991 “Lai-3'

2053 2029 2189 2084 ριον.

2129 2122 2148 2155 ι
2187 2103 2312 2157 Ὀτι
2349 2102 2458 2156 ἀπὸ
2489 2100 2813 2174 προσώπου.
2854 2121 2874 2155 ι
2903 2102 3027 2158 Τῶν
3048 2101 3512 2175 ψευδοπροφητῶν
3539 2104 3643 2159 καὶ

2050 2194 2581 2266 ψευδοδιδασκάλων.

2129 2307 2150 2340 ι
2204 2287 2642 2360 Ἐξηρὰνθησαν.
2680 2305 2699 2339 ι
2741 2286 2810 2340 At
2843 2283 3204 2352 διδασκαλίαι,
3237 2286 3307 2340 δι’
3346 2279 3422 2341 ὧν
3458 2287 3528 2341 τὰ
3551 2286 3647 2342 λο-

2050 2380 2185 2452 γικὰ
2215 2381 2510 2452 τρέφονται
2541 2379 2791 2451 ποίμνια.

2130 2491 2150 2525 ι
2191 2474 2302 2527 Καὶ
2359 2473 2392 2543 ή
2447 2473 2599 2543 ἰσχὺς
2666 2470 2866 2526 αὐτῶν.
2907 2487 2927 2523 ι
2974 2469 3049 2524 Οὐ
3108 2468 3396 2537 τοσοῦτον,
3448 2469 3644 2542 φησιν,

2052 2564 2282 2635 ἴσχυσαν
2301 2603 2317 2628 ,
2354 2562 2478 2616 ὅσον
2509 2563 2607 2615 xui.
2643 2560 3057 2615 ἐδουλώσαντο.
3104 2560 3419 2615 Ἐϐούλοντο
3446 2561 3555 2632 γὰρ
3587 2565 3642 2615 εἰ

2049 2656 2314 2727 ἠδύναντο
2346 2656 2442 2709 καὶ
2476 2655 2697 2726 χείρονα
2728 2656 2927 2709 ποιεῖν.

2128 2766 2146 2800 ι
2191 2748 2300 2801 Καὶ
2334 2748 2391 2800 ὲν
2430 2746 2510 2817 τῷ
2538 2746 2675 2817 οἴκῳ
2713 2762 2837 2816 μου.
2892 2764 2911 2797 ι
2957 2746 3048 2798 Ἐν
3094 2748 3205 2815 γὰρ
3250 2743 3325 2814 τῷ
3360 2744 3491 2816 θείῳ
3520 2743 3641 2815 ναῷ

2049 2840 2242 2895 είδωλα
2270 2838 2560 2904 ἀπέθεντο,
2593 2838 2668 2901 ὡς
2698 2838 2796 2891 καὶ
2839 2836 3103 2909 Ἱεζεκιὴλ
3141 2833 3471 2907 ἐθεώρησεν.

2127 2953 2147 2986 ι
2190 2935 2294 2988 Διὰ
2325 2932 2486 2985 τοῦτο
2531 2929 2778 2999 γενέσθω
2830 2931 2862 3000 ή
2910 2929 3027 2993 ὁδὸς
3091 2929 3293 2984 αὐτῶν.
3351 2948 3371 2982 ι
3415 2927 3643 3001 Ἐπειδὴ

365 3028 519 3077 extra
550 3020 729 3076 lucem
780 3028 1115 3090 statuerunt,
1166 3024 1224 3079 in
1287 3023 1529 3081 tenebris
1585 3023 1744 3081 ibunt
1761 3033 1818 3082 et
1853 3041 1944 3083 ea-

2071 3026 2145 3081 :oi5
2177 3026 2357 3096 φωτὸς
2391 3023 2498 3088 ἔξω
2558 3021 2785 3085 ἑαυτιῦς
2815 3020 3182 3091 κατέστησαν,
3216 3021 3274 3074 ὲν
3307 3020 3499 3091 σκοτίᾳ
3541 3021 3642 3072 καὶ

364 3112 553 3184 ligine.

435 3200 503 3257 V.
534 3201 621 3258 16.
642 3222 660 3255 ‹
678 3201 819 3269 Quia
850 3217 1043 3258 vanam
1071 3202 1281 3258 faciunt
1306 3204 1462 3261 vobis
1489 3209 1807 3263 visionem.»
1831 3208 1947 3264 lna-

363 3307 463 3348 nes
478 3302 531 3349 et
554 3294 919 3350 daemoniacas
936 3297 1177 3352 visiones
1191 3306 1446 3368 tanquam
1464 3315 1620 3355 veras
1636 3284 1943 3371 proferunt.

436 3383 501 3440 V.
530 3384 610 3439 t8.
652 3407 669 3437 (
700 3386 966 3452 Quoniam
992 3387 1114 3457 quis
1144 3389 1295 3443 stetit
1317 3389 1373 3443 in
1392 3391 1738 3448 substantia?
1767 3412 1787 3445 ι
1824 3393 1946 3448 Non

363 3483 597 3541 tantum,
626 3478 723 3544 ait,
746 3478 876 3533 falsa
904 3480 1323 3548 prophetabant,
1348 3482 1442 3537 sed
1469 3491 1526 3537 et
1547 3485 1691 3539 veris
1708 3487 1947 3556 prophe-

366 3563 437 3619 tis
465 3561 713 3620 falsitatis
743 3575 927 3620 notam
985 3567 1268 3623 inurentes
1320 3570 1615 3626 dicebant:
1669 3573 1945 3630 Mentiun-

366 3662 473 3709 tur.
503 3652 636 3720 Quis
659 3655 807 3710 enim
841 3658 1071 3713 accessit
1093 3660 1161 3715 ad
1190 3660 1385 3730 Deum,
1412 3672 1471 3718 ut
1512 3678 1797 3722 sermones
1824 3668 1945 3740 ejus

363 3745 579 3801 audiret
595 3746 618 3799 ?

434 3836 498 3893 V.
527 3839 614 3895 19.
660 3857 679 3891 ι
707 3840 776 3895 Et
797 3840 974 3898 donec
1012 3846 1264 3901 statuerit
1293 3846 1425 3903 illud
1443 3848 1511 3902 ab
1540 3852 1938 3922 aggressione.»

363 3920 569 3991 Donec,
595 3926 690 3993 ait,
723 3930 866 3998 quod
895 3946 1181 4003 aggressus
1216 3946 1297 3992 est
1331 3920 1628 3995 consilium
1652 3942 1816 4011 Deus,
1842 3944 1946 4001 hoc

363 4021 467 4078 est,
493 4017 637 4085 quod
663 4019 834 4075 voluit
860 4037 919 4075 re
936 4022 1048 4092 ipsa
1067 4037 1312 4095 prmstet.

433 4105 500 4161 ν.
533 4107 624 4165 22.
662 4127 681 4161 ι
720 4110 875 4178 Quod
910 4116 956 4168 si
1016 4119 1300 4174 stetissent
1319 4121 1372 4175 in
1402 4124 1708 4181 substantia
1741 4143 1880 4183 mea.
1922 4147 1941 4180 ι

361 4194 468 4253 Pro
491 4214 558 4255 eo
589 4203 735 4272 quod
772 4213 859 4259 est
887 4221 900 4257 :
933 4206 988 4261 Si
1014 4210 1478 4281 propinquassent
1501 4216 1655 4270 mihi.
1690 4217 1787 4274 Vel
1815 4221 1897 4275 sic
1929 4238 1944 4276 :

364 4289 423 4345 Si
452 4307 566 4346 rem
602 4296 948 4366 prophetiam
985 4315 1071 4355 me
1089 4304 1451 4372 accepissent,
1472 4307 1576 4362 hoc
1604 4318 1707 4376 est,
1726 4311 1770 4365 si
1800 4326 1831 4366 a
1856 4327 1944 4368 me

1992 3176 1993 3179 η
2050 3123 2232 3193 γνόφῳ
2264 3117 2608 3188 πορεύονται.

2123 3229 2143 3263 ι
2183 3208 2308 3265 Ὀτι
2335 3208 2657 3279 ματαιοῦσιν
2702 3206 2899 3263 ἑαυτοῦ
2934 3207 3163 3279 ὅρασιν;
3192 3225 3213 3259 ι
3255 3206 3367 3271 Τὰς
3398 3203 3639 3279 ματαίας

2048 3307 2144 3362 καὶ⁴
2176 3304 2505 3377 δαιμονικὰς
2523 3303 2749 3376 ὁράσεις
2772 3303 2847 3366 ὡς
2877 3301 3100 3372 ἀληθεῖς
3131 3300 3522 3371 προσφέρουσι.

2124 3419 2143 3451 ι
2180 3399 2301 3452 ’Ότι
2321 3397 2404 3460 τίς
2429 3396 2584 3451 ἔσται
2610 3399 2666 3449 ὲν
2687 3394 3069 3463 ὑποστήματι,
3108 3411 3127 3444 ι
3164 3393 3238 3446 Οὐ
3266 3392 3449 3463 μόνον,
3475 3389 3634 3461 φησὶ.

2046 3489 2223 3560 ψευδῆ
2276 3491 2677 3561 προεφήτευον,
2737 3486 2877 3540 ἀλλὰ
2934 3486 3026 3539 καὶ
3079 3484 3459 3547 διαϐάλλοντες
3507 3483 3639 3546 τοὺς

2047 3583 2271 3653 ἀληθεῖς
2329 3582 2665 3653 προφήτας,
2718 3579 2941 3648 ἔλεγον·
2994 3576 3318 3630 Ψεύδονται.
3376 3574 3474 3637 Τίς
3522 3573 3638 3643 γὰρ

2047 3674 2352 3746 ἐπλησίασε
2384 3673 2463 3745 τῷ
2488 3671 2607 3743 Θεῷ
2627 3712 2642 3739 ,
2681 3670 2771 3726 ἵνα
2812 3671 2907 3726 καὶ⁵
2938 3667 3153 3742 ἀκούσῃ
3183 3668 3290 3721 τῶν
3331 3666 3504 3736 λόγων
3534 3666 3639 3719 αὑ·-

2046 3782 2172 3834 του;
2238 3784 2243 3787 ·

2123 3877 2144 3912 ι
2169 3859 2296 3912 Καὶ
2345 3858 2451 3922 ἕως
2492 3857 2560 3911 ἂν
2591 3856 2766 3927 στήσῃ
2796 3854 2929 3908 αὐτὸ
2974 3853 3085 3908 ἀπὸ
3139 3854 3563 3925 ἐγχειρήματος.
3605 3870 3632 3907 ι

2053 3950 2202 4013 Ἕως
2226 3949 2312 4015 ἂν,
2359 3948 2549 4019 φησὶν,
2584 3946 2613 3999 ὃ
2638 3945 3059 4016 προεχειρίσατο
3100 3943 3376 4015 βούλευμα
3408 3946 3436 3997 ὁ
3476 3945 3642 4012 Θεὸς,

2050 4041 2351 4102 τουτέστιν,
2386 4039 2414 4091 ὃ
2439 4037 2726 4107 ἠθέλησεν,
2764 4037 2845 4099 είς
2877 4035 3038 4107 ἔργον
3065 4035 3270 4109 ἀγάγῃ.

2123 4149 2143 4183 ι
2180 4131 2293 4184 Καὶ
2332 4129 2381 4181 εί
2427 4127 2665 4198 ἔστησαν
2712 4128 2770 4181 ἐν
2813 4129 2880 4198 τῇ
2919 4126 3218 4181 ὑποστάσει
3253 4142 3374 4197 μου.
3416 4143 3434 4177 ι
3485 4123 3640 4179 Ἀντὶ

2047 4222 2164 4285 τοῦ,
2194 4219 2259 4274 Εί
2283 4220 2623 4292 ἐπλησίασαν
2648 4237 2740 4291 μοι
2770 4235 2788 4251 ο
2810 4219 2845 4290 ἢ
2876 4218 3049 4282 οὕτως
3070 4234 3083 4249 ·
3117 4219 3185 4272 Εἰ
3204 4219 3305 4290 τὴν
3336 4219 3640 4273 ὑπόστασιν

2047 4313 2148 4383 τῆς
2178 4312 2519 4384 προφητείας
2546 4312 2676 4383 παρ’
2705 4312 2845 4383 ἐμοῦ
2882 4313 3064 4383 ἔσχον,
3094 4313 3364 4379 τουτέστι,
3408 4313 3458 4365 εί
3500 4314 3634 4383 παρ’

359 4380 592 4437 fuissent
614 4386 815 4450 edocti,
836 4388 1021 4458 utique
1054 4393 1315 4463 pupulum
1344 4410 1526 4451 meum
1556 4401 1882 4458 avertissent
1912 4419 1943 4458 a

2081 4380 2184 4476 μοῦ
2216 4380 2361 4478 ἦσαν
2394 4380 2767 4475 σοφισθέντες,
2789 4406 2882 4459 τὸν
2910 4380 3038 4459 λαόν
3067 4423 3168 4476 μου
3199 4406 3542 4477 ἀπέστρεφον
3564 4380 3634 4459 αν

359 4474 547 4545 pravis
566 4490 755 4531 eorum
793 4480 1011 4537 studiis.

438 4565 500 4621 ν.
527 4568 616 4622 28.
649 4589 667 4621 ‹
696 4569 974 4640 Propheta
1002 4575 1057 4628 in
1081 4591 1190 4646 quo
1216 4581 1493 4637 somnium
1519 4593 1624 4640 est.
1666 4604 1684 4639 ι
1719 4585 1857 4645 Cum
1886 4600 1943 4647 et

359 4654 539 4757 abeo
561 4661 890 4731 quandoque
920 4664 1032 4719 sint
1085 4669 1319 4738 somnia,
1388 4673 1648 4733 indicium
1697 4682 1942 4752 assignat

357 4759 603 4800 manium
632 4763 1001 4822 verorumque
1047 4758 1389 4816 somniorum
1436 4765 1554 4834 ipse
1585 4768 1783 4824 exitus.
1803 4769 1937 4828 Nam

358 4848 480 4903 quae
507 4847 538 4889 a
566 4836 679 4893 Deo
712 4848 842 4895 sunt
880 4841 1179 4915 insomnia,
1212 4865 1342 4906 vera
1372 4856 1598 4912 omnino
1616 4868 1765 4914 sunt.
1806 4859 1941 4926 Quae

357 4939 506 5023 vero
529 4942 560 4982 a
585 4929 951 5023 demonibus,
980 4952 1090 4992 non
1122 4940 1318 5011 plane;
1340 4950 1588 5018 utrisque
1620 4950 1781 5021 igitur
1810 4968 1940 5023 pro-

356 5015 539 5087 phetis
559 5019 814 5091 congruit
836 5022 925 5079 hic
953 5039 1155 5093 sermo,
1183 5031 1328 5087 veris
1361 5042 1417 5087 et
1446 5015 1616 5093 falsis.

434 5214 458 5252 ι
496 5196 639 5266 Quid
664 5201 822 5271 palea
843 5204 911 5260 ad
964 5206 1285 5265 triticum?»
1317 5211 1497 5282 Palea,
1539 5216 1679 5289 ignis
1710 5221 1943 5278 alimen-

357 5297 500 5357 tum,
555 5301 641 5350 est
717 5297 1328 5372 pseudoprophetarum
1429 5323 1640 5379 sermo;
1698 5315 1939 5372 triticum

353 5397 487 5438 vero
516 5384 723 5439 homini
750 5388 971 5445 vitalem
1011 5393 1240 5464 largitur
1305 5399 1437 5462 vim.
1488 5417 1672 5458 sermo
1730 5408 1939 5463 veracis

353 5472 674 5617 proppetae;
702 5493 824 5548 qua:
848 5481 996 5537 enim
1032 5485 1371 5543 consociatio
1415 5494 1682 5549 mendacii
1716 5505 1771 5551 et
1798 5502 1938 5554 veri-

353 5563 479 5617 tatis

353 5563 479 5618 tatis

2049 4498 2158 4552 ἀπὸ
2185 4499 2293 4553 τῶν
2319 4497 2578 4569 πονηρῶν
2613 4497 3060 4569 ἐπιτηδευμάτων
3088 4498 3291 4554 αὐτῶν.

2123 4610 2144 4643 ι
2167 4591 2225 4645 '0
2248 4592 2535 4663 προφήτης
2561 4591 2619 4644 ἐν
2642 4584 2687 4659 ᾧ
2708 4591 2768 4644 τὸ
2792 4590 3043 4644 ἐνύπνιόν
3068 4592 3208 4645 ἐστι.
3240 4611 3258 4645 ι
3280 4591 3499 4663 Ἐπειδή
3526 4592 3635 4645 εἰσι

2046 4681 2141 4734 καὶ
2163 4681 2229 4734 ὲκ
2251 4679 2386 4733 Θεοῦ
2418 4680 2669 4743 ἐνύπνια,
2695 4680 2895 4751 δεῖγμα
2921 4680 3084 4735 πάλιν
3107 4684 3343 4735 ποιεῖται
3360 4682 3471 4736 τῶν
3490 4680 3632 4752 ψευ-

2044 4770 2152 4824 δῶν
2189 4770 2285 4824 καὶ
2314 4769 2591 4840 ἀληθινῶν
2621 4772 2893 4825 ἐνυπνίων
2946 4772 3017 4826 τὰ
3073 4773 3518 4844 ἀποτελέσματα,
3547 4773 3633 4829 ὅτι

2043 4861 2115 4914 τὰ
2151 4860 2250 4931 μὲν
2275 4861 2340 4913 ἐκ
2365 4859 2505 4913 Θεοῦ
2546 4861 2794 4929 ἐνύπνια,
2830 4864 3052 4930 πάντως
3082 4864 3361 4936 ἀληθεύει,
3395 4867 3462 4920 τὰ
3485 4866 3541 4920 δὲ
3563 4868 3634 4920 ὲκ

2037 4953 2331 5023 δαιμόνων,
2371 4953 2433 5007 οὐ
2453 4954 2695 5020 πάντως.
2727 4956 2873 5027 Πρὸς
2894 4957 3192 5030 ἑκατέρους
3219 4959 3313 5015 οῦν
3343 4962 3470 5025 τοὺς
3497 4976 3632 5032 προ-

2042 5044 2218 5115 φήτας
2251 5043 2483 5115 ἁρμόζει
2517 5047 2548 5099 ὁ
2587 5046 2741 5116 λόγος
2767 5086 2783 5114 ,
2815 5048 2942 5114 τούς
2986 5067 3046 5105 τε
3082 5050 3336 5122 ἀληθεῖς,
3368 5055 3463 5107 καὶ
3492 5052 3628 5124 ψευ-

2038 5137 2166 5202 δεῖς.

2119 5247 2138 5280 ι
2179 5229 2245 5282 Τί
2268 5228 2328 5283 τὸ
2354 5230 2561 5304 ἄχυρον
2593 5232 2730 5303 πρὸς
2768 5232 2858 5286 τὸν
2891 5236 3078 5302 σῖτονς
3129 5254 3149 5289 ι
3191 5238 3427 5309 Ἀχυρον
3445 5238 3626 5314 τροφὴ

2039 5320 2232 5394 πυρὸς,
2260 5322 2369 5376 τῶν
2397 5324 2868 5396 ψευδοπροφητῶν
2890 5327 2918 5379 6
2942 5327 3129 5397 λόγος’
3157 5331 3302 5396 σῖτος
3327 5331 3383 5385 δὲ
3408 5332 3624 5403 ἀνθρώ-

2037 5431 2126 5484 πῳ
2156 5414 2396 5488 ζωτικὴν
2429 5416 2716 5490 χαρίζεται
2736 5417 2990 5489 δύναμιν,
3015 5422 3044 5474 6
3069 5420 3225 5490 λόγος
3253 5423 3350 5477 τοῦ
3384 5424 3626 5495 ἀληθοῦς

2035 5507 2343 5579 προφήτου.
2382 5509 2519 5564 Ποία
2567 5509 2678 5580 γὰρ
2723 5513 2980 5569 κοινωνία
3012 5513 3091 5586 τῷ
3125 5514 3312 5586 ψεύδει
3351 5516 3488 5592 πρὸς
3518 5515 3628 5590 τὴν

2033 5596 2295 5668 ἀλήθειαν
2318 5615 2335 5665 ;

425 5675 469 5710 ¹⁵
493 5677 654 5738 Rom.
681 5698 738 5753 ιι,
763 5683 856 5742 29.
937 5686 978 5721 ¹⁶
1000 5688 1156 5746 Deut.
1187 5707 1338 5760 xvm,
1370 5697 1456 5752 15.
1535 5701 1578 5731 ’⁷
1605 5699 1802 5758 Ezech.
1828 5721 1948 5777 νιιι,
1976 5708 2064 5768 16.
