3942 6416
245 288 354 354 677

1365 284 1830 347 FRAGMENTA
1870 286 1955 347 IN
1989 286 2407 350 JEREMIAM.

3432 289 3538 356 678

324 419 345 451 ι
384 398 503 452 Οὐκ
543 397 655 452 ἰδοὺ
707 398 756 451 οἱ
794 395 969 466 λόγοι.
1013 413 1033 449 ι
1089 396 1404 467 Τουτέστιν,
1457 399 1701 470 ὲνεργεϊς
1742 400 1839 454 καὶ

2019 422 2037 456 ι
2061 403 2255 459 Nonne
2285 417 2413 458 ecce
2433 402 2616 458 verba.
2655 420 2673 456 ι
2707 402 2916 474 Nempe
2941 402 3201 458 ardentes
3228 414 3283 459 et
3340 417 3547 472 potem

244 491 494 549 δυνατοί.

323 604 343 638 ι
380 587 495 640 Καὶ
519 584 886 649 νυστάζοντας
924 583 1238 656 νυσταγμδν
1272 584 1475 641 αὐτῶν.
1512 605 1530 639 ι
1553 585 1838 653 Τουτέστι,

244 679 466 751 νήψεως
500 678 576 750 μὴ
612 677 958 749 μετέχοντες.

322 790 342 822 ι
383 769 452 824 Τί
478 769 539 822 τὸ
569 769 767 839 λῆμμα
796 767 1029 837 Κυρίου.
1066 782 1086 817 ι
1122 764 1341 835 Λῆμμα
1386 764 1525 836 ὀργὴ
1558 764 1697 835 μετὰ
1743 762 1843 818 Θυ-

246 863 378 937 μοῦ,
409 864 477 916 ἐκ
503 859 598 914 τοῦ
622 860 718 914 τὸν
753 859 1104 930 ἰσχυρότερον
1133 858 1370 912 λαϐόντα
1394 856 1487 911 τὸν
1517 856 1843 910 ἀσθενέστε-

248 973 343 1029 ρον
378 953 856 1026 καταρρηγνύναι.
884 951 1146 1007 Καλεῖται
1179 951 1236 1006 δὲ
1269 949 1497 1021 λῆμμα,
1527 950 1623 1004 καὶ
1648 949 1677 1003 ὀ
1704 966 1844 1021 χρη-

250 1048 558 1122 ματισμός.

323 1159 344 1194 ι
363 1140 484 1194 Kal
504 1136 783 1209 ῑκδικήσω
806 1138 903 1190 τδν
932 1134 1222 1206 ἄνθρωπον
1250 1136 1480 1190 ἐκεῖνον.
1510 1153 1530 1187 ι
1551 1134 1698 1189 Ἀντὶ
1723 1132 1842 1202 τοῦ,

245 1228 686 1300 τιμωρήσομαι,
723 1230 926 1281 κεῖται.

320 1339 343 1372 ι
374 1322 493 1374 Καὶ
549 1319 748 1390 λῆμμα
784 1317 1016 1389 Κυρίου.
1056 1336 1078 1370 ι
1130 1317 1197 1372 Ἠ
1235 1316 1398 1389 ὀργὴ,
1435 1317 1591 1388 φησι,
1624 1316 1705 1388 τῷ
1748 1317 1846 1371 ἀν-

244 1411 456 1483 θρώπῳ
490 1411 556 1465 ὲκ
592 1410 688 1465 τοῦ
730 1411 914 1465 αὐτῶν
935 1411 1218 1482 ’στόματος
1257 1411 1741 1476 κατασκευάζεται
1767 1425 1783 1442 ⁶
1817 1412 1846 1464 ὁ

239 1505 355 1576 γὰρ
377 1502 808 1574 Θεὸς-ἀόργητός
827 1505 921 1556 ἐστ
931 1519 1000 1572 ιν,
1021 1505 1145 1557 ἐπεὶ
1168 1504 1265 1558 καὶ
1290 1504 1510 1578 ἀπαθής
1537 1521 1553 1536 σ
1578 1503 1667 1559 διά
1688 1503 1846 1557 τοῦτο

241 1598 465 1653 κελεύει
495 1637 512 1664 ,
572 1597 647 1669 μὴ
700 1595 959 1666 λέγεσθαι
1018 1596 1229 1667 λῆμμα
1285 1598 1529 1666 Κυρίου.
1598 1598 1675 1651 υύ
1735 1597 1846 1669 γὰρ

241 1690 380 1754 Θεὸς
411 1688 718 1758 ὀργίζεται,
749 1688 867 1743 ἀλλ’
905 1689 1121 1753 ἑαυτοῖς
1162 1688 1262 1762 τὴν
1290 1690 1463 1762 ὀργὴν
1493 1691 1843 1745 κατασκευά-

242 1780 439 1852 ζομεν.

846 1893 1102 1948 ΚΕΦΑΛ.
1143 1894 1270 1950 ΚΔ’.

322 2022 345 2057 ι
384 2003 602 2070 Ἔδειξέ
632 2021 726 2075 μοι
765 2003 975 2079 Κύριος
1003 2004 1096 2059 δύο
1117 2006 1414 2072 καλάθους.
1450 2029 1468 2063 ι
1504 2013 1849 2089 Οίκειότερον

243 2096 340 2151 ἐπὶ
369 2097 474 2166 τῆς
495 2096 590 2151 τοῦ
619 2097 859 2167 Χριστοῦ
884 2097 1225 2181 ,ἐλευθερίας
1259 2098 1373 2173 [τσ.
1403 2103 1695 2179 ἐλεύσεως]
1725 2110 1849 2181 νοή-

248 2207 364 2255 σεις
395 2207 581 2246 τουτο.

319 2302 341 2336 ι
383 2284 498 2337 Kal
523 2283 732 2356 στηριῶ
751 2286 877 2348 τοὺς
902 2286 1269 2358 ὀφθαλμούς.»
1305 2289 1645 2361 Σημείωσαι.
1671 2294 1754 2349 δτι
1785 2296 1849 2350 τὸ

248 2373 535 2446 στηρίζειν
556 2375 647 2429 τὸν
680 2374 814 2430 Θεὸν
845 2378 971 2440 τοὺς
1007 2378 1345 2451 ὀφθαλμοὺς,
1381 2383 1478 2435 ἐπὶ
1514 2384 1848 2456 ἀμφοτέρων

245 2469 455 2534 κεῖται,
482 2466 692 2536 ἀγαθοῦ
723 2466 819 2521 καὶ
844 2467 1017 2523 κακοῦ
1043 2485 1058 2499 ·
1094 2471 1190 2524 καὶ
1215 2473 1326 2542 γὰρ
1357 2473 1417 2526 ὲν
1441 2476 1556 2537 τοῖς
1583 2475 1850 2547 ἀνωτέρω

246 2557 375 2618 εἷπε
410 2576 425 2590 ·
452 2559 682 2629 Στηριῶ
706 2560 850 2628 τοὺς
879 2561 1227 2631 ὀφθαλμούς
1250 2581 1372 2633 μου
1389 2567 1477 2631 εἰς
1494 2565 1672 2621 κακά.

817 2682 1079 2751 ΚΕΦΑᾸ.
1148 2697 1279 2752 KE'.

328 2833 351 2868 α
394 2815 491 2868 Ἐν
540 2810 983 2886 τρισκαιδεκάτῳ
1053 2811 1163 2865 ἔτει
1217 2813 1416 2868 Ἰωσία.
1468 2834 1486 2868 ι
1538 2815 1727 2870 Εἴκοσι
1755 2817 1852 2871 καὶ

249 2909 383 2983 τρία
428 2907 548 2977 ἔτη,
609 2905 779 2976 φησὶ,
840 2904 1152 2968 σπουδαίως
1199 2906 1648 2980 διαμαρτύρομαι
1705 2911 1851 2982 ὑμᾶς

252 2999 560 3073 ἀπέχεσθαι
601 2997 701 3069 τῆς
738 2995 1214 3068 εἰδωλολατρείας,
1264 3001 1360 3052 καί
1395 3002 1495 3053 οὐκ
1534 3003 1807 3072 ἠκούσατε
1833 3022 1847 3037 ·

249 3092 334 3147 διδ
393 3088 711 3162 παραδώσω
769 3086 915 3157 ὑμᾶς
967 3078 1093 3151 τοῖς
1130 3089 1425 3156 Χαλδαίοις
1473 3094 1847 3166 ἑϐδομήκοντα

252 3185 372 3256 ἔτη.
470 3226 495 3235 -

328 3276 478 3330 «Καὶ
500 3275 739 3345 ἐλάλησα
759 3278 895 3347 πρδς
924 3279 1070 3349 ὑμᾶς
1096 3275 1387 3348 ὀρθρίζων.
1403 3296 1422 3328 ι
1454 3278 1526 3331 Τὸ
1550 3277 1846 3348 ὀρθρίζων,

253 3369 378 3425 ἀντὶ
402 3366 523 3436 τοῦ,
567 3368 711 3440 μετὰ
746 3370 984 3441 σπουδῆς
1008 3386 1022 3399 ·
1054 3369 1131 3432 ὡς
1159 3369 1257 3439 ἤδη
1288 3368 1476 3422 λοιπὸν
1517 3370 1612 3422 τοῦ
1652 3371 1846 3442 χρόνου

251 3457 354 3531 τῆς
392 3459 567 3531 ὀργῆς
598 3458 1016 3529 πλησιάζοντος.

329 3570 351 3605 ι
389 3550 641 3622 Πατριὰν
676 3551 785 3605 ἀπὸ
820 3552 1024 3624 Βορῤἄ.
1061 3570 1078 3604 ι
1119 3552 1258 3614 Τοὺς
1286 3550 1682 3616 Βαὸυὶωνίους.

331 3663 352 3697 ι
399 3643 611 3715 Ὀσμὴν
650 3642 850 3714 μύρου.
896 3662 915 3695 ι
956 3643 1061 3697 Τὸν
1095 3643 1302 3696 τέλειον
1335 3644 1433 3714 τῆς
1461 3644 1849 3717 λαμπρότητος

252 3734 462 3799 αὐτῶν,
506 3733 603 3789 καὶ
643 3735 824 3805 πάσης
876 3736 1053 3806 χαρᾶς
1079 3734 1172 3787 καὶ
1203 3734 1507 3805 εὐημερίας
1535 3736 1848 3807 ἀφανισμὸν

251 3826 553 3898 ἐδήλωσεν.

328 3935 349 3970 ι
382 3916 574 3982 Οὕτως
614 3906 736 3970 εἶπε
785 3916 1063 3989 Κύριος...
1101 3917 1233 3972 λάϐε
1276 3920 1338 3974 τὸ
1382 3923 1663 3991 ποτήριον.
1699 3941 1718 3973 ι
1772 3923 1846 3977 Τὸ

253 4010 523 4082 ποτήριον
544 4009 638 4063 ἐπὶ
668 4009 1006 4079 ἐκδικήσεως
1043 4013 1244 4065 κεῖται.

327 4120 349 4155 ι
391 4101 506 4155 Καὶ
525 4101 779 4155 ὲπότισα.
819 4120 838 4151 ο
859 4101 1005 4155 Ἀντὶ
1026 4101 1121 4155 τοῦ
1149 4103 1522 4178 πληροφορίαν
1551 4106 1845 4179 ἐδεξάμην,

254 4194 336 4249 ὅτι
360 4192 591 4256 πάντως
611 4192 768 4246 ἔσται
789 4194 974 4257 αὐτοῖς
998 4194 1030 4265 ἠ
1059 4196 1322 4266 τιμωρία.

329 4306 350 4340 ι
390 4287 505 4339 Καὶ
535 4287 715 4341 πάντα
744 4288 1226 4357 περικεκαρμένον
1257 4287 1400 4342 κατὰ
1431 4289 1727 4361 πρόσωπον
1749 4291 1847 4344 αὐ-

250 4377 371 4432 τοῦ.
413 4396 434 4431 ι
475 4377 764 4443 Τουτέστι,
797 4380 925 4443 τοὺς
960 4381 1245 4451 μόρςωσιν
1272 4380 1557 4447 εὐσεϐείας
1598 4382 1846 4455 ἔχοντας,

247 4475 367 4537 τοῖς
396 4473 455 4527 δὲ
481 4474 704 4538 οἰκείοις
734 4473 861 4545 θελή
872 4491 1003 4543 μασι
1030 4474 1453 4545 πορευομένους.

328 4582 351 4617 ι
393 4566 508 4620 Kal
543 4566 752 4630 πάντας
782 4568 911 4631 τοὺς
942 4568 1309 4638 συμμίκτους.
1350 4587 1369 4620 i
1401 4568 1556 4623 Μετὰ
1576 4569 1675 4642 τὴν
1705 4571 1846 4625 ἰστο-

252 4655 407 4728 ρίαν.
431 4658 559 4721 τοὺς
601 4658 679 4729 μὴ
711 4659 947 4722 οἰκείους
969 4659 1066 4730 τῆς
1094 4659 1335 4725 πίστεως
1358 4662 1487 4716 νόει.

327 4854 351 4889 ε
400 4837 513 4890 Καὶ
539 4836 713 4903 ἔσται,
739 4838 868 4893 ὅταν
901 4837 977 4910 μὴ
1010 4837 1310 4908 βούλωνται
1336 4839 1669 4904 δέξασθαιτὺ
1686 4843 1849 4915 ποτή-

255 4943 404 5000 ριον.
439 4947 459 4982 ι
504 4928 727 5001 Ἐπειδή
762 4928 871 4983 εἰσί
897 4946 1043 4994 τινες
1079 4930 1156 5002 μὴ
1194 4930 1534 5001 εὐχαρίστως
1566 4932 1845 5004 δεχόμενοι

253 5017 357 5090 τὴν
392 5016 540 5073 θείαν
564 5019 839 5073 παιδείαν.

333 5124 356 5160 ι
393 5106 520 5161 Ὀτι
546 5111 604 5163 ὲν
631 5108 804 5164 πόλει.
839 5128 856 5161 ι
891 5109 1003 5180 Τὴν
1043 5110 1219 5177 πόλιν,
1253 5111 1419 5182 φησὶν
1444 5151 1460 5178 ,
1488 5111 1571 5180 ἐφ’
1601 5111 1669 5183 ἢν
1707 5111 1844 5167 ὠνο-

259 5197 446 5271 μάσθη
496 5200 558 5253 τὸ
604 5200 779 5271 ὄνομά
817 5218 940 5272 μου,
979 5201 1405 5273 ἁμαρτάνουσαν
1449 5205 1842 5276 τιμωροῦμαιο

256 5289 417 5361 πόσῳ
439 5290 649 5361 μᾶλλον
674 5292 805 5357 τοὺς
840 5291 918 5364 μὴ
946 5292 1160 5357 εἰδότας
1202 5312 1269 5365 με
1297 5312 1313 5362 ;

334 5400 358 5436 α
409 5383 551 5438 Ὑπὸ
575 5382 670 5439 τοῦ
705 5384 1051 5458 οἰκητηρίου.
1089 5406 1108 5440 ι
1144 5386 1317 5458 Δῆλον
1356 5388 1434 5455 δὲ,
1473 5389 1557 5444 ὅτι
1608 5388 1704 5443 τοῦ
1752 5390 1846 5443 οὐ·

260 5474 448 5547 ρανοῦ.
1012 5472 1017 5475 ’

334 5585 355 5618 σ
403 5565 528 5619 Ἐπὶ
549 5565 644 5620 τοῦ
675 5566 867 5623 τόπου.
906 5587 925 5620 ι
958 5568 1050 5623 Ἐν
1080 5569 1158 5641 τῷ
1186 5571 1334 5639 τόπῳ
1356 5573 1557 5627 ἑαυτοῦ
1583 5613 1599 5639 ,
1711 5590 1848 5644 χρη-

257 5654 500 5724 ματίζει.
530 5657 594 5709 Οἱ
616 5656 781 5724 ἄξιοι,
807 5658 965 5729 φησι,
996 5658 1090 5713 τοῦ
1110 5660 1401 5729 σώζεσθαι,
1425 5657 1506 5725 οἷς
1531 5664 1596 5716 ἂν
1623 5681 1846 5735 χρημα-

255 5745 384 5817 τίσῃ
437 5746 594 5811 θεὸς,
656 5749 1146 5823 ἀποκριθήσονται,
1199 5755 1653 5826 παρακαλοῦντες
1696 5755 1845 5811 ἐνδο-

1945 503 2046 551 tes.

2013 585 2079 640 V.
2114 586 2205 642 3i.
2246 605 2263 640 ι
2300 587 2369 642 Et
2428 587 2729 642 dormitant
2790 585 3233 642 dormitationem
3292 604 3468 642 suam.
3508 607 3527 640 ι

1943 676 2058 732 Hoc
2084 685 2169 732 est
2206 693 2318 732 non
2348 678 2635 750 vigilantes
2664 678 2865 732 animo.

2014 765 2079 823 V.
2106 768 2195 823 53.
2235 786 2254 819 ι
2288 766 2420 834 Quae
2450 776 2531 822 est
2563 768 2851 838 prophetia
2879 767 2936 821 in
2968 766 3192 821 nomine
3224 764 3479 821 Domini?
3510 787 3531 820 ο

1946 856 2166 912 Lemma
2230 859 2309 913 ira
2356 867 2439 914 est
2471 875 2596 913 cum
2620 858 2827 923 furore,
2847 873 2973 912 cum
3004 858 3283 914 robustior
3309 868 3531 929 captum

1947 950 2364 1007 imbecilliorem
2404 953 2576 1008 allidit
2601 971 2612 1007 :
2643 964 2873 1009 vocatur
2893 954 3023 1008 item
3052 951 3246 1007 lemma
3296 961 3351 1007 et
3380 968 3535 1023 quae—

1946 1049 2083 1096 stus.

2024 1132 2089 1186 ν.
2119 1133 2210 1188 '59.
2250 1150 2269 1184 ι
2302 1133 2371 1187 Et
2400 1134 2634 1189 ulciscar
2671 1135 2952 1189 hominem
3010 1134 3187 1190 illum.
3231 1154 3251 1189 ›
3281 1135 3388 1190 Pro
3438 1152 3537 1205 pu-

1946 1225 2095 1279 niant
2152 1225 2393 1295 positum
2418 1237 2520 1281 est.

2022 1337 2042 1369 ο
2078 1317 2144 1373 Et
2176 1318 2605 1389 assumptionem
2624 1318 2893 1374 Domini»
2918 1318 3026 1385 Ira,
3047 1318 3143 1382 ait,
3166 1318 3373 1374 homini
3405 1335 3536 1390 pro-

1946 1411 2067 1481 prio
2093 1425 2187 1466 ore
2219 1420 2459 1481 paratur.
2499 1410 2643 1465 Deus
2674 1411 2881 1481 quippe
2924 1426 3036 1464 non
3095 1411 3375 1478 irascitur,
3405 1412 3535 1483 quia

1945 1518 2060 1557 non
2086 1503 2333 1573 subiacet
2371 1502 2697 1557 aﬂ‘ectibus:
2733 1502 2936 1557 idcirco
2969 1502 3225 1572 praecepit
3250 1517 3359 1559 non
3426 1503 3536 1559 diei

1952 1592 2145 1647 lemma
2178 1592 2413 1647 Domini.
2444 1591 2582 1647 Nam
2605 1594 2748 1648 Deus
2780 1607 2894 1647 non
2925 1592 3198 1656 irascitur,
3230 1600 3284 1647 at
3315 1591 3539 1664 nosipsi

1948 1678 2085 1733 iram
2116 1679 2276 1735 nobis
2302 1695 2706 1751 comparamus.

2566 1899 2716 1956 CAP.
2741 1898 2937 1958 XXIV.
2994 1898 2999 1903 θ
3073 1898 3079 1903 ’

2021 2008 2085 2064 ν.
2125 2009 2177 2063 1.
2208 2027 2228 2062 ί
2261 2009 2514 2065 Ostendit
2564 2010 2699 2064 mihi
2739 2010 3005 2066 Dominus
3034 2009 3172 2067 duos
3208 2011 3473 2068 calathos.
3510 2028 3532 2063 ι

1955 2098 2150 2171 Aptius
2180 2102 2285 2158 hoc
2311 2102 2585 2172 intelliges
2613 2102 2681 2158 de
2707 2102 2909 2158 Christi
2940 2102 3206 2159 adventu.

2018 2280 2085 2335 Υ.
2124 2279 2178 2334 6.
2212 2298 2230 2331 ι
2274 2279 2341 2333 Ει
2372 2277 2601 2333 ﬁrmabo
2635 2293 2801 2349 super
2827 2293 2922 2333 eos
2946 2278 3133 2333 oculos
3154 2292 3329 2334 meos.
3372 2297 3391 2329 ι
3426 2276 3533 2333 No-

1952 2371 2178 2427 tandum
2235 2368 2408 2426 Deum
2438 2369 2658 2425 ﬁrmare
2705 2368 2914 2436 oculos,
2947 2369 3122 2439 accipi
3161 2369 3218 2424 in
3255 2368 3453 2424 bonam
3481 2374 3541 2422 et

1950 2464 2007 2519 in
2028 2464 2225 2518 malam
2260 2471 2503 2532 partem;
2534 2477 2664 2516 nam
2692 2469 2747 2516 et
2785 2477 2948 2533 supra
2993 2461 3206 2517 dixerat
3237 2478 3250 2515 :
3284 2458 3541 2515 Firmabo

1951 2554 2126 2609 oculos
2155 2570 2295 2608 meos
2319 2554 2387 2607 ad
2404 2553 2569 2607 mala.

2570 2683 2723 2742 CAP.
2756 2684 2924 2741 XXV.

2023 2800 2089 2857 V.
2121 2801 2175 2856 ’5.
2207 2800 2269 2855 In
2296 2799 2456 2855 tertio
2492 2798 2708 2853 decimo
2750 2813 2896 2852 anno
2934 2796 3115 2852 Iasiae.
3160 2814 3179 2849 ι
3215 2796 3352 2851 Tres
3374 2803 3429 2851 et
3457 2794 3543 2852 vi-

1954 2894 2109 2966 ginti,
2143 2894 2241 2958 ait,
2297 2892 2428 2946 anni
2462 2901 2609 2953 sunt,
2632 2906 2755 2944 eum
2783 2906 2980 2960 magno
3006 2890 3187 2945 studio
3217 2905 3315 2944 vos
3349 2897 3538 2943 conte-

1954 2995 2088 3049 stor,
2118 2995 2230 3040 uta
2261 2983 2411 3038 cultu
2467 2982 2737 3037 idolorum
2793 2983 3133 3047 abstineatis,
3182 2991 3237 3035 et
3285 2997 3395 3036 non
3442 2997 3543 3036 au-

1953 3077 2140 3143 distis;
2188 3076 2309 3131 ideo
2343 3074 2551 3130 tradam
2581 3089 2675 3128 vos
2725 3066 3001 3128 Chaldaeis
3060 3072 3406 3146 septuaginta
3441 3087 3539 3126 an-

1952 3186 2071 3225 110$.

2024 3282 2043 3314 ‹
2081 3264 2149 3317 Ει
2200 3262 2417 3316 loeutus
2462 3277 2583 3316 sum
2654 3261 2722 3317 ad
2783 3274 2900 3324 vos,
2964 3267 3090 3313 ante
3151 3260 3351 3314 lucem.
3394 3278 3411 3311 ι
3470 3259 3544 3313 De

1952 3364 2098 3407 nocte
2129 3371 2459 3424 consurgens,
2504 3354 2555 3408 id
2590 3362 2692 3417 est,
2729 3352 2994 3417 studiose,
3029 3354 3108 3407 uti
3148 3353 3262 3423 jam
3297 3363 3545 3423 tempore

1950 3446 2339 3517 indignationis
2365 3446 2861 3516 appropinquante.

2023 3537 2085 3592 ν.
2109 3538 2160 3591 9.
2199 3556 2217 3588 ι
2250 3536 2643 3607 Cognationem
2672 3537 2741 3590 ab
2777 3535 3070 3605 Aquilone.
3110 3554 3128 3586 ι
3192 3533 3539 3604 Babylonios.

2017 3627 2083 3683 ν.
2112 3629 2193 3683 10.
2228 3648 2245 3681 t
2280 3628 2513 3685 Odorem
2539 3628 2821 3696 unguenti.
2848 3646 2867 3679 ι
2902 3628 3228 3681 Absolutum
3262 3627 3543 3681 excidium

1950 3724 2264 3793 splendoris
2297 3739 2509 3789 eorum,
2544 3723 2819 3791 totiusque
2872 3720 3054 3793 gaudii
3076 3730 3132 3775 et
3164 3719 3546 3790 prosperitatis

1949 3820 2295 3891 signiﬁcavit.

2024 3930 2041 3962 ‹
2072 3909 2160 3966 Sic
2185 3909 2317 3964 dixit
2354 3910 2680 3964 Dominus...
2713 3925 2867 3964 sume
2900 3907 3146 3964 calicem.
3190 3925 3210 3960 ι
3244 3906 3393 3962 Calix
3444 3922 3537 3979 pre

1949 4002 2145 4056 ultione
2180 4002 2462 4072 accipitur.

2025 4095 2087 4149 V.
2120 4096 2204 4150 l7.
2240 4114 2257 4146 ι
2287 4096 2352 4148 lit
2377 4093 2716 4164 prepinari.)
2741 4091 2853 4147 Hoc
2883 4100 2985 4156 est,
3020 4099 3166 4147 certa
3184 4088 3539 4161 persuasione

1952 4186 2159 4241 credidi
2186 4186 2300 4241 fore
2332 4186 2456 4240 illos
2478 4185 2704 4239 omnino
2723 4184 3057 4255 puniendos.

2021 4277 2087 4333 ν.
2109 4277 2200 4333 23.
2244 4298 2263 4331 ι
2299 4277 2365 4332 Et
2392 4278 2542 4332 omni
2576 4278 2950 4333 circumtonsa
2980 4273 3286 4330 secundum
3339 4272 3537 4328 faciem

1951 4385 2158 4425 suam.»
2192 4371 2309 4427 Iloc
2338 4381 2442 4434 est,
2472 4370 2565 4440 qui
2600 4370 2839 4441 speciem
2869 4385 2980 4439 prae
3013 4383 3072 4423 se
3092 4366 3342 4422 ferebant
3361 4366 3539 4437 pieta-

1878 4480 1921 4534 ι)
1953 4465 2041 4527 tis,
2073 4464 2165 4519 sed
2195 4465 2429 4535 prepriis
2456 4465 2739 4521 desideriis
2767 4461 3115 4518 incedebant.

2020 4556 2088 4612 ν.
2119 4557 2210 4611 24.
2250 4577 2268 4608 ε
2297 4558 2365 4610 Et
2394 4557 2653 4611 omnibus
2669 4556 2911 4612 mistitiis
2930 4552 3328 4609 habitantibus.
3368 4571 3386 4604 ι
3410 4551 3539 4606 Post

1949 4665 2172 4706 sensum
2207 4650 2532 4706 histonicum
2555 4666 2651 4706 eos
2676 4649 2942 4721 intellige,
2993 4646 3086 4718 qui
3138 4644 3302 4699 alieni
3329 4652 3456 4698 sunt
3504 4657 3536 4698 a

1947 4740 2073 4796 ﬁde.

2022 4832 2088 4887 V.
2119 4833 2209 4886 ‘28.
2248 4833 2344 4886 «Et
2367 4832 2492 4897 erit,
2528 4847 2651 4885 cum
2674 4830 3221 4900 noluerintaccipere
3250 4825 3532 4881 calicem.)

1950 4924 2083 4980 Nam
2113 4926 2267 4979 multi
2289 4933 2435 4988 sunt,
2460 4923 2550 4993 qui
2581 4922 2673 4977 Dei
2691 4922 3094 4993 correptionem
3126 4935 3236 4974 non
3262 4916 3540 4987 accipiunt

1949 5033 2076 5073 cum
2118 5018 2417 5087 gratiarum
2448 5016 2684 5071 actione.

2023 5109 2087 5164 V.
2118 5110 2208 5165 2‘9.
2271 5129 2288 5160 ι
2332 5107 2468 5185 Quia
2510 5107 2564 5160 in
2615 5106 2854 5161 civitate.
2893 5125 2912 5158 ι
2976 5103 3289 5169 Civitatem,
3319 5101 3417 5163 ait,
3480 5101 3535 5157 in

1948 5218 2055 5272 qua
2079 5203 2388 5257 invocatum
2426 5210 2734 5256 estnomen
2756 5215 2961 5264 meum,
2988 5204 3309 5269 peccantem
3345 5192 3533 5266 punio,

1949 5304 2155 5365 quanto
2184 5295 2358 5366 magis
2385 5310 2479 5349 eos
2495 5295 2584 5364 qui
2616 5309 2703 5349 me.
2730 5308 2841 5347 non
2873 5289 3187 5346 noverunt?

2019 5385 2084 5440 ν.
2116 5387 2202 5441 '50.
2243 5403 2261 5437 ι
2306 5386 2382 5441 De
2435 5383 2769 5440 habitacula.
2804 5402 2823 5435 ι
2887 5380 3109 5437 Clarum
3133 5386 3241 5445 est,
3271 5375 3419 5448 quod
3464 5375 3536 5433 de

1951 5478 2110 5533 uelo.

2028 5592 2047 5625 ι
2087 5572 2146 5627 ιη
2176 5573 2295 5627 loco
2326 5586 2449 5627 suo.
2499 5589 2518 5622 ι
2560 5570 2740 5643 Digni,
2764 5570 2860 5634 ait,
2918 5569 3012 5639 qui
3042 5567 3344 5629 salventur,
3396 5582 3537 5636 quos

1949 5665 2220 5721 allocutus
2241 5664 2408 5720 fuerit
2427 5665 2588 5730 Deus,
2615 5663 3028 5734 respondebunt
3042 5669 3257 5731 tempus
3273 5658 3377 5715 sibi
3397 5674 3534 5716 con-

1950 5757 2068 5814 cedi
2100 5767 2356 5830 rogantes
2381 5757 2559 5815 donec
2589 5754 2829 5828 perfecte
2860 5754 3100 5811 fructum
3132 5749 3532 5823 aﬂcrant;rin-
