3942 6412
346 284 454 348 679

1440 266 1961 336 OLYMPIODORI
1998 262 2529 327 ALEXANDRINI

3509 257 3622 320 680

332 397 652 461 deiniantes
715 394 864 450 enim
902 401 1060 449 vocat
1110 405 1207 447 eos
1275 372 1369 461 qui
1419 390 1659 445 Fructum
1720 387 1923 442 ferunt.

2075 381 2195 451 ἧναι
2261 380 2466 443 αὐτοῖς,
2519 378 2628 442 ἕως
2679 378 2770 432 ὅτε
2822 376 3047 442 τελείως
3100 376 3572 448 καρποφορήσωσι
3598 390 3615 405 ’

424 589 445 622 ι
475 570 639 625 Venit
671 570 949 625 interitus.
990 588 1009 620 ι
1049 567 1236 623 Sancti
1276 567 1479 622 etenim
1514 566 1569 620 in
1597 565 1925 620 internecio-

345 677 419 717 ne
446 678 554 717 non
607 662 1165 731 comprehenduntur.
1204 660 1331 717 Ηεεο
1355 659 1523 714 etiam
1549 658 1773 729 intelligi
1797 673 1926 728 pos-

349 761 479 810 sunt
505 756 572 808 de
603 753 899 807 universali
928 752 1019 807 Dei
1044 753 1276 821 judicio.

425 863 443 896 ι
478 843 617 899 Ecce
642 844 804 898 mala.
841 861 859 894 ι
906 842 1037 899 Post
1085 858 1151 898 ea
1186 858 1308 913 quae
1352 852 1604 913 tempore
1648 841 1925 912 Babylonii

348 935 589 1002 fuerant,
644 952 709 989 ca
733 951 950 1005 quoque
1001 936 1157 1001 dicit,
1210 951 1332 1005 qua:
1376 936 1430 989 in
1461 935 1931 990 consummatione

347 1037 511 1084 erunt
544 1047 557 1082 :
590 1028 827 1098 Insurgct
853 1029 990 1080 enim
1017 1044 1141 1098 gens
1163 1036 1343 1081 contra
1360 1036 1562 1098 gentem
1596 1027 1658 1081 ⁸⁸.

427 1138 446 1170 ι
476 1118 540 1172 Et
561 1119 722 1172 turbo
748 1132 999 1187 magnus.
1040 1137 1058 1169 ι
1093 1116 1363 1173 Confusio
1386 1132 1603 1189 magna,
1624 1126 1683 1172 ct
1709 1128 1928 1187 pertur—

349 1212 499 1266 batio
528 1211 793 1265 extremis
822 1210 1007 1265 szeculi
1028 1211 1389 1281 temporibus.

418 1301 484 1357 ν.
515 1304 605 1357 55.
637 1320 659 1355 ι
689 1303 759 1357 Ει
790 1310 973 1356 erunt.
1008 1320 1030 1352 l
1064 1302 1195 1357 Post
1214 1302 1541 1357 exteriorem
1579 1302 1771 1358 litterze
1800 1316 1931 1357 sena

349 1409 492 1461 sum,
517 1403 574 1449 et
610 1410 706 1451 eos
735 1395 830 1464 qui
860 1396 930 1449 ab
958 1394 1337 1465 iniquitatibus
1389 1394 1663 1450 vulnerati
1695 1405 1824 1451 sunt
1846 1396 1934 1450 in-

351 1486 558 1557 tellige.

427 1596 446 1629 ι
479 1576 715 1631 Ululatc.
751 1594 771 1628 ι
796 1576 1110 1633 Clamorem
1132 1578 1283 1639 hinc.
1303 1594 1414 1633 non
1434 1593 1561 1633 eum
1585 1580 1677 1650 qui
1704 1580 1932 1636 devictis

350 1668 625 1733 hostibus,
665 1669 761 1723 sed
784 1670 874 1738 qui
902 1670 961 1724 iit
985 1670 1040 1723 in
1071 1670 1367 1741 ejulalibus
1386 1670 1933 1742 intelligiLPastores

350 1775 482 1814 vero
510 1768 637 1813 sunt
675 1761 859 1829 populi
895 1761 1083 1815 duces.

425 1869 444 1901 ι
476 1850 542 1904 Ει
572 1851 836 1923 plangite,
891 1854 1092 1909 arietes
1126 1853 1334 1908 ovium.
1370 1873 1390 1907 ι
1426 1855 1697 1915 Primates
1744 1861 1802 1916 in
1841 1875 1935 1930 po-

349 1943 499 2012 pulo.

426 2051 446 2083 ι
484 2032 553 2088 Ει
581 2034 804 2090 cadetis.
846 2052 865 2087 ι
896 2034 999 2103 Qui
1038 2038 1185 2093 enim
1234 2046 1459 2107 mactat,
1482 2040 1787 2115 saginatum
1819 2058 1936 2098 ma-

350 2133 481 2179 ctat.

422 2214 489 2271 ν.
532 2216 621 2271 56.
660 2237 678 2269 ‹
715 2216 855 2283 Quia
880 2220 1133 2276 vastavit.
1168 2240 1186 2273 ι
1233 2221 1290 2277 Si
1324 2223 1392 2279 de
1411 2221 1613 2281 Judmis
1668 2224 1936 2299 intelliga-

349 2314 460 2373 tur,
490 2308 777 2372 sacriiicia,
813 2317 1119 2382 cmteraque
1148 2314 1338 2386 legalia
1360 2317 1579 2383 omnia;
1610 2317 1654 2373 si
1681 2333 1813 2373 vero
1842 2334 1937 2390 ge-

350 2398 637 2466 neraliter,
667 2401 793 2456 vitze
822 2416 1017 2457 eorum
1044 2405 1311 2461 instituta.

420 2489 486 2545 ν.
510 2491 601 2547 58.
640 2509 658 2543 ι
684 2492 1006 2565 Dereliquit.
1055 2516 1075 2551 ι
1104 2498 1264 2568 Apud
1293 2498 1511 2556 Iudaeos
1538 2499 1758 2571 quidem
1777 2516 1936 2557 suum

349 2581 614 2651 templum
644 2582 938 2654 dereliquit
998 2586 1298 2657 Dominus;
1365 2589 1419 2643 in
1466 2591 1938 2647 consummatione

351 2686 506 2736 vero,
537 2674 692 2742 quasi
727 2676 871 2730 leoni
896 2677 1280 2748 derelinquent
1295 2681 1681 2749 diversorium,
1712 2682 1792 2737 sic
1823 2682 1935 2738 dae-

351 2764 503 2820 moui
529 2766 867 2834 permittitur
900 2770 1085 2841 egredi
1121 2780 1311 2826 contra
1333 2772 1603 2829 homines.

431 2964 451 2997 ι
483 2944 618 3012 Quia
653 2944 794 3001 facta
818 2955 923 3002 est.
958 2966 977 2999 ι
1008 2947 1279 3014 Quoniam
1336 2950 1592 3006 homines
1623 2949 1750 3007 facti
1806 2960 1937 3007 sunt

350 3037 612 3108 iumentis
644 3040 870 3105 similes,
900 3041 1132 3096 Satanas
1165 3058 1294 3097 vero
1349 3045 1461 3097 fera
1518 3053 1623 3111 est,
1676 3056 1933 3115 tanquam

352 3130 408 3183 in
461 3131 679 3185 deserto
709 3132 872 3186 simul
906 3133 1049 3203 pasci
1084 3134 1499 3204 permittuntur,
1531 3151 1598 3191 eo
1623 3136 1766 3207 quod
1799 3138 1937 3193 cha-

351 3221 484 3277 ritas
515 3222 745 3279 refrixit.

959 3313 1112 3369 CAP.
1137 3314 1329 3371 XXVI.

420 3399 487 3454 Ἴ.
512 3399 567 3454 2.
614 3421 632 3453 ι
663 3401 752 3457 Sic
771 3402 905 3457 dixit
946 3404 1212 3460 Dominus
1248 3423 1261 3460 :
1319 3406 1412 3462 Sta
1448 3406 1505 3462 in
1554 3408 1697 3464 atrio
1745 3409 1941 3465 domus

352 3492 587 3548 Domini.
623 3512 641 3544 ι
685 3493 994 3549 Contestari
1026 3497 1169 3552 Deus
1212 3497 1534 3568 prophetam
1577 3500 1824 3571 prarcipit
1872 3502 1941 3556 de

354 3586 621 3641 servanda
644 3586 761 3659 lege
783 3587 990 3655 divina,
1026 3605 1095 3646 ne
1134 3590 1192 3646 in
1232 3591 1351 3650 illos
1379 3593 1461 3649 ira
1492 3593 1725 3650 veniret.

426 3760 495 3818 ν.
523 3761 573 3816 6.
607 3780 626 3814 ι
655 3764 724 3820 Ει
744 3766 935 3822 urbem
986 3769 1129 3827 hanc
1156 3772 1295 3828 dabo
1334 3774 1388 3827 in
1444 3772 1934 3829 maledictionem.»

354 3851 428 3908 Ut
453 3854 741 3910 maledicta
761 3856 850 3925 sit,
882 3868 939 3914 et
989 3859 1243 3919 homines
1297 3863 1531 3920 inimicis
1571 3866 1684 3920 suis
1743 3865 1940 3920 similia

353 3946 744 4017 deprecentur.

422 4039 487 4096 ν.
523 4044 573 4096 7.
615 4061 633 4093 ι
672 4044 740 4099 Ει
799 4045 1113 4101 audierunt.
1149 4067 1167 4099 ι
1201 4046 1366 4103 Vides
1425 4053 1699 4119 quomodo
1755 4053 1941 4108 furore

351 4133 730 4201 exardescant,
756 4145 812 4191 et
843 4153 985 4209 aegre
1016 4139 1233 4195 ferant?
1261 4148 1318 4195 et
1368 4152 1519 4198 certe
1577 4145 1649 4200 ob
1702 4145 1939 4215 idipsum

350 4224 473 4278 neci
499 4225 796 4281 tradendus
845 4245 955 4284 non
990 4242 1140 4297 erat;
1184 4232 1228 4287 si
1267 4232 1413 4287 enim
1468 4234 1612 4291 Deus
1656 4236 1936 4307 praecepit,

352 4328 546 4383 parere
588 4326 820 4386 Oportet.
883 4319 997 4377 Hoc
1043 4323 1269 4378 verbum
1322 4341 1417 4381 vos
1444 4327 1651 4398 pungit,
1704 4326 1760 4382 in
1814 4342 1939 4384 eum

2026 470 2351 542 τρυγῶντας
2387 472 2497 540 γάρ
2531 485 2665 539 φησι
2694 469 2823 532 τοὺς
2843 468 3355 540 καρποφοροῦντας.

2100 580 2125 615 ι
2160 566 2323 617 "liuet
2347 562 2588 632 ὄλεθρος.
2616 580 2635 613 ι
2663 560 2739 615 Οὐ
2764 560 2873 631 γὰρ
2900 577 2965 612 συ
2975 560 3541 633 μπαραλαμϐάνονται
3560 561 3613 613 οἱ

2028 655 2175 724 ἅγιοι
2216 656 2285 725 τῇ
2318 653 2690 725 πανωλεθρίᾳ.
2741 652 2931 708 Ταῦτα
2962 653 3022 708 δὲ
3060 654 3296 725 ἁρμόζει
3340 654 3482 708 νοεῖν
3523 656 3624 707 καὶ

2029 750 2121 802 ἐπὶ
2145 749 2246 819 τῆς
2270 747 2570 819 καθολικῆς
2607 746 2703 801 τοῦ
2736 745 2879 801 Θεοῦ
2902 747 3163 816 κρίσεως.

2105 857 2127 892 ι
2173 839 2305 893 Ἰδοὺ
2330 839 2497 893 κακά.
2540 856 2561 889 ι
2610 838 2768 892 Μετὰ
2800 839 2871 893 τὰ
2892 838 2991 890 ἐπὶ
3015 836 3111 891 τοῦ
3146 835 3492 890 Βαϐυλωνίου
3526 853 3625 905 γε.

2028 930 2248 1000 γονότα,
2286 931 2381 984 καὶ
2404 928 2475 984 τὰ
2506 929 2600 987 ἐπὶ
2637 931 2739 999 τῆς
2767 927 3088 991 συντελείας
3112 926 3300 998 φησιν·
3347 927 3625 997 Ἐγερθή-

2030 1038 2204 1078 σεται
2240 1022 2351 1092 γὰρ
2380 1023 2556 1088 ἔθνος
2578 1021 2674 1075 ἐπὶ
2705 1022 2903 1088 ἔθνος.

2109 1135 2129 1169 ι
2165 1115 2276 1169 Kal
2292 1114 2517 1182 ὶαίλιψ.
2551 1132 2573 1165 ο
2608 1114 2884 1184 Σὺγχυσις
2913 1110 3127 1183 μεγάλη
3158 1111 3255 1166 καὶ
3281 1111 3499 1182 ταραχὴ
3529 1112 3621 1166 ἐπ’

2033 1207 2287 1276 ἐσχάτοις
2311 1204 2424 1268 τοῖς
2458 1202 2551 1255 τοῦ
2579 1201 2777 1266 αἰῶνος
2809 1204 3048 1273 καιροῖς.

2109 1317 2129 1351 ι
2160 1299 2270 1351 Καὶ
2295 1297 2532 1352 ἔσονται.
2568 1313 2592 1348 ο
2623 1296 2782 1352 Μετὰ
2816 1296 2879 1349 τὸ
2918 1293 3205 1365 αἰσθητὸν,
3237 1296 3332 1349 καὶ
3356 1296 3484 1360 τοὺς
3515 1297 3625 1350 ὑπὸ

2032 1389 2131 1459 τῆς
2152 1389 2433 1461 ἁμαρτίας
2459 1387 3039 1460 τετραυματισμένους
3058 1388 3191 1442 νόει.

2118 1571 2470 1637 litamina.
2511 1590 2531 1624 ι
2579 1568 2924 1640 ’Δλαλαγμὸν
2960 1568 3199 1625 ἐνταῦθα
3227 1570 3329 1623 οὐκ
3358 1571 3451 1622 ἐπὶ
3496 1570 3626 1641 νίκῃ

2034 1666 2144 1721 τῶν
2174 1665 2473 1736 πολεμίων,
2502 1663 2620 1718 ἀλλ’
2644 1663 2740 1715 ἐπὶ
2761 1666 2882 1725 ταῖς
2905 1663 3174 1732 οἰμωγαῖς
3196 1677 3382 1732 φησιν.
3414 1662 3629 1731 Ποιμέ-

2037 1776 2129 1823 νες
2162 1759 2221 1812 δὲ
2249 1759 2301 1810 οἱ
2330 1755 2632 1829 ἡγούμενοι
2669 1753 2767 1808 τοῦ
2796 1753 2947 1807 λαοῦ.

2113 1871 2133 1905 ι
2171 1853 2233 1906 Ol
2260 1852 2410 1922 κριοὶ
2432 1850 2564 1905 τῶν.
2600 1867 2619 1901 ι
2656 1849 2721 1903 Ol.
2749 1848 2872 1903 κατ’
2902 1846 3097 1918 ἐξοχὴν
3130 1847 3189 1900 ἐν
3221 1846 3302 1917 τῷ
3331 1845 3468 1917 λαῷ.

2116 2049 2134 2082 ι
2164 2030 2277 2084 Καὶ
2313 2025 2592 2082 πεσεῖσϐε.
2629 2044 2649 2079 ι
2676 2024 2900 2096 Ἐπειδὴ
2928 2027 2956 2080 ὀ
2989 2021 3211 2094 σφάζων
3247 2022 3310 2076 τὸ
3354 2024 3630 2093 εὐτραφὲς

2039 2120 2253 2190 σφάξει.
2353 2134 2360 2141 ·

2117 2229 2137 2262 ι
2173 2212 2297 2263 ’Ὁτι
2333 2209 2585 2281 ὠλόθρει.
2619 2229 2638 2262 ι
2676 2209 2803 2263 Ἐπὶ
2842 2209 2940 2279 μὲν
2964 2206 3240 2261 Ἰουδαίων
3267 2206 3366 2270 τὰς
3392 2206 3584 2272 θυσίας
3606 2247 3627 2273 ,

2037 2303 2134 2357 καὶ
2171 2302 2351 2355 πάντα
2374 2301 2444 2353 τὰ
2470 2301 2604 2355 ἄλλα
2629 2300 2835 2372 νόμιμα
2856 2315 2874 2333 ·
2914 2298 3008 2351 ἐπὶ
3040 2298 3098 2351 δὲ
3129 2295 3225 2351 τοῦ
3255 2289 3490 2351 καθόλου
3521 2299 3626 2362 τὰς

2037 2393 2312 2462 διαγωγὰς
2340 2391 2542 2449 αὐτῶν.

2114 2505 2134 2540 ι
2184 2486 2595 2556 Ἐγκατέλιπεν.
2636 2504 2656 2536 ι
2720 2484 2846 2539 Ἐπὶ
2888 2483 2988 2554 μὲν
3042 2483 3310 2539 Ἰουδαίων
3352 2486 3386 2536 ὀ
3414 2481 3629 2552 Κύριος

2037 2582 2130 2636 τὸν
2183 2579 2380 2635 ἑαυτοῦ
2442 2578 2571 2633 ναὸν
2618 2577 3051 2632 καταλέλοιπεν*
3100 2579 3193 2631 ἐπὶ
3240 2578 3298 2631 δὲ
3350 2579 3450 2649 τῆς
3492 2593 3629 2629 συν-

2038 2672 2274 2735 τελείας.
2326 2672 2404 2734 ὡς
2452 2670 2589 2723 λέων
2634 2668 3047 2732 καταλελοιπὼς
3091 2668 3401 2736 κατάλυμα,
3451 2666 3630 2730 οὕτως

2042 2766 2411 2835 συγχωρεῐται
2444 2751 2478 2816 ὸ
2516 2761 2763 2827 Σατανᾶς
2807 2760 3050 2829 ἐξελθεῖν
3083 2760 3227 2815 κατὰ
3268 2760 3378 2814 τῶν
3410 2758 3627 2832 ἀνθρώ-

2039 2876 2180 2914 πων.

2116 2972 2135 3004 ι
2166 2952 2289 3005 ’Ότι
2313 2950 2570 3020 ἐγενήθη.
2606 2967 2626 3001 ι
2674 2948 2893 3020 Ἐπειδὴ
2924 2950 2973 3003 οἱ
3022 2947 3301 3020 ἄνθρωποι
3331 2948 3631 3019 κτηνώδεις

2040 3046 2352 3115 γεγόνασιν,
2382 3047 2410 3097 6
2441 3043 2499 3095 δὲ
2533 3044 2781 3106 Σατανᾶς
2804 3043 2921 3096 ἔστι
2952 3042 3142 3115 θηρίον
3171 3081 3188 3107 ν
3218 3041 3295 3106 ὡς
3333 3044 3394 3096 ὲν
3431 3043 3634 3114 ἐρήμῳ

2044 3135 2456 3207 συγχωροῦνται
2504 3135 2623 3204 ἅμα
2673 3133 2960 3205 νέμεσθαι,
3011 3132 3101 3187 διὰ
3137 3132 3199 3186 τὸ
3242 3132 3485 3203 ψυγῆναι
3527 3134 3631 3204 τὴν

2043 3230 2287 3299 ἀγάπην.

2611 3320 2867 3374 ΚΕΦΑΛ.
2909 3319 3057 3387 Kq'.

2120 3433 2141 3469 ι
2177 3414 2364 3478 Οὕτως
2397 3409 2520 3467 εἷπε
2558 3413 2767 3485 Κύριος
2793 3428 2807 3444 ⁸
2843 3412 3008 3483 Στῆθι
3049 3413 3108 3468 ὲν
3154 3411 3294 3484 αὐλῇ
3324 3410 3475 3466 οἴκου
3504 3412 3628 3464 Κυ-

2045 3508 2184 3579 ρίου.
2226 3522 2246 3558 ι
2278 3502 2770 3578 Διαμαρτύραοθαι
2804 3501 3021 3556 κελεύει
3079 3502 3211 3565 Θεὸς
3259 3501 3337 3573 τῷ
3367 3501 3631 3573 προφήτῃ

2044 3601 2172 3666 τοὺς
2207 3599 2520 3665 Ἰουδαίους,
2555 3598 2651 3653 ἐπὶ
2674 3596 2753 3668 τῷ
2781 3595 3081 3666 φυλάττειν
3112 3594 3185 3649 τὰ
3225 3594 3345 3648 θεῖα
3394 3595 3628 3666 νόμιμα,

2045 3694 2134 3749 [va
2169 3694 2245 3766 μὴ
2273 3693 2479 3769 ἐπέλθῃ
2510 3693 2699 3755 αὐτοῖς
2723 3693 2757 3761 ἡ
2784 3690 2948 3762 ὀργή.

2120 3807 2140 3839 ι
2176 3787 2289 3840 Καὶ
2331 3785 2428 3857 τὴν
2482 3784 2640 3837 πόλιν
2684 3781 2843 3836 δώσω
2889 3783 2971 3845 είς
3037 3780 3308 3853 κατάραν.
3371 3800 3392 3834 ι
3431 3781 3550 3834 Ἵνα
3591 3775 3630 3855 ᾗ

2044 3878 2473 3950 ὲπικατάρατος,
2504 3877 2599 3932 καὶ
2632 3876 2763 3939 τοὺς
2787 3875 2969 3928 αὐτῶν
2988 3873 3047 3928 δὲ
3077 3873 3305 3945 ἐχθροὺς
3335 3875 3384 3927 οί
3412 3874 3630 3945 ἄνθρω-

2042 3988 2136 4025 ποι
2170 3971 2256 4024 ἵνα
2287 3970 2520 4040 ἔχωνται
2548 3965 2863 4040 [εὔχωνται]
2888 3966 2958 4021 τὰ
2985 3966 3149 4037 ὃμοια
3182 3966 3398 4020 παθεῖν.

2118 4082 2137 4114 ι
2172 4063 2283 4116 Καὶ
2331 4062 2597 4131 ἥκουσαν.
2639 4077 2658 4110 ι
2723 4059 2911 4131 Ὁρᾷς,
2957 4056 3075 4120 πῶς
3120 4056 3467 4131 ἁγριαίνουσι
3530 4058 3631 4111 καὶ

2041 4153 2454 4224 ἀγανακτοῦσι;
2487 4152 2585 4205 καλ⁸
2638 4149 2745 4221 μὴν
2778 4150 2846 4203 δι’
2888 4150 3023 4204 αὐτὸ
3082 4148 3239 4202 τοῦτο
3271 4149 3628 4221 ἀναιρεθῆναι

2042 4246 2144 4299 οὐκ
2196 4246 2386 4317 ἐχρῆν.
2436 4244 2500 4297 El
2547 4242 2664 4316 γὰρ
2693 4241 2826 4305 Θεὸς
2862 4240 3120 4305 ἐπέταξε,
3164 4238 3460 4312 πεισθῆναι
3517 4239 3625 4293 δεῖ.

2043 4332 2217 4387 Τοῦτο
2247 4333 2394 4403 ὑμᾶς
2438 4331 2599 4384 λυπεῖ
2623 4332 2684 4384 τὸ
2722 4331 2895 4402 ῥῆμα,
2923 4332 2985 4383 τὸ
3019 4330 3077 4383 δὲ
3114 4330 3205 4382 τὸν
3236 4329 3330 4382 τοῦ
3366 4328 3494 4384 ναοῦ
3540 4346 3628 4382 τι-

350 4418 485 4458 vero
514 4405 605 4475 qui
640 4409 839 4479 templo
860 4411 1183 4467 honoratior
1213 4424 1317 4478 est,
1341 4417 1763 4473 contumeliosos
1793 4432 1935 4485 esse,

2075 4421 2317 4494 tttinepov
2342 4421 2671 4493 ὲνυὸρίζειν,
2704 4423 2765 4475 οὐ
2798 4419 3060 4493 πονηρὸν,
3083 4421 3185 4474 οὐκ
3212 4421 3443 4489 ἀσεϐές;
3476 4421 3627 4476 Πάνυ

350 4509 464 4549 non
531 4498 755 4564 malum,
801 4516 912 4557 non
955 4503 1181 4575 impium
1214 4505 1335 4561 est?
1384 4506 1548 4575 Sane,
1576 4508 1779 4563 dictum
1835 4509 1942 4565 hoc

351 4590 569 4645 animos
591 4606 778 4648 eorum
802 4596 959 4651 valde
988 4599 1288 4669 pungebat.

429 4680 539 4735 «Et
569 4686 831 4740 convenit
882 4684 1144 4743 Ecclesia.
1188 4708 1206 4741 ›
1253 4690 1627 4764 Congregatus
1674 4704 1761 4751 est
1810 4695 1938 4751 uni-

352 4784 547 4825 versus
572 4776 809 4843 populus
844 4778 1121 4834 seniorum
1153 4789 1310 4836 terrae
1340 4784 1802 4855 circumiacentis.

423 4858 489 4915 Υ.
516 4863 603 4918 l7.
640 4884 660 4917 ι
689 4864 754 4921 Εῑ
784 4883 962 4924 mons.
997 4890 1016 4923 ›
1050 4869 1206 4927 Mons
1232 4873 1288 4927 in
1321 4890 1429 4945 quo
1461 4876 1624 4931 situm
1653 4892 1770 4933 erat
1800 4886 1938 4932 tem-

351 4952 525 5022 plum,
554 4955 608 5010 in
649 4957 1063 5017 desolationem.

423 5045 489 5102 ν.
543 5049 636 5106 24.
698 5069 717 5103 ι
767 5050 954 5123 itaque
1005 5069 1201 5111 manus
1256 5057 1534 5113 Achieam.
1585 5078 1605 5112 ι
1675 5059 1935 5117 Achicam

351 5155 497 5196 unus
549 5141 641 5199 hic
705 5154 824 5200 erat
862 5160 893 5201 e
923 5148 1289 5219 magnatibus,
1323 5151 1415 5220 qui
1473 5151 1721 5208 Ieremia:
1779 5153 1933 5210 fave-

352 5233 468 5290 bat.

948 5330 1099 5387 CAP.
1130 5333 1340 5389 XXVII.

425 5414 487 5474 ν.
514 5421 568 5476 2.
614 5441 635 5474 ι
661 5421 752 5477 Sic
767 5422 1345 5482 dixitDominustac
1377 5427 1469 5483 tibi
1500 5429 1766 5488 vincula.»
1794 5432 1936 5490 Prte-

351 5508 485 5581 cipit
539 5511 682 5568 Deus
726 5514 1030 5584 prophetat,
1086 5526 1147 5573 ut
1182 5521 1321 5577 collo
1374 5537 1474 5578 suo
1522 5533 1734 5594 aptaret
1789 5536 1937 5583 cate-

414 5713 461 5749 “
494 5717 686 5775 Matth.
722 5735 869 5786 χειν,
905 5723 956 5778 7.

2039 4516 2240 4578 αὐτοὺς
2272 4514 2465 4569 ἔδακνε
2495 4515 2556 4568 τὸ
2597 4513 2786 4587 ῥηθέν.

2114 4715 2136 4748 ι
2174 4696 2285 4749 Καὶ
2313 4694 2772 4765 ὲξεκκλησιάσθη.
2819 4713 2839 4747 ›
2884 4693 3134 4765 Συνήχθη
3168 4695 3276 4759 πᾶς
3297 4696 3326 4748 ὁ
3362 4693 3491 4759 λαὸς
3518 4695 3627 4749 τῶν

2037 4790 2433 4862 πρεσϐυτέρων
2457 4789 2557 4859 τῆς
2582 4787 2686 4858 γῆς
2706 4788 2806 4859 τῆς
2835 4785 3174 4859 περιχώρου.

2121 4903 2140 4936 ι
2179 4883 2293 4937 Καὶ
2327 4882 2389 4937 τὸ
2435 4882 2582 4954 ὅρος.
2638 4900 2657 4934 ›
2697 4880 2771 4934 Τὸ
2806 4880 2955 4953 ὅρος,
2990 4882 3078 4951 ἐφ’
3106 4873 3155 4949 ᾧ
3192 4883 3370 4936 κεῖται
3400 4883 3430 4935 ὁ
3474 4880 3628 4946 ναὸς,

2043 4977 2124 5041 εἱς
2151 4976 2453 5047 ἐρήμωσιν.

2119 5084 2139 5118 ι
2178 5065 2323 5136 Πλὴν
2357 5064 2480 5136 χεὶρ
2521 5062 2814 5134 Ἀχεικάμ.
2873 5080 2893 5115 ›
2938 5062 3207 5134 ’Δχεικὰμ
3254 5057 3337 5128 εἷς
3374 5060 3441 5137 ἧν
3471 5058 3633 5132 οὗτος

2040 5157 2151 5211 τῶν
2173 5156 2437 5223 δυνατῶν,
2470 5154 2874 5226 προϊστάμενος
2911 5154 3198 5226 Ἱερεμίου.

2495 5381 2507 5397 ι
2616 5332 2870 5390 ΚΕΦΑΔ.
2911 5335 3035 5389 KZ’.

2056 5440 2063 5445 '
2119 5454 2139 5488 ι
2173 5434 2361 5501 Οὕτως
2391 5427 2512 5489 εἷπε
2544 5434 2772 5506 Κύριος
2801 5431 3036 5501 Ποίησον
3060 5432 3276 5505 σεαυτῷ
3308 5435 3562 5507 δεσμούς.
3604 5457 3626 5492 s

2042 5527 2276 5584 Κελεύει
2317 5529 2346 5582 δ
2376 5527 2508 5592 Θεὸς
2556 5525 2637 5598 τῷ
2674 5525 2934 5597 προφήτῃ
2980 5523 3195 5590 κλοιοὺς
3240 5527 3501 5605 ἐμϐαλεῖν
3544 5532 3630 5599 είς
