3942 6410
315 365 417 430 687

1406 353 1932 420 OLYMPIODORI
1963 353 2499 417 ALEXANDR‘INI

3506 355 3612 420 €88

391 500 410 532 ι
451 477 730 534 Divertere
763 474 970 532 faciens
1001 491 1164 547 super
1203 471 1397 530 fossas.
1441 493 1459 526 ι
1501 471 1679 542 Super
1718 471 1900 542 bapti-

2085 487 2103 522 ι
2148 469 2398 535 Αὑλίξων
2423 469 2515 523 ἐπὶ
2535 466 2832 540 διώρυγας.
2869 484 2888 521 ι
2932 469 3057 523 Ἐπὶ
3076 467 3146 524 τὰ
3165 468 3262 523 τοῦ
3293 468 3610 544 βαπτίσμα-

313 574 503 629 smatis
533 573 736 627 ﬂuenta
765 571 1035 626 divertere
1064 568 1270 624 faciens
1299 583 1414 622 eos.

385 665 450 721 ν.
486 666 574 722 10.
630 683 650 716 ι
688 664 887 720 Audite
933 662 1120 718 verba.
1159 679 1179 714 ι
1219 659 1437 717 Etenim
1481 657 1899 732 per-Christum

312 759 494 816 edocti
523 771 714 813 sumus
747 755 930 812 dicere
967 771 980 807 :
1031 753 1196 809 Pater
1231 762 1406 808 noster
1433 754 1528 825 qui
1558 769 1611 807 es
1651 752 1710 806 in
1737 749 1900 805 coriis.-

319 872 336 904 ι
371 851 535 917 Quasi
578 859 783 922 pastor.
823 865 842 900 ι
898 847 994 902 llle
1025 846 1292 902 Dominus
1320 846 1416 917 qui
1446 846 1581 902 dicit
1606 864 1620 902 :
1651 845 1762 918 Ego
1783 860 1902 900 sum

339 951 523 1013 pastor
552 943 716 996 bonus
729 941 794 994 ¹⁰.

380 1036 444 1091 ν.
473 1036 556 1089 la.
600 1053 618 1086 ι
651 1033 716 1088 Et
750 1033 992 1090 venient.
1023 1051 1042 1084 ι
1083 1032 1163 1088 Ad
1195 1031 1516 1097 Ecclesiam,
1554 1033 1612 1088 in
1640 1047 1746 1102 qua
1778 1047 1904 1102 pre-

313 1131 512 1184 tiosum
537 1143 738 1199 corpus
764 1137 818 1182 et
841 1125 1063 1198 sanguis
1093 1125 1300 1182 Christi
1324 1123 1580 1182 oﬁ‘ertur.

385 1243 404 1273 ι
444 1221 923 1292 Etjumentorum.
965 1238 984 1270 ι
1020 1217 1186 1290 Signa
1215 1219 1334 1274 hzec
1362 1227 1494 1275 sunt
1517 1219 1688 1290 pacis.

379 1313 444 1368 ν.
477 1313 563 1366 15.
599 1330 617 1362 ι
655 1313 721 1367 Et
749 1327 931 1367 senes.
979 1330 1000 1364 ι
1043 1310 1301 1367 Ecclesia:
1332 1311 1387 1366 in
1415 1319 1568 1367 cmtu
1594 1309 1903 1364 animarum

306 1405 512 1461 Christi
536 1404 642 1461 ﬁde
673 1403 1006 1470 ﬂorentium,
1039 1410 1097 1459 et
1123 1417 1391 1459 canorum
1417 1401 1712 1474 prudentia
1734 1414 1904 1456 orna-

308 1509 512 1553 torum.

379 1591 445 1650 ν.
470 1593 557 1649 11.
606 1611 625 1645 ι
669 1589 984 1649 lnebriabo.
1019 1609 1040 1642 ι
1080 1587 1292 1645 Divinis
1326 1585 1679 1644 sermonibus
1721 1598 1904 1640 sacer-

307 1687 465 1744 dotes
506 1684 765 1757 implebo,
803 1691 864 1740 ut
891 1681 1109 1755 possint
1131 1678 1383 1738 docendo
1408 1677 1692 1735 laetiﬁcare
1725 1692 1906 1750 popu-

305 1778 442 1834 lum.
518 1793 561 1801 ν·
639 1803 644 1814 ·

1894 614 1901 624 .
2004 577 2097 628 τος
2127 563 2350 634 νάματα
2386 560 2758 632 κατασκηνῶν
2792 561 3017 628 αὐτούς,
3107 595 3110 598 .

2078 672 2100 709 ι
2147 655 2451 710 Ἀκούσατε
2481 654 2666 724 λόγον.
2707 672 2726 707 ι
2787 655 2898 714 Καὶ
2931 655 3044 727 γὰρ
3089 656 3178 712 διὰ
3222 658 3467 730 Χριστοῦ
3503 660 3599 714 ιδι.

2003 744 2289 817 δάχθημεν
2319 744 2500 814 λέγειν
2518 761 2534 777 ·
2575 745 2782 813 Πάτερ
2801 742 2976 812 ἡμῶν
3001 748 3037 801 ὀ
3064 745 3134 800 ὲν
3157 747 3287 815 τοῖς
3305 738 3614 818 οὐρανοῖς,

2012 858 2030 892 ι
2086 838 2176 904 Ὠς
2202 839 2233 891 ό
2271 837 2512 910 βόσκων.
2554 856 2574 891 ι
2619 837 2680 892 '0
2720 837 2901 908 λέγων
2956 838 3188 912 Κύριος·
3235 840 3387 912 Ἐγώ
3422 843 3541 913 ειμι
3576 843 3613 897 δ

2007 930 2244 1003 ποιμὴν
2272 933 2307 987 ὁ
2340 928 2552 998 καλός.
2714 963 2722 972 -
3503 967 3512 976 ι

2079 1043 2098 1077 ι
2139 1024 2250 1080 Καὶ
2277 1023 2492 1095 ἥξουσι..
2532 1041 2555 1078 ο
2604 1023 2731 1079 Ἐπὶ
2760 1023 2861 1097 τὴν
2902 1024 3420 1098 Ἐκκλησίαν,.ῑνθα
3447 1027 3511 1082 τὸ
3533 1027 3622 1084 1i-

2009 1136 2131 1190 μιον
2161 1117 2326 1190 σῶμα
2361 1117 2460 1173 καὶ
2491 1112 2636 1190 αἷμα
2661 1117 2905 1192 Χριστοῦ
2937 1119 3341 1193 προσφέρεται.

2082 1229 2102 1264 ι
2134 1211 2248 1264 Καὶ
2277 1209 2518 1282 κτηνῶν.
2549 1229 2571 1265 ι
2614 1210 2809 1266 Ταῦτα
2836 1214 3044 1283 σημεῖα
3069 1214 3318 1285 εἰρήνης.
3434 1282 3443 1289 _

2081 1320 2101 1355 ι
2146 1303 2258 1358 Kal.
2293 1303 2625 1375 πρεσϐῦται.
2681 1323 2700 1360 ι
2734 1305 2804 1360 Δί
2879 1306 3200 1378 Ἐκκλησίαι
3249 1309 3310 1363 ἐν
3343 1310 3409 1380 τῇ
3476 1324 3605 1363 συν-

2006 1398 2202 1468 αγωγῇ
2223 1395 2336 1451 τῶν
2355 1398 2499 1453 κατὰ
2515 1397 2755 1471 Χριστδν
2771 1397 3141 1469 ἀκμαζουσῶν
3159 1400 3370 1473 ψυχῶν,
3388 1400 3484 1456 καὶ
3496 1401 3576 1456 τῶ
3587 1417 3607 1455 θ

2005 1490 2064 1545 ιν
2095 1491 2364 1565 φρονήσει
2393 1489 2621 1547 πολιῶν.

2009 1603 2014 1607 ·
2078 1600 2102 1635 ι
2149 1581 2408 1638 uenam.
2453 1599 2472 1635 ι
2512 1581 2688 1638 Θείων
2726 1583 2904 1655 λόγων
2925 1583 3208 1657 πληρὼσω
3236 1584 3364 1650 τοὺς
3397 1586 3604 1656 ἱερεῖς,

2004 1670 2377 1817 ιέξδῦῖασθαι
2409 1674 2730 1747 εὐφραίνειν
2753 1677 2848 1732 τὸν
2875 1675 3034 1746 λόγον
3053 1676 3206 1750 [τοι-ι.
3230 1674 3386 1748 λαὸν]
3431 1677 3494 1732 ὲν
3517 1676 3604 1731 δι-

2077 1778 2183 1817 σκα
2221 1762 2299 1817 ία.

2077 1762 2299 1818 σκαλία.

486 1869 574 1925 16.
632 1888 652 1922 ι
691 1869 828 1938 Quia
873 1878 958 1925 est
994 1881 1226 1924 merces.
1267 1883 1286 1917 ι
1335 1864 1430 1920 Vel
1460 1861 1606 1935 quod
1637 1860 1775 1917 mori
1804 1875 1902 1932 pro

2085 1873 2106 1906 ι
2139 1833 2268 1909 Ὅτι
2298 1853 2420 1926 εστι
2461 1854 2680 1927 μισθός.
2713 1873 2734 1910 ι
2770 1857 2842 1910 Ἢ
2869 1855 2952 1911 δτι
2995 1854 3270 1928 ἔμμισθον
3297 1854 3358 1912 τδ
3389 1855 3604 1912 ἀποθααε

303 1963 549 2030 Christo,
583 1977 696 2019 non
723 1970 874 2018 caret
919 1958 1196 2025 mercede,
1249 1941 1339 2014 vel
1361 1956 1510 2028 quod
1537 1953 1765 2011 Paulum
1808 1952 1907 2009 ha-

302 2056 461 2114 bebis
484 2055 717 2111 multum
752 2047 1074 2109 allereritem
1089 2050 1365 2106 fructum.

379 2165 398 2198 ι
433 2144 500 2199 Et
523 2151 891 2200 revertentur.
927 2161 946 2195 ι
984 2139 1083 2197 Vel
1111 2139 1314 2196 mortui
1342 2139 1454 2212 jam
1487 2136 1584 2193 ﬁlii
1611 2149 1905 2208 resurgen-

248 2241 250 2243 ’
303 2251 408 2306 tes,
442 2245 499 2294 et
523 2237 578 2292 in
606 2235 829 2292 Christo
850 2235 1220 2301 exsistentes;
1249 2233 1332 2288 vel
1365 2229 1511 2302 quod
1537 2227 1739 2284 Paulus
1769 2227 1905 2283 mul-

303 2339 390 2387 tos
417 2345 448 2385 e
477 2329 734 2400 gentibus
761 2328 1046 2410 convertit.

377 2440 396 2473 ι
440 2421 647 2477 Stabile
682 2421 808 2476 ﬁliis
831 2421 960 2477 tuis.
989 2438 1008 2472 ι
1043 2417 1109 2475 Et
1123 2419 1247 2484 erit,
1276 2417 1375 2483 ait,
1409 2429 1623 2472 merces
1642 2413 1903 2486 perennis

301 2514 429 2570 ﬁliis
475 2513 584 2568 tuis
621 2511 710 2568 vel
746 2509 1074 2577 interfectis,
1113 2508 1202 2565 vel
1251 2505 1443 2562 Paulo.
1497 2505 1732 2576 Semper
1770 2516 1903 2559 vero

301 2600 510 2656 Rachel
549 2613 652 2670 pro
695 2598 943 2654 Ecclesia
993 2596 1253 2663 sumitur,
1307 2610 1472 2666 quam
1510 2603 1567 2650 et
1593 2595 1901 2666 plorantem

304 2693 618 2770 cpnsolatur
663 2691 756 2747 hic
823 2703 1005 2747 sermo
1041 2688 1114 2746 ob
1155 2687 1578 2761 persecutiones
1621 2695 1678 2745 et
1723 2685 1902 2743 caedes

194 2834 196 2837 .
301 2790 527 2857 propter
563 2779 865 2838 Christum.

302 2959 305 2962 ’
357 2961 437 3020 ⁵ν.
470 2962 558 3020 18.
596 2979 616 3013 ι
659 2958 904 3016 Audiens
925 2955 1075 3027 audi,
1097 2957 1393 3030 Ephrem.»
1426 2954 1672 3029 Ephrem
1699 2971 1732 3014 e
1764 2943 1926 3030 gen:
2002 2976 2022 3014 ’τ

298 3055 446 3112 tibus
474 3052 737 3127 populum
769 3059 944 3109 vocat.

372 3147 435 3203 ν.
475 3148 561 3205 18.
599 3167 618 3201 ι
664 3147 777 3220 Ego
809 3155 1068 3248 tanquam
1101 3143 1670 3248 vitulusnnondidici.
1701 3163 1720 3200 ι
1754 3147 1900 3248 Tan-
1925 3187 1968 3248 ο

298 3257 464 3314 quam
487 3241 714 3307 vitulus,
744 3241 852 3309 ait,
881 3239 1022 3296 meis
1047 3237 1430 3312 iniquitatibus
1454 3238 1766 3298 innutritus
1792 3240 1892 3300 Dei

298 3331 467 3388 verba
496 3347 608 3388 non
633 3331 822 3388 didici.

376 3442 396 3478 ι
428 3424 701 3482 Converte
733 3415 858 3480 me.
883 3442 905 3478 ι
931 3421 1117 3491 Quem,
1155 3423 1252 3492 ait,
1285 3424 1521 3496 fructum
1543 3427 1814 3499 percipitis
1835 3427 1900 3484 de

300 3517 488 3590 quibus
538 3534 678 3573 nunc
711 3516 1116 3573 erubescitis“?
1145 3517 1330 3589 itaque
1369 3517 1491 3576 dies
1531 3518 1894 3586 confusionis,

300 3611 420 3666 dies
445 3611 656 3682 peccati
673 3618 852 3667 vocat.
1291 3647 1295 3651 -

371 3702 438 3759 γ.
471 3704 566 3757 19.
599 3722 616 3754 ι
656 3701 721 3758 Ει
745 3701 962 3760 ostendi
988 3701 1110 3759 tibi.
1148 3701 1323 3759 illoc
1355 3702 1524 3759 veluti
1549 3704 1897 3776 percnthesis

301 3805 428 3853 est:
464 3794 611 3852 Sicut
634 3796 725 3868 qui
754 3795 998 3851 salvatur
1023 3794 1248 3867 populus
1281 3812 1313 3849 a
1345 3793 1496 3861 Deo;
1531 3797 1688 3866 quasi
1719 3796 1895 3852 dicat:

302 3890 516 3946 Bonum
563 3898 616 3944 te
675 3889 892 3944 ca'teris
952 3888 1265 3960 exemplum
1329 3903 1658 3961 proponam,
1713 3897 1774 3944 ut
1803 3897 1898 3946 tuo

301 3984 552 4055 exemplo
580 3990 636 4039 et
664 3982 756 4037 alii
778 3982 914 4038 salvi
949 3979 1101 4036 ﬁant.

369 4070 438 4130 V.
468 4074 560 4130 20.
618 4093 638 4127 ι
670 4073 968 4130 Delicatus.
1003 4072 1218 4156 {Quod
1259 4073 1434 4129 libero
1463 4073 1692 4130 arbitrio
1728 4090 1924 4131 orna-.
1993 4083 1996 4088 '

303 4177 392 4224 tus
423 4168 608 4234 homo,
641 4179 702 4222 ut
739 4167 796 4223 in
825 4183 892 4224 eo
927 4167 997 4223 sit
1026 4153 1250 4223 delicias
1277 4166 1380 4222 sibi
1405 4166 1585 4223 facere
1611 4183 1734 4238 qua:
1761 4168 1893 4222 vult.

370 4259 439 4315 ν.
479 4261 570 4315 21.
610 4280 629 4312 ι
673 4261 817 4316 Siste
845 4270 898 4317 te
926 4261 1124 4332 ipsam,
1163 4258 1317 4314 Sion.
1361 4277 1379 4311 ι
1411 4257 1586 4330 Surge
1626 4273 1657 4314 e
1687 4260 1894 4330 peccati

299 4355 476 4427 lapsu.
526 4353 699 4428 Surge
734 4357 913 4412 crucis
965 4365 1191 4428 tropaeo.
1218 4355 1316 4412 Vel
1346 4355 1467 4424 sic:
1514 4355 1658 4411 Siste
1699 4366 1895 4411 temet-

299 4441 504 4520 ipsam;
538 4460 658 4504 tuas
700 4465 788 4505 res
815 4450 1105 4522 diligenter
1125 4449 1413 4517 examina;
1443 4459 1563 4504 esto
1595 4448 1673 4503 tui
1699 4448 1892 4519 judcx,

301 4549 462 4611 teque
493 4539 666 4616 ipsam
698 4540 891 4612 proba.

369 4737 397 4771 -ι
431 4717 537 4774 Fac
556 4734 793 4791 poenam.
827 4737 844 4772 ι
870 4707 976 4775 Per
991 4719 1198 4775 Christi
1229 4717 1392 4773 ﬁdem
1429 4726 1485 4773 et
1510 4716 1894 4788 paenitentiam

298 4812 368 4867 de
397 4813 552 4867 malis
571 4827 762 4884 pmna‘s
791 4813 1019 4881 sumito,
1044 4812 1222 4883 deque
1253 4811 1595 4868 daemonibus
1618 4810 1687 4866 ad
1717 4827 1780 4866 ea
1809 4811 1894 4865 in-

298 4905 647 4976 stigantibus.
1451 4909 1463 4916 "
1883 4909 1887 4912 ’

375 5015 395 5049 ι
446 4996 522 5052 Da
568 5013 664 5053 cor
713 5009 889 5054 tuum.
930 5015 950 5051 ι
994 4997 1254 5063 'Assume,
1285 4995 1380 5061 ait,
1423 4994 1637 5051 Christi
1675 5009 1893 5050 crucem

297 5106 466 5161 super
513 5091 794 5147 humeros.
848 5089 1067 5145 Aliter:
1112 5087 1192 5144 Ne
1225 5088 1442 5160 operias
1477 5088 1640 5153 mala,
1687 5088 1784 5144 sed
1830 5103 1893 5143 ea

297 5179 510 5249 paterae
539 5196 637 5252 per
667 5180 1090 5236 confessionem.
1117 5177 1289 5235 Aliter
1315 5177 1438 5234 :'Da
1466 5177 1601 5234 illud
1621 5178 1688 5234 ad
1713 5179 1895 5250 poeni-

298 5273 483 5328 tentia:
512 5273 749 5328 labores.

373 5383 391 5415 ι
435 5363 533 5420 Via
565 5365 618 5419 in
649 5381 756 5435 qua
789 5363 1103 5420 ambulasti.
1147 5382 1165 5416 ι
1203 5363 1472 5430 Quoniam
1506 5363 1564 5420 in
1590 5365 1748 5421 malis
1775 5379 1894 5420 am-

295 5456 518 5524 bulasti,
545 5458 611 5514 ad
639 5459 784 5514 bona
821 5465 1114 5514 revertere.
1565 5451 1568 5454 ’

375 5565 394 5598 ι
424 5547 744 5605 Revertere.
774 5554 798 5602 ι·
820 5547 1124 5606 Revertere
1147 5551 1214 5610 ad
1238 5549 1424 5623 priora
1452 5549 1742 5607 laudabilis
1768 5551 1893 5608 vitae

295 5637 577 5698 instituta:
619 5641 758 5699 delle
791 5659 953 5714 super
989 5647 1226 5714 peccatis
1257 5649 1367 5716 jam
1397 5643 1654 5717 patratis,
1681 5644 1892 5700 lamen-

298 5740 414 5787 tum
440 5734 610 5791 edens
631 5737 969 5792 beatitudine
996 5737 1240 5811 dignum.

354 5848 414 5880 '"
445 5851 598 5910 Joan.
623 5867 676 5918 ι,
701 5851 787 5906 14.
865 5853 908 5886 ιι
945 5851 1106 5910 Rom.
1132 5867 1202 5922 vr,
1226 5855 1317 5910 21.

1883 5953 1988 5968 ,Μ

2007 1945 2119 1999 νεῖν
2153 1944 2294 2018 ὑπὲρ
2320 1945 2589 2017 Χριστοῦ,
2613 1946 2649 2019 ῆ
2677 1947 2761 2002 δτι
2783 1945 2928 2013 ἔξεις
2950 1945 3040 2002 τὸν
3068 1945 3284 2002 Παῦλον
3310 1947 3481 2002 πολὺν
3509 1949 3606 2019 φά·

2009 2053 2177 2108 ροντα
2195 2050 2200 2055 ·
2215 2038 2454 2110 καρπόν.
2501 2070 2503 2072 -
2655 2054 2658 2058 ’
2728 2072 2733 2076 -
3167 2055 3170 2060 ·

2082 2148 2103 2184 ι
2140 2131 2253 2186 Καὶ
2281 2131 2698 2205 ἐπιστρέψουσι.
2738 2150 2758 2186 ι
2791 2132 2862 2186 Ἦ
2887 2132 2939 2186 οι
2962 2131 3392 2203 τελευτήσαντες
3411 2132 3604 2198 παῖδες

2004 2224 2364 2298 ἀνιστάμενοι
2387 2266 2402 2291 ,
2447 2226 2546 2282 καὶ
2573 2228 2646 2280 ἔν’
2668 2226 2894 2298 Χριστῷ
2927 2226 3104 2292 ὄντες,
3141 2226 3175 2298 ἤ
3201 2227 3284 2281 ὄτι
3311 2229 3340 2281 ὁ
3386 2226 3598 2292 Παῦλος

2004 2317 2236 2383 πολλοὺς
2261 2317 2322 2386 ἐξ
2354 2318 2526 2375 ἐθνῶν
2561 2318 2921 2392 ἀπέστρεψεν.

2081 2427 2102 2462 ι
2152 2410 2399 2482 Μόνιμον
2445 2412 2558 2474 τοῖς
2595 2413 2712 2476 σοῖς
2761 2409 2996 2476 τέκνοις.
3045 2429 3064 2463 ι
3099 2412 3211 2466 Καὶ
3232 2411 3410 2479 ἐσται,
3438 2413 3598 2483 φησὶ,

2002 2500 2234 2576 διαρκὴς
2274 2503 2306 2558 ὁ
2353 2501 2553 2576 μισθὸς
2594 2503 2712 2567 τοῖς
2739 2505 2852 2568 σοῖς
2878 2503 3092 2570 τέκνοις
3133 2507 3526 2579 ἀνῃρημένοις,
3562 2505 3597 2577 ἢ

2003 2594 2099 2648 καὶ
2125 2593 2202 2666 τῷ
2225 2593 2450 2668 Παύλῳ.
2504 2595 2619 2649 Ἀεὶ
2650 2594 2768 2668 δὲή
2814 2595 3017 2668 Ῥαχὴλ
3061 2597 3140 2661 είς
3179 2597 3478 2668 πρόσωπον
3496 2599 3598 2668 τῆς

2013 2685 2348 2759 Ἐκκλησίας
2379 2688 2814 2760 ὲκλαμϐάνεται,
2845 2689 2913 2761 ἢν
2942 2689 3040 2744 καὶ
3081 2689 3423 2760 ὀδυρομένην
3447 2691 3475 2742 ό
3503 2689 3594 2744 λό-

2001 2795 2100 2850 γος
2133 2779 2548 2852 παραμυθεῖται
2595 2781 2692 2836 ἐπὶ
2712 2781 2826 2846 τοϊς
2850 2780 3120 2851 διωγμοῖς
3168 2781 3266 2835 καὶ
3293 2782 3412 2847 ταῖς
3439 2781 3597 2838 ἀναι-

2004 2870 2190 2942 ρέσεσι
2224 2875 2344 2938 ταῖς
2375 2873 2467 2928 διὰ
2497 2871 2759 2945 Χριστόν.

2078 2982 2098 3017 ι
2151 2963 2398 3020 ’Δκούων
2450 2966 2684 3037 ηκουσα,
2731 2964 2998 3036 Ἐφραὶμ.
3045 2983 3066 3018 ο
3117 2963 3383 3037 Ἐφραὶμ,
3411 2962 3506 3018 τὸν
3534 2963 3595 3029 ἐξ

2002 3051 2178 3109 ἐθνῶν
2207 3053 2334 3108 λαόν
2357 3071 2512 3128 φησι.

2080 3164 2101 3201 ι
2145 3146 2288 3218 Ἐγὼ
2314 3147 2508 3221 ῶσπερ
2558 3148 2760 3221 μόσχος
2794 3148 2896 3203 οὐκ
2933 3148 3242 3220 ἐδιδάχθην.
3285 3165 3306 3202 ι
3355 3146 3444 3212 Ὠς
3486 3147 3591 3220 μό-

1999 3257 2154 3312 σχος,
2185 3241 2344 3313 φησὶ,
2375 3242 2499 3306 ταῖς
2528 3241 2690 3310 ἐμαῖς
2720 3240 3024 3314 ἁμαρτίαις
3057 3240 3460 3313 ἐντρεφόμενος
3487 3240 3596 3295 οὐκ

1998 3331 2290 3406 ἐδιδάχθην
2309 3331 2379 3388 τὰ
2410 3333 2533 3388 θεῖα
2563 3333 2746 3403 λόγια.
3014 3328 3028 3337 ”

2076 3442 2098 3478 ι
2126 3423 2492 3498 Ἐπίστρεψόν
2551 3439 2641 3496 με.
2673 3441 2702 3477 ο
2754 3421 2920 3491 Τίνα,
2957 3423 3092 3497 γὰρ,
3146 3425 3305 3498 φησὶ,
3352 3428 3594 3497 καρπὸν

1997 3515 2190 3588 ἔχετε,
2232 3516 2326 3587 ἐφ’
2377 3511 2469 3586 οἷς
2509 3517 2632 3574 νῦν
2683 3517 3178 3590 ἐπαισχύνεσθε;
3229 3520 3447 3592 ⁴ἡμέρας
3492 3517 3595 3577 οὖν
3631 3515 3642 3529 ⁸

1997 3607 2264 3681 αἰσχύνης
2293 3609 2397 3674 τὰς
2424 3610 2527 3680 τῆς
2555 3610 2834 3681 ἁμαρτίας
2859 3611 3016 3681 φησί.

2075 3719 2095 3754 ι
2136 3703 2244 3757 Καὶ
2270 3703 2530 3771 ὑπέδειξα
2574 3721 2682 3757 σοι.
2744 3721 2763 3757 ι
2825 3703 3001 3758 Τοῦτο
3027 3704 3119 3764 διὰ
3154 3709 3325 3778 μέσου
3360 3711 3541 3766 κεῖται
3574 3727 3590 3744 ο
3628 3693 3635 3698 ”

2001 3797 2230 3867 Ὠσπερ
2264 3795 2375 3852 τὸν
2392 3794 2744 3867 σωζόμενον
2771 3797 2929 3852 λαὸν
2981 3797 3050 3852 ἐκ
3079 3799 3188 3855 τσῦ
3224 3802 3406 3858 Θεοῦο
3469 3805 3594 3860 ἀντὶ

1998 3889 2114 3958 τοῦ,
2157 3892 2391 3962 Ἀγαθόν
2419 3909 2478 3947 σε
2503 3891 2812 3964 ὑπόδειγμα
2837 3894 3072 3967 ποιήσω,
3123 3895 3212 3952 ἵνα
3233 3897 3322 3952 διὰ
3367 3899 3463 3955 τοῦ
3492 3901 3594 3956 σοῦ

1997 3981 2531 4056 ὑποδείγματοςκαὶ
2591 3985 2745 4056 ἄλλοι
2785 3987 3056 4043 σωθῶσιν.

2069 4095 2094 4129 τ
2143 4076 2483 4149 Ἐντρυφῶν.
2547 4097 2566 4130 ι
2618 4079 2743 4133 Ὅτι
2809 4079 2889 4150 τῷ
2957 4080 3296 4156 αῦτεξουσίῳ
3355 4087 3591 4162 ἐτιμήθη

1998 4164 2310 4237 ἄνθρωπος,
2351 4166 2427 4231 ὡς
2460 4166 2580 4233 ἐξὸν
2630 4169 2784 4242 αὐτῷ
2818 4172 3095 4244 ὲντρυφᾷν
3127 4175 3187 4228 ἐν
3215 4171 3298 4241 οἷς
3329 4175 3398 4232 ἂν
3424 4179 3588 4238 θέλοι.

2075 4275 2094 4310 ι
2122 4257 2329 4329 Στῆσον
2359 4259 2616 4334 σεαυτὴν,
2641 4261 2801 4315 Σιών.
2839 4280 2858 4313 ι
2898 4263 3226 4336 Διανάστηθι
3274 4268 3339 4322 ἐκ
3370 4269 3467 4324 τοῦ
3492 4271 3597 4343 τῆς

1997 4351 2280 4425 ἁμαρτίας
2329 4353 2653 4426 πτώματος.
2718 4355 3010 4429 *Ανάστηθι
3056 4357 3145 4413 διὰ
3190 4360 3286 4415 τοῦ
3333 4365 3596 4435 τροπαίου

2001 4444 2258 4516 σταυροῦ.
2291 4447 2362 4501 Ἥ
2388 4447 2562 4511 οὓτως
2585 4465 2600 4479 ο
2633 4447 2842 4519 Στῆσον
2883 4453 3123 4522 σεαυτήν
3156 4470 3170 4484 σ
3217 4455 3597 4528 ἀκριϐολογή-

1928 4553 1973 4610 ι)
2003 4538 2130 4609 θητι
2167 4539 2240 4594 τὰ
2264 4540 2409 4595 κατὰ
2453 4543 2692 4616 σεαυτήν
2718 4557 2734 4572 '
2786 4543 2926 4615 πρὸς
2959 4545 3166 4619 ἑαυτὴν
3201 4549 3428 4622 κρίθητι
3451 4592 3466 4620 ,
3499 4553 3601 4607 καὶ

1999 4631 2299 4705 δοκίμασω
2331 4635 2591 4707 σεαυτήν.

2007 4793 2011 4798 τ
2073 4743 2093 4778 ι
2132 4726 2368 4798 Ποίησον
2397 4728 2693 4800 τιμωρίαν.
2725 4747 2743 4780 ι
2767 4729 2862 4784 Διὰ
2899 4731 2998 4802 τῆς
3028 4733 3087 4787 ὲν
3112 4733 3334 4806 Χριστῷ
3357 4735 3599 4801 πίστεως

1997 4818 2091 4872 καῖ
2112 4819 2211 4890 τῆς
2253 4821 2545 4891 μετανοίας
2565 4821 2880 4894 τιμώρησαι
2908 4823 2979 4877 τὰ
3005 4824 3209 4894 φαῦλα,
3243 4827 3340 4881 καὶ
3386 4827 3596 4893 αὐτοὺς

2000 4910 2128 4974 τοὺς
2160 4911 2302 4966 αὐτὰ
2334 4913 2701 4986 ἐνεργοῦντας
2730 4915 3018 4988 δαίμονας.

2001 5001 2010 5009 ’
2075 5023 2094 5055 ι
2141 5004 2242 5069 Δὸς
2273 5005 2526 5078 καρδίαν.
2561 5027 2579 5060 ι
2627 5007 2916 5075 ’Ᾱνάλα6ε,
2951 5011 3107 5081 φησὶ,
3140 5010 3237 5065 τοῦ
3263 5012 3475 5083 Κυρίου
3501 5015 3597 5069 τὸν

1997 5097 2236 5170 σταυρὸν
2263 5099 2488 5155 ἐπὶτῶν
2508 5098 2698 5171 ὤμων.
2728 5101 2961 5167 ’Ἄλλως⁹
2993 5104 3086 5173 Μὴ
3107 5105 3320 5174 κρύπτε
3349 5107 3415 5159 τὰ
3449 5105 3598 5174 φαῦ-

1996 5191 2083 5257 λα,
2107 5191 2248 5246 ἀλλὰ
2279 5192 2600 5265 φανέρωσον
2629 5193 2767 5249 αὐτὰ
2787 5194 2856 5248 δι’
2884 5195 3594 5268 ὲξομολογήσεως.”Αλλωςο

2011 5283 2224 5349 Ἐπίδος
2257 5285 2429 5356 αὐτὴν
2457 5285 2537 5350 εἰς
2558 5285 2652 5340 τὸν
2685 5287 2930 5354 κάματον
2955 5287 3053 5357 τῆς
3085 5288 3398 5358 μετανοίας.

2030 5446 2034 5450 π
2077 5396 2095 5428 ι
2148 5376 2298 5432 Ὁδὸν
2333 5372 2368 5450 ᾖ
2409 5377 2738 5449 ἐπορεύθης.
2782 5398 2800 5432 ι
2855 5378 3078 5452 Ἐπειδὴ
3115 5380 3461 5454 πεπόρευσαι
3498 5383 3598 5439 ἐπὶ

1994 5467 2066 5523 τὰ
2092 5467 2295 5538 φαῦλα,
2327 5469 2666 5542 ὑπόστρεψον
2705 5469 2798 5524 ἐπὶ
2829 5470 2900 5524 τὰ
2925 5471 3128 5540 ἀγαθά.

2075 5581 2094 5614 ι
2145 5561 2581 5634 ’Λποστράφηθι.
2619 5582 2639 5616 ι
2689 5563 3068 5635 Ὑπόστρεψον
3094 5565 3176 5628 εἰς
3196 5562 3296 5636 τὴν
3326 5563 3386 5629 ἐξ
3411 5565 3593 5637 ἀρχῆς

1996 5652 2399 5725 ἐπαινουμένην
2430 5652 2709 5709 πολιτείαν
2734 5695 2750 5720 ,
2773 5655 2867 5709 καὶ
2891 5655 3162 5725 πένθησον
3189 5656 3282 5708 ἐπὶ
3306 5658 3432 5721 ταῖς
3456 5673 3595 5728 προ-

1999 5744 2186 5817 τέραις
2225 5746 2524 5818 ἁμαρτίαις
2561 5747 2621 5802 τὸ
2659 5748 2854 5815 πένθος
2887 5748 2948 5804 τὸ
2975 5746 3444 5822 μακαριζόμενον.
3492 5809 3496 5812 ,
