3942 6414
302 395 416 460 (189

1359 377 1368 384 '
1432 396 1896 457 FRAGMENTA
1935 395 2017 456 1N
2058 397 2470 459 JEREMMM.

3462 397 3578 458 033'

284 503 294 517 “
373 523 394 557 ι
441 506 591 569 Ἕως
641 506 771 561 πότε
812 484 1183 581 ἀποστρέψεις
1207 526 1222 578 ;
1264 529 1283 563 ι
1317 511 1614 582 Μέμφεται
1641 513 1778 583 αὐτῇ
1810 512 1867 572 ὡς

2059 514 2122 568 ν.
2171 515 2259 569 22.
2311 539 2330 568 ι
2385 503 2675 587 Usquequo
2724 515 3159 570 converteris?»
3197 514 3569 583 Reprehendit

298 596 642 672 βραδυνούσῃ
671 601 750 664 εἰς
778 599 875 672 τὴν
912 602 1185 673 ὑπακοήν.
1865 625 1872 630 ·

373 707 393 740 ι
436 690 560 742 Ὀτι
602 689 790 744 ἔκτισὲ
831 709 897 761 με
958 693 1166 764 Κύριος
1231 696 1527 768 σωτηρίαν.
1576 714 1596 747 ι
1654 695 1887 758 Ἀκύλας

295 780 393 834 καὶ
434 779 757 852 Σύμμαχος,
794 781 884 835 ὅτι
934 783 1138 838 ἔκτισε
1180 787 1400 854 Κύριος
1449 788 1664 842 καινὸν
1705 788 1774 842 ἐν
1812 785 1886 854 τῇ

292 872 536 939 θηλείᾳ,
570 869 937 928 ὲκδεδώκασιν
973 891 987 907 ο
1028 876 1216 946 σαφῶς
1245 877 1302 931 δὲ
1333 877 1422 932 διὰ
1454 861 1661 932 τούτων
1708 881 1736 932 6
1765 895 1888 932 και-

291 964 388 1052 νὸς
433 964 748 1037 ἄνθρωπος,
795 967 825 1020 6
857 968 1170 1037 σαρκωθεὶς
1205 969 1398 1038 Λόγος,
1442 971 1471 1023 6
1509 971 1574 1024 ἐκ
1606 971 1885 1042 Παρθένου

295 1057 512 1127 τεχθεὶς
545 1059 1030 1131 προκατηγγὲλθη.
1281 1075 1284 1082 ·
1795 1080 1800 1090 ·

374 1167 393 1199 ι
441 1149 530 1202 Ἐν
562 1151 830 1221 σωτηρίᾳ.
870 1170 890 1202 ι
931 1152 1030 1206 Διὰ
1058 1153 1322 1226 Χριστοῦ,
1360 1156 1550 1226 φησιν,
1585 1156 1886 1227 ἐπανήξον-

299 1257 386 1293 σιν
415 1240 695 1312 ἄνθρωποι
732 1245 812 1305 εἰς
836 1245 1193 1316 παράδεισον,
1223 1247 1346 1301 ὅθεν
1371 1249 1657 1316 ἐξέπεσον.
1687 1250 1886 1302 Τοιαύ-

293 1349 397 1401 την
423 1334 546 1387 τινὰ
570 1333 882 1402 δοξολογίαν
927 1339 1021 1391 καὶ
1044 1340 1092 1391 οἱ
1118 1340 1308 1403 παῖδες
1329 1340 1656 1411 ἀνέπεμψαν
1687 1341 1780 1393 ἐπὶ
1808 1339 1888 1409 τῷ

296 1423 539 1495 Σωτῆρι,

372 1533 394 1568 ι
431 1517 812 1590 Εὐλογημένος
842 1519 1046 1591 Κύριος
1075 1521 1171 1575 ἐπὶ
1197 1521 1425 1576 δίκαιον.
1473 1542 1491 1575 ι
1536 1522 1754 1594 Ταύτην
1783 1540 1887 1595 φη-

293 1609 350 1660 σὶ
393 1609 494 1680 τὴν
529 1611 809 1682 ὑμνῳδίαν
856 1611 1282 1684 ἀναπέμψουσιν
1311 1615 1360 1667 οἱ
1410 1614 1512 1684 τῆς
1555 1614 1886 1686 Ἑκκλησίας

290 1701 414 1755 λαοὶ
467 1703 586 1774 ἅμα
635 1707 749 1768 τοῖς
805 1705 1188 1771 διδασκάλοιςο
1250 1707 1345 1761 καὶ
1396 1709 1477 1770 είς
1529 1707 1666 1778 ὕψος
1715 1708 1887 1780 ἀρθή-

292 1810 444 1864 σελται
478 1795 512 1864 ἡ
538 1796 766 1867 τοιαύτη
815 1796 967 1868 φωνὴ
992 1798 1052 1851 ἐν
1092 1800 1206 1862 τοῖς
1255 1800 1354 1870 τῆς
1393 1797 1726 1869 Ἐκκλησίας
1757 1815 1880 1851 ποι-

292 1883 494 1952 μνίοις.
1117 1914 1123 1919 -
1785 1905 1788 1908 ’

370 1992 392 2026 ι
425 1974 527 2028 Διά
555 1975 715 2029 τοῦτο
753 1975 1085 2048 ὲξηγέρθην.
1131 1995 1151 2029 ι
1197 1977 1322 2029 Ὀτι
1368 1976 1600 2041 πιστῶς,
1634 1977 1822 2049 φησὶν,
1853 1981 1881 2033 6

288 2064 583 2136 προφήτης
613 2064 880 2138 ἐδεξάμην
909 2066 970 2119 τὺ
996 2067 1204 2140 ὅραμα,
1227 2066 1318 2122 δτὰ
1345 2066 1505 2122 τοῦτο
1527 2068 1604 2132 ὡς
1636 2069 1882 2139 παρόντα

287 2153 359 2207 τὰ
384 2154 689 2226 πράγματα
716 2154 1054 2230 ἐθεασάμην.

371 2269 392 2303 ι
419 2250 541 2306 ’Καὶ
570 2255 598 2306 6
627 2251 796 2318 ὕπνος
825 2270 954 2324 μου.
999 2273 1020 2308 ι
1049 2255 1110 2308 '0
1141 2255 1243 2327 τῆς
1270 2256 1622 2320 ἀναστάσεως
1653 2256 1874 2328 τρόπος.

286 2343 455 2416 Δηλοὶ
481 2343 538 2398 δὲ
563 2345 658 2398 καὶ
688 2345 791 2417 τὴν
823 2346 888 2399 ὲκ
915 2346 1018 2418 τῆς
1041 2347 1324 2418 ἁμαρτίας
1352 2348 1689 2420 ἐλευθερίαν.
1729 2350 1878 2403 Ἀνα-

286 2435 521 2506 φέρεται
547 2435 606 2490 δὲ
631 2437 728 2491 καὶ
757 2439 838 2502 είς
858 2437 952 2492 τὸν
978 2437 1190 2510 Κύριον
1223 2440 1256 2510 ἡ
1301 2442 1608 2511 προφητεία
1627 2457 1641 2470 ο
1676 2439 1754 2511 τῷ
1785 2439 1876 2494 τὸν

286 2526 526 2582 θάνατον
561 2527 730 2582 ὕπνον
753 2530 1141 2600 ἐργασαμένῳ,
1175 2530 1269 2582 καὶ
1313 2529 1610 2602 θεωροῦντι
1643 2531 1756 2586 τῶν
1782 2548 1874 2584 πι-

285 2614 433 2670 στῶν
463 2616 524 2670 τὸ
545 2617 770 2690 πλῆθος,
799 2620 896 2674 καὶ
926 2621 1171 2692 χαίροντι
1198 2622 1291 2675 ἐπὶ
1323 2621 1402 2693 τῷ
1436 2609 1701 2687 ἑκουσίως
1724 2622 1874 2694 αὐτῷ

288 2710 546 2778 γεγονότι
572 2709 810 2784 θανάτῳ.
1153 2721 1156 2724 ’

362 2821 384 2854 ι
419 2802 552 2857 Ἰδοὺ
579 2804 783 2876 ἡμέραι
817 2804 1121 2877 ἔρχονται.»
1158 2808 1322 2873 Ἴσως
1346 2808 1446 2880 τὴν
1473 2808 1582 2864 τῶν
1607 2809 1873 2882 αἱρέσεων

281 2895 488 2966 φύρσιν
521 2896 658 2967 φησὶ
680 2935 696 2962 ,
741 2898 836 2951 καὶ
867 2897 980 2952 τῶν
1005 2899 1306 2972 κτηνώδεις
1337 2901 1574 2973 τρόπους
1608 2902 1874 2974 αἱρουμέ-

279 3003 412 3040 νων.
429 2985 577 3054 Ἐγὼ
607 2987 708 3057 μὲν
726 2988 838 3059 γὰρ
860 2988 1085 3059 σπερῶ,
1098 2991 1194 3044 τοῦ
1229 2991 1378 3044 σίτου
1401 2993 1869 3064 ἀντιποιούμενος,

279 3079 510 3146 τούτους
529 3082 590 3135 δὲ
618 3085 648 3136 6
675 3083 869 3154 ἐχθρὸς
890 3086 1227 3170 ἐπισπείρει.
1249 3087 1408 3142 Κατά
1426 3086 1483 3140 δὲ
1509 3087 1569 3140 τὸ
1593 3088 1694 3159 τῆς
1727 3089 1871 3160 Γρα-

279 3174 393 3242 φῆς
419 3174 852 3280 ίδίωμαζὲπειδὴ
878 3176 917 3231 ἀ
941 3180 1222 3250 συγχωρεῖ
1240 3178 1373 3242 Θεὸς
1389 3176 1523 3243 τοὺς
1547 3179 1872 3252 ἀνθρώπους
1901 3222 1944 3280 C

281 3266 695 3339 προαιρετικῶς
732 3270 944 3338 ποιεῖν,
985 3270 1154 3334 αὐτὸς
1187 3273 1361 3324 ποιεῖν
1397 3271 1640 3340 λέγεται,
1670 3271 1747 3338 ὡς
1786 3274 1869 3342 τὸ,

281 3358 634 3428 Παρέδωκεν
657 3360 883 3430 αὐτοὺς
906 3365 995 3430 εις
1012 3363 1172 3433 πάθη
1194 3363 1455 3435 ἀτιμίας,
1473 3365 1534 3418 ού
1555 3363 1703 3420 Θεοῇ
1711 3366 1873 3422 τοῦτο

280 3452 612 3523 ποιήσαντος
633 3493 651 3521 ,
713 3453 834 3510 ἀλλ’
897 3454 1078 3510 αὐτῶν
1142 3455 1304 3510 τοῦτο
1354 3457 1632 3528 ἑλομένων
1658 3475 1674 3491 ⁸
1729 3458 1874 3514 οὕτω

281 3545 378 3597 καὶ
415 3545 658 3600 ἐνταῦθα
697 3547 897 3601 κεῖται
933 3547 1018 3615 τὸ,
1068 3547 1276 3618 Σπερῶ
1318 3548 1559 3621 σπέρμα
1586 3552 1868 3621 κτήνους.

281 3636 406 3690 Ἔτι
437 3636 606 3710 [fort.
641 3638 847 3713 Ἐστι]
890 3639 950 3694 δὲ
981 3641 1078 3695 καὶ
1119 3640 1266 3696 οὕτω
1295 3637 1492 3713 νοῆσαι
1515 3659 1530 3675 °
1558 3645 1873 3716 ’Ἄνθρωποι

277 3731 420 3782 εἰσιν
463 3730 517 3783 οῑ
553 3729 857 3802 σοφώτεροι
908 3733 1004 3786 καὶ
1055 3733 1404 3806 τελειότεροι,
1435 3737 1486 3790 οι
1539 3737 1682 3807 μετὰ
1709 3738 1871 3807 λόγου

276 3822 372 3874 καὶ
394 3822 652 3889 γνώσεως
671 3823 772 3892 τὴν
793 3823 977 3878 πίστιν
1001 3826 1351 3896 κατέχοντες,
1379 3828 1550 3900 κτήνη
1575 3827 1634 3882 δὲ
1659 3831 1708 3884 οἱ
1734 3829 1873 3900 μετά

277 3915 586 3984 ἁπλότητος
615 3916 712 3967 καὶ
742 3914 1095 3987 ἀπεριέργως
1119 3919 1186 3988 τῇ
1219 3918 1401 3972 πίστει
1435 3919 1872 3992 προσδεδραμη-

275 4005 623 4075 κότες.Ἐγὼ
649 4006 767 4071 οὖν,
797 4006 954 4078 φησὶ,
988 4011 1084 4064 καὶ
1101 4009 1329 4075 τούτους
1378 4011 1667 4077 κάκείνους
1708 4014 1768 4067 ἐν
1800 4015 1870 4086 τῇ

285 4099 592 4172 Ἐκκλησία
615 4099 1034 4172 καταφυτεύσω.

348 4297 370 4330 ι
395 4277 537 4332 Ἀλλ’
552 4276 588 4348 ἢ
603 4277 832 4342 ἕκαστος
850 4278 910 4332 ὲν
925 4279 993 4351 τῇ
1015 4277 1208 4335 ἐαυτοῦ
1230 4280 1478 4354 ἁμαρτίᾳ
1493 4282 1868 4340 ἀποθανεῖται.

272 4389 293 4423 ι
315 4368 388 4424 Ἦ
409 4370 508 4424 τοῦ
535 4370 704 4442 ’Δδάμ
733 4371 980 4443 ἀμαρτία
991 4369 1275 4428 διελθοῦσα
1300 4375 1381 4439 είς
1401 4373 1648 4442 τδέθνος,
1670 4376 1871 4430 καὶέπὶ

264 4466 403 4525 τοὺς
462 4463 540 4536 μὴ
592 4465 1045 4537 ἁμαρτήσαντας,
1075 4461 1262 4537 ἦλθεν,
1312 4467 1392 4531 ὡς
1441 4461 1594 4521 εἶπεν
1639 4468 1669 4521 6
1710 4468 1870 4521 Ἀπό-

1914 1857 1963 1920 Β

1975 1979 1977 1981 ‘
2065 1971 2126 2024 ν.
2159 1970 2252 2024 26.
2284 1987 2302 2020 ι
2339 1968 2467 2024 ldeo
2487 1964 2898 2039 expergefactus
2923 1921 3064 2018 sum.
3105 1980 3123 2013 ι
3156 1921 3452 2028 Quoniam,
3481 1961 3567 2016 in-

1962 3630 2031 3696 ζει
2096 3636 2199 3691 hoc
2245 3634 2302 3689 in
2355 3634 2477 3689 loco
2538 3631 2738 3688 dicitur
2786 3647 2801 3684 :

1989 605 2156 672 illam,
2183 608 2337 678 quasi
2367 608 2572 663 tardam
2602 609 2666 664 ad
2691 610 3077 665 obediendum.

1994 725 2000 734 -
2063 699 2360 764 «Quoniam
2385 701 2590 756 creavit
2611 716 2697 757 me
2715 687 2977 757 Dominus
2997 684 3245 756 salutem.
3262 721 3278 752 ι
3304 687 3492 771 Aquila
3514 708 3569 755 et

1990 783 2437 856 Symmachusita
2472 798 2775 855 verterunt,
2809 791 2934 861 quia
2965 792 3156 845 creavit
3186 790 3439 843 Dominus
3475 805 3569 842 no-

1989 893 2111 931 vum
2137 879 2194 932 in
2224 880 2754 949 femina;manifeste
2777 883 2962 938 autem
2995 896 3093 950 per
3119 873 3441 939 hanc-novus
3472 878 3570 932 ho-

1989 984 2100 1035 mo,
2131 968 2366 1024 Verbum
2396 971 2756 1040 incarnatum,
2787 987 2952 1042 quem
2978 970 3142 1044 Virgo
3170 971 3402 1042 peperit,
3427 985 3567 1040 prte-

1989 1053 2402 1120 ntintiatuSest.
2496 1095 2504 1102 -
2680 1099 2684 1103 -
2812 1097 2815 1099 ›
2903 1087 2909 1096 ι
2985 1101 2988 1104 .
3143 1071 3189 1104 -ι
3288 1065 3360 1101 ι·
3448 1065 3500 1104 ,ί

2065 1173 2084 1206 ι
2123 1156 2182 1210 ιιι
2214 1155 2405 1211 salute.
2451 1176 2468 1207 ι
2503 1157 2607 1211 Per
2634 1157 2930 1224 Christum,
2963 1157 3060 1224 ait,
3091 1162 3433 1210 revertentur
3467 1154 3564 1207 ho-

1988 1246 2166 1301 mines
2199 1247 2253 1300 in
2291 1245 2600 1316 paradisum
2623 1284 2638 1311 ,
2680 1247 2823 1302 unde
2849 1247 3191 1301 exciderunt.
3229 1245 3388 1301 Hunc
3413 1245 3562 1315 hym-

1989 1352 2122 1390 num
2140 1344 2197 1390 et
2221 1336 2375 1406 pueri
2401 1335 2664 1389 Salvatori
2696 1333 3168 1391 cecineruntwu.

1983 1535 1992 1541 ·
2065 1515 2242 1570 νοτ.
2301 1535 2318 1567 ι
2362 1515 2688 1570 Benedictus
2740 1514 3001 1569 Dominus
3054 1528 3219 1582 super
3261 1512 3486 1581 justum.
3540 1529 3558 1559 ι

1990 1603 2170 1668 llunc,
2202 1604 2296 1673 ait,
2322 1604 2584 1675 hymnum
2601 1612 2801 1660 canent
2822 1603 3078 1660 Ecclesiae
3105 1603 3290 1673 populi
3314 1617 3419 1657 una
3443 1617 3573 1655 cum

1990 1693 2324 1760 doctoribus,
2349 1702 2406 1749 et
2433 1693 2487 1749 in
2509 1694 2676 1750 altum
2708 1693 2927 1750 tolletur
2954 1693 3070 1749 haec
3101 1707 3204 1746 vox
3229 1690 3292 1746 in
3315 1689 3568 1746 Ecclesia:

1989 1785 2261 1857 gregibus.

1988 2064 2106 2133 quit
2161 2062 2446 2133 propheta,
2497 2058 2731 2113 fideliter
2776 2056 3052 2110 visionem
3074 2053 3306 2124 suscepi,
3365 2052 3568 2108 idcirco

1987 2172 2074 2211 res
2111 2156 2186 2210 uti
2222 2162 2522 2224 praesentes
2540 2167 2658 2206 sum
2684 2150 2931 2205 intuitus.

2061 2266 2081 2300 ι
2121 2249 2190 2303 Et
2223 2262 2445 2301 somnus
2491 2259 2666 2299 meus.
2699 2262 2719 2295 ι
2759 2241 2865 2310 Hic
2908 2240 3322 2298 resurrectionis
3350 2239 3562 2294 modus.

1983 2340 2165 2396 lnnuit
2229 2354 2444 2409 quoque
2514 2336 2887 2391 liberationem
2939 2348 2968 2387 a
3018 2334 3271 2403 peccatis.
3311 2331 3563 2388 Refertur

1981 2435 2146 2490 etiam
2203 2433 2271 2487 ad
2317 2431 2604 2485 Dominum
2651 2429 2756 2482 hoc
2792 2425 3140 2489 vaticinium;
3185 2425 3278 2494 qui
3331 2432 3560 2480 mortem

1981 2525 2212 2581 mutavit
2256 2524 2312 2578 in
2367 2537 2640 2578 somnum.
2716 2519 2982 2589 Videtque
3033 2518 3272 2573 ﬁdelium
3315 2517 3560 2574 multitu-

1980 2621 2186 2686 dinem,
2231 2629 2287 2677 et
2328 2618 2524 2690 gaudet
2551 2616 2696 2688 quod
2737 2622 2966 2671 mortem
3014 2619 3208 2683 sponte
3236 2611 3487 2668 subierit.

2049 2808 2113 2863 ν.
2155 2793 2246 2861 27.
2301 2825 2320 2857 ι
2363 2803 2502 2859 Ecce
2538 2801 2657 2858 dies
2699 2799 2944 2857 veniunt.
2994 2815 3012 2850 ι
3052 2796 3307 2853 Fortasse
3359 2796 3562 2850 indicat

1980 2900 2260 2954 hrercseon
2316 2896 2717 2960 confusionem,
2747 2906 3046 2961 eorumque
3065 2889 3158 2960 qui
3187 2889 3562 2959 iumentorum

1979 2994 2226 3049 moribus
2275 3000 2518 3046 utuntur.
2569 2988 2682 3061 Ego
2719 2987 2866 3043 enim
2903 2985 3192 3050 seminabo,
3230 2983 3560 3040 frumentum

1981 3090 2266 3161 percipere
2312 3087 2580 3160 c0gitans,
2627 3085 2732 3140 hos
2761 3099 2892 3140 vero
2928 3081 3184 3138 inimicus
3225 3080 3562 3150 super-semi-

1978 3183 2154 3236 nat”.
2186 3180 2354 3236 Porro
2381 3177 2679 3234 secundum
2697 3176 3004 3232 divinarum
3028 3173 3354 3228 Litterarum
3371 3172 3557 3228 dicen-

1976 3267 2032 3322 di
2057 3267 2298 3332 modum,
2336 3265 2593 3336 quoniam
2635 3280 2755 3336 quae
2784 3262 2926 3319 Deus
2953 3263 3220 3335 permittit
3243 3263 3313 3318 ab
3339 3262 3560 3318 homine

1976 3360 2093 3415 ﬁeri
2145 3359 2315 3414 libera
2365 3358 2664 3424 voluntate,
2728 3356 2846 3428 ipse
2901 3369 3063 3428 agere
3118 3355 3352 3421 dicitur;
3400 3353 3559 3425 quale

1975 3453 2106 3509 illud
2178 3459 2305 3509 est:
2352 3451 2590 3506 Tradidit
2655 3465 2741 3504 eos
2791 3451 2848 3502 in
2898 3449 3168 3517 passiones
3233 3449 3555 3519 infamiw“,

1975 3560 2086 3599 non
2119 3542 2262 3613 quod
2306 3542 2452 3598 Deus
2479 3539 2533 3597 id
2557 3539 2774 3604 fecerit,
2818 3537 2912 3594 sed
2943 3537 3016 3591 illi
3049 3537 3103 3592 id
3136 3536 3420 3609 elegerint.
3468 3535 3560 3591 Sic

2867 3627 3147 3684 Seminabo
3223 3645 3399 3684 semen
3481 3629 3560 3694 iu-

1974 3729 2158 3782 menti.
2205 3726 2502 3782 Possumus
2539 3739 2669 3780 vero
2725 3723 2892 3779 etiam
2922 3721 3004 3778 sic
3049 3721 3390 3793 intelligere:
3447 3719 3557 3773 llo-

1974 3819 2152 3875 mines
2176 3828 2304 3874 sunt
2343 3817 2702 3887 sapientiores
2745 3813 3232 3886 perfectioresque,
3264 3814 3356 3883 qui
3389 3813 3556 3868 ratio-

1973 3927 2046 3966 ne
2066 3924 2121 3966 ct
2147 3909 2336 3965 notitia
2369 3909 2532 3964 ﬁdem
2578 3913 2801 3970 tenent;
2833 3906 3080 3976 iumenta
3106 3919 3260 3970 vero,
3303 3904 3395 3974 qui
3427 3919 3550 3958 cum

1973 4003 2319 4073 simplicitate
2363 4010 2420 4057 et
2459 4000 2578 4055 sine
2624 3998 2940 4056 curiositate
2987 3997 3148 4052 fidem
3191 4006 3320 4051 sunt
3346 3997 3553 4065 ample-

1975 4097 2107 4151 xati.
2142 4095 2257 4166 Ego
2297 4088 2512 4164 itaque‘,
2563 4092 2672 4160 ait,
2709 4099 2766 4148 et
2797 4090 2898 4148 hos
2934 4099 2991 4147 et
3030 4091 3153 4146 illos
3204 4089 3259 4144 in
3309 4087 3550 4144 Ecclesia

1847 4213 1858 4219 -
1972 4189 2250 4260 plantabo.

2045 4281 2112 4336 V.
2147 4282 2235 4337 50.
2275 4299 2294 4332 ι
2334 4278 2442 4336 Sed
2483 4278 2858 4350 unusquisque
2903 4277 2959 4333 in
2994 4275 3280 4348 iniquitate
3309 4292 3406 4333 sua
3436 4293 3552 4331 tnu-

1973 4375 2163 4432 rietur.
2195 4395 2213 4429 ι
2247 4374 2536 4429 Peccatum
2564 4373 2734 4429 Adam
2762 4371 3035 4428 transiens
3064 4372 3121 4427 in
3143 4387 3338 4446 genus,
3362 4387 3554 4442 pervc-

1973 4469 2057 4524 nit
2083 4467 2247 4524 etiam
2274 4467 2342 4522 ad
2369 4481 2466 4522 eos
2501 4464 2596 4536 qui
2631 4480 2742 4520 non
2776 4474 3161 4536 peccaverant,
3193 4465 3553 4534 quemadmo-

266 4555 485 4620 στολος.
513 4555 754 4627 Χριστοῦ
791 4551 887 4612 οὖν
922 4559 1380 4630 συγχωρήσαντος
1407 4557 1614 4631 ταύτην
1652 4561 1743 4614 διά
1761 4559 1860 4614 τοῦ

1990 4561 2096 4617 Ιιιιιι
2143 4559 2285 4616 dixit
2323 4558 2619 4630 Apostolus
2639 4557 2705 4613 ".
2762 4557 2882 4636 Sed
2924 4572 3050 4612 cum
3114 4555 3369 4612 Christus
3420 4555 3553 4610 illud

264 4647 511 4720 λουτροῦ
528 4649 631 4719 τῆς
648 4649 920 4720 ἀφέσεως,
937 4649 1276 4724 ἐκαθαρίσθη
1306 4652 1408 4722 μὲν
1430 4653 1465 4724 ἡ
1479 4658 1860 4728 προπατορικὴ

1990 4648 2243 4706 emiserit
2291 4663 2387 4720 per
2419 4649 2694 4705 lavacrum
2727 4646 3090 4718 remissionis,
3139 4645 3379 4702 deletum
3426 4645 3551 4715 qui—

262 4740 544 4810 ἀμαρτία,
572 4740 801 4807 ’ἕκαστος
822 4742 878 4798 δὲ
901 4744 1012 4799 τῶν
1037 4744 1256 4798 οἰκείων
1280 4745 1704 4819 ἁμαρτημάτων
1751 4747 1860 4801 ὑπο

263 4831 392 4902 ἔχει
427 4831 605 4900 λόγον.

345 4941 370 4976 ι
412 4923 524 4977 Καὶ
554 4923 882 4998 διαθήσομαι
927 4927 1008 4998 τῷ
1039 4929 1173 4999 οἴκῳ
1203 4929 1443 5001 Ἰσραήλ.
1497 4949 1515 4982 ι
1552 4919 1852 5004 Διαθήκην,

261 5015 371 5085 τὴν
395 5013 784 5086 εὖαγγελικήν.
801 5017 1030 5082 Τούτοις
1048 5019 1104 5072 δὲ
1123 5021 1397 5091 ἐχρήσατο
1427 5022 1521 5075 καὶ
1549 5025 1578 5077 6
1594 5022 1853 5078 Ἀπόστο-

1967 4745 2091 4801 dem
2115 4750 2198 4800 cst
2222 4749 2507 4814 peccatum
2534 4740 2816 4812 originale,
2852 4739 3228 4811 unusquisque
3274 4754 3404 4794 vero
3423 4754 3552 4794 suo-

1967 4853 2086 4892 rum
2109 4843 2453 4906 peccatorum
2489 4833 2678 4889 reddet
2704 4831 2993 4887 rationem.

2038 4928 2103 4984 ν.
2165 4927 2256 4984 51.
2312 4947 2332 4980 ι
2395 4927 2690 4999 Disponam
2748 4927 2933 4983 domui
3009 4925 3197 4981 Israel.
3259 4943 3278 4976 ι
3349 4923 3552 4979 Foedus

1965 5032 2188 5082 novum,
2224 5015 2600 5087 evangelicum
2629 5015 2856 5070 scilicet.
2889 5013 2985 5069 llis
3022 5029 3155 5068 vero
3197 5013 3362 5068 etiam
3395 5013 3546 5080 Apo-

261 5106 363 5170 λος
391 5108 476 5167 είς
495 5107 777 5176 ἀπόδειξιν
796 5111 894 5163 τοῦ
931 5107 1059 5183 [μὴ]
1086 5111 1449 5183 ἐκϐεϐλῆσθαι
1487 5114 1589 5187 τὴν
1624 5118 1856 5189 νομικὴν

1993 5108 2194 5163 ιοΙιιε⁸⁸
2225 5115 2311 5163 est
2350 5121 2502 5173 usus,
2537 5116 2597 5162 ut
2626 5107 2850 5178 legalem
2890 5107 3097 5162 cultum
3140 5106 3252 5176 jam
3281 5104 3545 5174 rejectmn

261 5197 548 5254 λατρείαν.
767 5219 769 5224 ·
1119 5228 1122 5230 η
1477 5243 1482 5246 .

348 5215 369 5253 τ
439 5215 548 5254 ιαν.
767 5219 769 5224 ·
1119 5228 1122 5230 ν
1477 5243 1482 5246 -
1838 5231 1843 5238 λ

348 5215 581 5358 «Piraei»;
598 5292 774 5349 δώσω.
812 5311 831 5348 ι
873 5293 990 5360 Τάς
1020 5293 1110 5350 διά
1128 5294 1222 5351 τοῦ
1253 5297 1565 5369 πνεύματος
1595 5298 1851 5372 ὑπομνή-

265 5399 330 5435 ce
339 5403 412 5446 ις.
1771 5409 1774 5414 ·

341 5491 370 5528 ι
417 5475 546 5528 Ἐὰν
578 5473 789 5547 ὑψωθῇ.
825 5493 844 5529 ι
889 5476 976 5542 Ὡς
1006 5479 1310 5550 ἀμήχανον,
1359 5479 1546 5550 φησὶν,
1594 5481 1854 5553 ἀνωτέρω

263 5564 362 5617 τὸν
380 5565 609 5635 οὐρανὸν
637 5566 902 5634 ἀνελθεῖν,
923 5568 957 5640 ἦ
979 5569 1080 5640 τὴν
1097 5573 1202 5642 γῆν
1220 5572 1515 5642 κατωτέρω
1544 5572 1848 5626 κατελθεῖνο

1838 5231 1843 5238 -
1960 5201 2293 5257 ostenderet.

2032 5291 2096 5347 V.
2127 5293 2216 5348 33.
2252 5311 2270 5344 ι
2309 5291 2452 5348 Dans
2481 5292 2641 5347 dabo.
2693 5311 2711 5344 ι
2761 5291 3046 5346 Doctrinas
3085 5305 3204 5360 quae
3241 5302 3340 5358 per
3383 5284 3544 5356 spiri-

1958 5395 2073 5442 tum
2115 5387 2325 5442 traditae
2351 5396 2498 5442 sunt.

2029 5479 2092 5534 V.
2132 5481 2220 5536 '54.
2259 5496 2278 5531 ι
2312 5479 2367 5534 Si
2399 5479 2668 5535 elevatutu
2717 5479 2898 5534 fuerit.
2930 5496 2949 5529 ι
2986 5476 3158 5539 Sicut,
3191 5474 3385 5544 inquit,
3428 5471 3538 5526 fieri

1958 5587 2067 5626 non
2110 5581 2292 5642 potest
2342 5579 2401 5626 ut
2442 5570 2640 5626 coelum
2692 5569 2944 5639 superius
2981 5567 3212 5631 elevari,
3245 5576 3342 5620 aut
3389 5573 3536 5618 terra

263 5651 442 5719 οὕτως
469 5656 752 5726 ἀμήχανόν
783 5674 852 5728 με
875 5657 1278 5730 ἀποδοκιμάσαι
1307 5660 1402 5714 τὸν
1431 5661 1668 5734 Ἰσραήλ·
1687 5662 1852 5732 Ἀμε-

1990 5671 2148 5720 ιοῑοιο
2178 5663 2436 5720 inferiora
2473 5662 2681 5734 possit;
2733 5662 2810 5716 sic
2841 5660 2956 5715 ficri
2983 5659 3174 5730 nequit
3207 5669 3266 5714 ut
3292 5657 3537 5729 rcjiciam

341 5832 462 5864 “"3
490 5829 814 5906 Malunt,
843 5835 898 5891 9.
979 5837 1022 5869 "
1052 5835 1243 5894 Matth.
1283 5855 1400 5908 xm,
1433 5839 1522 5896 25.
1601 5840 1821 5898 “Rom.
1854 5840 2005 5912 1,26.
2082 5843 2126 5875 ⁸⁷
2165 5843 2324 5900 Rom.
2356 5860 2410 5911 ν,
2438 5842 2523 5897 l2.
2594 5842 2636 5874 ’⁸
2676 5840 2840 5898 Hebr.
2879 5841 3074 5907 "11,8.
