3942 6468
431 346 536 410 695

1522 353 2039 418 OLYMPIODORI
2078 361 2611 427 ALEXANDRINI

3604 379 3731 445 696‘

504 480 522 511 ι
562 457 677 515 Vox
730 459 1053 523 dicentium.
1094 479 1115 514 ι
1152 459 1271 532 Ipsa
1331 461 1529 536 gaudio
1583 465 1895 521 exsultante
1954 480 1993 519 at

2198 487 2218 520 ι
2250 468 2409 539 Φωνὴ
2439 469 2731 541 λεγόντων.
2772 490 2793 525 s
2856 474 2968 548 Τῆς
3012 474 3451 555 εὖφραινομένης
3492 484 3588 539 καὶ
3621 485 3705 541 λε-

425 557 645 612 diccnte
676 571 692 610 :
726 553 992 611 Dominus
1020 569 1184 611 meus
1204 564 1262 611 et
1292 556 1440 613 Deus
1468 571 1651 614 meus.

501 686 524 718 ε
547 665 819 733 Quonim
843 650 1210 723 convertant.»
1243 666 1431 734 Qualis
1453 656 1612 736 Abel,
1639 679 1695 724 et
1751 668 1905 736 Setb,
1963 681 2019 727 et

2122 559 2427 631 γούσηςοὈ
2455 562 2660 635 Κύριός
2698 582 2801 637 μου
2831 567 2927 622 καὶ
2956 570 2987 622 6
3015 568 3150 635 Θεός
3181 588 3306 642 μου.
3674 594 3675 597 ‘

2199 673 2372 767 ιὍτι
2397 674 2736 747 ἐπιστρέψω.
2773 695 2792 730 ι
2836 681 3039 746 Καθὼς
3082 679 3152 756 ἦν
3187 686 3377 754 Ἀϐελ,
3430 693 3526 745 καὶ
3575 694 3704 767 Σὴθ,

423 760 635 824 Enoch,
668 767 726 814 et
758 759 898 823 Noe,
929 768 985 815 et
1003 758 1300 826 Abraham,
1340 775 1410 816 ex
1464 760 1593 830 llde,
1631 777 1744 817 non
1778 776 1845 818 ex
1899 762 1993 835 legi

2132 765 2217 819 ιιαὶ
2253 765 2446 838 Ἑνὼχ,
2475 769 2570 822 καὶ
2599 768 2744 835 Νῶε,
2774 772 2873 827 καὶ
2915 775 3192 849 Ἀϐραὰμ,
3216 781 3297 851 ⁸ἐκ
3323 781 3584 852 πίστεως,
3615 758 3708 843 καί

418 850 724 920 iustiﬁcati.

493 964 562 1021 ν.
598 967 681 1021 i2.
710 985 728 1019 ι
765 964 1088 1022 Habitacula
1110 974 1417 1037 pastorum.
1457 985 1476 1020 ι
1510 967 1571 1023 In
1594 968 1793 1039 quibus
1816 968 2011 1026 Eccle-

2116 857 2219 911 οὐκ
2243 859 2311 912 ἐκ
2336 860 2505 930 νόμου
2533 860 2927 934 δικαιούμενοι.

2189 968 2210 1002 ι
2246 950 2636 1023 Καταλύματα.
2675 974 2694 1007 ι
2742 954 2832 1010 Ἐν
2862 952 2952 1022 αἶς
2994 958 3353 1035 Ἐκκλησίαι·
3409 968 3467 1021 ἐν
3519 966 3610 1037 αἷς
3655 977 3704 1028 οἱ

423 1056 552 1111 size:
578 1057 632 1111 in
665 1057 865 1127 quibus
906 1058 1101 1113 harum
1127 1068 1374 1129 pastores
1389 1060 1559 1131 quieti
1586 1062 1807 1119 tradunt
1840 1063 1993 1119 ratio

2132 1040 2321 1098 τούτων
2400 1044 2663 1115 ποιμένες
2736 1047 3133 1107 διαναπαύουσι
3199 1056 3268 1109 τὰ
3332 1048 3527 1129 λογικά
3581 1064 3703 1117 ποί-

422 1149 512 1204 nis
547 1157 833 1220 compotes
853 1166 1066 1224 greges.

490 1260 557 1317 ν.
583 1263 667 1319 l3.
710 1282 729 1316 ι
771 1262 830 1318 1η
855 1264 1188 1321 civitatibus.
1227 1286 1244 1319 ι
1276 1267 1405 1323 Post
1432 1283 1654 1326 sensum
1686 1258 2008 1326 historicum

418 1349 993 1433 Ecclesiasintellige;
1028 1366 1344 1413 montanam
1390 1374 1543 1427 vero,
1596 1370 1823 1431 propter
1879 1376 2000 1417 eam

417 1460 540 1516 quae
568 1461 632 1501 ex
659 1446 914 1520 gentibus
934 1457 1038 1516 est,
1062 1458 1239 1506 vocat.
1263 1450 1402 1507 Olim
1430 1451 1635 1525 quippe
1666 1451 2005 1510 infructuosa

418 1546 557 1595 erat.

495 1669 516 1705 ι
544 1650 739 1708 Adhuc
759 1653 1072 1710 transibunt
1093 1636 1251 1711 loves.
1294 1673 1314 1708 ι
1356 1654 1645 1713 Visitantis
1664 1665 1719 1712 et
1755 1671 1860 1712 non
1893 1672 2002 1715 ne-

2115 1151 2268 1206 μνια.

2189 1265 2208 1297 ι
2249 1246 2338 1303 Ἐν
2363 1248 2603 1303 πόλεσι.»
2630 1250 2786 1306 Μετά
2813 1252 2912 1324 τὴν
2942 1255 3206 1329 ἱστορίαν,
3231 1260 3331 1326 τὰς
3369 1262 3701 1338 Ἐκκλησίας

2109 1336 2250 1391 νόει’
2276 1338 2515 1411 ὀρεινὴν,
2547 1340 2637 1397 διὰ
2657 1342 2758 1412 τὴν
2790 1343 2847 1411 ἐξ
2887 1345 3057 1401 ἐθνῶν
3084 1348 3261 1421 καλεῖ,
3305 1353 3398 1408 διὰ
3430 1354 3491 1409 τὸ
3530 1336 3695 1412 πάλαι

2108 1428 2281 1502 αὐτῆς
2308 1430 2576 1502 ἄκαρπον.

2172 1652 2191 1685 ι
2228 1632 2357 1688 Ἔτι
2377 1634 2780 1706 παρελεύσεται
2828 1640 3101 1714 πρόϐατα.
3142 1662 3163 1697 s
3206 1646 3315 1702 Τοῦ
3363 1650 3697 1709 ἐπισκεπτο-

418 1743 697 1816 gligentis,
728 1744 825 1801 sed
841 1746 1206 1815 numerantis,
1234 1755 1292 1803 et
1338 1748 1731 1820 perquirentis,
1794 1750 1839 1807 si
1891 1765 1993 1822 qua

2132 1724 2297 1822 ιένου,
2339 1728 2450 1822 ’καὶ
2478 1729 2567 1819 μὴ
2608 1732 2961 1802 ἀμελοῦντος,
3005 1736 3142 1792 ἀλλά
3185 1738 3549 1810 ἀριθμοῦντος
3590 1742 3698 1809 καὶ

419 1835 705 1893 rationalis
733 1836 853 1893 ovis
883 1837 1097 1908 perdita
1123 1838 1216 1895 sit.

980 2055 1134 2115 CAP.
1180 2057 1425 2114 XXXIV.

488 2144 553 2203 ν.
582 2147 641 2204 Ω.
667 2166 688 2202 ι
726 2146 879 2205 Vade
908 2147 981 2204 ad
1010 2147 1320 2205 Sedeciam.
1382 2169 1403 2204 ι
1452 2149 1538 2208 Me
1586 2152 1860 2221 tradente,
1918 2155 2000 2211 ait

412 2240 595 2309 Deus,
623 2250 680 2300 et
710 2256 831 2298 non
862 2242 1081 2299 viribus
1100 2243 1382 2317 Babylonii
1432 2246 1679 2302 tradetur
1705 2248 1823 2304 haec
1858 2247 1999 2304 civi-

409 2341 627 2491 ιδξηε.
658 2443 683 2479 ιν
711 2425 783 2482 Et
800 2439 980 2497 usque
1002 2427 1071 2484 ad
1112 2427 1403 2484 infernum
1429 2429 1691 2501 plangent
1718 2440 1791 2487 te.
1835 2451 1855 2486 ι
1887 2432 1997 2489 De-

407 2512 547 2593 ludit
567 2514 873 2584 Sedeciam,
906 2527 970 2574 ut
992 2518 1083 2574 ille
1110 2534 1264 2589 spem
1289 2519 1483 2575 salutis
1506 2520 1575 2576 ab
1595 2521 1847 2579 hostibus
1860 2538 1998 2578 con-

406 2610 638 2679 eiperet.
678 2609 877 2666 Aiebat
901 2625 1035 2667 vero
1075 2611 1398 2667 vaticinium
1419 2652 1434 2677 ,
1478 2613 1622 2683 quod
1648 2630 1760 2669 non
1788 2617 1868 2672 uti
1914 2616 1999 2672 vir

407 2701 469 2756 in
485 2701 627 2768 acie,
653 2702 751 2758 sed
780 2704 1034 2774 captivus
1062 2704 1120 2759 in
1171 2705 1399 2775 paciﬁca
1446 2706 1670 2764 civitate
1720 2707 1997 2781 Babylone

405 2790 692 2846 communi
714 2791 889 2848 obibit
915 2792 1049 2849 fato.
1085 2793 1223 2849 Illud
1268 2802 1450 2850 autem
1487 2813 1502 2850 :
1547 2796 1715 2866 Usque
1737 2799 1809 2851 ad
1831 2798 1997 2870 infer-

406 2898 536 2936 num
566 2882 818 2955 plangent
841 2894 911 2953 te,
937 2885 1080 2941 idem
1118 2892 1203 2940 est
1225 2901 1291 2941 ac
1315 2886 1362 2942 si
1398 2885 1608 2942 diceret
1637 2903 1652 2941 :
1689 2886 1870 2944 Veluti
1910 2889 1998 2943 in-

404 2974 634 3032 felicem
654 2993 863 3050 regem,
892 2977 947 3033 in
987 2978 1306 3050 captivitate
1336 2989 1642 3037 mortuum.

478 3068 545 3125 V.
581 3069 636 3126 8.
664 3090 684 3125 ι
714 3069 955 3137 Verbum
983 3072 1131 3143 quod
1167 3072 1370 3129 factum
1393 3082 1497 3130 est.
1533 3093 1552 3127 ι
1584 3074 1879 3147 Postquam
1910 3084 1992 3132 te-

404 3169 739 3220 stamentum
769 3163 1105 3220 dimissionis
1130 3166 1503 3237 conscriptum
1544 3164 1742 3221 fuerat.

475 3255 544 3312 Ἴ.
575 3256 665 3312 16.
705 3274 725 3310 ι
757 3256 827 3312 Et
855 3257 1060 3313 reversi
1083 3256 1238 3315 estis.
1283 3276 1304 3313 ι
1336 3256 1442 3325 Qui
1471 3272 1569 3314 eos
1589 3258 1793 3314 liberos
1826 3258 1995 3315 dimi-

406 3356 617 3417 serant,
699 3347 901 3404 iterum
962 3347 1188 3405 eosdem
1249 3348 1306 3405 in
1373 3350 1699 3407 servitutem
1761 3364 1991 3407 revoca-

408 3450 556 3498 runt.
1654 3460 1655 3463 ‘

483 3556 503 3592 ι
533 3536 684 3606 Quos
705 3536 1058 3593 dimiseratis.
1096 3555 1118 3589 ι
1155 3536 1363 3609 Sponte
1398 3547 1607 3603 vestra,
1671 3536 1991 3605 voluntate;

407 3629 513 3687 hoc
527 3630 680 3686 enim
706 3630 989 3702 proprium
1008 3638 1091 3686 est
1124 3630 1420 3688 libertatis.

478 3720 551 3778 V.
580 3722 668 3778 l8.
711 3741 729 3776 ι
763 3722 1005 3779 Vitulum
1034 3738 1199 3794 quem
1229 3723 1476 3779 fecerant
1524 3722 1593 3778 ad
1648 3722 1987 3794 operandam

403 3830 491 3871 co.
528 3834 549 3869 ι
594 3814 711 3873 lloc
765 3826 868 3882 est,
918 3824 1147 3887 propter
1174 3815 1409 3873 vitulum
1435 3815 1728 3873 :videlicet
1768 3824 1994 3887 propter

405 3908 769 3965 idololatriam
796 3908 1008 3966 tradam
1063 3923 1180 3965 eos.
1230 3907 1477 3964 Vitulum
1528 3907 1768 3979 appellat
1819 3906 1991 3980 Egy-

401 4000 601 4070 ptium,
633 4008 857 4072 propter
883 3999 1045 4071 Apim
1082 3998 1461 4071 Egyptiorum
1501 3998 1682 4055 deum.
1723 3999 1791 4055 Et
1816 3999 1989 4070 ipsos,

402 4091 500 4157 ait,
529 4090 937 4162 etEgyptium,
976 4105 1140 4161 quem
1188 4090 1291 4148 sibi
1315 4091 1371 4146 in
1407 4091 1670 4147 auxilium
1696 4102 1988 4160 vocarunt,

403 4179 720 4255 Babyloniis
753 4183 992 4238 tradam.

472 4272 539 4327 ν.
561 4271 654 4328 21.
684 4290 706 4324 ‹
739 4271 810 4328 Et
826 4272 1002 4328 virtus
1028 4272 1192 4345 regis.
1221 4290 1240 4326 ι
1274 4271 1531 4328 Fortasse
1580 4286 1678 4328 eos
1744 4282 1989 4331 retroce-

404 4365 616 4431 dentes,
653 4372 712 4421 et
738 4363 1063 4435 incipientes
1095 4364 1414 4431 abscedere,
1452 4364 1694 4420 minatur
1718 4379 1780 4421 se
1805 4364 1988 4423 factu.-

404 4471 527 4513 rum
561 4464 621 4513 ut
642 4464 1010 4514 revertantur.

968 4572 1117 4628 CAP.
1148 4570 1368 4629 XXXV.

474 4684 543 4742 ν.
579 4689 635 4743 4.
670 4705 689 4740 ι
726 4684 1169 4757 Pastopborium.
1239 4705 1258 4739 ι
1322 4685 1760 4757 Pastophorium,
1804 4688 1985 4760 ἐθιο-

402 4781 736 4855 νὶιγιιοίιιω.

472 4873 539 4929 ν.
565 4873 621 4929 8η.
644 4891 663 4926 ι
693 4872 824 4939 Nos,
856 4881 917 4928 et
957 4888 1156 4928 uxores
1184 4880 1406 4929 nostra.
1470 4892 1489 4926 ι
1546 4872 1684 4930 Nota
1745 4872 1984 4929 ﬁliorum

400 4967 806 5038 mulierumque
835 4965 1203 5022 obedientiam
1228 4966 1285 5023 in
1339 4975 1448 5023 tam
1486 4975 1741 5023 accurata
1791 4968 1986 5024 obser-

401 5061 605 5116 vantia.

473 5152 541 5209 ν.
569 5154 656 5209 15.
693 5172 717 5207 c
741 5153 863 5210 Non
891 5152 1169 5226 accipietis
1197 5151 1564 5223 disciplinam.
1591 5169 1611 5204 ι
1645 5151 1840 5207 Nonne
1852 5166 1984 5223 ergo

400 5261 500 5304 vos
530 5246 743 5318 pudet?
768 5262 949 5319 neque
969 5254 1180 5304 mutato
1198 5244 1431 5302 consilio
1460 5244 1671 5302 discitis
1702 5259 1985 5302 sermones

401 5354 557 5396 meos
594 5338 824 5395 audire?

990 5430 1143 5487 CAP.
1174 5430 1413 5486 XXXVI.

477 5542 537 5599 ιι.
570 5544 626 5599 2.
660 5562 681 5598 ι
714 5542 883 5601 Sume
924 5543 1023 5601 tibi
1056 5544 1332 5600 volumen.
1368 5561 1387 5597 ι
1420 5543 1685 5599 ϐΙιει-ιαιην
1707 5542 1856 5606 libri,
1896 5540 1984 5596 vel

399 5636 598 5692 librum
627 5638 1000 5705 chartaceum,
1030 5638 1116 5693 vel
1154 5646 1303 5693 certe
1353 5637 1414 5693 in-
1430 5638 1664 5708 pellibus
1683 5636 1812 5692 olim
1846 5634 1984 5690 scri-

399 5726 624 5793 bebant,
666 5729 864 5799 quibus
891 5745 992 5802 pro
1018 5728 1174 5785 libris
1204 5729 1519 5785 utebantur.

475 5817 537 5871 ν.
569 5816 621 5873 5.
656 5836 674 5870 ι
708 5820 899 5875 Omnia
928 5820 1091 5878 mala.
1145 5841 1164 5877 ι
1201 5820 1335 5888 Qum
1373 5820 1590 5878 dolores
1630 5819 1876 5877 inierunt
1922 5829 1981 5877 ct

2029 1816 2073 1873 Β
2100 1816 2517 1891 ἐπιζητοῦντος,
2574 1824 2650 1896 μή
2705 1842 2759 1879 τι
2814 1826 2925 1881 τῶν
2966 1828 3205 1897 λογικῶν
3265 1830 3557 1903 προϐάτων
3593 1832 3700 1887 ἀπ-

2101 1907 2292 1965 ὤλετο.

2694 2051 2946 2107 ΚΕΦΔΛ.
2976 2054 3101 2109 AA’.

2175 2157 2195 2194 ι
2233 2139 2460 2196 Βάδισον
2517 2141 2651 2214 πρὸς
2677 2144 2954 2201 Σεδεκίαν.
2995 2164 3014 2198 ι
3072 2148 3239 2219 Ἐμοῦ
3277 2150 3695 2222 παραδιδόντος,

2099 2234 2267 2306 φησὶν
2296 2235 2326 2288 6
2351 2235 2506 2302 θεὸς,
2533 2237 2629 2290 καὶ
2653 2237 2715 2291 ού
2739 2240 2806 2309 τῇ
2836 2238 3066 2309 δυνάμει
3093 2240 3189 2295 τοῦ
3212 2243 3564 2300 Βαϐυλωνίου
3587 2263 3696 2300 πα-

2100 2324 2462 2397 ραδοθήσεται
2485 2326 2519 2398 ἠ
2560 2326 2742 2393 πόλις.
3474 2358 3479 2363 λ

2174 2436 2194 2470 ι
2230 2418 2341 2472 Καὶ
2384 2418 2492 2483 Ξως
2519 2418 2652 2493 ᾅδου
2680 2420 2938 2493 κόψονται
2994 2443 3076 2481 σε.
3128 2443 3149 2480 ι
3190 2426 3540 2491 Καταπαίζει
3592 2425 3691 2481 τοῦ

2097 2508 2373 2577 Σεδεκίου,
2430 2510 2520 2567 ἴνα
2575 2512 2786 2578 ἐκεῖνος
2812 2516 3093 2591 ὑπονοήσῃ
3138 2520 3240 2591 τὴν
3273 2521 3338 2574 ἐκ
3374 2519 3486 2573 τῶν
3526 2520 3695 2574 ’πολε⁴

2102 2602 2241 2673 μίων
2267 2602 2484 2672 ἄφεσιν.
2527 2604 2724 2675 Ἔλεγε
2752 2606 2812 2660 δέ
2837 2608 2867 2661 6
2893 2610 3177 2682 χρησμὸς,
3213 2612 3295 2665 ὅτι
3322 2611 3423 2683 οὐχ
3448 2612 3525 2677 ὡς
3547 2612 3693 2685 ἀνὴρ

2099 2693 2157 2748 ἐν
2178 2695 2509 2765 παρατάξει,
2541 2696 2660 2752 ἀλλ’
2680 2699 3029 2771 αἰχμάλωτος
3050 2702 3279 2773 ληφθεὶς
3298 2704 3357 2759 ἐν
3381 2703 3695 2774 εἰρηνευού-

2100 2800 2183 2856 σῃ»
2214 2786 2369 2839 πόλει
2402 2789 2468 2859 τῇ
2505 2788 2788 2845 Βαϐυλῶνι
2834 2792 2929 2846 τὸν
2965 2793 3152 2848 κοινὸν
3182 2794 3398 2849 ύποίσει
3432 2795 3689 2850 θάνατον.

2098 2878 2173 2932 Τὸ
2193 2878 2273 2944 δὲ,
2298 2879 2412 2946 ἕως
2436 2880 2588 2947 ᾅδου
2623 2884 2923 2954 mhi-armi
2949 2901 3045 2955 σε,
3078 2888 3200 2942 ἀντὶ
3224 2888 3344 2955 τοῦ,
3376 2888 3575 2961 πικρὸν
3600 2882 3694 2943 οἶα

2099 2969 2329 3040 βασιλέα
2354 2974 2413 3027 ἐν
2436 2973 2792 3049 αἰχμαλωσίᾳ
2824 2977 3191 3034 ἀποθανόντα.
3594 2988 3597 2989 ⁷

2174 3082 2193 3117 ι
2232 3064 2291 3119 '0
2320 3064 2476 3134 λόγος
2502 3067 2532 3120 6
2556 3067 2873 3138 γενόμενος.
2912 3088 2931 3122 ι
2980 3070 3141 3126 Μετὰ
3170 3071 3233 3126 τὸ
3263 3070 3692 3145 συγγράψασθαι

2022 3162 2067 3222 C.
2097 3155 2199 3229 τὴν
2228 3157 2360 3228 περὶ
2387 3158 2488 3229 τῆς
2519 3160 2772 3230 ἀφέσεως
2799 3162 3093 3235 διαθήκην.

2169 3267 2189 3301 ι
2249 3250 2362 3304 Καὶ
2398 3250 2801 3323 ύπεστρέψατε.
2850 3270 2870 3305 ι
2932 3254 2997 3307 Oi
3056 3254 3435 3321 ἀπολύσαντες
3488 3254 3693 3322 αὐτοὺς

2096 3342 2445 3417 ἐλευθέρους,
2478 3344 2647 3400 πάλιν
2674 3346 2935 3402 εἵλκυσαν
2970 3348 3175 3415 αὐτοὺς
3204 3349 3285 3415 είς
3308 3348 3579 3407 δουλείαν.

2173 3563 2193 3599 ι
2229 3543 2339 3609 Οὓς
2367 3544 2812 3611 ἐξαπεστείλατε.
2854 3566 2875 3601 ι
2912 3549 2992 3622 Τῇ
3039 3550 3386 3623 προαιρέσει,
3417 3550 3497 3623 τῷ
3528 3550 3695 3624 θελή-

2098 3653 2251 3709 ματι.
2291 3636 2467 3692 Τοῦτο
2490 3637 2602 3710 γὰρ
2631 3639 2731 3710 τῆς
2760 3639 3085 3710 ἐλευθερίας
3116 3642 3269 3697 ῐδιον.

2168 3748 2189 3784 ‹
2244 3730 2351 3786 Τὸν
2409 3732 2611 3803 μόσχον
2661 3732 2724 3787 ὃν
2765 3732 3032 3805 ἐποίησαν
3087 3734 3420 3807 ἐργάζεσθαι
3449 3734 3625 3808 αὐτῷ.
3666 3753 3689 3788 s

2107 3822 2256 3878 ’Δντὶ
2274 3823 2391 3889 τοῦ,
2421 3822 2512 3878 διὰ
2543 3824 2636 3879 τὸν
2664 3824 2902 3896 μόσχον·
2930 3826 3178 3880 τουτέστι
3218 3826 3309 3881 διὰ
3338 3827 3438 3899 τὴν
3468 3827 3693 3882 εἰδωλο-

2093 3916 2352 3991 λατρείαν
2374 3917 2688 3990 παραδώσω
2712 3917 2933 3983 αύτούς.
2987 3919 3209 3991 Μόσχον
3254 3917 3415 3973 καλεῖ
3459 3918 3553 3972 τὸν
3596 3918 3694 3971 Al-

2093 4009 2358 4079 γύπτιον,
2412 4010 2503 4066 διὰ
2538 4010 2633 4065 τὸν
2680 4011 2791 4066 τῶν
2826 4012 3148 4082 Αἰγυπτίων
3197 4013 3322 4069 θεὸν
3368 4014 3461 4068 τὸν
3494 4014 3691 4067 ΙἈπιν.

2093 4098 2206 4153 Καὶ
2236 4099 2436 4163 αὐτοὺς
2466 4098 2580 4166 οὖν,
2607 4102 2771 4171 φησι,
2816 4101 2912 4156 καὶ
2941 4102 3239 4172 Αίγύπτιον
3274 4104 3335 4158 ὃν
3366 4104 3446 4168 εὶς
3468 4119 3691 4173 συμμα-

2091 4191 2216 4262 χίαν
2245 4191 2534 4259 ἐκάλεσαν,
2572 4191 2881 4264 παραδώσω
2900 4196 3014 4259 τοῖς
3040 4195 3427 4261 Βαϐυλωνίοις.

2169 4296 2189 4333 ι
2231 4282 2341 4335 Καὶ
2383 4281 2615 4353 δύναμις
2654 4281 2945 4351 βασιλέως.
3000 4303 3020 4338 ι
3067 4286 3228 4350 Ἴσως
3277 4286 3693 4356 ἀναζεύξαντας

2091 4369 2311 4437 αὐτοὺς,
2372 4371 2471 4423 καὶ
2522 4370 2870 4443 ἀρξαμένους
2905 4374 3256 4447 ἀποτρέχειν,
3292 4377 3509 4433 ἀπειλεί
3548 4380 3690 4446 Θεὸς

2015 4501 2069 4564 n
2092 4460 2468 4533 ἐπιστρέφειν.

2690 4572 2940 4630 ΚΕΦΑΛ.
2964 4555 3094 4632 ΛΕή

2165 4704 2185 4737 ι
2227 4686 2619 4757 Παστοφόριον.
2664 4705 2682 4738 ι
2717 4659 3125 4761 Παστοιρόριον,
3154 4694 3326 4766 ἤγουν
3358 4692 3689 4763 γαζοφυλά-

2090 4794 2227 4832 κιον.

2167 4889 2185 4920 ι
2207 4868 2400 4937 Ἥμεῑς
2430 4865 2529 4921 καὶ
2560 4867 2619 4921 αἱ
2644 4870 2904 4937 γυναῖκες
2932 4871 3114 4944 ἡμῶν.
3156 4890 3176 4926 ι
3225 4874 3544 4946 Σημείωσαι
3574 4876 3689 4930 ὑπ-

2087 4959 2258 5033 ακοὴν
2279 4960 2485 5013 τέκνων
2504 4959 2889 5030 καὶγυναικῶν
2904 4963 2999 5019 ἐπὶ
3020 4966 3391 5039 παραφυλακῇ
3409 4968 3655 5040 τοσαύτη
3667 4988 3689 5032 ;

2086 5051 2396 5125 ἀκριϐείας.

2164 5165 2185 5199 ι
2225 5148 2301 5202 Οὐ
2334 5148 2411 5221 μὴ
2438 5151 2643 5223 λάϐητε
2686 5148 2954 5205 παιδείαν.
2990 5168 3010 5203 ι
3049 5150 3165 5205 Οὐκ
3196 5150 3529 5223 ἐντρέπεσθε
3571 5152 3691 5207 λοι-

2087 5239 2210 5307 πὸν,
2263 5242 2357 5297 καὶ
2388 5240 2833 5315 μεταπορεύεσθε
2863 5242 2943 5305 εἰς
2970 5241 3033 5296 τὸ
3073 5242 3299 5300 ἀκούειν
3348 5243 3460 5298 τῶν
3502 5243 3689 5315 λόγων

2090 5352 2191 5404 μου
2209 5352 2224 5403 ;
3186 5380 3187 5383 ~

2674 5426 2927 5482 ΚΕΦΔΛ.
2960 5422 3102 5494 Aq'.

2164 5559 2183 5591 ι
2202 5539 2358 5594 Λάϐε
2388 5538 2602 5612 σεαυτῷ
2628 5539 2851 5609 χαρτίον
2871 5537 3102 5605 βιϐλίου.
3140 5557 3159 5590 ι
3187 5539 3414 5611 Χάρτην
3443 5538 3685 5608 βιϐλίου,

2086 5631 2119 5702 ἢ
2161 5630 2369 5701 βιϐλίον
2394 5632 2671 5702 χάρτινον,
2700 5630 2734 5699 ἢ
2764 5630 2859 5682 καὶ
2895 5630 2955 5683 ἐν
2982 5628 3172 5699 τόμοις
3204 5628 3448 5700 ἔγραφον
3476 5628 3539 5681 τὸ
3570 5645 3688 5682 πα.

2086 5723 2261 5790 λαιὸν,
2294 5723 2391 5778 καὶ
2417 5725 2528 5786 τοῖς
2561 5723 2749 5793 τόμοις
2778 5721 2901 5776 ἀντὶ
2925 5720 3035 5775 τῶν
3062 5718 3582 5791 βιϐλίωνέχρῶντο.

2166 5838 2189 5871 ιλ
2224 5816 2410 5874 Πάντα
2440 5818 2506 5875 τὰ
2540 5816 2739 5874 κακά.»
2771 5814 2855 5872 Τά
2882 5815 3138 5886 ἐπίπονα,
3171 5814 3238 5870 τὰ
3263 5811 3578 5871 κακωτικά⁶
3613 5817 3690 5873 τὰ
