3942 6468
286 329 397 398 703

1388 340 1915 405 OLYMPIODORI
1958 343 2497 408 ALEXANDRINI
3480 347 3512 409 ’ἶ

286 451 346 504 in
378 449 609 505 salutem
639 450 696 505 iu
724 449 870 505 omni
912 449 1025 505 loco
1055 467 1073 505 :
1124 451 1221 507 sed
1267 469 1394 509 cum
1444 455 1611 511 homo
1649 457 1747 525 sis,
1778 458 1877 513 noli

2001 460 2123 526 μίου
2158 460 2189 514 δ
2235 446 2410 525 Θεὸς,
2449 459 2535 512 ὅτι
2575 457 2900 528 Περισώσω
2949 474 3069 515 σου
3117 461 3231 529 τὴν
3264 456 3478 529 ψυχὴν
3516 460 3590 514 ἐν

287 557 534 611 quaerere
565 550 625 599 ut
649 542 791 599 liber
818 559 849 599 a
875 543 1159 629 doloribus
1207 544 1301 600 sis.
1334 545 1533 602 Doctos
1568 548 1643 603 ait
1675 549 1730 602 in
1767 550 1886 621 lege

288 636 359 690 ad
427 635 659 693 honesta
723 653 953 709 quaque
1019 638 1244 707 largitus
1315 647 1419 694 est.
1500 641 1560 695 ln
1626 641 1884 698 Arabiam

290 729 506 801 fugiens
543 728 823 797 Sedecias,
858 730 915 786 in
957 746 1078 787 eam
1106 747 1229 803 quae
1261 749 1409 789 nunc
1438 732 1666 805 Daphne
1693 737 1885 807 appel-

290 819 457 874 latur.
1166 868 1171 873 .
1492 854 1495 857 ‹
1566 852 1571 855 <

364 909 427 965 ι’.
472 912 526 965 5.
582 930 602 965 ι
637 911 706 967 Ει
757 922 816 969 ιιι
849 930 1084 985 quaeres.
1121 934 1139 967 ι
1186 914 1304 970 Noli
1346 932 1635 987 quaerere;
1688 934 1885 991 magna

290 1005 496 1076 quippe
526 1014 584 1063 et
606 1007 974 1066 admiratione
1003 1010 1162 1082 digna
1194 1027 1302 1066 non
1333 1012 1440 1077 hic,
1467 1014 1564 1069 sed
1606 1014 1661 1069 in
1694 1014 1883 1070 futuro

292 1098 514 1154 saeculo.
1582 1122 1589 1127 ·

875 1236 1057 1319 cara
1099 1237 1285 1294 XLVI.

361 1346 424 1402 V.
459 1350 515 1403 2.
547 1368 566 1402 ι
603 1346 663 1405 ln
691 1309 964 1407 (ibarmis.
1006 1372 1023 1405 ι
1046 1309 1203 1409 .Urbs
1225 1363 1311 1409 est
1343 1354 1596 1412 Charmis
1634 1358 1687 1412 in
1715 1358 1884 1415 Meso-

290 1438 548 1507 potamia.

357 1528 425 1585 V.
457 1532 511 1587 5.
554 1550 574 1585 ι
602 1531 810 1589 Idcirco
847 1545 1049 1606 pavent
1079 1538 1205 1608 ipsi.
1242 1556 1260 1589 ι
1298 1537 1572 1611 Propheta
1606 1545 1683 1598 ait
1714 1543 1881 1616 Egy-

288 1622 458 1690 ptios,
483 1623 578 1693 qui
622 1626 961 1695 parabantur
987 1628 1055 1684 ad
1087 1629 1438 1687 inferendum
1474 1634 1703 1701 bellum,
1731 1635 1883 1706 ipsos

289 1711 408 1770 fore
439 1715 684 1786 pavidos.

288 1900 488 1957 Ionius.
1152 1954 1157 1955 ,

360 1991 423 2047 V.
465 1992 551 2049 l0.
593 2010 613 2047 ι
646 1995 715 2050 Et
738 1993 855 2051 dies
885 1996 996 2053 ille.
1034 2015 1053 2049 ι
1096 1997 1228 2054 Post
1256 2014 1484 2057 sensum
1524 2002 1874 2071 historicum,

283 2081 489 2142 Christi
516 2085 812 2143 adventum
845 2088 1089 2161 intellige
1112 2130 1128 2157 ,
1164 2092 1383 2161 quando
1415 2093 1637 2165 penitus
1666 2094 1879 2150 inimici

284 2175 382 2232 Dei
409 2177 687 2243 daemones
726 2179 954 2235 edomiti
981 2190 1132 2237 sunt.
1218 2226 1221 2231 .

352 2287 418 2342 ν.
450 2289 537 2345 ll.
576 2308 596 2342 ι
633 2289 883 2346 Ascende
912 2290 1145 2348 Galaad:
1176 2310 1196 2345 ι
1230 2293 1430 2351 Galaad
1457 2294 1630 2368 gignit
1655 2297 1878 2368 quidem
1964 2337 1975 2345 ρ

283 2381 542 2448 resinam,
574 2397 698 2452 quae
738 2383 1058 2440 vulneribus
1085 2385 1298 2442 medela
1319 2394 1425 2444 est.
1456 2386 1664 2444 Sensus
1693 2399 1878 2446 autem

282 2474 448 2544 hujus
492 2476 769 2532 sermonis
815 2486 937 2533 est:
989 2477 1193 2535 Galaad
1236 2478 1600 2550 pollicebatur
1626 2480 1879 2553 Egyptio

280 2566 505 2630 auxilia,
538 2574 595 2620 at
630 2566 747 2638 ipsa
775 2567 954 2637 primo
974 2577 1132 2639 capta
1152 2577 1257 2625 est.
1286 2568 1422 2636 Qum
1450 2570 1638 2642 igitur,
1672 2571 1874 2642 inquit,

278 2656 401 2712 aliis
429 2658 630 2713 auxilia
667 2660 962 2729 promittis,
1010 2661 1335 2731 tibimetipsi
1369 2676 1531 2732 opem
1560 2662 1664 2718 fer.
1693 2662 1876 2736 Virgi-

279 2764 407 2805 nem
439 2765 602 2820 porro
650 2760 811 2807 vocat
836 2750 1149 2823 Egyptum,
1202 2753 1332 2824 quia
1366 2762 1501 2810 tunc
1529 2754 1768 2825 primum
1807 2756 1878 2813 ab

279 2834 534 2893 hostibus
573 2838 807 2908 turpiter
844 2840 1059 2911 devicta
1097 2853 1202 2915 est,
1240 2851 1296 2898 et
1336 2844 1740 2914 quodammodo
1772 2846 1872 2903 de-

279 2924 512 2994 ﬂorata;
559 2926 725 2983 tiliam
769 2945 903 2986 vero
952 2930 1191 3004 Egypti,
1232 2941 1391 2989 vocat
1433 2933 1715 3007 regionem
1762 2938 1877 2993 cir-

278 3020 670 3089 cumpositam.

349 3110 419 3167 νᾳ
478 3113 567 3172 12.
618 3130 639 3166 ι
675 3111 886 3170 Pariter
933 3115 1271 3173 ceciderunt.
1313 3138 1332 3171 ι
1387 3120 1612 3178 Nechao
1663 3121 1877 3182 Pharao
1905 3151 1948 3212 ε

279 3222 406 3261 cum
435 3205 701 3272 subditis;
737 3208 825 3265 vel
857 3216 913 3265 et
941 3208 1142 3266 Galaad
1172 3226 1299 3267 cum
1330 3212 1586 3285 IEgypto.

350 3297 530 3357 v.15.
569 3320 588 3353 ι
615 3299 748 3366 Qua:
767 3302 990 3366 locutus,
1006 3313 1091 3359 est
1120 3304 1405 3363 Dominus.
1439 3326 1459 3360 ι
1490 3309 1700 3367 Dicitur
1730 3311 1876 3368 Deus

279 3389 336 3445 in
364 3404 530 3446 manu
554 3390 714 3462 loqui
752 3394 1170 3463 prophetarum,
1214 3398 1475 3467 quoniam
1524 3402 1709 3457 omnia
1751 3402 1876 3474 quae

280 3480 531 3537 facienda
570 3482 853 3553 prophetas
898 3485 1214 3555 audiebant,
1252 3488 1549 3547 faciebant.
1604 3492 1663 3547 ln
1706 3509 1875 3552 manu

278 3572 486 3642 quippe
514 3574 659 3629 actio
680 3583 767 3630 est
797 3592 814 3642 ;
846 3576 931 3631 vel
981 3584 1269 3648 postquam
1309 3583 1493 3637 omnia
1533 3581 1627 3641 Dei
1653 3584 1873 3643 decreta

277 3677 310 3715 a
342 3663 627 3733 prophetis
658 3666 983 3722 annuntiata
1013 3679 1233 3738 peracta
1280 3670 1455 3731 fuere.

350 3752 416 3807 ν.
456 3753 545 3808 14.
589 3772 609 3806 ι
648 3756 987 3814 Annuntiate
1032 3760 1090 3815 in
1129 3761 1459 3833 Magdolum.
1512 3784 1530 3817 ι
1580 3765 1872 3839 Memphis,

277 3852 335 3897 et
363 3842 642 3914 Taphnas,
671 3856 729 3902 et
761 3847 1058 3922 Magdolus,
1101 3853 1265 3911 urbes
1289 3865 1448 3912 erant
1486 3856 1872 3931 Egyptiorum

278 3935 521 3993 illustres
543 3948 600 3994 et
634 3941 817 4012 regiae.

352 4046 371 4077 ι
410 4027 814 4088 Etannuntiate
846 4033 900 4088 in
930 4031 1247 4107 Memphim.
1277 4058 1296 4091 ι
1325 4037 1576 4111 Prtepara
1607 4050 1660 4098 te
1694 4043 1870 4115 ipsam

275 4120 344 4175 ad
408 4137 636 4191 necem,
690 4134 810 4192 sta,
865 4142 966 4198 pro
1032 4132 1278 4200 percipe,
1334 4135 1482 4203 quod
1540 4135 1685 4190 sicut
1734 4138 1870 4193 smi-

528 4213 837 4311 sie-regem
894 4224 1049 4276 tuum
1101 4222 1386 4279 abscindet
1437 4223 1652 4297 gladius
1692 4225 1871 4299 Baby-

373 4318 432 4356 ll.

347 4390 414 4448 ν.
451 4392 539 4450 l6.
572 4413 591 4449 ι
623 4393 692 4450 Ει
735 4402 1136 4473 unusquisque.
1186 4422 1205 4457 ι
1242 4402 1416 4461 Judaei
1455 4406 1552 4478 qui
1598 4406 1655 4463 in
1697 4406 1869 4480 Egy-

1989 552 2171 607 παντι
2203 550 2389 619 τόπῳ.
2426 552 2519 623 Μὴ
2542 550 2693 623 ζήτει
2724 552 2805 618 δὲ,
2825 552 2922 605 ἄνθ
2932 570 3115 623 ρωπος
3130 550 3234 617 ὣν,
3258 551 3586 623 ἀπαλλαγῆ-

1988 662 2076 699 ναι
2127 646 2330 701 πόνων.
2380 646 2523 710 Τοὺς
2593 644 2967 717 νομομαθεῖς,
3017 648 3215 716 φησὶν,
3274 647 3354 709 εἰς
3404 645 3588 698 πάντα

1990 740 2167 809 σεμνὰ
2201 740 2524 811 ἐχαρίσατο.
2569 741 2696 794 Ἐπὶ
2741 728 3151 812 τῆν’Ἃραϐίαν
3194 741 3492 808 φεύγοντες
3535 741 3583 792 o!

1988 830 2133 901 ἀμφὶ
2160 831 2252 885 τὸν
2282 831 2538 886 Σεδεκίαν
2556 872 2571 895 ,
2592 834 2672 896 είς
2706 832 2806 903 τὴν
2831 832 2926 885 νῦν
2954 832 3306 903 καλουμένην
3338 832 3578 901 Δάφνην.

2063 940 2081 972 ι
2115 922 2224 974 Kal
2261 924 2326 977 σὺ
2367 922 2651 995 ζητήσεις.
2688 944 2707 976 ι
2761 923 2851 994 Μὴ
2889 924 3171 997 ζητήσῃς·
3230 924 3298 977 τὰ
3330 924 3440 994 γὰρ
3483 942 3584 993 με·
3638 957 3644 961 ‹

1987 1012 2131 1081 γάλα
2159 1014 2255 1068 καὶ
2304 1015 2615 1087 ἀξιάγαστα
2654 1017 2756 1071 οὐκ
2788 1016 3027 1072 ἐνταῦθα
3049 1059 3065 1087 ,
3096 1016 3214 1072 ἀλλ’
3251 1019 3308 1070 ὲν
3335 1014 3415 1087 τῷ
3451 1016 3584 1087 μίλ-

1990 1104 2137 1161 λοντι
2162 1105 2343 1160 αίῶνι.

2490 1236 2491 1239 ‘
2551 1244 2807 1298 ΚΕΦΑΛ.
2848 1244 3001 1312 Mq'.

2062 1370 2080 1403 ι
2126 1352 2214 1407 Ἑν
2247 1355 2515 1426 Χαρμεῖς.
2561 1376 2579 1408 ι
2626 1356 2787 1419 Πόλις
2843 1357 2995 1409 ἐστὶν
3042 1358 3074 1427 η
3122 1356 3343 1428 Χαρμῖς
3392 1356 3451 1408 ἐν
3506 1354 3599 1429 τῇ,

1985 1444 2409 1519 Μεσοποταμίᾳ.

2062 1554 2081 1586 ι
2118 1535 2219 1590 Διὰ
2275 1536 2436 1589 τοῦτο
2487 1537 2647 1591 αὐτοὶ
2708 1538 3025 1593 πτοοῦνται.
3082 1558 3100 1591 ι
3170 1540 3229 1593 Ὀ
3285 1540 3579 1611 προφήτης

1987 1623 2176 1694 φησὶν,
2205 1625 2287 1678 ὅτι
2314 1627 2363 1678 οἱ
2409 1629 2972 1698 παρασκευαζόμενοι
3013 1632 3094 1693 εἰς
3142 1630 3378 1702 πόλεμον
3407 1630 3579 1700 Δίγύ-

1866 1770 1869 1775 λ
1986 1729 2123 1767 πτου
2156 1714 2267 1787 [ῖσ.
2309 1717 2646 1790 Αίγύπτιοι],
2679 1720 2833 1774 αὐτοὶ
2873 1721 3188 1777 πτοοῦνται.

359 1806 424 1862 ν.
467 1808 521 1864 7.
574 1828 594 1862 ι
631 1809 765 1877 Quis
795 1821 881 1868 est
920 1813 1022 1870 iste
1053 1815 1149 1886 qui
1176 1816 1335 1887 quasi
1359 1816 1606 1873 ﬂumen?
1643 1837 1662 1871 ι
1698 1820 1875 1892 Βσιηο

2060 1823 2079 1859 ι
2118 1808 2215 1873 Τίς
2248 1802 2403 1875 οὗτος
2436 1810 2512 1876 ὡς
2536 1813 2819 1883 ποταμός;
2859 1833 2876 1865 ι
2925 1814 2983 1867 ’0
3017 1814 3385 1880 Βαϐυλώνιος.

2060 2005 2079 2040 ι
2121 1987 2235 2042 Kal
2264 1990 2298 2061 ή
2330 1990 2536 2061 ἡμέρα.
2562 2010 2580 2043 ι
2617 1992 2776 2046 Μετὰ
2800 1992 2900 2064 τὴν
2926 1994 3171 2065 ἱστορίαν
3206 1994 3302 2066 τὴν
3331 1995 3574 2066 Χριστοῦ

1986 2079 2293 2151 παρουσίαν
2316 2081 2449 2144 νόει,
2477 2084 2567 2136 ὅτε
2599 2083 2826 2149 τελείως
2849 2084 2900 2137 οἱ
2935 2084 3123 2156 ἐχθροὶ
3145 2085 3237 2140 τοῦ
3269 2085 3408 2140 Θεοῦ
3434 2103 3574 2140 κατ-

1983 2168 2339 2242 ηγορήθησαν
2368 2171 2649 2243 δαίμονες.
2736 2248 2741 2251 _

2060 2303 2079 2337 ι
2125 2284 2381 2356 Ἀνάϐηθι
2419 2285 2657 2341 Γαλαὰδ.
2694 2307 2713 2341 ι
2769 2287 2834 2341 Ἦ
2882 2288 3097 2344 Γαλαὰδ
3140 2288 3256 2359 ἔχει
3302 2287 3405 2359 μὲν
3471 2286 3571 2357 τὴν

1984 2377 2248 2450 ῥητίνην,
2293 2379 2545 2452 ἰατρικὴν
2582 2377 2754 2435 οὖσαν
2792 2380 3154 2451 τραυμάτων.
3194 2382 3260 2434 Ὃ
3296 2379 3355 2433 δὲ
3395 2379 3570 2446 λέγει,

1981 2468 2230 2525 τοιοῦτόν
2270 2473 2455 2526 ἐστιν’
2504 2472 2569 2527 Ἡ
2600 2472 2819 2527 Γαλαὰδ
2852 2471 3232 2543 ἐπηγγέλλετο
3263 2472 3571 2542 ἐπαμύνειν

1980 2560 2060 2634 τῷ
2084 2562 2370 2635 Αἰγυπτίῳ
2390 2579 2405 2595 ο
2434 2564 2531 2618 καὶ
2560 2562 2705 2637 αὕτη
2724 2564 2918 2637 πρώτη
2950 2565 3115 2619 ὲάλω.
3152 2563 3216 2617 Ἡ
3239 2558 3358 2628 οὖν,
3378 2563 3569 2634 φησιν,

1982 2652 2393 2728 ὑπισχνουμένη
2421 2654 2614 2726 ξᾶλλοις
2648 2655 2887 2727 βοηθεῖν,
2905 2657 3081 2727 σαυτῇ
3108 2654 3397 2727 βοήθησον.
3429 2656 3573 2725 Παρ-

1982 2745 2136 2802 θένον
2168 2746 2226 2801 δὲ
2270 2747 2372 2817 τὴν
2398 2747 2681 2817 Αἴγυπτόν
2714 2766 2900 2820 φησιν,
2941 2748 3018 2813 ὼς
3058 2748 3182 2802 τότε
3213 2747 3433 2819 πρῶτον
3478 2748 3571 2800 al-

1984 2839 2167 2912 σχρῶς
2197 2839 2305 2894 ὑπὸ
2351 2839 2634 2911 πολεμίων
2684 2840 3038 2912 ἡττηθεῖσαν,
3086 2840 3185 2893 καὶ
3218 2839 3293 2902 ὡς
3326 2838 3393 2893 ἂν
3425 2840 3571 2894 εἴποι

1980 2951 2067 2998 τις
2109 2934 2700 3007 διαπαρθενευθεῖσαν·
2730 2934 3009 3005 θυγατέρα
3042 2933 3100 2987 δὲ
3141 2932 3446 3003 Αἰγύπτου,
3470 2932 3573 3003 τὴν

1983 3026 2298 3099 περίχωρον
2322 3026 2609 3099 ὀνομάζει.

2059 3134 2078 3168 ι
2126 3117 2251 3172 Ἐπὶ
2292 3116 2355 3171 τὸ
2397 3117 2531 3174 αύτδ
2575 3117 2801 3172 ἔπεσαν.
2840 3134 2858 3170 ι
2902 3117 2961 3171 '0
2995 3115 3196 3188 Νεχαὼ
3231 3114 3435 3187 Φαραὼ
3471 3115 3572 3169 σὺν

1979 3208 2095 3271 τοῖς
2127 3206 2393 3278 ὑπηκόοις
2412 3224 2427 3239 ο
2463 3208 2497 3279 ἢ
2532 3208 2628 3262 καὶ
2656 3206 2874 3261 Γαλαὰδ
2898 3208 2996 3261 σὺν
3023 3210 3088 3278 τῇ
3122 3205 3408 3277 Αἰγύπτῳ.

2055 3317 2076 3352 ι
2110 3301 2180 3354 Ἃ
2205 3300 2440 3371 ὲλὰλησε
2467 3299 2697 3371 Κύριος.
2733 3319 2752 3353 ι
2791 3300 3029 3370 Λέγεται
3051 3298 3185 3363 Θεὸς
3218 3300 3277 3352 ἐν
3306 3298 3453 3370 χειρὶ
3474 3298 3569 3352 λα-

1978 3390 2092 3446 λεῖν
2125 3391 2236 3446 τῶν
2268 3390 2592 3462 προφητῶν,
2645 3391 2839 3462 ἐπειδὴ
2872 3390 3056 3446 πάντα
3099 3391 3202 3444 ὅσα
3234 3389 3483 3459 ἥκουσαν
3515 3388 3567 3441 oi

1979 3482 2256 3554 προφῆται
2303 3486 2501 3549 ποιεῖν,
2536 3482 2780 3538 ἐποίουν.
2817 3484 2979 3554 Χειρὶ
3010 3483 3120 3553 γὰρ
3165 3484 3198 3554 ἡ
3244 3480 3465 3552 πρᾶξις.
3495 3482 3568 3534 Ἦ

1978 3576 2073 3630 καὶ
2107 3576 2295 3647 ἐπειδὴ
2333 3576 2513 3632 πάντα
2543 3576 2614 3631 τὰ
2650 3576 2969 3648 μηνυόμενα
2998 3574 3104 3628 ὑπὸ
3128 3575 3226 3628 τοῦ
3254 3574 3416 3642 Θεοῦ,
3459 3575 3566 3628 ὑπὸ

1976 3666 2088 3720 τῶν
2130 3667 2431 3740 προφητῶν
2463 3669 2544 3731 είς
2573 3667 2739 3738 ἔργον
2767 3666 2988 3738 ἐχώρει.

2058 3776 2078 3810 ι
2101 3757 2494 3828 Ἀναγγείλατε
2520 3759 2601 3821 είς
2632 3757 2955 3826 Μαγδωλόν.
2988 3775 3008 3810 ι
3044 3756 3294 3829 Μέμφις,
3332 3757 3428 3811 καὶ
3458 3754 3569 3811 Τάς

1977 3866 2116 3919 φνας
2140 3888 2155 3914 ,
2188 3850 2287 3903 καὶ
2341 3850 2675 3919 Μαγδωλὸς,
2730 3850 2921 3914 πόλεις
2961 3850 3211 3921 ὑπῆρχον
3248 3848 3567 3918 Αἰγυπτίων

1976 3941 2305 4010 περιφανεῖς
2330 3939 2433 3994 καὶ
2465 3939 2764 4011 βασιλικαί.

2053 4050 2073 4083 ι
2110 4031 2224 4085 Kal
2281 4030 2697 4103 παραγγείλατε
2741 4032 2823 4093 είς
2863 4028 3110 4101 Μέμφιν.
3154 4048 3174 4082 ι
3241 4028 3567 4099 Ἑτοίμασον

1974 4121 2210 4193 σεαυτὴν
2237 4123 2317 4186 είς
2341 4122 2578 4193 σφαγὴν,
2598 4122 2901 4190 ἐπίστηθι,
2938 4121 3061 4175 ἀντὶ
3092 4119 3213 4185 τοῦ,
3251 4121 3460 4189 γνώσῃ
3484 4121 3565 4174 ὅτι

1971 4212 2048 4277 ὡς
2078 4212 2323 4284 σμίλακα
2346 4253 2364 4279 ,
2409 4213 2583 4278 οὔτως
2612 4213 2839 4283 ἐκκόψει
2879 4230 2975 4267 σου
3001 4213 3094 4268 τὸν
3119 4212 3350 4284 βασιλέα
3381 4213 3414 4284 ἠ
3456 4214 3563 4283 μά-

1972 4318 2141 4374 χαιρα
2174 4301 2270 4356 τοῦ
2301 4302 2675 4358 Βαϐυλωνίου.

2049 4413 2069 4446 ι
2107 4395 2221 4449 Kal
2242 4394 2495 4459 ἕκαστος.
2534 4414 2553 4448 ι
2586 4395 2652 4449 Ol
2679 4396 2739 4451 ὲν
2766 4397 2837 4467 τῇ
2865 4394 3132 4466 Αἰγύπτῳ
3178 4394 3427 4449 Ἰουδαῖοι
3466 4395 3562 4448 λέ·-

275 4496 371 4555 pto
398 4487 572 4546 crant'
599 4491 848 4551 dicentes
880 4513 893 4550 :
944 4497 1305 4556 Revertantur
1338 4499 1408 4557 ad
1459 4502 1724 4574 populum
1761 4518 1866 4559 no-

2001 4502 2181 4552 οντες,
2215 4485 2677 4559 ’Δναστρέψωμεν
2699 4487 2841 4559 πρὸς
2862 4486 2956 4541 τδν
2986 4485 3115 4540 λαὸν
3146 4485 3326 4557 ἡμῶν.

273 4587 472 4635 strum.

351 4689 372 4724 ι
416 4673 460 4726 Α
486 4672 623 4730 facie
646 4675 807 4748 gladii
837 4677 1033 4737 Graeci.
1068 4698 1086 4732 ι
1128 4679 1290 4739 lones
1304 4681 1481 4740 Graeci
1513 4684 1582 4740 ab
1613 4684 1743 4741 Ione
1769 4701 1866 4755 ge-

272 4777 379 4818 nus
432 4764 719 4834 ducentes,
759 4769 1065 4843 Babyloniis
1111 4773 1241 4829 olim
1278 4774 1479 4831 tributa
1528 4777 1867 4846 pendebant,

272 4854 489 4925 illisque
531 4858 599 4912 ad
637 4859 779 4916 bella
825 4862 1321 4934 conjungebantur.
1365 4867 1410 4920 A
1458 4867 1635 4939 gladio
1680 4869 1864 4938 itaque

271 4946 483 5015 Graeco,
516 4949 570 5005 id
593 4960 696 5018 est,
736 4953 900 5011 sociis
931 4954 1227 5028 Babylonii.

342 5146 410 5202 ν.
439 5147 528 5203 l8.
556 5166 576 5200 ι
606 5147 748 5217 Quia
774 5154 917 5210 sicut
933 5154 1248 5233 ltabyrium.
1285 5179 1302 5210 ι
1337 5158 1488 5215 Mons
1516 5159 1605 5216 hic
1627 5161 1859 5217 Galilteze

262 5240 402 5294 [ante
454 5239 656 5299 Christi
710 5246 1005 5302 adventum
1059 5248 1311 5304 desertus
1376 5260 1509 5305 erat.
1575 5250 1859 5308 Carmelus

266 5344 490 5403 quoque
518 5343 575 5389 et
607 5337 725 5406 ipse
747 5339 1016 5405 desertus,
1062 5341 1273 5412 adjacet
1303 5343 1459 5406 mari,
1503 5344 1857 5415 marinosque

270 5425 439 5479 aestus
493 5428 717 5499 excipit.
766 5429 883 5485 Erit
918 5432 1122 5503 itaque,
1161 5434 1256 5494 ait.
1289 5434 1855 5505 Memphis'tumultus

264 5513 453 5585 plena,
487 5516 811 5591 desertaque
842 5536 907 5576 ex
940 5521 1243 5592 irruptione
1266 5522 1709 5595 Babyloniorum.

344 5689 409 5745 V.
450 5692 541 5749 20.
576 5713 595 5747 ι
631 5695 815 5752 Vitula
836 5696 1098 5754 adornata
1115 5699 1396 5772 Egyptus.
1435 5721 1454 5755 ι
1488 5701 1647 5759 Missa
1670 5703 1851 5774 copia-

265 5796 390 5844 rum
431 5794 584 5853 parte
612 5785 937 5860 Babylonius
962 5792 1108 5864 cepit
1123 5791 1290 5849 illam.
1315 5825 1387 5836 —
1414 5792 1627 5864 Milites,
1648 5795 1751 5853 hoc
1768 5803 1853 5852 est

1980 4684 1985 4689 ·
2050 4685 2072 4719 ε
2113 4665 2248 4720 Ἀπὸ
2289 4665 2589 4738 προσώπου
2618 4665 2897 4737 μαχαίρας
2940 4663 3291 4735 Ἑλληνικῆς.
3314 4681 3333 4717 ι
3362 4665 3425 4717 Ol
3453 4661 3563 4716 ἀπὸ

1978 4760 2162 4821 Ἴωνος
2186 4758 2454 4829 Ἕλληνες
2486 4757 2669 4823 ὄντες,
2706 4756 2978 4827 ύπόφοροι
3006 4751 3150 4827 ἦσαν
3187 4753 3333 4808 κατὰ
3355 4753 3418 4806 τὸ
3448 4770 3560 4807 πα-

1972 4850 2122 4904 λαιὸν
2148 4850 2260 4903 τῶν
2285 4848 2663 4914 Βαϐυλωνίων,
2692 4849 2786 4902 καὶ
2808 4848 3146 4918 συνεμάχουν
3178 4844 3332 4915 αὐτῷ
3359 4847 3418 4898 ὲν
3444 4847 3560 4908 τοῖς

1970 4941 2257 5011 πολέμοις.
2293 4939 2427 4993 ’Δπὺ
2453 4940 2731 5011 μαχαίρας
2762 4937 2859 4993 οὖν
2902 4934 3251 5007 Ἑλληνικῆς,
3284 4935 3408 4991 ἀντὶ
3435 4933 3553 4999 τοῦ,

1968 5032 2077 5087 τῶν
2116 5031 2423 5104 συμμάχων
2448 5032 2541 5087 τοῦ
2564 5029 2934 5086 Βαϐυλωνίου.

2042 5165 2061 5199 ι
2094 5148 2215 5200 ’Ὁτι
2242 5146 2318 5211 ὡς
2349 5144 2412 5201 τὸ
2453 5146 2779 5219 Ἰταϐύριον.
2817 5164 2836 5199 ι
2870 5144 3044 5200 Τοῦτο
3066 5144 3127 5197 τὸ
3155 5143 3284 5216 δρος
3309 5144 3411 5213 τῆς
3444 5142 3485 5194 Γ
3487 5158 3554 5196 α-

1967 5237 2177 5301 λιλαίας
2203 5236 2288 5305 ὃν,
2330 5236 2540 5309 ἔρημον
2571 5233 2642 5309 ἦν
2672 5237 2782 5306 πρὸ
2813 5238 2913 5308 τῆς
2948 5234 3189 5306 Χριστοῦ
3223 5232 3551 5303 παρουσίας.

1981 5329 2041 5385 Ὀ
2063 5330 2122 5384 δὲ
2138 5329 2439 5400 Κάρμηλος
2470 5329 2567 5383 καὶ
2594 5330 2755 5392 αὐτὸς
2786 5327 2994 5399 ἔρημος
3014 5322 3103 5398 ἦν,
3122 5324 3368 5394 ἔγκειται
3397 5323 3455 5376 δὲ
3480 5325 3549 5393 τῇ

1965 5420 2213 5494 θαλάσσῃ
2239 5462 2254 5488 ,
2300 5422 2395 5476 καὶ
2439 5422 2568 5486 τοὺς
2614 5420 2942 5484 θαλαττίους
2981 5419 3199 5489 δέχεται
3234 5416 3546 5479 κλύδωνας.

1968 5516 2163 5569 Ἔσται
2204 5509 2322 5581 οὖν,
2362 5514 2550 5585 φησὶν,
2599 5516 2632 5584 ἠ
2674 5513 2903 5583 Μέμφις
2937 5512 3170 5584 θορύϐου
3220 5510 3419 5582 μεστὴ,
3453 5506 3547 5577 καὶ

1963 5608 2171 5680 ἕρημος
2201 5608 2267 5660 ἐκ
2295 5606 2393 5676 τῆς
2419 5605 2615 5676 ἐφόδου
2646 5606 2756 5659 τῶν
2776 5604 3158 5659 Βαϐυλωνίων.

2037 5719 2056 5753 ι
2109 5699 2355 5771 Δάμα).ις
2419 5697 2915 5769 κεκαλλωπισμένη
2974 5695 3273 5774 Δίξγνπτος.
3338 5710 3357 5744 ι
3415 5691 3540 5747 ’Ὁτι

1963 5792 2127 5867 μέρος
2158 5809 2212 5847 τι
2242 5790 2340 5863 τῆς
2363 5791 2647 5863 δυνάμεως
2683 5790 2909 5863 πέμψας
2939 5790 2967 5843 ό
3001 5787 3366 5855 Βαϐυλώνιος,
3395 5776 3540 5837 εἷλεν
