3942 6412
322 345 446 411 711

1470 332 1993 398 OLYMPIODORI
2047 327 2578 391 ALEXANDRINI

3532 320 3640 384 712

412 438 468 509 ἰ
512 453 783 522 Quoniam
834 452 971 509 dura
1029 450 1178 537 fecit.
1242 469 1260 503 ι
1336 448 1543 504 Bellum
1594 447 1697 518 ipsi
1753 445 1948 500 allatu-

2127 462 2148 493 ι
2192 443 2317 495 Ὅτι
2364 439 2601 495 δύσκολα
2645 435 2923 508 ἐποίησεν.
2975 450 2994 486 ι
3047 432 3153 487 Τὸν
3196 433 3460 504 μέλλοντα
3497 432 3638 504 αὐτῇ

364 565 511 696 ""3:
532 640 620 696 10.
656 656 677 691 ι
714 637 854 706 Quia
874 652 975 711 ego
1002 636 1212 693 detraxi
1248 628 1442 690 Esau.)
1477 628 1955 701 Hostes;mystice

365 731 631 803 apostoli,
659 738 715 785 et
767 728 881 784 suis
928 727 1130 796 quique
1179 722 1519 795 temporibus
1582 717 1953 775 Ecclesiarum

364 819 624 892 praesides
645 827 837 874 contra
854 816 1123 871 idolorum
1158 812 1385 868 cultum.

442 1032 461 1065 ι
501 1008 759 1066 Revelavi
782 1005 1104 1061 abscondita
1132 1016 1346 1059 eorum.
1378 1018 1398 1054 ι
1429 1001 1712 1059 Satanam.
1752 992 1826 1050 Ea
1856 1008 1954 1065 per

362 1119 489 1180 quae
517 1104 769 1160 homines
793 1116 826 1155 a
853 1098 1194 1155 daemonibus
1234 1092 1672 1164 decipiebantur.

436 1196 501 1251 V.
534 1196 620 1250 ll.
653 1214 671 1247 ι
711 1193 777 1248 Ει
803 1192 1006 1248 viduaa.
1045 1208 1065 1241 ι
1112 1186 1250 1254 Quae
1275 1201 1308 1241 a
1346 1183 1644 1257 gentilibus
1703 1176 1954 1235 descive-

364 1294 496 1341 runt
522 1287 746 1339 animae.

439 1376 505 1432 ν.
548 1377 633 1431 14.
675 1394 694 1428 ι
731 1374 795 1428 Et
816 1371 1039 1445 angelos
1066 1369 1135 1425 ad
1181 1375 1373 1440 gentes
1401 1362 1571 1420 misit.
1606 1379 1625 1415 ι
1654 1358 1858 1421 Bellum
1898 1356 1954 1411 in

360 1470 658 1527 Idumaeam
690 1466 1030 1530 excitantes;
1054 1460 1279 1533 mystice
1302 1473 1434 1515 vero
1478 1464 1697 1512 sanctos
1732 1460 1955 1523 aposto-

364 1563 618 1707 102.16.
659 1671 678 1703 ι
717 1644 1066 1705 Immodestia
1098 1653 1213 1699 tua.
1256 1660 1274 1694 ι
1332 1637 1647 1697 Petulantia
1676 1646 1790 1704 tua,
1820 1649 1953 1706 pro-

368 1746 595 1805 tervitas
626 1753 738 1800 tua.

445 1858 466 1892 ι
502 1834 880 1910 Apprehendit
918 1829 1317 1887 fortitudinem.
1366 1846 1385 1881 ι
1442 1825 1625 1881 Colles
1676 1822 1842 1879 etiam
1894 1820 1952 1875 in

368 1928 789 1987 necessitatibus
819 1923 1073 1997 praesidia
1104 1931 1266 1985 sunt;
1318 1919 1376 1974 in
1402 1917 1510 1973 illis
1548 1917 1698 1972 enim
1746 1919 1955 1969 stantes

368 2021 577 2091 lapides
596 2018 653 2073 in
685 2015 1029 2072 adversarios
1057 2013 1303 2067 mittunt.

441 2112 619 2168 v.18.
658 2129 677 2162 ι
714 2110 780 2163 Et
807 2124 917 2163 non
957 2105 1278 2161 habitabit.»
1314 2102 1441 2159 Haec
1465 2099 1649 2156 omnia
1671 2098 1750 2153 sic
1782 2096 1956 2151 histo-

366 2206 467 2261 ria:
501 2202 864 2265 conveniunt,
899 2207 1080 2254 tamen
1112 2206 1167 2252 et
1221 2203 1350 2267 post
1400 2192 1605 2249 Christi
1661 2190 1955 2245 adventum

364 2305 557 2353 contra
577 2294 886 2350 daemonum
944 2304 1161 2346 errores
1202 2289 1320 2344 haec
1369 2286 1483 2341 fieri
1535 2291 1857 2354 coeperunt,
1899 2280 1956 2336 in

366 2385 952 2454 consummationeque
982 2381 1170 2437 mundi
1202 2380 1370 2435 finem
1403 2378 1707 2434 habebunt.

440 2477 630 2535 v.19.
674 2497 693 2530 ι
739 2476 880 2533 Ecce
926 2475 1087 2548 quasi
1148 2474 1236 2529 leo
1282 2472 1566 2528 ascendet.
1617 2488 1636 2522 ι
1682 2466 1956 2523 Dominus

365 2571 670 2628 ascendens
693 2584 724 2625 e
747 2570 981 2624 lavacro.

446 2678 467 2713 ι
498 2660 567 2716 Et
594 2659 847 2731 juvenes,
880 2672 1047 2727 super
1077 2670 1199 2711 eam
1232 2660 1394 2711 state.
1428 2671 1446 2705 ι
1500 2652 1578 2707 De
1617 2650 1820 2722 quibus
1870 2648 1957 2705 di-

367 2757 520 2804 ctum
543 2755 660 2803 est:
691 2746 892 2816 Scripsi
926 2746 1089 2811 vobis,
1122 2761 1152 2798 ο
1169 2744 1408 2814 juvenes,
1437 2742 1574 2814 quod
1598 2741 1795 2797 vicistis
1838 2755 1957 2794 ma-

368 2842 575 2913 lignum
602 2840 669 2905 “,
697 2839 938 2894 infantes
967 2852 1184 2893 eorum.
1712 2873 1716 2877 «

336 2947 341 2953 ε
436 2949 467 3012 ἰ
509 2928 567 2985 Si
611 2943 720 2984 non
768 2926 913 2982 invia
953 2927 1065 2981 flet.
1109 2943 1128 2977 ι
1182 2922 1263 2980 Ne
1311 2923 1571 2994 deinceps
1616 2920 1959 2978 damonibus

369 3022 517 3076 ullus
551 3020 896 3089 relinquatur
926 3016 1285 3073 habitationis
1332 3016 1506 3081 locus,
1550 3014 1868 3070 hominibus
1900 3012 1958 3068 in

369 3113 681 3168 libertatem
706 3109 997 3174 restitutis,
1028 3116 1085 3163 et
1116 3107 1259 3162 fanis
1287 3106 1555 3163 idolorum
1582 3106 1813 3162 eversis.

442 3200 511 3257 γ.
537 3201 631 3256 22.
674 3218 693 3253 ι
728 3200 872 3255 Ecce
899 3198 1055 3270 quasi
1122 3197 1327 3271 aquila.
1367 3215 1386 3251 ι
1420 3196 1554 3264 Qua
1612 3196 1958 3253 destructum

372 3303 458 3349 est
490 3293 657 3348 illam.

441 3384 624 3442 V.2‘5.
663 3402 682 3437 ι
722 3383 1010 3440 Damasco.
1058 3401 1078 3436 ι
1109 3381 1359 3439 Damasci
1390 3381 1641 3453 praedicit
1667 3396 1957 3453 expugna-

374 3479 602 3536 tionem.
1466 3474 1469 3479 '

445 3569 511 3627 ν.
538 3572 631 3627 9.5.
675 3590 694 3624 ι
721 3570 961 3627 Confusa
1006 3577 1113 3624 est.
1153 3585 1172 3620 ι
1217 3566 1414 3622 Emath
1446 3574 1501 3621 et
1531 3564 1803 3637 Arpbatb,
1837 3579 1959 3635 quae

372 3678 523 3721 nunc
550 3662 863 3725 Antiochia,
889 3671 1023 3717 tunc
1066 3658 1405 3725 vocabatur;
1448 3666 1608 3713 erant
1636 3665 1824 3713 autem
1875 3655 1960 3711 lo-

371 3771 437 3812 ca
467 3756 557 3810 illa
606 3764 734 3810 tunc
757 3753 1022 3825 temporis
1052 3752 1155 3808 sub
1183 3751 1393 3807 ditione
1422 3748 1697 3816 Damasci,
1719 3762 1843 3821 quas
1866 3762 1959 3803 re-

371 3847 458 3920 gia
483 3848 680 3903 civitas
703 3848 966 3919 Syrorum
990 3834 1129 3900 erat.
1304 3902 1307 3905 .
1698 3840 1701 3843 λ
1948 3908 1953 3923 π

443 3939 510 3994 ν.
534 3939 625 3995 25.
669 3958 688 3991 ι
736 3938 1021 4005 Quomodo
1069 3952 1180 3993 non
1214 3936 1558 4007 reliquerunt
1580 3933 1901 3991 civitatem?
1935 3950 1953 3985 ι

368 4033 509 4088 Cum
541 4032 731 4087 hostes
753 4032 1055 4087 adventare
1082 4030 1361 4093 audirent,
1415 4028 1584 4085 urbes
1618 4027 1963 4101 deserentes

370 4123 441 4179 ad
473 4124 624 4178 vicos
664 4122 1076 4192 confugiebant.
1120 4120 1407 4186 Quomodo
1465 4119 1669 4187 itaque,
1697 4118 1794 4183 ait,
1845 4117 1963 4171 haec

370 4214 661 4270 audientes
687 4213 960 4268 civitatem
993 4226 1103 4266 non
1162 4219 1324 4265 erant
1364 4207 1662 4272 deserturi,
1691 4217 1752 4261 ut
1798 4221 1859 4262 se
1905 4205 1961 4260 in

374 4318 545 4376 pagos
571 4301 923 4359 conferrent?
952 4300 1233 4357 Civitatem
1291 4314 1421 4355 vero
1444 4314 1618 4352 meam
1642 4297 1791 4364 dicit,
1822 4284 1962 4367 quo-

373 4396 524 4450 niam
557 4408 750 4449 omnes
766 4393 1022 4448 civitates
1058 4391 1151 4445 Dei
1174 4401 1323 4447 sunt.

2056 534 2189 588 πολε
2200 535 2341 588 μεῖν.

2133 552 2189 585 λε
2241 552 2341 585 ειν.

2131 643 2153 676 ι
2190 552 2315 677 3irin.
2360 621 2473 689 ἐγὼ
2506 619 2787 690 κατέσυρα
2826 617 2921 672 τδν
2954 614 3150 671 Ἠσαῦ.
3189 635 3207 668 ι
3247 616 3311 669 οι
3359 613 3642 683 πολέμιοι.

2058 716 2200 789 Πρὸς
2220 715 2276 769 δὲ
2303 714 2570 776 διάνοιαν,
2601 714 2652 765 oi
2681 710 2998 776 ἀπόστολοι,
3027 710 3126 764 καὶ
3146 710 3197 764 οί
3232 707 3377 762 κατὰ
3412 706 3647 777 καιροὺς

2055 808 2166 863 τῶν
2210 804 2551 875 Ἐκκλησιῶν
2615 802 2965 875 προεστῶτες
3026 800 3170 855 κατά
3204 800 3302 871 τῆς
3359 797 3648 853 είδωλολα-

2055 901 2541 1059 τρὶαῗλνεκάλικίρα
2568 988 2639 1041 τὰ
2684 986 2909 1059 κρυπτά
2929 986 3132 1041 αὐτῶν.
3177 1003 3196 1038 ι
3234 984 3340 1039 Τὸν
3372 981 3643 1037 Σατανᾶν.

2064 1086 2147 1141 Τὰ
2197 1084 2264 1139 δι’
2287 1079 2363 1140 ὧν
2392 1083 2520 1147 τοὺς
2538 1079 2863 1152 ἀνθρώπους
2888 1079 3117 1150 ἡπάτων
3141 1078 3194 1132 οί
3216 1077 3497 1148 δαίμονες.

2131 1194 2152 1230 ι
2186 1177 2300 1233 Καὶ
2328 1178 2385 1231 αἱ
2411 1176 2604 1249 χῆραι.
2640 1193 2660 1228 ι
2699 1173 2769 1229 Δί
2801 1172 3115 1228 emam
3143 1170 3256 1226 τῶν
3274 1169 3506 1226 ἐθνικῶν
3541 1167 3648 1240 ψυ-

2133 1270 2169 1325 ί.

2056 1288 2169 1411 χαί.
2193 1358 2305 1413 Καὶ
2333 1358 2604 1429 ἀγγέλους
2629 1357 2711 1422 είς
2736 1356 2868 1427 ἔθνη
2895 1355 3211 1413 ἀπέστειλε.
3242 1374 3261 1407 ι
3289 1354 3430 1419 Τοὺς
3450 1352 3650 1423 διεγεί-

2057 1469 2257 1526 ροντας
2305 1452 2451 1506 κατὰ
2482 1452 2582 1521 τῆς
2617 1448 2927 1521 Ἰδουμαίας
2974 1449 3068 1504 τὸν
3092 1448 3351 1520 πόλεμον.
3397 1445 3559 1502 Κατά
3588 1446 3647 1501 ἃ

2055 1543 2154 1614 τὴν
2188 1542 2458 1615 θεωρίαν,
2488 1541 2617 1605 τοὺς
2636 1541 2829 1609 ἁγίους
2860 1538 3217 1603 ἀποστόλους.

2131 1655 2152 1689 ι
2212 1635 2275 1689 Ἦ
2307 1632 2538 1703 παιγνία
2570 1650 2687 1697 σου.
2734 1651 2753 1687 ι
2799 1631 2873 1687 Τὸ
2941 1630 3171 1704 στρῆνός
3220 1646 3316 1682 σου
3340 1666 3357 1694 ,
3389 1625 3649 1700 ἡάναεία

2058 1745 2178 1783 σου.

1983 1804 2028 1864 Β
2131 1838 2153 1872 ι
2201 1818 2508 1873 Συνέλαόεν
2550 1818 2730 1890 ἰσχύν.
2783 1837 2803 1872 ι
2852 1818 3039 1874 Καὶοί
3074 1819 3253 1890 βουνοί
3284 1819 3343 1870 ὲν
3375 1814 3651 1884 ἀνάγκαις

2056 1911 2396 1984 ὀχυρώματά
2426 1914 2568 1967 είσιν
2589 1913 2716 1981 ’,ἐπ’
2745 1912 2929 1966 αὐτῶν
2968 1911 3081 1984 γὰρ
3108 1911 3391 1982 ἱστάμενοι
3414 1946 3431 1973 ,
3458 1905 3647 1970 λίθους

2056 2006 2203 2061 κατά
2226 2006 2337 2060 τῶν
2364 2003 2639 2077 πολεμίων
2664 2005 2997 2075 πέμπουσιν.

2133 2115 2153 2148 ι
2198 2096 2309 2151 Καὶ
2346 2096 2410 2150 ού
2456 2096 2537 2167 μὴ
2564 2096 2902 2169 κατοικήσει.
2946 2114 2967 2148 ι
3012 2093 3199 2150 Ταῦτα
3242 2094 3425 2149 πάντα
3471 2090 3649 2156 οὕτως

2055 2192 2124 2260 τῇ
2164 2189 2381 2261 ἱστορίᾳ
2416 2190 2670 2259 ἁρμόζει.
2721 2189 2961 2260 Ἠρξατο
2984 2188 3043 2244 δὲ
3081 2187 3224 2243 κατά
3263 2180 3646 2258 τῆςδαιμονῑ-

2058 2282 2163 2354 κῆς
2208 2281 2422 2352 πλάνης
2470 2281 2717 2350 γίνεσθαι
2762 2281 2871 2336 ἀπὸ
2898 2282 2998 2350 τῆς
3040 2280 3345 2351 παρουσίας
3385 2276 3647 2349 Χριστοῦ,

2059 2374 2158 2427 καὶ
2182 2373 2359 2445 πέρας
2392 2372 2611 2439 ἕξουσιν
2640 2374 2699 2428 ὲν
2725 2375 2793 2445 τῇ
2826 2371 3130 2444 συντελείᾳ.

2135 2484 2155 2518 ι
2196 2466 2329 2521 Ἰδοὺ
2352 2466 2545 2538 ὥσπερ
2572 2467 2708 2521 λέων
2729 2465 3081 2535 ἀναϐήσεται.
3114 2482 3133 2517 ι
3168 2462 3230 2517 '0
3254 2461 3461 2534 Κύριος
3491 2461 3650 2517 ἀνελ-

2060 2559 2170 2615 θὼν
2193 2560 2259 2613 ὲκ
2285 2559 2382 2614 τοῦ
2417 2559 2817 2632 βαπτίσματος.

2136 2679 2155 2712 ι
2191 2660 2304 2715 Καὶ
2359 2659 2487 2722 τοὺς
2518 2659 2837 2734 νεανίσκους
2865 2655 2954 2710 ἐπ’
3003 2653 3176 2727 αὐτὴν
3216 2653 3572 2725 ἔπιστήσατε.
3624 2670 3644 2706 ι

2060 2751 2204 2823 Κερλ⁵
2262 2745 2339 2805 ὦν
2376 2750 2593 2822 είρηται
2621 2763 2635 2777 ·
2669 2748 2942 2817 Ἕῃοαψα
2993 2744 3159 2816 ὑμῖν,
3189 2744 3525 2808 νεανίσκοι,
3557 2741 3652 2797 ὅτι

2056 2842 2419 2911 νενικήκατε
2447 2841 2556 2895 τὸν
2582 2839 2855 2908 πονηρόν
2876 2854 2889 2866 ·
2919 2837 2989 2894 τὰ
3021 2838 3193 2909 νήπια
3218 2835 3417 2890 αὐτῶν.

2054 2984 2057 2987 .
2088 2974 2091 2975 ν
2132 2954 2155 2988 ι
2206 2934 2333 2987 Ἐὰν
2363 2931 2439 3004 μὴ
2463 2929 2744 3003 ἀὸατωθῇ.
2782 2948 2801 2981 ι
2838 2929 2955 2981 ἰνα
2984 2926 3184 2998 μηιότι
3223 2925 3391 2997 εχωσι
3418 2924 3525 2979 ποῦ
3546 2941 3651 2980 κα-

2058 3024 2290 3082 ταλῦσαι
2328 3026 2380 3077 οἱ
2430 3024 2724 3094 δαίμονες,
2757 3021 2867 3076 τῶν
2905 3018 3213 3092 ἀνθρώπων
3252 3018 3650 3091 ἐλευθερουμέ-

2060 3135 2188 3183 νων,
2212 3117 2313 3170 τκαὶ
2342 3116 2452 3168 τῶν
2478 3113 2738 3169 είδωλίων
2773 3110 3327 3182 καταστρεφομίνων.

2126 3227 2157 3261 ς(
2210 3208 2346 3264 Ἰδοὺ
2390 3207 2584 3278 ὥσπερ
2610 3206 2793 3270 ἀετός.
2843 3223 2862 3257 ι
2905 3204 2964 3258 '0
3009 3203 3223 3276 μέλλων
3259 3202 3428 3275 αὐτὴν
3475 3218 3652 3258 κατα·

2054 3302 2231 3358 λύειν.

2134 3415 2153 3449 ι
2189 3397 2269 3467 Τῇ
2314 3392 2614 3467 Δαμασκῷ.
2651 3413 2671 3447 ι
2735 3394 2848 3465 Τῆς
2898 3390 3197 3465 Δαμασκοῦ
3235 3388 3497 3463 προλέγει
3550 3387 3651 3459 τὴν

2061 3488 2288 3543 ἅλωσιν.
3224 3518 3227 3521 .

2137 3598 2157 3631 ι
2200 3576 2589 3652 κατῃσχύνθη.
2625 3574 2805 3647 Ἦμὰθ
2849 3574 3205 3646 καὶἈρφάθ,
3237 3576 3273 3647 ἠ
3317 3574 3416 3630 νῦν
3446 3574 3651 3630 Ἀντιό-

2060 3687 2207 3741 χεια,
2261 3669 2386 3721 τότε
2438 3667 2712 3721 ἐκαλεῖτο.
2760 3663 3221 3737 Ἐὁασιλεύονίτο]
3270 3664 3327 3717 δὲ
3377 3666 3651 3720 ὲκεῖνατά

2061 3760 2239 3834 χωρία
2259 3762 2381 3814 τότε
2415 3760 2522 3814 ὑπὸ
2563 3760 2664 3831 τῆς
2694 3755 2991 3831 Δαμασκοῦ
3032 3772 3047 3787 ο
3080 3755 3223 3828 αὕτη
3262 3756 3372 3829 γὰρ
3402 3753 3473 3830 ἦν
3527 3757 3649 3812 τότε

2062 3856 2098 3926 ἡ
2122 3854 2233 3907 τῶν
2251 3853 2323 3906 Σύ
2334 3870 2442 3924 ρων
2469 3850 2732 3922 βασιλικὴ
2757 3850 2935 3922 χώρα.

2138 3940 2157 3998 ι
2187 3945 2312 4009 Πῶς
2333 3945 2455 4014 οὐχὶ
2474 3944 2800 4014 ἐγκατέλιπε
2831 3943 2987 3997 πόλιν
3006 3959 3021 4009 ;
3053 3962 3072 3998 ι
3108 3944 3200 3997 Ἐν
3216 3945 3337 4008 ταῖς
3357 3943 3467 3997 τῶν
3488 3942 3649 3998 πολιι

2066 4037 2206 4107 μίων
2240 4036 2455 4098 -ἀκοαίς
2483 4034 3005 4106 καταλιμπάνοντες
3040 4035 3143 4109 τὰς
3171 4034 3381 4099 πόλεις,
3426 4036 3507 4099 είς
3550 4037 3648 4099 τάς

2063 4127 2261 4197 κώμας
2316 4127 2573 4195 ἔφευγον.
2625 4126 2752 4190 Πῶς
2802 4121 2927 4194 οὖν,
2975 4127 3178 4197 φησὶν,
3226 4126 3321 4181 ἐπὶ
3367 4127 3648 4190 τοιαύταις

2063 4220 2257 4282 ἀκοαῖς
2302 4218 2402 4272 οὐκ
2445 4217 2674 4288 ἔμελλον
2716 4217 3160 4289 καταλιμπάνειν
3200 4217 3301 4291 τὴν
3334 4219 3513 4286 πόλιν,
3553 4219 3648 4274 καὶ

2062 4314 2285 4369 ἀπιέναι
2336 4316 2416 4379 εἰς
2459 4314 2559 4379 τὰς
2610 4313 2842 4386 κώμας;
2901 4317 3092 4371 Πόλιν
3149 4316 3208 4370 δὲ
3252 4316 3432 4386 ἐμὴν,
3458 4318 3643 4388 φησὶν,

2063 4404 2253 4477 ἐπειδὴ
2280 4407 2336 4459 αἱ
2373 4407 2546 4460 πᾶσαι
2575 4407 2762 4475 πόλεις
2788 4406 2882 4471 τοῦ
2902 4406 3040 4485 Θεοῦ
3071 4394 3233 4463 εἰσιν.

446 4484 513 4541 V.
543 4486 636 4541 27.
674 4503 693 4536 ι
730 4483 903 4538 Bivia.
949 4502 967 4535 ι
1004 4481 1183 4553 Reges
1237 4481 1498 4553 Syrorum
1528 4479 1676 4535 Ader
1702 4477 1956 4534 nomina-

2137 4515 2156 4549 ι
2198 4496 2469 4567 Ἀμφοδα.
2507 4518 2525 4551 ι
2545 4498 2636 4562 Ὠς
2660 4498 2898 4568 βασιλεῖς
2922 4478 3309 4571 Σύρων,Ἂδερ
3332 4498 3643 4567 ἐκαλοῦντο,

371 4578 599 4644 bantur,
629 4575 770 4632 sicut
790 4581 846 4629 et
875 4574 1253 4647 Egyptiorum
1283 4573 1518 4628 Pharao.
1710 4642 1711 4645 η

447 4670 515 4726 \'.
555 4669 645 4724 50.
674 4686 693 4720 ι
719 4667 944 4738 Fugite,
984 4666 1284 4738 demergite
1319 4666 1374 4720 in
1427 4664 1752 4721 sessionem.
1792 4684 1811 4717 ι
1845 4663 1958 4720 Ῥυ-

373 4758 534 4815 tastis
554 4759 610 4814 in
631 4764 751 4813 tuto
780 4757 994 4822 sedere,
1020 4757 1075 4811 id
1106 4765 1192 4812 est
1222 4756 1493 4811 habitare.

446 4869 472 4902 4
522 4847 584 4903 In
614 4848 757 4904 aula.
796 4867 815 4901 ι
853 4849 915 4902 ln
963 4849 1213 4916 deserto;
1256 4832 1491 4903 vocatur
1518 4862 1652 4903 vero
1674 4848 1795 4902 aula
1832 4846 1957 4917 quia

373 4943 481 5000 sub
511 4942 624 4997 dio.
1962 4936 1965 4939 ’

450 5032 517 5088 ν.
551 5035 639 5090 51.
668 5051 686 5085 ι
709 5031 1015 5105 Consurge,
1056 5042 1113 5087 et
1158 5032 1422 5087 ascende.
1472 5050 1491 5084 ι
1536 5029 1834 5086 Sedentem
1857 5046 1956 5087 vo—

376 5128 653 5200 luptuose,
698 5126 883 5197 quiete
910 5125 1219 5197 degentem,
1248 5134 1309 5181 et
1334 5124 1673 5180 confidenter
1699 5124 1957 5180 habitan-

375 5227 511 5274 tem.

448 5328 469 5362 ι
501 5307 712 5376 Quibus
736 5324 849 5363 non
881 5316 1012 5363 sunt
1040 5318 1262 5377 perun.»
1304 5307 1511 5376 Balani,
1544 5307 1601 5362 id
1627 5314 1712 5363 est
1749 5307 1953 5375 claves,

375 5420 441 5460 ex
480 5415 550 5457 eo
592 5401 737 5471 quod
763 5402 867 5456 sub
897 5402 988 5458 dio
1019 5401 1352 5457 habitarent.

455 5514 475 5549 ι
536 5489 651 5544 Soli
707 5490 976 5546 habitant.
1010 5510 1030 5543 ι
1064 5492 1171 5546 Pro
1195 5491 1453 5562 dispersi.

448 5595 474 5630 ι
507 5579 787 5637 Attonsos.
822 5599 841 5633 ι
878 5581 937 5636 id
969 5590 1053 5636 est
1080 5582 1280 5638 decore
1306 5598 1406 5638 suo
1432 5583 1710 5654 privatos;
1739 5584 1830 5641 alii
1859 5598 1955 5641 co-

377 5665 530 5724 dices
544 5667 751 5741 legunt,
780 5671 1131 5741 commistos,
1164 5673 1281 5729 scil.
1320 5672 1599 5730 confusos.

2063 4585 2140 4652 ὡς
2174 4588 2270 4663 καὶ
2305 4589 2354 4641 ot
2386 4587 2674 4656 Δίγύπτιοι
2704 4587 2925 4661 Φαραώ.
3224 4614 3229 4617 ·

2141 4698 2159 4731 ι
2219 4679 2355 4735 Δίαν
2412 4680 2760 4749 ὲμὸαθύνατε
2819 4681 2899 4745 είς
2946 4681 3184 4736 κάθισιν.
3248 4699 3269 4735 ι
3322 4682 3644 4753 Ἐνομίσατε

2064 4770 2324 4842 ἀσφαλῶς
2359 4771 2660 4843 καθῆσθαι,
2689 4773 2969 4828 τουτέστιν
2992 4774 3185 4828 οἰκεῖν.

2141 4882 2160 4915 ι
2200 4863 2293 4916 Ἐν
2338 4865 2406 4934 τῇ
2454 4864 2611 4937 αὐλῇ.
2654 4883 2674 4918 ι
2719 4865 2809 4920 Ἐν
2848 4868 2916 4939 τῇ
2949 4867 3162 4939 ἐρήμῳ.
3203 4865 3352 4938 am;
3376 4866 3433 4920 δὲ
3463 4864 3644 4920 eam

2066 4954 2299 5026 αἴθριον.
3324 4982 3325 4985 η

2078 5098 2081 5103 .
2132 5063 2161 5099 ηι
2190 5045 2486 5118 Ἀνάστηθι
2515 5048 2611 5102 καὶΙ
2638 5048 2896 5120 ἀνάϐηθι.
2929 5069 2951 5103 ι
2981 5050 3311 5123 Καθῄμενον
3337 5053 3417 5117 εἰς
3442 5048 3644 5120 ἀναψυ-

2065 5135 2187 5206 χὴν,
2229 5137 2525 5209 ἡσυχάζον,
2550 5139 2871 5196 εὐσταθοῦν.

2080 5310 2083 5315 ί
2142 5333 2161 5366 ι
2186 5307 2283 5377 Οἷς
2310 5315 2412 5369 οὐκ
2429 5314 2538 5369 εἰσὶ
2556 5315 2739 5389 θύραι.
2768 5336 2787 5370 ι
2808 5318 3061 5386 Βάλανοι,
3092 5321 3148 5376 αί
3212 5320 3420 5387 κλεῖδες
3439 5364 3453 5390 ,
3480 5321 3569 5376 διὰ
3588 5321 3646 5377 τὸ

2065 5402 2313 5475 αἱθρίους
2347 5406 2537 5461 οἰκεῖν.

2140 5515 2160 5548 ι
2192 5496 2364 5551 Μόνοι
2387 5499 2739 5558 καταλύουσι.
2781 5518 2803 5554 ι
2844 5503 2996 5557 ’Δντὶ
3023 5503 3139 5571 τοῦ,
3162 5504 3575 5578 διεσπαρμένοι.

2138 5606 2158 5639 ι
2198 5590 2611 5661 Κεκαρμένους.
2649 5613 2668 5646 ι
2696 5594 2845 5649 ’Δντὶ
2873 5595 2992 5660 τοῦ,
3014 5596 3111 5669 τὴν
3133 5599 3471 5671 εὐπρέπειαν
3537 5600 3643 5669 ἀφ-

2062 5678 2380 5750 ῃρημένους
2413 5697 2427 5712 ·
2454 5681 2591 5735 ἄλλα
2638 5684 2695 5737 δὲ
2757 5684 2938 5755 βιϐλία
2981 5687 3184 5759 ἔχουσι,
3242 5690 3642 5761 κεκραμένους,

2065 5772 2186 5824 ἀντὶ
2221 5771 2338 5837 τοῦ,
2374 5779 2837 5848 συγκεχυμένους.
