  <div class='ocr_page' id='page_1' title='image "/cluster/home/n/w/nwhite01/storage/ocr_20150623/93/coo.31924054869973/367.png"; bbox 0 0 3942 6404; ppageno 0'>
   <div class='ocr_carea' id='block_1_1' title="bbox 436 328 533 395">
    <p class='ocr_par' dir='ltr' id='par_1_1' title="bbox 436 328 533 395">
     <span class='ocr_line' id='line_1_1' title="bbox 436 328 533 395; baseline 0.01 -1"><span class='ocrx_word' id='word_1_1' title='bbox 436 328 533 395; x_wconf 65' lang='lat' dir='ltr'><strong>illi</strong></span> 
     </span>
    </p>
   </div>
   <div class='ocr_carea' id='block_1_2' title="bbox 1534 326 2629 389">
    <p class='ocr_par' dir='ltr' id='par_1_2' title="bbox 1534 326 2629 389">
     <span class='ocr_line' id='line_1_2' title="bbox 1534 326 2629 389; baseline -0.003 -1"><span class='ocrx_word' id='word_1_2' title='bbox 1534 326 2057 389; x_wconf 81' lang='lat' dir='ltr'><strong>OLYMPIODORI</strong></span> <span class='ocrx_word' id='word_1_3' title='bbox 2098 327 2629 389; x_wconf 74' lang='lat' dir='ltr'><strong>ALEXANDRINI</strong></span> 
     </span>
    </p>
   </div>
   <div class='ocr_carea' id='block_1_3' title="bbox 3623 325 3727 388">
    <p class='ocr_par' dir='ltr' id='par_1_3' title="bbox 3623 325 3727 388">
     <span class='ocr_line' id='line_1_3' title="bbox 3623 325 3727 388; baseline 0 -1"><span class='ocrx_word' id='word_1_4' title='bbox 3623 325 3727 388; x_wconf 76' lang='grc' dir='ltr'><strong>ἨΒ</strong></span> 
     </span>
    </p>
   </div>
   <div class='ocr_carea' id='block_1_4' title="bbox 504 437 2022 514">
    <p class='ocr_par' dir='ltr' id='par_1_4' title="bbox 504 443 2022 514">
     <span class='ocr_line' id='line_1_4' title="bbox 504 443 2022 514; baseline -0.002 -13"><span class='ocrx_word' id='word_1_5' title='bbox 504 444 570 501; x_wconf 76' lang='grc' dir='ltr'><strong>ν.</strong></span> <span class='ocrx_word' id='word_1_6' title='bbox 597 446 682 501; x_wconf 72' lang='grc' dir='ltr'><strong>Η.</strong></span> <span class='ocrx_word' id='word_1_7' title='bbox 719 463 740 499; x_wconf 81' lang='grc' dir='ltr'><strong>ι</strong></span> <span class='ocrx_word' id='word_1_8' title='bbox 765 444 871 512; x_wconf 99' lang='lat' dir='ltr'><strong>Qui</strong></span> <span class='ocrx_word' id='word_1_9' title='bbox 898 444 1131 500; x_wconf 82' lang='lat' dir='ltr'><strong>tenditis</strong></span> <span class='ocrx_word' id='word_1_10' title='bbox 1159 459 1368 500; x_wconf 73' lang='lat' dir='ltr'><strong>arcum.</strong></span> <span class='ocrx_word' id='word_1_11' title='bbox 1407 462 1426 495; x_wconf 70' lang='grc' dir='ltr'><strong>ι</strong></span> <span class='ocrx_word' id='word_1_12' title='bbox 1458 443 1541 500; x_wconf 75' lang='lat' dir='ltr'><strong>Ad</strong></span> <span class='ocrx_word' id='word_1_13' title='bbox 1584 443 1865 514; x_wconf 76' lang='lat' dir='ltr'><strong>apostolos</strong></span> <span class='ocrx_word' id='word_1_14' title='bbox 1909 454 2022 498; x_wconf 89' lang='lat' dir='ltr'><strong>ten-</strong></span> 
     </span>
    </p>
   </div>
   <div class='ocr_carea' id='block_1_5' title="bbox 2163 437 3723 514">
    <p class='ocr_par' dir='ltr' id='par_1_5' title="bbox 2214 437 3723 509">
     <span class='ocr_line' id='line_1_5' title="bbox 2214 437 3723 509; baseline -0.002 -14"><span class='ocrx_word' id='word_1_15' title='bbox 2214 463 2232 495; x_wconf 74' lang='grc' dir='ltr'><strong>ι</strong></span> <span class='ocrx_word' id='word_1_16' title='bbox 2276 443 2488 505; x_wconf 77' lang='grc' dir='ltr'><strong>Πάντες</strong></span> <span class='ocrx_word' id='word_1_17' title='bbox 2548 441 2818 503; x_wconf 75' lang='grc' dir='ltr'><strong>τείνοντες</strong></span> <span class='ocrx_word' id='word_1_18' title='bbox 2847 438 3023 504; x_wconf 82' lang='grc' dir='ltr'><strong>τόξον.</strong></span> <span class='ocrx_word' id='word_1_19' title='bbox 3057 458 3075 490; x_wconf 77' lang='grc' dir='ltr'><strong>ι</strong></span> <span class='ocrx_word' id='word_1_20' title='bbox 3125 439 3269 509; x_wconf 69' lang='grc' dir='ltr'><strong>Πρὸς</strong></span> <span class='ocrx_word' id='word_1_21' title='bbox 3306 439 3435 501; x_wconf 70' lang='grc' dir='ltr'><strong>τοὺς</strong></span> <span class='ocrx_word' id='word_1_22' title='bbox 3487 437 3723 492; x_wconf 77' lang='grc' dir='ltr'><strong>ἀποστό-</strong></span> 
     </span>
    </p>
   </div>
   <div class='ocr_carea' id='block_1_6' title="bbox 435 537 1708 609">
    <p class='ocr_par' dir='ltr' id='par_1_6' title="bbox 435 537 1708 609">
     <span class='ocr_line' id='line_1_6' title="bbox 435 537 1708 609; baseline -0.002 -14"><span class='ocrx_word' id='word_1_23' title='bbox 435 540 514 595; x_wconf 87' lang='lat' dir='ltr'><strong>dit</strong></span> <span class='ocrx_word' id='word_1_24' title='bbox 542 538 631 594; x_wconf 88' lang='lat' dir='ltr'><strong>hic</strong></span> <span class='ocrx_word' id='word_1_25' title='bbox 660 553 863 600; x_wconf 88' lang='lat' dir='ltr'><strong>sermo,</strong></span> <span class='ocrx_word' id='word_1_26' title='bbox 894 538 947 591; x_wconf 92' lang='lat' dir='ltr'><strong>in</strong></span> <span class='ocrx_word' id='word_1_27' title='bbox 980 537 1319 607; x_wconf 84' lang='lat' dir='ltr'><strong>spiritualem</strong></span> <span class='ocrx_word' id='word_1_28' title='bbox 1355 538 1708 609; x_wconf 77' lang='lat' dir='ltr'><strong>Babylonem.</strong></span> 
     </span>
    </p>
   </div>
   <div class='ocr_carea' id='block_1_7' title="bbox 510 628 2030 702">
    <p class='ocr_par' dir='ltr' id='par_1_7' title="bbox 510 628 2030 702">
     <span class='ocr_line' id='line_1_7' title="bbox 510 628 2030 702; baseline -0.002 -17"><span class='ocrx_word' id='word_1_29' title='bbox 510 630 573 685; x_wconf 83' lang='lat' dir='ltr'><strong>V.</strong></span> <span class='ocrx_word' id='word_1_30' title='bbox 608 630 695 684; x_wconf 82' lang='lat' dir='ltr'><strong>l5.</strong></span> <span class='ocrx_word' id='word_1_31' title='bbox 743 648 763 681; x_wconf 70' lang='grc' dir='ltr'><strong>ι</strong></span> <span class='ocrx_word' id='word_1_32' title='bbox 813 628 1145 685; x_wconf 74' lang='lat' dir='ltr'><strong>Ceciderunt</strong></span> <span class='ocrx_word' id='word_1_33' title='bbox 1188 628 1599 702; x_wconf 79' lang='lat' dir='ltr'><strong>pmpugnacula</strong></span> <span class='ocrx_word' id='word_1_34' title='bbox 1650 628 1792 698; x_wconf 89' lang='lat' dir='ltr'><strong>ejus.</strong></span> <span class='ocrx_word' id='word_1_35' title='bbox 1837 647 1854 678; x_wconf 76' lang='grc' dir='ltr'><strong>ι</strong></span> <span class='ocrx_word' id='word_1_36' title='bbox 1917 628 2030 682; x_wconf 84' lang='lat' dir='ltr'><strong>Fu-</strong></span> 
     </span>
    </p>
   </div>
   <div class='ocr_carea' id='block_1_8' title="bbox 414 722 908 777">
    <p class='ocr_par' dir='ltr' id='par_1_8' title="bbox 414 722 908 777">
     <span class='ocr_line' id='line_1_8' title="bbox 414 722 908 777; baseline -0.002 -1"><span class='ocrx_word' id='word_1_37' title='bbox 414 722 578 777; x_wconf 59' lang='lat' dir='ltr'><strong>‘nesti</strong></span> <span class='ocrx_word' id='word_1_38' title='bbox 605 722 908 777; x_wconf 67' lang='lat' dir='ltr'><strong>daemones.</strong></span> 
     </span>
    </p>
   </div>
   <div class='ocr_carea' id='block_1_9' title="bbox 518 810 2032 883">
    <p class='ocr_par' dir='ltr' id='par_1_9' title="bbox 518 810 2032 883">
     <span class='ocr_line' id='line_1_9' title="bbox 518 810 2032 883; baseline -0.001 -18"><span class='ocrx_word' id='word_1_39' title='bbox 518 814 624 868; x_wconf 61' lang='lat' dir='ltr'><strong>«Et</strong></span> <span class='ocrx_word' id='word_1_40' title='bbox 677 814 943 869; x_wconf 85' lang='lat' dir='ltr'><strong>sutlossus</strong></span> <span class='ocrx_word' id='word_1_41' title='bbox 977 821 1063 867; x_wconf 89' lang='lat' dir='ltr'><strong>est</strong></span> <span class='ocrx_word' id='word_1_42' title='bbox 1107 826 1298 868; x_wconf 90' lang='lat' dir='ltr'><strong>murus</strong></span> <span class='ocrx_word' id='word_1_43' title='bbox 1352 811 1496 883; x_wconf 90' lang='lat' dir='ltr'><strong>ejus.</strong></span> <span class='ocrx_word' id='word_1_44' title='bbox 1532 831 1550 863; x_wconf 73' lang='grc' dir='ltr'><strong>ι</strong></span> <span class='ocrx_word' id='word_1_45' title='bbox 1593 810 1710 882; x_wconf 79' lang='lat' dir='ltr'><strong>ipse</strong></span> <span class='ocrx_word' id='word_1_46' title='bbox 1762 812 2032 865; x_wconf 87' lang='lat' dir='ltr'><strong>malorum</strong></span> 
     </span>
    </p>
   </div>
   <div class='ocr_carea' id='block_1_10' title="bbox 436 908 1257 978">
    <p class='ocr_par' dir='ltr' id='par_1_10' title="bbox 436 908 1257 978">
     <span class='ocr_line' id='line_1_10' title="bbox 436 908 1257 978; baseline -0.002 -18"><span class='ocrx_word' id='word_1_47' title='bbox 436 908 679 965; x_wconf 84' lang='lat' dir='ltr'><strong>oumium</strong></span> <span class='ocrx_word' id='word_1_48' title='bbox 714 908 975 978; x_wconf 87' lang='lat' dir='ltr'><strong>princeps</strong></span> <span class='ocrx_word' id='word_1_49' title='bbox 1008 908 1257 960; x_wconf 77' lang='lat' dir='ltr'><strong>Satanas.</strong></span> 
     </span>
    </p>
   </div>
   <div class='ocr_carea' id='block_1_11' title="bbox 508 995 2030 1068">
    <p class='ocr_par' dir='ltr' id='par_1_11' title="bbox 508 995 2030 1068">
     <span class='ocr_line' id='line_1_11' title="bbox 508 995 2030 1068; baseline 0.002 -18"><span class='ocrx_word' id='word_1_50' title='bbox 508 997 573 1052; x_wconf 87' lang='lat' dir='ltr'><strong>V.</strong></span> <span class='ocrx_word' id='word_1_51' title='bbox 614 998 732 1053; x_wconf 76' lang='lat' dir='ltr'><strong>l6.¢</strong></span> <span class='ocrx_word' id='word_1_52' title='bbox 758 1000 802 1051; x_wconf 87' lang='lat' dir='ltr'><strong>A</strong></span> <span class='ocrx_word' id='word_1_53' title='bbox 837 998 977 1053; x_wconf 83' lang='lat' dir='ltr'><strong>faeie</strong></span> <span class='ocrx_word' id='word_1_54' title='bbox 1006 997 1167 1068; x_wconf 92' lang='lat' dir='ltr'><strong>gladii</strong></span> <span class='ocrx_word' id='word_1_55' title='bbox 1189 997 1381 1053; x_wconf 61' lang='lat' dir='ltr'><strong>Grteci.</strong></span> <span class='ocrx_word' id='word_1_56' title='bbox 1414 1015 1433 1048; x_wconf 71' lang='grc' dir='ltr'><strong>ι</strong></span> <span class='ocrx_word' id='word_1_57' title='bbox 1462 995 1604 1068; x_wconf 84' lang='lat' dir='ltr'><strong>Cyro</strong></span> <span class='ocrx_word' id='word_1_58' title='bbox 1626 996 1828 1053; x_wconf 90' lang='lat' dir='ltr'><strong>milites</strong></span> <span class='ocrx_word' id='word_1_59' title='bbox 1857 996 2030 1053; x_wconf 71' lang='lat' dir='ltr'><strong>Graeci</strong></span> 
     </span>
    </p>
   </div>
   <div class='ocr_carea' id='block_1_12' title="bbox 432 1089 2032 1161">
    <p class='ocr_par' dir='ltr' id='par_1_12' title="bbox 432 1089 2032 1161">
     <span class='ocr_line' id='line_1_12' title="bbox 432 1089 2032 1161; baseline 0.003 -20"><span class='ocrx_word' id='word_1_60' title='bbox 432 1105 655 1159; x_wconf 81' lang='lat' dir='ltr'><strong>operam</strong></span> <span class='ocrx_word' id='word_1_61' title='bbox 717 1105 871 1144; x_wconf 89' lang='lat' dir='ltr'><strong>suam</strong></span> <span class='ocrx_word' id='word_1_62' title='bbox 921 1090 1297 1159; x_wconf 68' lang='lat' dir='ltr'><strong>praestiterant</strong></span> <span class='ocrx_word' id='word_1_63' title='bbox 1355 1089 1534 1159; x_wconf 89' lang='lat' dir='ltr'><strong>gladio</strong></span> <span class='ocrx_word' id='word_1_64' title='bbox 1581 1108 1593 1144; x_wconf 94' lang='lat'><strong>:</strong></span> <span class='ocrx_word' id='word_1_65' title='bbox 1643 1090 1822 1161; x_wconf 88' lang='lat' dir='ltr'><strong>gladio</strong></span> <span class='ocrx_word' id='word_1_66' title='bbox 1872 1092 2032 1161; x_wconf 84' lang='lat' dir='ltr'><strong>igitur</strong></span> 
     </span>
    </p>
   </div>
   <div class='ocr_carea' id='block_1_13' title="bbox 433 1180 2030 1253">
    <p class='ocr_par' dir='ltr' id='par_1_13' title="bbox 433 1180 2030 1253">
     <span class='ocr_line' id='line_1_13' title="bbox 433 1180 2030 1253; baseline 0.001 -18"><span class='ocrx_word' id='word_1_67' title='bbox 433 1183 624 1235; x_wconf 77' lang='lat' dir='ltr'><strong>Grzeco</strong></span> <span class='ocrx_word' id='word_1_68' title='bbox 654 1182 883 1247; x_wconf 77' lang='lat' dir='ltr'><strong>victore,</strong></span> <span class='ocrx_word' id='word_1_69' title='bbox 912 1181 1113 1252; x_wconf 81' lang='lat' dir='ltr'><strong>captivi</strong></span> <span class='ocrx_word' id='word_1_70' title='bbox 1171 1180 1328 1236; x_wconf 84' lang='lat' dir='ltr'><strong>liberi</strong></span> <span class='ocrx_word' id='word_1_71' title='bbox 1361 1196 1392 1235; x_wconf 85' lang='lat' dir='ltr'><strong>a</strong></span> <span class='ocrx_word' id='word_1_72' title='bbox 1418 1182 1560 1253; x_wconf 86' lang='lat' dir='ltr'><strong>Cyro</strong></span> <span class='ocrx_word' id='word_1_73' title='bbox 1581 1183 1790 1238; x_wconf 88' lang='lat' dir='ltr'><strong>dimissi</strong></span> <span class='ocrx_word' id='word_1_74' title='bbox 1821 1183 1876 1236; x_wconf 91' lang='lat' dir='ltr'><strong>in</strong></span> <span class='ocrx_word' id='word_1_75' title='bbox 1932 1199 2030 1253; x_wconf 87' lang='lat' dir='ltr'><strong>pa-</strong></span> 
     </span>
    </p>
   </div>
   <div class='ocr_carea' id='block_1_14' title="bbox 436 1274 993 1329">
    <p class='ocr_par' dir='ltr' id='par_1_14' title="bbox 436 1274 993 1329">
     <span class='ocr_line' id='line_1_14' title="bbox 436 1274 993 1329; baseline 0.002 -3"><span class='ocrx_word' id='word_1_76' title='bbox 436 1274 590 1327; x_wconf 88' lang='lat' dir='ltr'><strong>triam</strong></span> <span class='ocrx_word' id='word_1_77' title='bbox 622 1283 993 1329; x_wconf 81' lang='lat' dir='ltr'><strong>revertentur.</strong></span> 
     </span>
    </p>
   </div>
   <div class='ocr_carea' id='block_1_15' title="bbox 503 1363 2030 1420">
    <p class='ocr_par' dir='ltr' id='par_1_15' title="bbox 503 1363 2030 1420">
     <span class='ocr_line' id='line_1_15' title="bbox 503 1363 2030 1420; baseline 0 -2"><span class='ocrx_word' id='word_1_78' title='bbox 503 1364 569 1419; x_wconf 74' lang='grc' dir='ltr'><strong>ν.</strong></span> <span class='ocrx_word' id='word_1_79' title='bbox 598 1366 685 1420; x_wconf 87' lang='lat' dir='ltr'><strong>l7.</strong></span> <span class='ocrx_word' id='word_1_80' title='bbox 718 1385 737 1417; x_wconf 76' lang='grc' dir='ltr'><strong>ι</strong></span> <span class='ocrx_word' id='word_1_81' title='bbox 776 1366 992 1420; x_wconf 84' lang='lat' dir='ltr'><strong>Primus</strong></span> <span class='ocrx_word' id='word_1_82' title='bbox 1024 1365 1442 1420; x_wconf 59' lang='lat' dir='ltr'><strong>comeditoeum</strong></span> <span class='ocrx_word' id='word_1_83' title='bbox 1486 1380 1580 1419; x_wconf 80' lang='lat' dir='ltr'><strong>rex</strong></span> <span class='ocrx_word' id='word_1_84' title='bbox 1636 1365 1823 1419; x_wconf 78' lang='lat' dir='ltr'><strong>Assur.</strong></span> <span class='ocrx_word' id='word_1_85' title='bbox 1865 1384 1883 1417; x_wconf 78' lang='grc' dir='ltr'><strong>ι</strong></span> <span class='ocrx_word' id='word_1_86' title='bbox 1923 1363 2030 1418; x_wconf 82' lang='lat' dir='ltr'><strong>As-</strong></span> 
     </span>
    </p>
   </div>
   <div class='ocr_carea' id='block_1_16' title="bbox 433 1455 2029 1527">
    <p class='ocr_par' dir='ltr' id='par_1_16' title="bbox 433 1455 2029 1527">
     <span class='ocr_line' id='line_1_16' title="bbox 433 1455 2029 1527; baseline -0.001 -17"><span class='ocrx_word' id='word_1_87' title='bbox 433 1458 612 1527; x_wconf 81' lang='lat' dir='ltr'><strong>syrius</strong></span> <span class='ocrx_word' id='word_1_88' title='bbox 644 1458 1041 1511; x_wconf 79' lang='lat' dir='ltr'><strong>Sennaeherim</strong></span> <span class='ocrx_word' id='word_1_89' title='bbox 1074 1457 1287 1526; x_wconf 89' lang='lat' dir='ltr'><strong>primus</strong></span> <span class='ocrx_word' id='word_1_90' title='bbox 1308 1456 1501 1511; x_wconf 83' lang='lat' dir='ltr'><strong>decem</strong></span> <span class='ocrx_word' id='word_1_91' title='bbox 1525 1455 1723 1519; x_wconf 87' lang='lat' dir='ltr'><strong>tribus,</strong></span> <span class='ocrx_word' id='word_1_92' title='bbox 1753 1471 1875 1525; x_wconf 66' lang='lat' dir='ltr'><strong>quae</strong></span> <span class='ocrx_word' id='word_1_93' title='bbox 1902 1469 2029 1509; x_wconf 88' lang='lat' dir='ltr'><strong>caro</strong></span> 
     </span>
    </p>
   </div>
   <div class='ocr_carea' id='block_1_17' title="bbox 434 1547 1674 1619">
    <p class='ocr_par' dir='ltr' id='par_1_17' title="bbox 434 1547 1674 1619">
     <span class='ocr_line' id='line_1_17' title="bbox 434 1547 1674 1619; baseline -0.001 -16"><span class='ocrx_word' id='word_1_94' title='bbox 434 1559 611 1611; x_wconf 85' lang='lat' dir='ltr'><strong>erant,</strong></span> <span class='ocrx_word' id='word_1_95' title='bbox 649 1549 907 1613; x_wconf 86' lang='lat' dir='ltr'><strong>comedit,</strong></span> <span class='ocrx_word' id='word_1_96' title='bbox 938 1547 1044 1603; x_wconf 88' lang='lat' dir='ltr'><strong>hoc</strong></span> <span class='ocrx_word' id='word_1_97' title='bbox 1073 1558 1181 1612; x_wconf 90' lang='lat' dir='ltr'><strong>est,</strong></span> <span class='ocrx_word' id='word_1_98' title='bbox 1219 1548 1466 1619; x_wconf 90' lang='lat' dir='ltr'><strong>captivas</strong></span> <span class='ocrx_word' id='word_1_99' title='bbox 1500 1548 1674 1603; x_wconf 77' lang='lat' dir='ltr'><strong>duxit.</strong></span> 
     </span>
    </p>
   </div>
   <div class='ocr_carea' id='block_1_18' title="bbox 513 1639 2024 1712">
    <p class='ocr_par' dir='ltr' id='par_1_18' title="bbox 513 1639 2024 1712">
     <span class='ocr_line' id='line_1_18' title="bbox 513 1639 2024 1712; baseline 0.001 -20"><span class='ocrx_word' id='word_1_100' title='bbox 513 1661 530 1692; x_wconf 75' lang='grc' dir='ltr'><strong>ι</strong></span> <span class='ocrx_word' id='word_1_101' title='bbox 572 1641 636 1695; x_wconf 83' lang='lat' dir='ltr'><strong>Et</strong></span> <span class='ocrx_word' id='word_1_102' title='bbox 662 1643 749 1695; x_wconf 84' lang='lat' dir='ltr'><strong>hic</strong></span> <span class='ocrx_word' id='word_1_103' title='bbox 775 1641 1106 1697; x_wconf 75' lang='lat' dir='ltr'><strong>novissimus</strong></span> <span class='ocrx_word' id='word_1_104' title='bbox 1136 1657 1259 1696; x_wconf 89' lang='lat' dir='ltr'><strong>ossa</strong></span> <span class='ocrx_word' id='word_1_105' title='bbox 1282 1642 1422 1712; x_wconf 85' lang='lat' dir='ltr'><strong>ejus.</strong></span> <span class='ocrx_word' id='word_1_106' title='bbox 1454 1659 1473 1693; x_wconf 73' lang='grc' dir='ltr'><strong>ι</strong></span> <span class='ocrx_word' id='word_1_107' title='bbox 1503 1639 2024 1695; x_wconf 84' lang='lat' dir='ltr'><strong>Nabuchodonosor.</strong></span> 
     </span>
    </p>
   </div>
   <div class='ocr_carea' id='block_1_19' title="bbox 435 1730 2028 1803">
    <p class='ocr_par' dir='ltr' id='par_1_19' title="bbox 435 1730 2028 1803">
     <span class='ocr_line' id='line_1_19' title="bbox 435 1730 2028 1803; baseline -0.002 -15"><span class='ocrx_word' id='word_1_108' title='bbox 435 1733 569 1788; x_wconf 81' lang='lat' dir='ltr'><strong>Ossa</strong></span> <span class='ocrx_word' id='word_1_109' title='bbox 600 1748 730 1787; x_wconf 87' lang='lat' dir='ltr'><strong>vero</strong></span> <span class='ocrx_word' id='word_1_110' title='bbox 756 1732 950 1787; x_wconf 75' lang='lat' dir='ltr'><strong>ludam</strong></span> <span class='ocrx_word' id='word_1_111' title='bbox 986 1732 1240 1803; x_wconf 86' lang='lat' dir='ltr'><strong>appellat,</strong></span> <span class='ocrx_word' id='word_1_112' title='bbox 1266 1732 1411 1802; x_wconf 89' lang='lat' dir='ltr'><strong>quod</strong></span> <span class='ocrx_word' id='word_1_113' title='bbox 1458 1731 1630 1786; x_wconf 82' lang='lat' dir='ltr'><strong>fulcra</strong></span> <span class='ocrx_word' id='word_1_114' title='bbox 1686 1732 1797 1785; x_wconf 87' lang='lat' dir='ltr'><strong>sint</strong></span> <span class='ocrx_word' id='word_1_115' title='bbox 1860 1730 2028 1785; x_wconf 87' lang='lat' dir='ltr'><strong>totius</strong></span> 
     </span>
    </p>
   </div>
   <div class='ocr_carea' id='block_1_20' title="bbox 436 1827 705 1896">
    <p class='ocr_par' dir='ltr' id='par_1_20' title="bbox 436 1827 705 1896">
     <span class='ocr_line' id='line_1_20' title="bbox 436 1827 705 1896; baseline 0 -17"><span class='ocrx_word' id='word_1_116' title='bbox 436 1827 705 1896; x_wconf 88' lang='lat' dir='ltr'><strong>corporis.</strong></span> 
     </span>
    </p>
   </div>
   <div class='ocr_carea' id='block_1_21' title="bbox 510 1916 2026 1989">
    <p class='ocr_par' dir='ltr' id='par_1_21' title="bbox 510 1916 2026 1989">
     <span class='ocr_line' id='line_1_21' title="bbox 510 1916 2026 1989; baseline -0.001 -17"><span class='ocrx_word' id='word_1_117' title='bbox 510 1918 572 1972; x_wconf 78' lang='grc' dir='ltr'><strong>ν.</strong></span> <span class='ocrx_word' id='word_1_118' title='bbox 603 1919 696 1972; x_wconf 74' lang='lat'><strong>20.</strong></span> <span class='ocrx_word' id='word_1_119' title='bbox 728 1937 747 1969; x_wconf 74' lang='grc' dir='ltr'><strong>ι</strong></span> <span class='ocrx_word' id='word_1_120' title='bbox 775 1916 1056 1983; x_wconf 76' lang='lat' dir='ltr'><strong>Quaerent.</strong></span> <span class='ocrx_word' id='word_1_121' title='bbox 1101 1937 1119 1969; x_wconf 74' lang='grc' dir='ltr'><strong>ι</strong></span> <span class='ocrx_word' id='word_1_122' title='bbox 1164 1917 1321 1984; x_wconf 86' lang='lat' dir='ltr'><strong>Quod</strong></span> <span class='ocrx_word' id='word_1_123' title='bbox 1344 1917 1601 1972; x_wconf 90' lang='lat' dir='ltr'><strong>omnibus</strong></span> <span class='ocrx_word' id='word_1_124' title='bbox 1630 1917 1723 1989; x_wconf 90' lang='lat' dir='ltr'><strong>qui</strong></span> <span class='ocrx_word' id='word_1_125' title='bbox 1773 1917 2026 1971; x_wconf 87' lang='lat' dir='ltr'><strong>credide-</strong></span> 
     </span>
    </p>
   </div>
   <div class='ocr_carea' id='block_1_22' title="bbox 437 2009 2026 2081">
    <p class='ocr_par' dir='ltr' id='par_1_22' title="bbox 437 2009 2026 2081">
     <span class='ocr_line' id='line_1_22' title="bbox 437 2009 2026 2081; baseline -0.001 -18"><span class='ocrx_word' id='word_1_126' title='bbox 437 2019 564 2065; x_wconf 91' lang='lat' dir='ltr'><strong>runt</strong></span> <span class='ocrx_word' id='word_1_127' title='bbox 593 2009 846 2065; x_wconf 85' lang='lat' dir='ltr'><strong>Christus</strong></span> <span class='ocrx_word' id='word_1_128' title='bbox 877 2011 1144 2081; x_wconf 78' lang='lat' dir='ltr'><strong>integram</strong></span> <span class='ocrx_word' id='word_1_129' title='bbox 1176 2018 1522 2081; x_wconf 84' lang='lat' dir='ltr'><strong>peccatorum</strong></span> <span class='ocrx_word' id='word_1_130' title='bbox 1556 2010 1881 2064; x_wconf 81' lang='lat' dir='ltr'><strong>oblivionem</strong></span> <span class='ocrx_word' id='word_1_131' title='bbox 1919 2009 2026 2062; x_wconf 86' lang='lat' dir='ltr'><strong>lar-</strong></span> 
     </span>
    </p>
   </div>
   <div class='ocr_carea' id='block_1_23' title="bbox 435 2105 706 2172">
    <p class='ocr_par' dir='ltr' id='par_1_23' title="bbox 435 2105 706 2172">
     <span class='ocr_line' id='line_1_23' title="bbox 435 2105 706 2172; baseline -0.004 -15"><span class='ocrx_word' id='word_1_132' title='bbox 435 2105 579 2172; x_wconf 60' lang='lat' dir='ltr'><strong>gitus</strong></span> <span class='ocrx_word' id='word_1_133' title='bbox 603 2111 706 2157; x_wconf 87' lang='lat' dir='ltr'><strong>est.</strong></span> 
     </span>
    </p>
   </div>
   <div class='ocr_carea' id='block_1_24' title="bbox 510 2189 2024 2263">
    <p class='ocr_par' dir='ltr' id='par_1_24' title="bbox 510 2189 2024 2263">
     <span class='ocr_line' id='line_1_24' title="bbox 510 2189 2024 2263; baseline -0.001 -16"><span class='ocrx_word' id='word_1_134' title='bbox 510 2193 687 2249; x_wconf 69' lang='lat' dir='ltr'><strong>v.21.</strong></span> <span class='ocrx_word' id='word_1_135' title='bbox 726 2213 743 2246; x_wconf 77' lang='grc' dir='ltr'><strong>ι</strong></span> <span class='ocrx_word' id='word_1_136' title='bbox 779 2194 978 2248; x_wconf 83' lang='lat' dir='ltr'><strong>Amare</strong></span> <span class='ocrx_word' id='word_1_137' title='bbox 1029 2192 1266 2249; x_wconf 88' lang='lat' dir='ltr'><strong>ascende</strong></span> <span class='ocrx_word' id='word_1_138' title='bbox 1317 2208 1486 2263; x_wconf 79' lang='lat' dir='ltr'><strong>super</strong></span> <span class='ocrx_word' id='word_1_139' title='bbox 1539 2207 1682 2247; x_wconf 84' lang='lat' dir='ltr'><strong>eam.</strong></span> <span class='ocrx_word' id='word_1_140' title='bbox 1723 2210 1742 2243; x_wconf 74' lang='grc' dir='ltr'><strong>ι</strong></span> <span class='ocrx_word' id='word_1_141' title='bbox 1776 2189 2024 2247; x_wconf 89' lang='lat' dir='ltr'><strong>Litterali</strong></span> 
     </span>
    </p>
   </div>
   <div class='ocr_carea' id='block_1_25' title="bbox 433 2285 2025 2357">
    <p class='ocr_par' dir='ltr' id='par_1_25' title="bbox 433 2285 2025 2357">
     <span class='ocr_line' id='line_1_25' title="bbox 433 2285 2025 2357; baseline -0.002 -16"><span class='ocrx_word' id='word_1_142' title='bbox 433 2287 651 2357; x_wconf 86' lang='lat' dir='ltr'><strong>quidem</strong></span> <span class='ocrx_word' id='word_1_143' title='bbox 686 2286 991 2342; x_wconf 74' lang='lat' dir='ltr'><strong>scnsuhzec</strong></span> <span class='ocrx_word' id='word_1_144' title='bbox 1037 2286 1104 2341; x_wconf 81' lang='lat' dir='ltr'><strong>ad</strong></span> <span class='ocrx_word' id='word_1_145' title='bbox 1164 2285 1491 2356; x_wconf 87' lang='lat' dir='ltr'><strong>Babylonem</strong></span> <span class='ocrx_word' id='word_1_146' title='bbox 1544 2285 1845 2356; x_wconf 86' lang='lat' dir='ltr'><strong>pertinent,</strong></span> <span class='ocrx_word' id='word_1_147' title='bbox 1909 2301 2025 2357; x_wconf 86' lang='lat' dir='ltr'><strong>my-</strong></span> 
     </span>
    </p>
   </div>
   <div class='ocr_carea' id='block_1_26' title="bbox 434 2378 1213 2434">
    <p class='ocr_par' dir='ltr' id='par_1_26' title="bbox 434 2378 1213 2434">
     <span class='ocr_line' id='line_1_26' title="bbox 434 2378 1213 2434; baseline 0.001 -1"><span class='ocrx_word' id='word_1_148' title='bbox 434 2381 570 2434; x_wconf 82' lang='lat' dir='ltr'><strong>stice</strong></span> <span class='ocrx_word' id='word_1_149' title='bbox 595 2396 725 2434; x_wconf 87' lang='lat' dir='ltr'><strong>vero</strong></span> <span class='ocrx_word' id='word_1_150' title='bbox 745 2380 798 2433; x_wconf 91' lang='lat' dir='ltr'><strong>in</strong></span> <span class='ocrx_word' id='word_1_151' title='bbox 832 2378 1213 2434; x_wconf 67' lang='lat' dir='ltr'><strong>idololatrian).</strong></span> 
     </span>
    </p>
   </div>
   <div class='ocr_carea' id='block_1_27' title="bbox 507 2467 2026 2536">
    <p class='ocr_par' dir='ltr' id='par_1_27' title="bbox 507 2467 2026 2536">
     <span class='ocr_line' id='line_1_27' title="bbox 507 2467 2026 2536; baseline 0.001 -16"><span class='ocrx_word' id='word_1_152' title='bbox 507 2469 570 2522; x_wconf 87' lang='lat' dir='ltr'><strong>V.</strong></span> <span class='ocrx_word' id='word_1_153' title='bbox 591 2469 680 2524; x_wconf 75' lang='grc'><strong>25.</strong></span> <span class='ocrx_word' id='word_1_154' title='bbox 720 2487 738 2521; x_wconf 78' lang='grc' dir='ltr'><strong>ι</strong></span> <span class='ocrx_word' id='word_1_155' title='bbox 767 2469 1055 2536; x_wconf 83' lang='lat' dir='ltr'><strong>Quomodo</strong></span> <span class='ocrx_word' id='word_1_156' title='bbox 1085 2467 1401 2524; x_wconf 84' lang='lat' dir='ltr'><strong>confractus</strong></span> <span class='ocrx_word' id='word_1_157' title='bbox 1425 2479 1481 2523; x_wconf 90' lang='lat' dir='ltr'><strong>et</strong></span> <span class='ocrx_word' id='word_1_158' title='bbox 1516 2469 1809 2525; x_wconf 88' lang='lat' dir='ltr'><strong>contritus.</strong></span> <span class='ocrx_word' id='word_1_159' title='bbox 1840 2489 1859 2523; x_wconf 72' lang='grc' dir='ltr'><strong>ι</strong></span> <span class='ocrx_word' id='word_1_160' title='bbox 1898 2469 2026 2524; x_wconf 75' lang='lat' dir='ltr'><strong>Mal-</strong></span> 
     </span>
    </p>
   </div>
   <div class='ocr_carea' id='block_1_28' title="bbox 434 2562 2022 2631">
    <p class='ocr_par' dir='ltr' id='par_1_28' title="bbox 434 2562 2022 2631">
     <span class='ocr_line' id='line_1_28' title="bbox 434 2562 2022 2631; baseline 0 -16"><span class='ocrx_word' id='word_1_161' title='bbox 434 2562 551 2617; x_wconf 89' lang='lat' dir='ltr'><strong>Ieus</strong></span> <span class='ocrx_word' id='word_1_162' title='bbox 603 2563 873 2617; x_wconf 63' lang='lat' dir='ltr'><strong>universa:</strong></span> <span class='ocrx_word' id='word_1_163' title='bbox 922 2571 1102 2627; x_wconf 61' lang='lat' dir='ltr'><strong>terrae,</strong></span> <span class='ocrx_word' id='word_1_164' title='bbox 1137 2562 1228 2631; x_wconf 89' lang='lat' dir='ltr'><strong>qui</strong></span> <span class='ocrx_word' id='word_1_165' title='bbox 1283 2569 1457 2616; x_wconf 88' lang='lat' dir='ltr'><strong>totum</strong></span> <span class='ocrx_word' id='word_1_166' title='bbox 1518 2572 1787 2617; x_wconf 87' lang='lat' dir='ltr'><strong>terrarum</strong></span> <span class='ocrx_word' id='word_1_167' title='bbox 1836 2563 2022 2617; x_wconf 87' lang='lat' dir='ltr'><strong>orbem</strong></span> 
     </span>
    </p>
   </div>
   <div class='ocr_carea' id='block_1_29' title="bbox 432 2653 1665 2726">
    <p class='ocr_par' dir='ltr' id='par_1_29' title="bbox 432 2653 1665 2726">
     <span class='ocr_line' id='line_1_29' title="bbox 432 2653 1665 2726; baseline -0.002 -17"><span class='ocrx_word' id='word_1_168' title='bbox 432 2655 711 2716; x_wconf 78' lang='lat' dir='ltr'><strong>contrivit,</strong></span> <span class='ocrx_word' id='word_1_169' title='bbox 744 2654 981 2725; x_wconf 82' lang='lat' dir='ltr'><strong>Babylon</strong></span> <span class='ocrx_word' id='word_1_170' title='bbox 1013 2653 1098 2707; x_wconf 90' lang='lat' dir='ltr'><strong>vel</strong></span> <span class='ocrx_word' id='word_1_171' title='bbox 1136 2654 1301 2707; x_wconf 87' lang='lat' dir='ltr'><strong>etiam</strong></span> <span class='ocrx_word' id='word_1_172' title='bbox 1331 2653 1665 2726; x_wconf 77' lang='lat' dir='ltr'><strong>idololatria.</strong></span> 
     </span>
    </p>
   </div>
   <div class='ocr_carea' id='block_1_30' title="bbox 505 2745 2021 2817">
    <p class='ocr_par' dir='ltr' id='par_1_30' title="bbox 505 2745 2021 2817">
     <span class='ocr_line' id='line_1_30' title="bbox 505 2745 2021 2817; baseline 0.002 -19"><span class='ocrx_word' id='word_1_173' title='bbox 505 2745 569 2801; x_wconf 83' lang='lat' dir='ltr'><strong>V.</strong></span> <span class='ocrx_word' id='word_1_174' title='bbox 599 2748 688 2801; x_wconf 60' lang='lat'><strong>‘24.</strong></span> <span class='ocrx_word' id='word_1_175' title='bbox 714 2765 733 2797; x_wconf 76' lang='grc' dir='ltr'><strong>ι</strong></span> <span class='ocrx_word' id='word_1_176' title='bbox 764 2746 1160 2817; x_wconf 85' lang='lat' dir='ltr'><strong>Aggredientur</strong></span> <span class='ocrx_word' id='word_1_177' title='bbox 1194 2745 1247 2798; x_wconf 91' lang='lat' dir='ltr'><strong>in</strong></span> <span class='ocrx_word' id='word_1_178' title='bbox 1272 2754 1343 2798; x_wconf 83' lang='lat' dir='ltr'><strong>te.</strong></span> <span class='ocrx_word' id='word_1_179' title='bbox 1375 2765 1392 2797; x_wconf 74' lang='grc' dir='ltr'><strong>ι</strong></span> <span class='ocrx_word' id='word_1_180' title='bbox 1422 2746 1498 2798; x_wconf 81' lang='lat' dir='ltr'><strong>Ad</strong></span> <span class='ocrx_word' id='word_1_181' title='bbox 1527 2746 1762 2799; x_wconf 84' lang='lat' dir='ltr'><strong>litteram</strong></span> <span class='ocrx_word' id='word_1_182' title='bbox 1779 2747 2021 2816; x_wconf 87' lang='lat' dir='ltr'><strong>quidem,</strong></span> 
     </span>
    </p>
   </div>
   <div class='ocr_carea' id='block_1_31' title="bbox 437 2837 2024 2909">
    <p class='ocr_par' dir='ltr' id='par_1_31' title="bbox 437 2837 2024 2909">
     <span class='ocr_line' id='line_1_31' title="bbox 437 2837 2024 2909; baseline -0.001 -17"><span class='ocrx_word' id='word_1_183' title='bbox 437 2850 669 2909; x_wconf 83' lang='lat' dir='ltr'><strong>propter</strong></span> <span class='ocrx_word' id='word_1_184' title='bbox 702 2838 1048 2908; x_wconf 90' lang='lat' dir='ltr'><strong>repentinum</strong></span> <span class='ocrx_word' id='word_1_185' title='bbox 1094 2837 1332 2892; x_wconf 76' lang='lat' dir='ltr'><strong>hostium</strong></span> <span class='ocrx_word' id='word_1_186' title='bbox 1378 2837 1676 2907; x_wconf 85' lang='lat' dir='ltr'><strong>impetum;</strong></span> <span class='ocrx_word' id='word_1_187' title='bbox 1710 2838 2024 2908; x_wconf 84' lang='lat' dir='ltr'><strong>spiritaliter</strong></span> 
     </span>
    </p>
   </div>
   <div class='ocr_carea' id='block_1_32' title="bbox 431 2932 2019 3005">
    <p class='ocr_par' dir='ltr' id='par_1_32' title="bbox 431 2932 2019 3005">
     <span class='ocr_line' id='line_1_32' title="bbox 431 2932 2019 3005; baseline 0 -20"><span class='ocrx_word' id='word_1_188' title='bbox 431 2948 583 2995; x_wconf 79' lang='lat' dir='ltr'><strong>vero,</strong></span> <span class='ocrx_word' id='word_1_189' title='bbox 617 2941 842 3003; x_wconf 88' lang='lat' dir='ltr'><strong>propter</strong></span> <span class='ocrx_word' id='word_1_190' title='bbox 897 2948 1157 2988; x_wconf 84' lang='lat' dir='ltr'><strong>arcanum</strong></span> <span class='ocrx_word' id='word_1_191' title='bbox 1202 2932 1459 3001; x_wconf 87' lang='lat' dir='ltr'><strong>prolundi</strong></span> <span class='ocrx_word' id='word_1_192' title='bbox 1499 2933 1702 2987; x_wconf 74' lang='lat' dir='ltr'><strong>(Ihristi</strong></span> <span class='ocrx_word' id='word_1_193' title='bbox 1755 2932 2019 3005; x_wconf 86' lang='lat' dir='ltr'><strong>mysterii,</strong></span> 
     </span>
    </p>
   </div>
   <div class='ocr_carea' id='block_1_33' title="bbox 431 3026 1343 3097">
    <p class='ocr_par' dir='ltr' id='par_1_33' title="bbox 431 3026 1343 3097">
     <span class='ocr_line' id='line_1_33' title="bbox 431 3026 1343 3097; baseline -0.002 -16"><span class='ocrx_word' id='word_1_194' title='bbox 431 3027 573 3089; x_wconf 70' lang='lat' dir='ltr'><strong>quod</strong></span> <span class='ocrx_word' id='word_1_195' title='bbox 597 3042 694 3097; x_wconf 91' lang='lat' dir='ltr'><strong>per</strong></span> <span class='ocrx_word' id='word_1_196' title='bbox 729 3026 1009 3083; x_wconf 88' lang='lat' dir='ltr'><strong>Christum</strong></span> <span class='ocrx_word' id='word_1_197' title='bbox 1036 3035 1216 3081; x_wconf 90' lang='lat' dir='ltr'><strong>actum</strong></span> <span class='ocrx_word' id='word_1_198' title='bbox 1240 3035 1343 3081; x_wconf 87' lang='lat' dir='ltr'><strong>est.</strong></span> 
     </span>
    </p>
   </div>
   <div class='ocr_carea' id='block_1_34' title="bbox 502 3118 2017 3189">
    <p class='ocr_par' dir='ltr' id='par_1_34' title="bbox 502 3118 2017 3189">
     <span class='ocr_line' id='line_1_34' title="bbox 502 3118 2017 3189; baseline -0.002 -15"><span class='ocrx_word' id='word_1_199' title='bbox 502 3118 565 3175; x_wconf 73' lang='grc' dir='ltr'><strong>γ.</strong></span> <span class='ocrx_word' id='word_1_200' title='bbox 603 3119 692 3173; x_wconf 69' lang='grc'><strong>25.</strong></span> <span class='ocrx_word' id='word_1_201' title='bbox 733 3136 752 3169; x_wconf 75' lang='grc' dir='ltr'><strong>ι</strong></span> <span class='ocrx_word' id='word_1_202' title='bbox 783 3118 1013 3189; x_wconf 68' lang='lat' dir='ltr'><strong>Aperuit</strong></span> <span class='ocrx_word' id='word_1_203' title='bbox 1040 3118 1324 3174; x_wconf 76' lang='lat' dir='ltr'><strong>Dominus.</strong></span> <span class='ocrx_word' id='word_1_204' title='bbox 1360 3139 1376 3169; x_wconf 75' lang='grc' dir='ltr'><strong>ι</strong></span> <span class='ocrx_word' id='word_1_205' title='bbox 1412 3120 1644 3188; x_wconf 84' lang='lat' dir='ltr'><strong>Propter</strong></span> <span class='ocrx_word' id='word_1_206' title='bbox 1683 3118 1957 3173; x_wconf 89' lang='lat' dir='ltr'><strong>occultum</strong></span> <span class='ocrx_word' id='word_1_207' title='bbox 1987 3134 2017 3171; x_wconf 90' lang='lat' dir='ltr'><strong>a</strong></span> 
     </span>
    </p>
   </div>
   <div class='ocr_carea' id='block_1_35' title="bbox 430 3208 1020 3279">
    <p class='ocr_par' dir='ltr' id='par_1_35' title="bbox 430 3208 1020 3279">
     <span class='ocr_line' id='line_1_35' title="bbox 430 3208 1020 3279; baseline 0 -15"><span class='ocrx_word' id='word_1_208' title='bbox 430 3209 647 3264; x_wconf 61' lang='lat' dir='ltr'><strong>maculis</strong></span> <span class='ocrx_word' id='word_1_209' title='bbox 680 3208 1020 3279; x_wconf 80' lang='lat' dir='ltr'><strong>mysterium.</strong></span> 
     </span>
    </p>
   </div>
   <div class='ocr_carea' id='block_1_36' title="bbox 502 3299 2021 3372">
    <p class='ocr_par' dir='ltr' id='par_1_36' title="bbox 502 3299 2021 3372">
     <span class='ocr_line' id='line_1_36' title="bbox 502 3299 2021 3372; baseline 0.001 -17"><span class='ocrx_word' id='word_1_210' title='bbox 502 3299 569 3355; x_wconf 71' lang='grc' dir='ltr'><strong>ν.</strong></span> <span class='ocrx_word' id='word_1_211' title='bbox 596 3302 687 3356; x_wconf 77' lang='lat'><strong>26.</strong></span> <span class='ocrx_word' id='word_1_212' title='bbox 725 3320 743 3351; x_wconf 74' lang='grc' dir='ltr'><strong>ι</strong></span> <span class='ocrx_word' id='word_1_213' title='bbox 776 3299 1105 3355; x_wconf 88' lang='lat' dir='ltr'><strong>Scrutamini</strong></span> <span class='ocrx_word' id='word_1_214' title='bbox 1133 3316 1273 3356; x_wconf 89' lang='lat' dir='ltr'><strong>eam.</strong></span> <span class='ocrx_word' id='word_1_215' title='bbox 1306 3321 1323 3353; x_wconf 74' lang='grc' dir='ltr'><strong>ι</strong></span> <span class='ocrx_word' id='word_1_216' title='bbox 1366 3301 1441 3356; x_wconf 82' lang='lat' dir='ltr'><strong>Ex</strong></span> <span class='ocrx_word' id='word_1_217' title='bbox 1479 3301 1614 3371; x_wconf 89' lang='lat' dir='ltr'><strong>ipsis</strong></span> <span class='ocrx_word' id='word_1_218' title='bbox 1644 3300 1768 3355; x_wconf 91' lang='lat' dir='ltr'><strong>imis</strong></span> <span class='ocrx_word' id='word_1_219' title='bbox 1811 3301 2021 3372; x_wconf 83' lang='lat' dir='ltr'><strong>cogita-</strong></span> 
     </span>
    </p>
   </div>
   <div class='ocr_carea' id='block_1_37' title="bbox 434 3393 1459 3450">
    <p class='ocr_par' dir='ltr' id='par_1_37' title="bbox 434 3393 1459 3450">
     <span class='ocr_line' id='line_1_37' title="bbox 434 3393 1459 3450; baseline 0 -2"><span class='ocrx_word' id='word_1_220' title='bbox 434 3393 674 3450; x_wconf 83' lang='lat' dir='ltr'><strong>tionibus</strong></span> <span class='ocrx_word' id='word_1_221' title='bbox 713 3394 1073 3448; x_wconf 90' lang='lat' dir='ltr'><strong>idololatriam</strong></span> <span class='ocrx_word' id='word_1_222' title='bbox 1102 3394 1459 3449; x_wconf 83' lang='lat' dir='ltr'><strong>dernolimini.</strong></span> 
     </span>
    </p>
   </div>
   <div class='ocr_carea' id='block_1_38' title="bbox 506 3480 2019 3553">
    <p class='ocr_par' dir='ltr' id='par_1_38' title="bbox 506 3480 2019 3553">
     <span class='ocr_line' id='line_1_38' title="bbox 506 3480 2019 3553; baseline 0.003 -18"><span class='ocrx_word' id='word_1_223' title='bbox 506 3480 566 3535; x_wconf 85' lang='lat' dir='ltr'><strong>V.</strong></span> <span class='ocrx_word' id='word_1_224' title='bbox 594 3482 685 3536; x_wconf 73' lang='lat'><strong>27.</strong></span> <span class='ocrx_word' id='word_1_225' title='bbox 724 3500 741 3532; x_wconf 81' lang='grc' dir='ltr'><strong>ι</strong></span> <span class='ocrx_word' id='word_1_226' title='bbox 767 3480 1049 3537; x_wconf 80' lang='lat' dir='ltr'><strong>Exsiccate</strong></span> <span class='ocrx_word' id='word_1_227' title='bbox 1079 3498 1271 3538; x_wconf 90' lang='lat' dir='ltr'><strong>omnes</strong></span> <span class='ocrx_word' id='word_1_228' title='bbox 1306 3484 1426 3553; x_wconf 86' lang='lat' dir='ltr'><strong>ejus</strong></span> <span class='ocrx_word' id='word_1_229' title='bbox 1465 3483 1697 3541; x_wconf 79' lang='lat' dir='ltr'><strong>fructus.</strong></span> <span class='ocrx_word' id='word_1_230' title='bbox 1736 3504 1753 3537; x_wconf 75' lang='grc' dir='ltr'><strong>ι</strong></span> <span class='ocrx_word' id='word_1_231' title='bbox 1793 3485 1875 3542; x_wconf 82' lang='lat' dir='ltr'><strong>Ad</strong></span> <span class='ocrx_word' id='word_1_232' title='bbox 1928 3485 2019 3541; x_wconf 89' lang='lat' dir='ltr'><strong>lit-</strong></span> 
     </span>
    </p>
   </div>
   <div class='ocr_carea' id='block_1_39' title="bbox 434 3572 2021 3644">
    <p class='ocr_par' dir='ltr' id='par_1_39' title="bbox 434 3572 2021 3644">
     <span class='ocr_line' id='line_1_39' title="bbox 434 3572 2021 3644; baseline 0.003 -19"><span class='ocrx_word' id='word_1_233' title='bbox 434 3582 607 3628; x_wconf 86' lang='lat' dir='ltr'><strong>teram</strong></span> <span class='ocrx_word' id='word_1_234' title='bbox 635 3573 875 3643; x_wconf 84' lang='lat' dir='ltr'><strong>quidem,</strong></span> <span class='ocrx_word' id='word_1_235' title='bbox 899 3572 1187 3643; x_wconf 77' lang='lat' dir='ltr'><strong>Babylonis</strong></span> <span class='ocrx_word' id='word_1_236' title='bbox 1228 3582 1521 3644; x_wconf 86' lang='lat' dir='ltr'><strong>tyrannos;</strong></span> <span class='ocrx_word' id='word_1_237' title='bbox 1550 3576 1615 3629; x_wconf 89' lang='lat' dir='ltr'><strong>ad</strong></span> <span class='ocrx_word' id='word_1_238' title='bbox 1645 3590 1865 3629; x_wconf 86' lang='lat' dir='ltr'><strong>sensum</strong></span> <span class='ocrx_word' id='word_1_239' title='bbox 1891 3590 2021 3629; x_wconf 82' lang='lat' dir='ltr'><strong>vero</strong></span> 
     </span>
    </p>
   </div>
   <div class='ocr_carea' id='block_1_40' title="bbox 433 3663 2021 3734">
    <p class='ocr_par' dir='ltr' id='par_1_40' title="bbox 433 3663 2021 3734">
     <span class='ocr_line' id='line_1_40' title="bbox 433 3663 2021 3734; baseline 0.001 -17"><span class='ocrx_word' id='word_1_240' title='bbox 433 3664 741 3734; x_wconf 86' lang='lat' dir='ltr'><strong>mysticum,</strong></span> <span class='ocrx_word' id='word_1_241' title='bbox 771 3663 976 3733; x_wconf 84' lang='lat' dir='ltr'><strong>peccati</strong></span> <span class='ocrx_word' id='word_1_242' title='bbox 1003 3663 1231 3726; x_wconf 80' lang='lat' dir='ltr'><strong>fructus,</strong></span> <span class='ocrx_word' id='word_1_243' title='bbox 1260 3664 1697 3731; x_wconf 73' lang='lat' dir='ltr'><strong>fornicationem,</strong></span> <span class='ocrx_word' id='word_1_244' title='bbox 1724 3665 2021 3721; x_wconf 49' lang='lat' dir='ltr'><strong>immundi-</strong></span> 
     </span>
    </p>
   </div>
   <div class='ocr_carea' id='block_1_41' title="bbox 436 3758 882 3812">
    <p class='ocr_par' dir='ltr' id='par_1_41' title="bbox 436 3758 882 3812">
     <span class='ocr_line' id='line_1_41' title="bbox 436 3758 882 3812; baseline -0.002 -1"><span class='ocrx_word' id='word_1_245' title='bbox 436 3758 562 3811; x_wconf 88' lang='lat' dir='ltr'><strong>tiam</strong></span> <span class='ocrx_word' id='word_1_246' title='bbox 585 3766 641 3812; x_wconf 88' lang='lat' dir='ltr'><strong>et</strong></span> <span class='ocrx_word' id='word_1_247' title='bbox 666 3765 882 3811; x_wconf 63' lang='lat' dir='ltr'><strong>caetera.</strong></span> 
     </span>
    </p>
   </div>
   <div class='ocr_carea' id='block_1_42' title="bbox 502 3847 2017 3920">
    <p class='ocr_par' dir='ltr' id='par_1_42' title="bbox 502 3847 2017 3920">
     <span class='ocr_line' id='line_1_42' title="bbox 502 3847 2017 3920; baseline 0.002 -19"><span class='ocrx_word' id='word_1_248' title='bbox 502 3848 563 3903; x_wconf 88' lang='lat' dir='ltr'><strong>V.</strong></span> <span class='ocrx_word' id='word_1_249' title='bbox 583 3848 669 3903; x_wconf 61' lang='lat' dir='ltr'><strong>es.</strong></span> <span class='ocrx_word' id='word_1_250' title='bbox 694 3867 712 3900; x_wconf 76' lang='grc' dir='ltr'><strong>ε</strong></span> <span class='ocrx_word' id='word_1_251' title='bbox 741 3847 858 3903; x_wconf 79' lang='lat' dir='ltr'><strong>Vox</strong></span> <span class='ocrx_word' id='word_1_252' title='bbox 889 3848 1236 3920; x_wconf 74' lang='lat' dir='ltr'><strong>fugientium,</strong></span> <span class='ocrx_word' id='word_1_253' title='bbox 1264 3867 1283 3899; x_wconf 80' lang='grc' dir='ltr'><strong>ι</strong></span> <span class='ocrx_word' id='word_1_254' title='bbox 1314 3857 1420 3904; x_wconf 89' lang='lat' dir='ltr'><strong>etc.</strong></span> <span class='ocrx_word' id='word_1_255' title='bbox 1454 3850 1657 3905; x_wconf 87' lang='lat' dir='ltr'><strong>Eorum</strong></span> <span class='ocrx_word' id='word_1_256' title='bbox 1681 3850 1776 3920; x_wconf 91' lang='lat' dir='ltr'><strong>qui</strong></span> <span class='ocrx_word' id='word_1_257' title='bbox 1815 3849 1883 3905; x_wconf 90' lang='lat' dir='ltr'><strong>ad</strong></span> <span class='ocrx_word' id='word_1_258' title='bbox 1909 3849 2017 3904; x_wconf 85' lang='lat' dir='ltr'><strong>Do—</strong></span> 
     </span>
    </p>
   </div>
   <div class='ocr_carea' id='block_1_43' title="bbox 432 3941 1308 4014">
    <p class='ocr_par' dir='ltr' id='par_1_43' title="bbox 432 3941 1308 4014">
     <span class='ocr_line' id='line_1_43' title="bbox 432 3941 1308 4014; baseline 0.003 -20"><span class='ocrx_word' id='word_1_259' title='bbox 432 3942 639 3995; x_wconf 90' lang='lat' dir='ltr'><strong>n.inum</strong></span> <span class='ocrx_word' id='word_1_260' title='bbox 674 3951 923 3996; x_wconf 90' lang='lat' dir='ltr'><strong>nostrum</strong></span> <span class='ocrx_word' id='word_1_261' title='bbox 963 3941 1308 4014; x_wconf 79' lang='lat' dir='ltr'><strong>confugiunt.</strong></span> 
     </span>
    </p>
   </div>
   <div class='ocr_carea' id='block_1_44' title="bbox 500 4034 2017 4109">
    <p class='ocr_par' dir='ltr' id='par_1_44' title="bbox 500 4034 2017 4109">
     <span class='ocr_line' id='line_1_44' title="bbox 500 4034 2017 4109; baseline 0.001 -20"><span class='ocrx_word' id='word_1_262' title='bbox 500 4034 566 4089; x_wconf 74' lang='grc' dir='ltr'><strong>ν.</strong></span> <span class='ocrx_word' id='word_1_263' title='bbox 598 4038 686 4091; x_wconf 75' lang='lat' dir='ltr'><strong>3t.</strong></span> <span class='ocrx_word' id='word_1_264' title='bbox 727 4057 745 4089; x_wconf 90' lang='grc'><em>‹</em></span> <span class='ocrx_word' id='word_1_265' title='bbox 784 4036 923 4092; x_wconf 80' lang='lat' dir='ltr'><strong>Ecce</strong></span> <span class='ocrx_word' id='word_1_266' title='bbox 953 4052 1054 4108; x_wconf 84' lang='lat' dir='ltr'><strong>ego</strong></span> <span class='ocrx_word' id='word_1_267' title='bbox 1084 4038 1396 4107; x_wconf 89' lang='lat' dir='ltr'><strong>superbiam</strong></span> <span class='ocrx_word' id='word_1_268' title='bbox 1425 4053 1588 4109; x_wconf 82' lang='lat' dir='ltr'><strong>super</strong></span> <span class='ocrx_word' id='word_1_269' title='bbox 1622 4050 1692 4094; x_wconf 90' lang='lat' dir='ltr'><strong>te.</strong></span> <span class='ocrx_word' id='word_1_270' title='bbox 1730 4057 1749 4090; x_wconf 77' lang='grc' dir='ltr'><strong>ι</strong></span> <span class='ocrx_word' id='word_1_271' title='bbox 1782 4037 2017 4093; x_wconf 85' lang='lat' dir='ltr'><strong>Possunt</strong></span> 
     </span>
    </p>
   </div>
   <div class='ocr_carea' id='block_1_45' title="bbox 428 4126 1661 4201">
    <p class='ocr_par' dir='ltr' id='par_1_45' title="bbox 428 4126 1661 4201">
     <span class='ocr_line' id='line_1_45' title="bbox 428 4126 1661 4201; baseline 0.001 -18"><span class='ocrx_word' id='word_1_272' title='bbox 428 4128 546 4183; x_wconf 69' lang='lat' dir='ltr'><strong>haec</strong></span> <span class='ocrx_word' id='word_1_273' title='bbox 574 4139 630 4183; x_wconf 86' lang='lat' dir='ltr'><strong>et</strong></span> <span class='ocrx_word' id='word_1_274' title='bbox 662 4127 714 4181; x_wconf 90' lang='lat' dir='ltr'><strong>in</strong></span> <span class='ocrx_word' id='word_1_275' title='bbox 745 4126 1055 4183; x_wconf 69' lang='lat' dir='ltr'><strong>ludteorum</strong></span> <span class='ocrx_word' id='word_1_276' title='bbox 1080 4128 1413 4201; x_wconf 73' lang='lat' dir='ltr'><strong>Synagogam</strong></span> <span class='ocrx_word' id='word_1_277' title='bbox 1444 4131 1661 4187; x_wconf 79' lang='lat' dir='ltr'><strong>referri.</strong></span> 
     </span>
    </p>
   </div>
   <div class='ocr_carea' id='block_1_46' title="bbox 501 4302 2016 4377">
    <p class='ocr_par' dir='ltr' id='par_1_46' title="bbox 501 4302 2016 4377">
     <span class='ocr_line' id='line_1_46' title="bbox 501 4302 2016 4377; baseline 0.005 -20"><span class='ocrx_word' id='word_1_278' title='bbox 501 4302 567 4359; x_wconf 86' lang='lat' dir='ltr'><strong>V.</strong></span> <span class='ocrx_word' id='word_1_279' title='bbox 591 4305 680 4359; x_wconf 77' lang='lat'><strong>32.</strong></span> <span class='ocrx_word' id='word_1_280' title='bbox 712 4322 729 4354; x_wconf 84' lang='grc' dir='ltr'><strong>ι</strong></span> <span class='ocrx_word' id='word_1_281' title='bbox 770 4304 835 4359; x_wconf 82' lang='grc' dir='ltr'><strong>Εῑ</strong></span> <span class='ocrx_word' id='word_1_282' title='bbox 862 4305 1186 4359; x_wconf 85' lang='lat' dir='ltr'><strong>succendam</strong></span> <span class='ocrx_word' id='word_1_283' title='bbox 1219 4305 1397 4377; x_wconf 80' lang='lat' dir='ltr'><strong>ignem</strong></span> <span class='ocrx_word' id='word_1_284' title='bbox 1426 4307 1480 4361; x_wconf 89' lang='lat' dir='ltr'><strong>in</strong></span> <span class='ocrx_word' id='word_1_285' title='bbox 1516 4307 1649 4363; x_wconf 81' lang='lat' dir='ltr'><strong>silva</strong></span> <span class='ocrx_word' id='word_1_286' title='bbox 1685 4307 1825 4377; x_wconf 88' lang='lat' dir='ltr'><strong>ejus.</strong></span> <span class='ocrx_word' id='word_1_287' title='bbox 1863 4329 1880 4361; x_wconf 76' lang='grc' dir='ltr'><strong>ι</strong></span> <span class='ocrx_word' id='word_1_288' title='bbox 1913 4311 2016 4365; x_wconf 86' lang='lat' dir='ltr'><strong>Sil-</strong></span> 
     </span>
    </p>
   </div>
   <div class='ocr_carea' id='block_1_47' title="bbox 429 4396 2012 4473">
    <p class='ocr_par' dir='ltr' id='par_1_47' title="bbox 429 4396 2012 4473">
     <span class='ocr_line' id='line_1_47' title="bbox 429 4396 2012 4473; baseline 0.002 -20"><span class='ocrx_word' id='word_1_289' title='bbox 429 4416 520 4462; x_wconf 82' lang='lat' dir='ltr'><strong>va,</strong></span> <span class='ocrx_word' id='word_1_290' title='bbox 549 4397 599 4451; x_wconf 94' lang='lat' dir='ltr'><strong>id</strong></span> <span class='ocrx_word' id='word_1_291' title='bbox 626 4406 709 4451; x_wconf 83' lang='lat' dir='ltr'><strong>est</strong></span> <span class='ocrx_word' id='word_1_292' title='bbox 737 4396 805 4450; x_wconf 87' lang='lat' dir='ltr'><strong>in-</strong></span> <span class='ocrx_word' id='word_1_293' title='bbox 844 4396 1210 4453; x_wconf 88' lang='lat' dir='ltr'><strong>multitudine.</strong></span> <span class='ocrx_word' id='word_1_294' title='bbox 1250 4397 1550 4454; x_wconf 78' lang='lat' dir='ltr'><strong>Sciendum</strong></span> <span class='ocrx_word' id='word_1_295' title='bbox 1612 4414 1774 4470; x_wconf 87' lang='lat' dir='ltr'><strong>porro</strong></span> <span class='ocrx_word' id='word_1_296' title='bbox 1835 4401 2012 4473; x_wconf 88' lang='lat' dir='ltr'><strong>ignem</strong></span> 
     </span>
    </p>
   </div>
   <div class='ocr_carea' id='block_1_48' title="bbox 2133 530 3372 601">
    <p class='ocr_par' dir='ltr' id='par_1_48' title="bbox 2133 530 3372 601">
     <span class='ocr_line' id='line_1_48' title="bbox 2133 530 3372 601; baseline -0.003 -16"><span class='ocrx_word' id='word_1_297' title='bbox 2133 532 2259 596; x_wconf 83' lang='grc' dir='ltr'><strong>λους</strong></span> <span class='ocrx_word' id='word_1_298' title='bbox 2284 536 2312 588; x_wconf 86' lang='grc' dir='ltr'><strong>δ</strong></span> <span class='ocrx_word' id='word_1_299' title='bbox 2352 534 2532 600; x_wconf 79' lang='grc' dir='ltr'><strong>λόγος,</strong></span> <span class='ocrx_word' id='word_1_300' title='bbox 2561 532 2657 584; x_wconf 72' lang='grc' dir='ltr'><strong>ἐπὶ</strong></span> <span class='ocrx_word' id='word_1_301' title='bbox 2684 533 2784 600; x_wconf 79' lang='grc' dir='ltr'><strong>τὴν</strong></span> <span class='ocrx_word' id='word_1_302' title='bbox 2820 532 3017 601; x_wconf 76' lang='grc' dir='ltr'><strong>νοητὴν</strong></span> <span class='ocrx_word' id='word_1_303' title='bbox 3048 530 3372 584; x_wconf 69' lang='grc' dir='ltr'><strong>Βαϐυλῶνα.</strong></span> 
     </span>
    </p>
   </div>
   <div class='ocr_carea' id='block_1_49' title="bbox 2210 619 3721 691">
    <p class='ocr_par' dir='ltr' id='par_1_49' title="bbox 2210 619 3721 691">
     <span class='ocr_line' id='line_1_49' title="bbox 2210 619 3721 691; baseline -0.003 -13"><span class='ocrx_word' id='word_1_304' title='bbox 2210 647 2227 677; x_wconf 75' lang='grc' dir='ltr'><strong>ι</strong></span> <span class='ocrx_word' id='word_1_305' title='bbox 2280 626 2526 678; x_wconf 80' lang='grc' dir='ltr'><strong>Ἔπεσαν</strong></span> <span class='ocrx_word' id='word_1_306' title='bbox 2574 627 2631 677; x_wconf 85' lang='grc' dir='ltr'><strong>αἱ</strong></span> <span class='ocrx_word' id='word_1_307' title='bbox 2677 622 2939 686; x_wconf 72' lang='grc' dir='ltr'><strong>ἐπάλξεις</strong></span> <span class='ocrx_word' id='word_1_308' title='bbox 2990 622 3185 691; x_wconf 78' lang='grc' dir='ltr'><strong>αὐτῆς.</strong></span> <span class='ocrx_word' id='word_1_309' title='bbox 3256 640 3275 673; x_wconf 74' lang='grc' dir='ltr'><strong>ι</strong></span> <span class='ocrx_word' id='word_1_310' title='bbox 3338 621 3403 674; x_wconf 87' lang='grc' dir='ltr'><strong>Οἱ</strong></span> <span class='ocrx_word' id='word_1_311' title='bbox 3443 619 3721 689; x_wconf 72' lang='grc' dir='ltr'><strong>ἀλιτήριοι</strong></span> 
     </span>
    </p>
   </div>
   <div class='ocr_carea' id='block_1_50' title="bbox 2130 718 2413 788">
    <p class='ocr_par' dir='ltr' id='par_1_50' title="bbox 2130 718 2413 788">
     <span class='ocr_line' id='line_1_50' title="bbox 2130 718 2413 788; baseline -0.004 -16"><span class='ocrx_word' id='word_1_312' title='bbox 2130 718 2413 788; x_wconf 62' lang='grc' dir='ltr'><strong>δαῖμονες.</strong></span> 
     </span>
    </p>
   </div>
   <div class='ocr_carea' id='block_1_51' title="bbox 2210 802 3724 882">
    <p class='ocr_par' dir='ltr' id='par_1_51' title="bbox 2210 802 3724 882">
     <span class='ocr_line' id='line_1_51' title="bbox 2210 802 3724 882; baseline -0.003 -20"><span class='ocrx_word' id='word_1_313' title='bbox 2210 829 2227 862; x_wconf 80' lang='grc' dir='ltr'><strong>ι</strong></span> <span class='ocrx_word' id='word_1_314' title='bbox 2268 811 2381 865; x_wconf 72' lang='grc' dir='ltr'><strong>Καὶ</strong></span> <span class='ocrx_word' id='word_1_315' title='bbox 2428 811 2754 882; x_wconf 79' lang='grc' dir='ltr'><strong>κατεσκάφη</strong></span> <span class='ocrx_word' id='word_1_316' title='bbox 2805 811 2867 865; x_wconf 79' lang='grc' dir='ltr'><strong>τὸ</strong></span> <span class='ocrx_word' id='word_1_317' title='bbox 2910 811 3093 879; x_wconf 82' lang='grc' dir='ltr'><strong>τεῖχος</strong></span> <span class='ocrx_word' id='word_1_318' title='bbox 3145 805 3343 875; x_wconf 77' lang='grc' dir='ltr'><strong>αὐτῆς.</strong></span> <span class='ocrx_word' id='word_1_319' title='bbox 3403 823 3424 857; x_wconf 72' lang='grc' dir='ltr'><strong>ι</strong></span> <span class='ocrx_word' id='word_1_320' title='bbox 3461 802 3639 867; x_wconf 77' lang='grc' dir='ltr'><strong>Αὐτὸς</strong></span> <span class='ocrx_word' id='word_1_321' title='bbox 3693 802 3724 858; x_wconf 78' lang='grc'>6</span> 
     </span>
    </p>
   </div>
   <div class='ocr_carea' id='block_1_52' title="bbox 2132 901 2744 972">
    <p class='ocr_par' dir='ltr' id='par_1_52' title="bbox 2132 901 2744 972">
     <span class='ocr_line' id='line_1_52' title="bbox 2132 901 2744 972; baseline 0.005 -18"><span class='ocrx_word' id='word_1_322' title='bbox 2132 901 2447 972; x_wconf 85' lang='grc' dir='ltr'><strong>ἁρχέκακος</strong></span> <span class='ocrx_word' id='word_1_323' title='bbox 2475 901 2744 965; x_wconf 77' lang='grc' dir='ltr'><strong>Σατανᾶς.</strong></span> 
     </span>
    </p>
   </div>
   <div class='ocr_carea' id='block_1_53' title="bbox 2210 989 3725 1065">
    <p class='ocr_par' dir='ltr' id='par_1_53' title="bbox 2210 989 3725 1065">
     <span class='ocr_line' id='line_1_53' title="bbox 2210 989 3725 1065; baseline -0.002 -20"><span class='ocrx_word' id='word_1_324' title='bbox 2210 1013 2229 1045; x_wconf 75' lang='grc' dir='ltr'><strong>ι</strong></span> <span class='ocrx_word' id='word_1_325' title='bbox 2300 994 2434 1047; x_wconf 80' lang='grc' dir='ltr'><strong>’Λπὸ</strong></span> <span class='ocrx_word' id='word_1_326' title='bbox 2467 995 2767 1065; x_wconf 83' lang='grc' dir='ltr'><strong>προσώπου</strong></span> <span class='ocrx_word' id='word_1_327' title='bbox 2808 994 3084 1064; x_wconf 75' lang='grc' dir='ltr'><strong>μαχαίρας</strong></span> <span class='ocrx_word' id='word_1_328' title='bbox 3150 990 3496 1062; x_wconf 77' lang='grc' dir='ltr'><strong>Ἑλληνικῆς.</strong></span> <span class='ocrx_word' id='word_1_329' title='bbox 3562 1008 3582 1042; x_wconf 75' lang='grc' dir='ltr'><strong>ι</strong></span> <span class='ocrx_word' id='word_1_330' title='bbox 3634 989 3725 1061; x_wconf 78' lang='grc' dir='ltr'><strong>Τῷ</strong></span> 
     </span>
    </p>
   </div>
   <div class='ocr_carea' id='block_1_54' title="bbox 2131 1076 3723 1158">
    <p class='ocr_par' dir='ltr' id='par_1_54' title="bbox 2131 1076 3723 1158">
     <span class='ocr_line' id='line_1_54' title="bbox 2131 1076 3723 1158; baseline -0.021 21"><span class='ocrx_word' id='word_1_331' title='bbox 2131 1086 2306 1158; x_wconf 69' lang='grc' dir='ltr'><strong>Κύρῳ</strong></span> <span class='ocrx_word' id='word_1_332' title='bbox 2364 1086 2630 1157; x_wconf 73' lang='grc' dir='ltr'><strong>Ἕλληνες</strong></span> <span class='ocrx_word' id='word_1_333' title='bbox 2666 1086 3095 1157; x_wconf 63' lang='grc' dir='ltr'><strong>συνεμάχησαν</strong></span> <span class='ocrx_word' id='word_1_334' title='bbox 3148 1083 3457 1153; x_wconf 78' lang='grc' dir='ltr'><strong>νικησάσης</strong></span> <span class='ocrx_word' id='word_1_335' title='bbox 3499 1076 3594 1135; x_wconf 81' lang='grc' dir='ltr'><strong>οὖν</strong></span> <span class='ocrx_word' id='word_1_336' title='bbox 3624 1081 3723 1151; x_wconf 80' lang='grc' dir='ltr'><strong>τῆς</strong></span> 
     </span>
    </p>
   </div>
   <div class='ocr_carea' id='block_1_55' title="bbox 2142 1173 3720 1250">
    <p class='ocr_par' dir='ltr' id='par_1_55' title="bbox 2142 1173 3720 1250">
     <span class='ocr_line' id='line_1_55' title="bbox 2142 1173 3720 1250; baseline -0.004 -17"><span class='ocrx_word' id='word_1_337' title='bbox 2142 1180 2468 1250; x_wconf 82' lang='grc' dir='ltr'><strong>Ἑλληνικῆς</strong></span> <span class='ocrx_word' id='word_1_338' title='bbox 2503 1178 2803 1250; x_wconf 82' lang='grc' dir='ltr'><strong>μαχαίρας.</strong></span> <span class='ocrx_word' id='word_1_339' title='bbox 2845 1178 3145 1249; x_wconf 78' lang='grc' dir='ltr'><strong>ἀφεθέντες</strong></span> <span class='ocrx_word' id='word_1_340' title='bbox 3174 1176 3281 1229; x_wconf 79' lang='grc' dir='ltr'><strong>ὑπὸ</strong></span> <span class='ocrx_word' id='word_1_341' title='bbox 3321 1175 3417 1229; x_wconf 86' lang='grc' dir='ltr'><strong>τοῦ</strong></span> <span class='ocrx_word' id='word_1_342' title='bbox 3457 1173 3646 1246; x_wconf 75' lang='grc' dir='ltr'><strong>Κύρου</strong></span> <span class='ocrx_word' id='word_1_343' title='bbox 3672 1177 3720 1228; x_wconf 88' lang='grc' dir='ltr'><strong>οἱ</strong></span> 
     </span>
    </p>
   </div>
   <div class='ocr_carea' id='block_1_56' title="bbox 2131 1269 3466 1345">
    <p class='ocr_par' dir='ltr' id='par_1_56' title="bbox 2131 1269 3466 1345">
     <span class='ocr_line' id='line_1_56' title="bbox 2131 1269 3466 1345; baseline -0.004 -19"><span class='ocrx_word' id='word_1_344' title='bbox 2131 1273 2473 1344; x_wconf 76' lang='grc' dir='ltr'><strong>αἰχμάλωτοι</strong></span> <span class='ocrx_word' id='word_1_345' title='bbox 2510 1276 2590 1336; x_wconf 83' lang='grc' dir='ltr'><strong>είς</strong></span> <span class='ocrx_word' id='word_1_346' title='bbox 2615 1273 2713 1345; x_wconf 74' lang='grc' dir='ltr'><strong>τὴν</strong></span> <span class='ocrx_word' id='word_1_347' title='bbox 2751 1272 2889 1326; x_wconf 87' lang='grc' dir='ltr'><strong>ἰδίαν</strong></span> <span class='ocrx_word' id='word_1_348' title='bbox 2922 1269 3466 1341; x_wconf 74' lang='grc' dir='ltr'><strong>ὲπαναστρέψουσιν.</strong></span> 
     </span>
    </p>
   </div>
   <div class='ocr_carea' id='block_1_57' title="bbox 2208 1359 3719 1436">
    <p class='ocr_par' dir='ltr' id='par_1_57' title="bbox 2208 1359 3719 1436">
     <span class='ocr_line' id='line_1_57' title="bbox 2208 1359 3719 1436; baseline -0.001 -20"><span class='ocrx_word' id='word_1_349' title='bbox 2208 1384 2227 1416; x_wconf 77' lang='grc' dir='ltr'><strong>ι</strong></span> <span class='ocrx_word' id='word_1_350' title='bbox 2275 1364 2331 1418; x_wconf 90' lang='lat'><strong>&#39;0</strong></span> <span class='ocrx_word' id='word_1_351' title='bbox 2374 1365 2593 1435; x_wconf 85' lang='grc' dir='ltr'><strong>πρῶτος</strong></span> <span class='ocrx_word' id='word_1_352' title='bbox 2644 1366 2851 1435; x_wconf 77' lang='grc' dir='ltr'><strong>ἔφαγεν</strong></span> <span class='ocrx_word' id='word_1_353' title='bbox 2894 1365 3057 1418; x_wconf 80' lang='grc' dir='ltr'><strong>αὑτὸν</strong></span> <span class='ocrx_word' id='word_1_354' title='bbox 3105 1364 3365 1436; x_wconf 80' lang='grc' dir='ltr'><strong>βασιλεὺς</strong></span> <span class='ocrx_word' id='word_1_355' title='bbox 3395 1359 3655 1431; x_wconf 65' lang='grc' dir='ltr'><strong>’Δσσούμ</strong></span> <span class='ocrx_word' id='word_1_356' title='bbox 3697 1379 3719 1415; x_wconf 77' lang='grc' dir='ltr'><strong>ι</strong></span> 
     </span>
    </p>
   </div>
   <div class='ocr_carea' id='block_1_58' title="bbox 2144 1452 3722 1528">
    <p class='ocr_par' dir='ltr' id='par_1_58' title="bbox 2144 1452 3722 1528">
     <span class='ocr_line' id='line_1_58' title="bbox 2144 1452 3722 1528; baseline -0.002 -19"><span class='ocrx_word' id='word_1_357' title='bbox 2144 1456 2435 1527; x_wconf 83' lang='grc' dir='ltr'><strong>Ἀσσύριος</strong></span> <span class='ocrx_word' id='word_1_358' title='bbox 2459 1457 2536 1510; x_wconf 82' lang='grc' dir='ltr'><strong>ὢν</strong></span> <span class='ocrx_word' id='word_1_359' title='bbox 2564 1459 2593 1511; x_wconf 82' lang='grc' dir='ltr'>ὁ</span> <span class='ocrx_word' id='word_1_360' title='bbox 2620 1458 2969 1528; x_wconf 74' lang='grc' dir='ltr'><strong>Σεναχηρεὶμ</strong></span> <span class='ocrx_word' id='word_1_361' title='bbox 2992 1458 3210 1527; x_wconf 85' lang='grc' dir='ltr'><strong>πρῶτος</strong></span> <span class='ocrx_word' id='word_1_362' title='bbox 3234 1458 3335 1519; x_wconf 76' lang='grc' dir='ltr'><strong>τὰς</strong></span> <span class='ocrx_word' id='word_1_363' title='bbox 3363 1453 3499 1509; x_wconf 78' lang='grc' dir='ltr'><strong>δέκα</strong></span> <span class='ocrx_word' id='word_1_364' title='bbox 3526 1452 3722 1523; x_wconf 80' lang='grc' dir='ltr'><strong>φυλάς,</strong></span> 
     </span>
    </p>
   </div>
   <div class='ocr_carea' id='block_1_59' title="bbox 2132 1545 3529 1618">
    <p class='ocr_par' dir='ltr' id='par_1_59' title="bbox 2132 1545 3529 1618">
     <span class='ocr_line' id='line_1_59' title="bbox 2132 1545 3529 1618; baseline -0.001 -18"><span class='ocrx_word' id='word_1_365' title='bbox 2132 1547 2344 1618; x_wconf 83' lang='grc' dir='ltr'><strong>σάρκας</strong></span> <span class='ocrx_word' id='word_1_366' title='bbox 2377 1547 2545 1611; x_wconf 80' lang='grc' dir='ltr'><strong>οὔσας</strong></span> <span class='ocrx_word' id='word_1_367' title='bbox 2582 1549 2776 1618; x_wconf 77' lang='grc' dir='ltr'><strong>ἔφαγε,</strong></span> <span class='ocrx_word' id='word_1_368' title='bbox 2809 1547 3097 1601; x_wconf 67' lang='grc' dir='ltr'><strong>τουτέστιν</strong></span> <span class='ocrx_word' id='word_1_369' title='bbox 3117 1545 3529 1617; x_wconf 72' lang='grc' dir='ltr'><strong>ᾐχμαλώτισεν.</strong></span> 
     </span>
    </p>
   </div>
   <div class='ocr_carea' id='block_1_60' title="bbox 2208 1632 3725 1710">
    <p class='ocr_par' dir='ltr' id='par_1_60' title="bbox 2208 1632 3725 1710">
     <span class='ocr_line' id='line_1_60' title="bbox 2208 1632 3725 1710; baseline -0.001 -20"><span class='ocrx_word' id='word_1_370' title='bbox 2208 1656 2227 1689; x_wconf 74' lang='grc' dir='ltr'><strong>ι</strong></span> <span class='ocrx_word' id='word_1_371' title='bbox 2269 1640 2382 1691; x_wconf 77' lang='grc' dir='ltr'><strong>Καὶ</strong></span> <span class='ocrx_word' id='word_1_372' title='bbox 2410 1632 2571 1698; x_wconf 74' lang='grc' dir='ltr'><strong>οὗτος</strong></span> <span class='ocrx_word' id='word_1_373' title='bbox 2599 1639 2832 1710; x_wconf 76' lang='grc' dir='ltr'><strong>ὕστερον</strong></span> <span class='ocrx_word' id='word_1_374' title='bbox 2866 1640 2933 1693; x_wconf 83' lang='grc' dir='ltr'><strong>τὰ</strong></span> <span class='ocrx_word' id='word_1_375' title='bbox 2965 1640 3102 1692; x_wconf 82' lang='grc' dir='ltr'><strong>ὀστᾶ</strong></span> <span class='ocrx_word' id='word_1_376' title='bbox 3129 1636 3317 1692; x_wconf 87' lang='grc' dir='ltr'><strong>αὑτοῦ.</strong></span> <span class='ocrx_word' id='word_1_377' title='bbox 3347 1656 3366 1690; x_wconf 71' lang='grc' dir='ltr'><strong>ι</strong></span> <span class='ocrx_word' id='word_1_378' title='bbox 3412 1635 3473 1691; x_wconf 87' lang='lat' dir='ltr'><strong>&#39;U</strong></span> <span class='ocrx_word' id='word_1_379' title='bbox 3506 1634 3725 1690; x_wconf 76' lang='grc' dir='ltr'><strong>Ναϐου-</strong></span> 
     </span>
    </p>
   </div>
   <div class='ocr_carea' id='block_1_61' title="bbox 2132 1726 3727 1803">
    <p class='ocr_par' dir='ltr' id='par_1_61' title="bbox 2132 1726 3727 1803">
     <span class='ocr_line' id='line_1_61' title="bbox 2132 1726 3727 1803; baseline -0.001 -20"><span class='ocrx_word' id='word_1_380' title='bbox 2132 1729 2442 1803; x_wconf 77' lang='grc' dir='ltr'><strong>χοδονόσορ.</strong></span> <span class='ocrx_word' id='word_1_381' title='bbox 2491 1731 2659 1785; x_wconf 83' lang='grc' dir='ltr'><strong>Ὀστᾶ</strong></span> <span class='ocrx_word' id='word_1_382' title='bbox 2687 1731 2746 1784; x_wconf 82' lang='grc' dir='ltr'><strong>δὲ</strong></span> <span class='ocrx_word' id='word_1_383' title='bbox 2779 1732 2937 1786; x_wconf 82' lang='grc' dir='ltr'><strong>καλεῖ</strong></span> <span class='ocrx_word' id='word_1_384' title='bbox 2963 1734 3054 1784; x_wconf 87' lang='grc' dir='ltr'><strong>τὸν</strong></span> <span class='ocrx_word' id='word_1_385' title='bbox 3102 1729 3300 1793; x_wconf 74' lang='grc' dir='ltr'><strong>Ἰούδα,</strong></span> <span class='ocrx_word' id='word_1_386' title='bbox 3345 1728 3422 1793; x_wconf 86' lang='grc' dir='ltr'><strong>ῶς</strong></span> <span class='ocrx_word' id='word_1_387' title='bbox 3464 1726 3727 1782; x_wconf 83' lang='grc' dir='ltr'><strong>σύστασιν</strong></span> 
     </span>
    </p>
   </div>
   <div class='ocr_carea' id='block_1_62' title="bbox 2059 1814 2969 1894">
    <p class='ocr_par' dir='ltr' id='par_1_62' title="bbox 2059 1814 2969 1894">
     <span class='ocr_line' id='line_1_62' title="bbox 2059 1814 2969 1894; baseline 0.008 -25"><span class='ocrx_word' id='word_1_388' title='bbox 2059 1814 2102 1869; x_wconf 97' lang='grc' dir='ltr'><strong>Β</strong></span> <span class='ocrx_word' id='word_1_389' title='bbox 2130 1820 2263 1875; x_wconf 74' lang='grc' dir='ltr'><strong>ὄντα</strong></span> <span class='ocrx_word' id='word_1_390' title='bbox 2292 1822 2386 1875; x_wconf 88' lang='grc' dir='ltr'><strong>τοῦ</strong></span> <span class='ocrx_word' id='word_1_391' title='bbox 2417 1824 2620 1887; x_wconf 85' lang='grc' dir='ltr'><strong>παντὸς</strong></span> <span class='ocrx_word' id='word_1_392' title='bbox 2646 1823 2922 1894; x_wconf 86' lang='grc' dir='ltr'><strong>σώματος.</strong></span> <span class='ocrx_word' id='word_1_393' title='bbox 2962 1869 2969 1876; x_wconf 94' lang='grc'><strong>.</strong></span> 
     </span>
    </p>
   </div>
   <div class='ocr_carea' id='block_1_63' title="bbox 2206 1911 3724 1987">
    <p class='ocr_par' dir='ltr' id='par_1_63' title="bbox 2206 1911 3724 1987">
     <span class='ocr_line' id='line_1_63' title="bbox 2206 1911 3724 1987; baseline -0.002 -20"><span class='ocrx_word' id='word_1_394' title='bbox 2206 1934 2226 1967; x_wconf 74' lang='grc' dir='ltr'><strong>ι</strong></span> <span class='ocrx_word' id='word_1_395' title='bbox 2263 1917 2598 1987; x_wconf 85' lang='grc' dir='ltr'><strong>Ζητήσουσι.</strong></span> <span class='ocrx_word' id='word_1_396' title='bbox 2641 1935 2661 1969; x_wconf 73' lang='grc' dir='ltr'><strong>ι</strong></span> <span class='ocrx_word' id='word_1_397' title='bbox 2711 1918 2834 1970; x_wconf 77' lang='grc' dir='ltr'><strong>Ὀτι</strong></span> <span class='ocrx_word' id='word_1_398' title='bbox 2860 1918 2997 1970; x_wconf 83' lang='grc' dir='ltr'><strong>πᾶσι</strong></span> <span class='ocrx_word' id='word_1_399' title='bbox 3049 1918 3161 1979; x_wconf 78' lang='grc' dir='ltr'><strong>τοῖς</strong></span> <span class='ocrx_word' id='word_1_400' title='bbox 3212 1913 3573 1968; x_wconf 83' lang='grc' dir='ltr'><strong>πιστεύσασιν</strong></span> <span class='ocrx_word' id='word_1_401' title='bbox 3623 1911 3724 1983; x_wconf 75' lang='grc' dir='ltr'><strong>τὴν</strong></span> 
     </span>
    </p>
   </div>
   <div class='ocr_carea' id='block_1_64' title="bbox 2128 2005 3720 2078">
    <p class='ocr_par' dir='ltr' id='par_1_64' title="bbox 2128 2005 3720 2078">
     <span class='ocr_line' id='line_1_64' title="bbox 2128 2005 3720 2078; baseline -0.002 -18"><span class='ocrx_word' id='word_1_402' title='bbox 2128 2006 2438 2078; x_wconf 81' lang='grc' dir='ltr'><strong>ἀμνηστίαν</strong></span> <span class='ocrx_word' id='word_1_403' title='bbox 2460 2007 2570 2061; x_wconf 89' lang='grc' dir='ltr'><strong>τῶν</strong></span> <span class='ocrx_word' id='word_1_404' title='bbox 2601 2008 3021 2078; x_wconf 77' lang='grc' dir='ltr'><strong>ἁμαρτημάτων</strong></span> <span class='ocrx_word' id='word_1_405' title='bbox 3052 2010 3080 2061; x_wconf 85' lang='grc' dir='ltr'>ὀ</span> <span class='ocrx_word' id='word_1_406' title='bbox 3104 2005 3345 2078; x_wconf 81' lang='grc' dir='ltr'><strong>Χριστὸς</strong></span> <span class='ocrx_word' id='word_1_407' title='bbox 3378 2006 3720 2077; x_wconf 71' lang='grc' dir='ltr'><strong>ιδωρήσατο.</strong></span> 
     </span>
    </p>
   </div>
   <div class='ocr_carea' id='block_1_65' title="bbox 2202 2187 3724 2261">
    <p class='ocr_par' dir='ltr' id='par_1_65' title="bbox 2202 2187 3724 2261">
     <span class='ocr_line' id='line_1_65' title="bbox 2202 2187 3724 2261; baseline -0.002 -18"><span class='ocrx_word' id='word_1_408' title='bbox 2202 2210 2221 2243; x_wconf 78' lang='grc' dir='ltr'><strong>ι</strong></span> <span class='ocrx_word' id='word_1_409' title='bbox 2266 2189 2490 2261; x_wconf 84' lang='grc' dir='ltr'><strong>Πικρῶς</strong></span> <span class='ocrx_word' id='word_1_410' title='bbox 2553 2190 2785 2261; x_wconf 75' lang='grc' dir='ltr'><strong>ἐπίϐηθι</strong></span> <span class='ocrx_word' id='word_1_411' title='bbox 2838 2191 3148 2261; x_wconf 80' lang='grc' dir='ltr'><strong>ὲπάύτήν.</strong></span> <span class='ocrx_word' id='word_1_412' title='bbox 3207 2206 3227 2241; x_wconf 72' lang='grc' dir='ltr'><strong>ι</strong></span> <span class='ocrx_word' id='word_1_413' title='bbox 3283 2188 3431 2259; x_wconf 83' lang='grc' dir='ltr'><strong>Πρὸς</strong></span> <span class='ocrx_word' id='word_1_414' title='bbox 3479 2188 3581 2258; x_wconf 74' lang='grc' dir='ltr'><strong>μὲν</strong></span> <span class='ocrx_word' id='word_1_415' title='bbox 3620 2187 3724 2259; x_wconf 79' lang='grc' dir='ltr'><strong>τὴν</strong></span> 
     </span>
    </p>
   </div>
   <div class='ocr_carea' id='block_1_66' title="bbox 2131 2279 3723 2358">
    <p class='ocr_par' dir='ltr' id='par_1_66' title="bbox 2131 2279 3723 2358">
     <span class='ocr_line' id='line_1_66' title="bbox 2131 2279 3723 2358; baseline -0.001 -21"><span class='ocrx_word' id='word_1_416' title='bbox 2131 2284 2380 2351; x_wconf 78' lang='grc' dir='ltr'><strong>ἱστορίαν</strong></span> <span class='ocrx_word' id='word_1_417' title='bbox 2415 2283 2511 2336; x_wconf 72' lang='grc' dir='ltr'><strong>ἐπὶ</strong></span> <span class='ocrx_word' id='word_1_418' title='bbox 2548 2282 2648 2354; x_wconf 85' lang='grc' dir='ltr'><strong>τὴν</strong></span> <span class='ocrx_word' id='word_1_419' title='bbox 2680 2282 3002 2352; x_wconf 76' lang='grc' dir='ltr'><strong>Βαϐυλῶνα,</strong></span> <span class='ocrx_word' id='word_1_420' title='bbox 3035 2283 3174 2358; x_wconf 79' lang='grc' dir='ltr'><strong>πρὸς</strong></span> <span class='ocrx_word' id='word_1_421' title='bbox 3219 2281 3277 2335; x_wconf 78' lang='grc' dir='ltr'><strong>δὲ</strong></span> <span class='ocrx_word' id='word_1_422' title='bbox 3320 2279 3563 2339; x_wconf 88' lang='grc' dir='ltr'><strong>διάνοιαν</strong></span> <span class='ocrx_word' id='word_1_423' title='bbox 3627 2282 3723 2336; x_wconf 64' lang='grc' dir='ltr'><strong>ἰπὶ</strong></span> 
     </span>
    </p>
   </div>
   <div class='ocr_carea' id='block_1_67' title="bbox 2126 2375 2733 2448">
    <p class='ocr_par' dir='ltr' id='par_1_67' title="bbox 2126 2375 2733 2448">
     <span class='ocr_line' id='line_1_67' title="bbox 2126 2375 2733 2448; baseline 0.003 -21"><span class='ocrx_word' id='word_1_424' title='bbox 2126 2376 2226 2448; x_wconf 82' lang='grc' dir='ltr'><strong>τὴν</strong></span> <span class='ocrx_word' id='word_1_425' title='bbox 2251 2375 2733 2447; x_wconf 86' lang='grc' dir='ltr'><strong>εἱδωλολατρείαν.</strong></span> 
     </span>
    </p>
   </div>
   <div class='ocr_carea' id='block_1_68' title="bbox 2202 2466 3721 2541">
    <p class='ocr_par' dir='ltr' id='par_1_68' title="bbox 2202 2466 3721 2541">
     <span class='ocr_line' id='line_1_68' title="bbox 2202 2466 3721 2541; baseline 0.008 -21"><span class='ocrx_word' id='word_1_426' title='bbox 2202 2489 2220 2520; x_wconf 74' lang='grc' dir='ltr'><strong>ι</strong></span> <span class='ocrx_word' id='word_1_427' title='bbox 2256 2469 2382 2532; x_wconf 87' lang='grc' dir='ltr'><strong>Πῶς</strong></span> <span class='ocrx_word' id='word_1_428' title='bbox 2438 2467 2807 2540; x_wconf 89' lang='grc' dir='ltr'><strong>συνεκλάσθη.</strong></span> <span class='ocrx_word' id='word_1_429' title='bbox 2833 2488 2852 2521; x_wconf 75' lang='grc' dir='ltr'><strong>ι</strong></span> <span class='ocrx_word' id='word_1_430' title='bbox 2877 2469 2937 2523; x_wconf 74' lang='grc' dir='ltr'><strong>Ἠ</strong></span> <span class='ocrx_word' id='word_1_431' title='bbox 2981 2467 3165 2540; x_wconf 90' lang='grc' dir='ltr'><strong>σφύρα</strong></span> <span class='ocrx_word' id='word_1_432' title='bbox 3206 2470 3388 2541; x_wconf 84' lang='grc' dir='ltr'><strong>πάσης</strong></span> <span class='ocrx_word' id='word_1_433' title='bbox 3445 2468 3545 2539; x_wconf 78' lang='grc' dir='ltr'><strong>τῆς</strong></span> <span class='ocrx_word' id='word_1_434' title='bbox 3586 2466 3721 2539; x_wconf 81' lang='grc' dir='ltr'><strong>γῆς.</strong></span> 
     </span>
    </p>
   </div>
   <div class='ocr_carea' id='block_1_69' title="bbox 2125 2561 3721 2634">
    <p class='ocr_par' dir='ltr' id='par_1_69' title="bbox 2125 2561 3721 2634">
     <span class='ocr_line' id='line_1_69' title="bbox 2125 2561 3721 2634; baseline 0.001 -20"><span class='ocrx_word' id='word_1_435' title='bbox 2125 2564 2157 2630; x_wconf 78' lang='grc' dir='ltr'><strong>ὴ</strong></span> <span class='ocrx_word' id='word_1_436' title='bbox 2192 2562 2293 2630; x_wconf 86' lang='grc' dir='ltr'><strong>τὴν</strong></span> <span class='ocrx_word' id='word_1_437' title='bbox 2326 2562 2657 2633; x_wconf 75' lang='grc' dir='ltr'><strong>οἰκουμένην</strong></span> <span class='ocrx_word' id='word_1_438' title='bbox 2690 2562 3057 2634; x_wconf 76' lang='grc' dir='ltr'><strong>συντρίψασα,</strong></span> <span class='ocrx_word' id='word_1_439' title='bbox 3080 2561 3339 2617; x_wconf 75' lang='grc' dir='ltr'><strong>Βαϐυλὼν</strong></span> <span class='ocrx_word' id='word_1_440' title='bbox 3368 2562 3400 2615; x_wconf 72' lang='grc' dir='ltr'><strong>ἢ</strong></span> <span class='ocrx_word' id='word_1_441' title='bbox 3433 2563 3529 2615; x_wconf 74' lang='grc' dir='ltr'><strong>καὶ</strong></span> <span class='ocrx_word' id='word_1_442' title='bbox 3554 2562 3721 2615; x_wconf 77' lang='grc' dir='ltr'><strong>εἱδωο</strong></span> 
     </span>
    </p>
   </div>
   <div class='ocr_carea' id='block_1_70' title="bbox 2125 2653 2441 2724">
    <p class='ocr_par' dir='ltr' id='par_1_70' title="bbox 2125 2653 2441 2724">
     <span class='ocr_line' id='line_1_70' title="bbox 2125 2653 2441 2724; baseline 0.003 -18"><span class='ocrx_word' id='word_1_443' title='bbox 2125 2653 2441 2724; x_wconf 85' lang='grc' dir='ltr'><strong>λολατρεία.</strong></span> 
     </span>
    </p>
   </div>
   <div class='ocr_carea' id='block_1_71' title="bbox 2202 2745 3718 2819">
    <p class='ocr_par' dir='ltr' id='par_1_71' title="bbox 2202 2745 3718 2819">
     <span class='ocr_line' id='line_1_71' title="bbox 2202 2745 3718 2819; baseline 0.003 -21"><span class='ocrx_word' id='word_1_444' title='bbox 2202 2764 2220 2797; x_wconf 86' lang='grc' dir='ltr'><strong>ι</strong></span> <span class='ocrx_word' id='word_1_445' title='bbox 2257 2745 2647 2816; x_wconf 80' lang='grc' dir='ltr'><strong>Ἔπιθήσονταί</strong></span> <span class='ocrx_word' id='word_1_446' title='bbox 2710 2763 2817 2800; x_wconf 89' lang='grc' dir='ltr'><strong>σοι.</strong></span> <span class='ocrx_word' id='word_1_447' title='bbox 2858 2766 2878 2799; x_wconf 73' lang='lat' dir='ltr'><strong>s</strong></span> <span class='ocrx_word' id='word_1_448' title='bbox 2940 2746 3086 2817; x_wconf 76' lang='grc' dir='ltr'><strong>Πρδς</strong></span> <span class='ocrx_word' id='word_1_449' title='bbox 3143 2746 3245 2818; x_wconf 76' lang='grc' dir='ltr'><strong>μὶν</strong></span> <span class='ocrx_word' id='word_1_450' title='bbox 3311 2747 3411 2819; x_wconf 79' lang='grc' dir='ltr'><strong>τὴν</strong></span> <span class='ocrx_word' id='word_1_451' title='bbox 3445 2747 3718 2819; x_wconf 81' lang='grc' dir='ltr'><strong>ἱστορίαν,</strong></span> 
     </span>
    </p>
   </div>
   <div class='ocr_carea' id='block_1_72' title="bbox 2122 2834 3718 2906">
    <p class='ocr_par' dir='ltr' id='par_1_72' title="bbox 2122 2834 3718 2906">
     <span class='ocr_line' id='line_1_72' title="bbox 2122 2834 3718 2906; baseline 0.003 -19"><span class='ocrx_word' id='word_1_452' title='bbox 2122 2835 2211 2888; x_wconf 85' lang='grc' dir='ltr'><strong>διὰ</strong></span> <span class='ocrx_word' id='word_1_453' title='bbox 2251 2835 2317 2888; x_wconf 84' lang='grc' dir='ltr'><strong>τὸ</strong></span> <span class='ocrx_word' id='word_1_454' title='bbox 2351 2834 2462 2888; x_wconf 86' lang='grc' dir='ltr'><strong>τῶν</strong></span> <span class='ocrx_word' id='word_1_455' title='bbox 2500 2835 2756 2906; x_wconf 78' lang='grc' dir='ltr'><strong>πολέμων</strong></span> <span class='ocrx_word' id='word_1_456' title='bbox 2803 2836 3069 2904; x_wconf 79' lang='grc' dir='ltr'><strong>αίφνίδιον</strong></span> <span class='ocrx_word' id='word_1_457' title='bbox 3097 2851 3109 2864; x_wconf 96' lang='grc'>·</span> <span class='ocrx_word' id='word_1_458' title='bbox 3163 2836 3300 2906; x_wconf 79' lang='grc' dir='ltr'><strong>πρὸς</strong></span> <span class='ocrx_word' id='word_1_459' title='bbox 3339 2835 3399 2890; x_wconf 81' lang='grc' dir='ltr'><strong>δὲ</strong></span> <span class='ocrx_word' id='word_1_460' title='bbox 3447 2836 3718 2904; x_wconf 88' lang='grc' dir='ltr'><strong>διάνοιαν,</strong></span> 
     </span>
    </p>
   </div>
   <div class='ocr_carea' id='block_1_73' title="bbox 2122 2927 3721 3003">
    <p class='ocr_par' dir='ltr' id='par_1_73' title="bbox 2122 2927 3721 3003">
     <span class='ocr_line' id='line_1_73' title="bbox 2122 2927 3721 3003; baseline 0.001 -21"><span class='ocrx_word' id='word_1_461' title='bbox 2122 2928 2212 2982; x_wconf 74' lang='grc' dir='ltr'><strong>διὰ</strong></span> <span class='ocrx_word' id='word_1_462' title='bbox 2240 2928 2303 2981; x_wconf 80' lang='grc' dir='ltr'><strong>τὸ</strong></span> <span class='ocrx_word' id='word_1_463' title='bbox 2331 2928 2575 2998; x_wconf 82' lang='grc' dir='ltr'><strong>κρυπτὸν</strong></span> <span class='ocrx_word' id='word_1_464' title='bbox 2598 2928 2693 2982; x_wconf 86' lang='grc' dir='ltr'><strong>τοῦ</strong></span> <span class='ocrx_word' id='word_1_465' title='bbox 2724 2928 2923 3000; x_wconf 84' lang='grc' dir='ltr'><strong>βάθους</strong></span> <span class='ocrx_word' id='word_1_466' title='bbox 2940 2927 3036 2982; x_wconf 81' lang='grc' dir='ltr'><strong>τοῦ</strong></span> <span class='ocrx_word' id='word_1_467' title='bbox 3061 2928 3206 2982; x_wconf 84' lang='grc' dir='ltr'><strong>κατὰ</strong></span> <span class='ocrx_word' id='word_1_468' title='bbox 3236 2928 3473 2998; x_wconf 83' lang='grc' dir='ltr'><strong>Χριστὸν</strong></span> <span class='ocrx_word' id='word_1_469' title='bbox 3504 2945 3721 3003; x_wconf 76' lang='grc' dir='ltr'><strong>μυστηο</strong></span> 
     </span>
    </p>
   </div>
   <div class='ocr_carea' id='block_1_74' title="bbox 2131 3022 2272 3093">
    <p class='ocr_par' dir='ltr' id='par_1_74' title="bbox 2131 3022 2272 3093">
     <span class='ocr_line' id='line_1_74' title="bbox 2131 3022 2272 3093; baseline 0.014 -19"><span class='ocrx_word' id='word_1_470' title='bbox 2131 3022 2272 3093; x_wconf 83' lang='grc' dir='ltr'><strong>ρίου.</strong></span> 
     </span>
    </p>
   </div>
   <div class='ocr_carea' id='block_1_75' title="bbox 2201 3114 3095 3188">
    <p class='ocr_par' dir='ltr' id='par_1_75' title="bbox 2201 3114 3095 3188">
     <span class='ocr_line' id='line_1_75' title="bbox 2201 3114 3095 3188; baseline 0.002 -21"><span class='ocrx_word' id='word_1_471' title='bbox 2201 3132 2221 3167; x_wconf 75' lang='grc' dir='ltr'><strong>ι</strong></span> <span class='ocrx_word' id='word_1_472' title='bbox 2268 3115 2488 3180; x_wconf 81' lang='grc' dir='ltr'><strong>Ἤνοιξε</strong></span> <span class='ocrx_word' id='word_1_473' title='bbox 2537 3114 2767 3188; x_wconf 79' lang='grc' dir='ltr'><strong>Κύριος.</strong></span> <span class='ocrx_word' id='word_1_474' title='bbox 2827 3135 2845 3166; x_wconf 75' lang='grc' dir='ltr'><strong>ι</strong></span> <span class='ocrx_word' id='word_1_475' title='bbox 2884 3114 2986 3169; x_wconf 81' lang='grc' dir='ltr'><strong>Διὰ</strong></span> <span class='ocrx_word' id='word_1_476' title='bbox 3034 3115 3095 3169; x_wconf 73' lang='grc' dir='ltr'><strong>τὸ</strong></span> 
     </span>
    </p>
   </div>
   <div class='ocr_carea' id='block_1_76' title="bbox 2125 3207 2845 3279">
    <p class='ocr_par' dir='ltr' id='par_1_76' title="bbox 2125 3207 2845 3279">
     <span class='ocr_line' id='line_1_76' title="bbox 2125 3207 2845 3279; baseline 0.001 -18"><span class='ocrx_word' id='word_1_477' title='bbox 2125 3207 2233 3261; x_wconf 87' lang='grc' dir='ltr'><strong>τῶν</strong></span> <span class='ocrx_word' id='word_1_478' title='bbox 2265 3207 2482 3262; x_wconf 82' lang='grc' dir='ltr'><strong>αἰώνων</strong></span> <span class='ocrx_word' id='word_1_479' title='bbox 2519 3210 2845 3279; x_wconf 84' lang='grc' dir='ltr'><strong>μυστήριον.</strong></span> 
     </span>
    </p>
   </div>
   <div class='ocr_carea' id='block_1_77' title="bbox 2200 3297 3717 3371">
    <p class='ocr_par' dir='ltr' id='par_1_77' title="bbox 2200 3297 3717 3371">
     <span class='ocr_line' id='line_1_77' title="bbox 2200 3297 3717 3371; baseline 0.003 -20"><span class='ocrx_word' id='word_1_480' title='bbox 2200 3316 2220 3350; x_wconf 77' lang='grc' dir='ltr'><strong>ι</strong></span> <span class='ocrx_word' id='word_1_481' title='bbox 2270 3299 2632 3371; x_wconf 66' lang='grc' dir='ltr'><strong>Ἑρευνήσατε</strong></span> <span class='ocrx_word' id='word_1_482' title='bbox 2666 3299 2859 3370; x_wconf 80' lang='grc' dir='ltr'><strong>αὑτήν.</strong></span> <span class='ocrx_word' id='word_1_483' title='bbox 2901 3317 2918 3349; x_wconf 79' lang='grc' dir='ltr'><strong>ι</strong></span> <span class='ocrx_word' id='word_1_484' title='bbox 2959 3298 3053 3364; x_wconf 78' lang='grc' dir='ltr'><strong>Ἐξ</strong></span> <span class='ocrx_word' id='word_1_485' title='bbox 3084 3297 3265 3353; x_wconf 79' lang='grc' dir='ltr'><strong>αὐτῶν</strong></span> <span class='ocrx_word' id='word_1_486' title='bbox 3296 3298 3407 3353; x_wconf 89' lang='grc' dir='ltr'><strong>τῶν</strong></span> <span class='ocrx_word' id='word_1_487' title='bbox 3429 3297 3717 3370; x_wconf 83' lang='grc' dir='ltr'><strong>λογισμῶν</strong></span> 
     </span>
    </p>
   </div>
   <div class='ocr_carea' id='block_1_78' title="bbox 2127 3390 3215 3462">
    <p class='ocr_par' dir='ltr' id='par_1_78' title="bbox 2127 3390 3215 3462">
     <span class='ocr_line' id='line_1_78' title="bbox 2127 3390 3215 3462; baseline 0.002 -17"><span class='ocrx_word' id='word_1_488' title='bbox 2127 3391 2575 3461; x_wconf 79' lang='grc' dir='ltr'><strong>ἀναμοχλεύσατε</strong></span> <span class='ocrx_word' id='word_1_489' title='bbox 2602 3392 2706 3460; x_wconf 77' lang='grc' dir='ltr'><strong>τὴν</strong></span> <span class='ocrx_word' id='word_1_490' title='bbox 2737 3390 3215 3462; x_wconf 82' lang='grc' dir='ltr'><strong>εἱδωλολατρεὶαν.</strong></span> 
     </span>
    </p>
   </div>
   <div class='ocr_carea' id='block_1_79' title="bbox 2201 3482 3711 3553">
    <p class='ocr_par' dir='ltr' id='par_1_79' title="bbox 2201 3482 3711 3553">
     <span class='ocr_line' id='line_1_79' title="bbox 2201 3482 3711 3553; baseline 0.002 -19"><span class='ocrx_word' id='word_1_491' title='bbox 2201 3502 2221 3534; x_wconf 73' lang='grc' dir='ltr'><strong>ι</strong></span> <span class='ocrx_word' id='word_1_492' title='bbox 2264 3483 2674 3552; x_wconf 77' lang='grc' dir='ltr'><strong>’Δναξηράνατε</strong></span> <span class='ocrx_word' id='word_1_493' title='bbox 2708 3482 2882 3552; x_wconf 81' lang='grc' dir='ltr'><strong>αὐτῆς</strong></span> <span class='ocrx_word' id='word_1_494' title='bbox 2931 3484 3139 3544; x_wconf 88' lang='grc' dir='ltr'><strong>πάντας</strong></span> <span class='ocrx_word' id='word_1_495' title='bbox 3185 3482 3313 3545; x_wconf 78' lang='grc' dir='ltr'><strong>τοὺς</strong></span> <span class='ocrx_word' id='word_1_496' title='bbox 3365 3482 3642 3553; x_wconf 84' lang='grc' dir='ltr'><strong>καρπούς.</strong></span> <span class='ocrx_word' id='word_1_497' title='bbox 3690 3501 3711 3537; x_wconf 75' lang='grc' dir='ltr'><strong>ι</strong></span> 
     </span>
    </p>
   </div>
   <div class='ocr_carea' id='block_1_80' title="bbox 2125 3572 3718 3645">
    <p class='ocr_par' dir='ltr' id='par_1_80' title="bbox 2125 3572 3718 3645">
     <span class='ocr_line' id='line_1_80' title="bbox 2125 3572 3718 3645; baseline 0.001 -20"><span class='ocrx_word' id='word_1_498' title='bbox 2125 3574 2268 3643; x_wconf 80' lang='grc' dir='ltr'><strong>Πρὸς</strong></span> <span class='ocrx_word' id='word_1_499' title='bbox 2300 3573 2400 3643; x_wconf 78' lang='grc' dir='ltr'><strong>μὲν</strong></span> <span class='ocrx_word' id='word_1_500' title='bbox 2445 3574 2547 3643; x_wconf 73' lang='grc' dir='ltr'><strong>τὴν</strong></span> <span class='ocrx_word' id='word_1_501' title='bbox 2593 3573 2858 3642; x_wconf 88' lang='grc' dir='ltr'><strong>ἱστορίαν,</strong></span> <span class='ocrx_word' id='word_1_502' title='bbox 2906 3573 3035 3638; x_wconf 82' lang='grc' dir='ltr'><strong>τοὺς</strong></span> <span class='ocrx_word' id='word_1_503' title='bbox 3063 3574 3363 3645; x_wconf 86' lang='grc' dir='ltr'><strong>τυράννους</strong></span> <span class='ocrx_word' id='word_1_504' title='bbox 3402 3574 3503 3641; x_wconf 78' lang='grc' dir='ltr'><strong>τῆς</strong></span> <span class='ocrx_word' id='word_1_505' title='bbox 3535 3572 3718 3628; x_wconf 76' lang='grc' dir='ltr'><strong>Βαϐυ-</strong></span> 
     </span>
    </p>
   </div>
   <div class='ocr_carea' id='block_1_81' title="bbox 2122 3667 3716 3738">
    <p class='ocr_par' dir='ltr' id='par_1_81' title="bbox 2122 3667 3716 3738">
     <span class='ocr_line' id='line_1_81' title="bbox 2122 3667 3716 3738; baseline 0.001 -18"><span class='ocrx_word' id='word_1_506' title='bbox 2122 3668 2293 3730; x_wconf 86' lang='grc' dir='ltr'><strong>λῶνος</strong></span> <span class='ocrx_word' id='word_1_507' title='bbox 2328 3684 2341 3697; x_wconf 91' lang='grc'><strong>·</strong></span> <span class='ocrx_word' id='word_1_508' title='bbox 2384 3668 2520 3738; x_wconf 85' lang='grc' dir='ltr'><strong>πρὸς</strong></span> <span class='ocrx_word' id='word_1_509' title='bbox 2553 3667 2612 3720; x_wconf 68' lang='grc' dir='ltr'><strong>δὲ</strong></span> <span class='ocrx_word' id='word_1_510' title='bbox 2656 3668 2927 3731; x_wconf 85' lang='grc' dir='ltr'><strong>διάνοιαν,</strong></span> <span class='ocrx_word' id='word_1_511' title='bbox 2961 3670 3089 3729; x_wconf 76' lang='grc' dir='ltr'><strong>τοὺς</strong></span> <span class='ocrx_word' id='word_1_512' title='bbox 3125 3668 3224 3738; x_wconf 81' lang='grc' dir='ltr'><strong>τῆς</strong></span> <span class='ocrx_word' id='word_1_513' title='bbox 3257 3668 3536 3737; x_wconf 82' lang='grc' dir='ltr'><strong>ἁμαρτίας</strong></span> <span class='ocrx_word' id='word_1_514' title='bbox 3569 3684 3716 3737; x_wconf 76' lang='grc' dir='ltr'><strong>καρο</strong></span> 
     </span>
    </p>
   </div>
   <div class='ocr_carea' id='block_1_82' title="bbox 2125 3758 3541 3831">
    <p class='ocr_par' dir='ltr' id='par_1_82' title="bbox 2125 3758 3541 3831">
     <span class='ocr_line' id='line_1_82' title="bbox 2125 3758 3541 3831; baseline -0.001 -16"><span class='ocrx_word' id='word_1_515' title='bbox 2125 3761 2284 3825; x_wconf 83' lang='grc' dir='ltr'><strong>ποὺς,</strong></span> <span class='ocrx_word' id='word_1_516' title='bbox 2314 3760 2601 3831; x_wconf 82' lang='grc' dir='ltr'><strong>πορνείαν,</strong></span> <span class='ocrx_word' id='word_1_517' title='bbox 2643 3761 2740 3813; x_wconf 76' lang='grc' dir='ltr'><strong>καὶ</strong></span> <span class='ocrx_word' id='word_1_518' title='bbox 2774 3759 3141 3829; x_wconf 81' lang='grc' dir='ltr'><strong>ἀκαθαρσίαν,</strong></span> <span class='ocrx_word' id='word_1_519' title='bbox 3175 3760 3270 3812; x_wconf 74' lang='grc' dir='ltr'><strong>καὶ</strong></span> <span class='ocrx_word' id='word_1_520' title='bbox 3296 3758 3363 3812; x_wconf 85' lang='grc' dir='ltr'><strong>τὰ</strong></span> <span class='ocrx_word' id='word_1_521' title='bbox 3394 3758 3541 3829; x_wconf 76' lang='grc' dir='ltr'><strong>ἑξῆς.</strong></span> 
     </span>
    </p>
   </div>
   <div class='ocr_carea' id='block_1_83' title="bbox 2196 3847 3716 3921">
    <p class='ocr_par' dir='ltr' id='par_1_83' title="bbox 2196 3847 3716 3921">
     <span class='ocr_line' id='line_1_83' title="bbox 2196 3847 3716 3921; baseline 0.001 -19"><span class='ocrx_word' id='word_1_522' title='bbox 2196 3870 2215 3902; x_wconf 75' lang='grc' dir='ltr'><strong>ι</strong></span> <span class='ocrx_word' id='word_1_523' title='bbox 2262 3851 2418 3921; x_wconf 71' lang='grc' dir='ltr'><strong>Φωνὴ</strong></span> <span class='ocrx_word' id='word_1_524' title='bbox 2450 3848 2785 3919; x_wconf 77' lang='grc' dir='ltr'><strong>φευγόντων.</strong></span> <span class='ocrx_word' id='word_1_525' title='bbox 2830 3867 2847 3899; x_wconf 75' lang='grc' dir='ltr'><strong>ι</strong></span> <span class='ocrx_word' id='word_1_526' title='bbox 2884 3848 3007 3901; x_wconf 89' lang='grc' dir='ltr'><strong>Τῶν</strong></span> <span class='ocrx_word' id='word_1_527' title='bbox 3041 3850 3121 3912; x_wconf 86' lang='grc' dir='ltr'><strong>εἰς</strong></span> <span class='ocrx_word' id='word_1_528' title='bbox 3159 3848 3252 3901; x_wconf 79' lang='grc' dir='ltr'><strong>τὸν</strong></span> <span class='ocrx_word' id='word_1_529' title='bbox 3304 3847 3512 3918; x_wconf 83' lang='grc' dir='ltr'><strong>Κύριον</strong></span> <span class='ocrx_word' id='word_1_530' title='bbox 3550 3848 3716 3920; x_wconf 74' lang='grc' dir='ltr'><strong>ἡμῶν</strong></span> 
     </span>
    </p>
   </div>
   <div class='ocr_carea' id='block_1_84' title="bbox 2121 3939 2608 4009">
    <p class='ocr_par' dir='ltr' id='par_1_84' title="bbox 2121 3939 2608 4009">
     <span class='ocr_line' id='line_1_84' title="bbox 2121 3939 2608 4009; baseline -0.002 -14"><span class='ocrx_word' id='word_1_531' title='bbox 2121 3939 2608 4009; x_wconf 83' lang='grc' dir='ltr'><strong>καταφευγόντων.</strong></span> 
     </span>
    </p>
   </div>
   <div class='ocr_carea' id='block_1_85' title="bbox 2198 4027 3714 4101">
    <p class='ocr_par' dir='ltr' id='par_1_85' title="bbox 2198 4027 3714 4101">
     <span class='ocr_line' id='line_1_85' title="bbox 2198 4027 3714 4101; baseline -0.001 -16"><span class='ocrx_word' id='word_1_532' title='bbox 2198 4053 2216 4085; x_wconf 80' lang='grc' dir='ltr'><strong>ι</strong></span> <span class='ocrx_word' id='word_1_533' title='bbox 2270 4032 2401 4085; x_wconf 82' lang='grc' dir='ltr'><strong>Ἰδοὺ</strong></span> <span class='ocrx_word' id='word_1_534' title='bbox 2445 4029 2558 4100; x_wconf 81' lang='grc' dir='ltr'><strong>ἐγὼ</strong></span> <span class='ocrx_word' id='word_1_535' title='bbox 2599 4031 2693 4083; x_wconf 72' lang='grc' dir='ltr'><strong>ἐπὶ</strong></span> <span class='ocrx_word' id='word_1_536' title='bbox 2749 4029 2807 4082; x_wconf 85' lang='grc' dir='ltr'><strong>σὲ</strong></span> <span class='ocrx_word' id='word_1_537' title='bbox 2846 4030 2946 4098; x_wconf 76' lang='grc' dir='ltr'><strong>τὴν</strong></span> <span class='ocrx_word' id='word_1_538' title='bbox 2992 4030 3339 4101; x_wconf 80' lang='grc' dir='ltr'><strong>ύόρίστριαν.</strong></span> <span class='ocrx_word' id='word_1_539' title='bbox 3397 4048 3415 4081; x_wconf 77' lang='grc' dir='ltr'><strong>ι</strong></span> <span class='ocrx_word' id='word_1_540' title='bbox 3470 4027 3714 4084; x_wconf 84' lang='grc' dir='ltr'><strong>Δύναται</strong></span> 
     </span>
    </p>
   </div>
   <div class='ocr_carea' id='block_1_86' title="bbox 2118 4122 3713 4197">
    <p class='ocr_par' dir='ltr' id='par_1_86' title="bbox 2118 4122 3713 4197">
     <span class='ocr_line' id='line_1_86' title="bbox 2118 4122 3713 4197; baseline -0.001 -17"><span class='ocrx_word' id='word_1_541' title='bbox 2118 4126 2294 4181; x_wconf 86' lang='grc' dir='ltr'><strong>ταῦτα</strong></span> <span class='ocrx_word' id='word_1_542' title='bbox 2319 4125 2578 4180; x_wconf 76' lang='grc' dir='ltr'><strong>καὶκατὰ</strong></span> <span class='ocrx_word' id='word_1_543' title='bbox 2611 4123 2712 4193; x_wconf 82' lang='grc' dir='ltr'><strong>τῆς</strong></span> <span class='ocrx_word' id='word_1_544' title='bbox 2739 4123 2849 4179; x_wconf 89' lang='grc' dir='ltr'><strong>τῶν</strong></span> <span class='ocrx_word' id='word_1_545' title='bbox 2874 4124 3147 4177; x_wconf 81' lang='grc' dir='ltr'><strong>Ἰουδαίων</strong></span> <span class='ocrx_word' id='word_1_546' title='bbox 3204 4122 3530 4194; x_wconf 77' lang='grc' dir='ltr'><strong>συναγωγῆς</strong></span> <span class='ocrx_word' id='word_1_547' title='bbox 3562 4124 3713 4197; x_wconf 79' lang='grc' dir='ltr'><strong>λαμ-</strong></span> 
     </span>
    </p>
   </div>
   <div class='ocr_carea' id='block_1_87' title="bbox 2121 4218 2411 4274">
    <p class='ocr_par' dir='ltr' id='par_1_87' title="bbox 2121 4218 2411 4274">
     <span class='ocr_line' id='line_1_87' title="bbox 2121 4218 2411 4274; baseline 0.003 -2"><span class='ocrx_word' id='word_1_548' title='bbox 2121 4218 2411 4274; x_wconf 75' lang='grc' dir='ltr'><strong>ϐάνεσθαι.</strong></span> 
     </span>
    </p>
   </div>
   <div class='ocr_carea' id='block_1_88' title="bbox 2197 4307 3713 4383">
    <p class='ocr_par' dir='ltr' id='par_1_88' title="bbox 2197 4307 3713 4383">
     <span class='ocr_line' id='line_1_88' title="bbox 2197 4307 3713 4383; baseline 0.003 -23"><span class='ocrx_word' id='word_1_549' title='bbox 2197 4332 2214 4360; x_wconf 74' lang='grc' dir='ltr'><strong>ι</strong></span> <span class='ocrx_word' id='word_1_550' title='bbox 2256 4312 2369 4365; x_wconf 74' lang='grc' dir='ltr'><strong>Καὶ</strong></span> <span class='ocrx_word' id='word_1_551' title='bbox 2408 4310 2600 4380; x_wconf 67' lang='grc' dir='ltr'><strong>άνὰψω</strong></span> <span class='ocrx_word' id='word_1_552' title='bbox 2640 4309 2751 4379; x_wconf 88' lang='grc' dir='ltr'><strong>πῦρ</strong></span> <span class='ocrx_word' id='word_1_553' title='bbox 2796 4313 2855 4363; x_wconf 80' lang='grc' dir='ltr'><strong>ὲν</strong></span> <span class='ocrx_word' id='word_1_554' title='bbox 2888 4308 2967 4379; x_wconf 83' lang='grc' dir='ltr'><strong>τῷ</strong></span> <span class='ocrx_word' id='word_1_555' title='bbox 2999 4307 3192 4380; x_wconf 82' lang='grc' dir='ltr'><strong>δρυμῷ</strong></span> <span class='ocrx_word' id='word_1_556' title='bbox 3221 4310 3413 4378; x_wconf 75' lang='grc' dir='ltr'><strong>αὐτῆς.</strong></span> <span class='ocrx_word' id='word_1_557' title='bbox 3453 4331 3471 4362; x_wconf 76' lang='grc' dir='ltr'><strong>ι</strong></span> <span class='ocrx_word' id='word_1_558' title='bbox 3500 4311 3713 4383; x_wconf 83' lang='grc' dir='ltr'><strong>Δρυμῷ</strong></span> 
     </span>
    </p>
   </div>
   <div class='ocr_carea' id='block_1_89' title="bbox 2122 4401 3712 4476">
    <p class='ocr_par' dir='ltr' id='par_1_89' title="bbox 2122 4401 3712 4476">
     <span class='ocr_line' id='line_1_89' title="bbox 2122 4401 3712 4476; baseline 0.001 -19"><span class='ocrx_word' id='word_1_559' title='bbox 2122 4401 2344 4476; x_wconf 79' lang='grc' dir='ltr'><strong>μὲν,τῷ</strong></span> <span class='ocrx_word' id='word_1_560' title='bbox 2389 4402 2611 4473; x_wconf 78' lang='grc' dir='ltr'><strong>πλήθει.</strong></span> <span class='ocrx_word' id='word_1_561' title='bbox 2649 4402 2853 4455; x_wconf 78' lang='grc' dir='ltr'><strong>’ἰστέον</strong></span> <span class='ocrx_word' id='word_1_562' title='bbox 2906 4402 2962 4454; x_wconf 75' lang='grc' dir='ltr'><strong>δὲ</strong></span> <span class='ocrx_word' id='word_1_563' title='bbox 3009 4402 3091 4454; x_wconf 79' lang='grc' dir='ltr'><strong>ὅτι</strong></span> <span class='ocrx_word' id='word_1_564' title='bbox 3146 4403 3241 4454; x_wconf 74' lang='grc' dir='ltr'><strong>καὶ</strong></span> <span class='ocrx_word' id='word_1_565' title='bbox 3278 4402 3341 4455; x_wconf 77' lang='grc' dir='ltr'><strong>τὸ</strong></span> <span class='ocrx_word' id='word_1_566' title='bbox 3391 4402 3538 4456; x_wconf 84' lang='grc' dir='ltr'><strong>θεῖον</strong></span> <span class='ocrx_word' id='word_1_567' title='bbox 3592 4403 3712 4474; x_wconf 81' lang='grc' dir='ltr'><strong>πῦρ</strong></span> 
     </span>
    </p>
   </div>
   <div class='ocr_carea' id='block_1_90' title="bbox 3175 3116 3720 3188">
    <p class='ocr_par' dir='ltr' id='par_1_90' title="bbox 3175 3116 3720 3188">
     <span class='ocr_line' id='line_1_90' title="bbox 3175 3116 3720 3188; baseline 0.011 -19"><span class='ocrx_word' id='word_1_568' title='bbox 3175 3116 3571 3188; x_wconf 70' lang='grc' dir='ltr'><strong>κεκρυμμένον</strong></span> <span class='ocrx_word' id='word_1_569' title='bbox 3604 3118 3720 3174; x_wconf 71' lang='grc' dir='ltr'><strong>ἀπὸ</strong></span> 
     </span>
    </p>
   </div>
   <div class='ocr_carea' id='block_1_91' title="bbox 429 4486 2022 4567">
    <p class='ocr_par' dir='ltr' id='par_1_91' title="bbox 429 4486 2016 4559">
     <span class='ocr_line' id='line_1_91' title="bbox 429 4486 2016 4559; baseline 0.004 -18"><span class='ocrx_word' id='word_1_570' title='bbox 429 4503 650 4558; x_wconf 84' lang='lat' dir='ltr'><strong>quoque</strong></span> <span class='ocrx_word' id='word_1_571' title='bbox 696 4486 940 4541; x_wconf 86' lang='lat' dir='ltr'><strong>divinum</strong></span> <span class='ocrx_word' id='word_1_572' title='bbox 969 4487 1022 4541; x_wconf 93' lang='lat' dir='ltr'><strong>in</strong></span> <span class='ocrx_word' id='word_1_573' title='bbox 1049 4490 1262 4543; x_wconf 89' lang='lat' dir='ltr'><strong>animos</strong></span> <span class='ocrx_word' id='word_1_574' title='bbox 1289 4490 1582 4555; x_wconf 86' lang='lat' dir='ltr'><strong>labentem,</strong></span> <span class='ocrx_word' id='word_1_575' title='bbox 1615 4491 1771 4559; x_wconf 89' lang='lat' dir='ltr'><strong>quasi</strong></span> <span class='ocrx_word' id='word_1_576' title='bbox 1801 4490 2016 4547; x_wconf 80' lang='lat' dir='ltr'><strong>flamma</strong></span> 
     </span>
    </p>
   </div>
   <div class='ocr_carea' id='block_1_92' title="bbox 2163 4486 3706 4567">
    <p class='ocr_par' dir='ltr' id='par_1_92' title="bbox 2163 4492 3706 4565">
     <span class='ocr_line' id='line_1_92' title="bbox 2163 4492 3706 4565; baseline 0 -16"><span class='ocrx_word' id='word_1_577' title='bbox 2163 4496 2396 4549; x_wconf 62' lang='grc' dir='ltr'><strong>ιπίπτον</strong></span> <span class='ocrx_word' id='word_1_578' title='bbox 2439 4496 2519 4559; x_wconf 89' lang='grc' dir='ltr'><strong>εἰς</strong></span> <span class='ocrx_word' id='word_1_579' title='bbox 2547 4494 2747 4564; x_wconf 75' lang='grc' dir='ltr'><strong>ψυχὰς,</strong></span> <span class='ocrx_word' id='word_1_580' title='bbox 2796 4492 2987 4563; x_wconf 82' lang='grc' dir='ltr'><strong>ὥσπερ</strong></span> <span class='ocrx_word' id='word_1_581' title='bbox 3021 4492 3151 4561; x_wconf 70' lang='grc' dir='ltr'><strong>φλὸξ</strong></span> <span class='ocrx_word' id='word_1_582' title='bbox 3184 4495 3241 4545; x_wconf 83' lang='grc' dir='ltr'><strong>ὲν</strong></span> <span class='ocrx_word' id='word_1_583' title='bbox 3288 4493 3479 4565; x_wconf 78' lang='grc' dir='ltr'><strong>δρυμῷ</strong></span> <span class='ocrx_word' id='word_1_584' title='bbox 3507 4493 3706 4561; x_wconf 79' lang='grc' dir='ltr'><strong>ξύλων,</strong></span> 
     </span>
    </p>
   </div>
   <div class='ocr_carea' id='block_1_93' title="bbox 433 4580 2011 4655">
    <p class='ocr_par' dir='ltr' id='par_1_93' title="bbox 433 4580 2011 4655">
     <span class='ocr_line' id='line_1_93' title="bbox 433 4580 2011 4655; baseline 0.004 -21"><span class='ocrx_word' id='word_1_585' title='bbox 433 4582 487 4635; x_wconf 90' lang='lat' dir='ltr'><strong>in</strong></span> <span class='ocrx_word' id='word_1_586' title='bbox 520 4581 657 4635; x_wconf 83' lang='lat' dir='ltr'><strong>silva</strong></span> <span class='ocrx_word' id='word_1_587' title='bbox 684 4580 977 4650; x_wconf 83' lang='lat' dir='ltr'><strong>lignorum,</strong></span> <span class='ocrx_word' id='word_1_588' title='bbox 1001 4581 1290 4636; x_wconf 85' lang='lat' dir='ltr'><strong>absumere</strong></span> <span class='ocrx_word' id='word_1_589' title='bbox 1311 4582 1492 4636; x_wconf 88' lang='lat' dir='ltr'><strong>omnia</strong></span> <span class='ocrx_word' id='word_1_590' title='bbox 1518 4582 1774 4651; x_wconf 66' lang='lat' dir='ltr'><strong>nequitiae</strong></span> <span class='ocrx_word' id='word_1_591' title='bbox 1792 4598 2011 4655; x_wconf 81' lang='lat' dir='ltr'><strong>genera.</strong></span> 
     </span>
    </p>
   </div>
   <div class='ocr_carea' id='block_1_94' title="bbox 507 4671 2017 4744">
    <p class='ocr_par' dir='ltr' id='par_1_94' title="bbox 507 4671 2017 4744">
     <span class='ocr_line' id='line_1_94' title="bbox 507 4671 2017 4744; baseline 0.004 -19"><span class='ocrx_word' id='word_1_592' title='bbox 507 4672 569 4728; x_wconf 74' lang='grc' dir='ltr'><strong>Υ.</strong></span> <span class='ocrx_word' id='word_1_593' title='bbox 618 4673 709 4727; x_wconf 79' lang='grc'><strong>55.</strong></span> <span class='ocrx_word' id='word_1_594' title='bbox 749 4693 766 4725; x_wconf 77' lang='grc' dir='ltr'><strong>ι</strong></span> <span class='ocrx_word' id='word_1_595' title='bbox 795 4672 923 4729; x_wconf 75' lang='lat' dir='ltr'><strong>Htec</strong></span> <span class='ocrx_word' id='word_1_596' title='bbox 963 4672 1097 4727; x_wconf 86' lang='lat' dir='ltr'><strong>dicit</strong></span> <span class='ocrx_word' id='word_1_597' title='bbox 1136 4671 1416 4727; x_wconf 86' lang='lat' dir='ltr'><strong>Dominus.</strong></span> <span class='ocrx_word' id='word_1_598' title='bbox 1450 4691 1470 4723; x_wconf 75' lang='grc' dir='ltr'><strong>ι</strong></span> <span class='ocrx_word' id='word_1_599' title='bbox 1516 4672 1591 4725; x_wconf 80' lang='lat' dir='ltr'><strong>De</strong></span> <span class='ocrx_word' id='word_1_600' title='bbox 1645 4677 1914 4744; x_wconf 86' lang='lat' dir='ltr'><strong>corporali</strong></span> <span class='ocrx_word' id='word_1_601' title='bbox 1952 4676 2017 4731; x_wconf 84' lang='lat' dir='ltr'><strong>li-</strong></span> 
     </span>
    </p>
   </div>
   <div class='ocr_carea' id='block_1_95' title="bbox 434 4762 2013 4835">
    <p class='ocr_par' dir='ltr' id='par_1_95' title="bbox 434 4762 2013 4835">
     <span class='ocr_line' id='line_1_95' title="bbox 434 4762 2013 4835; baseline 0.003 -18"><span class='ocrx_word' id='word_1_602' title='bbox 434 4764 630 4818; x_wconf 86' lang='lat' dir='ltr'><strong>liurum</strong></span> <span class='ocrx_word' id='word_1_603' title='bbox 683 4763 846 4819; x_wconf 88' lang='lat' dir='ltr'><strong>Israel</strong></span> <span class='ocrx_word' id='word_1_604' title='bbox 891 4774 944 4819; x_wconf 89' lang='lat' dir='ltr'><strong>et</strong></span> <span class='ocrx_word' id='word_1_605' title='bbox 980 4762 1307 4834; x_wconf 88' lang='lat' dir='ltr'><strong>intelligibili</strong></span> <span class='ocrx_word' id='word_1_606' title='bbox 1329 4763 1634 4818; x_wconf 87' lang='lat' dir='ltr'><strong>animarum</strong></span> <span class='ocrx_word' id='word_1_607' title='bbox 1681 4767 2013 4835; x_wconf 81' lang='lat' dir='ltr'><strong>captivitate,</strong></span> 
     </span>
    </p>
   </div>
   <div class='ocr_carea' id='block_1_96' title="bbox 334 4856 2013 4931">
    <p class='ocr_par' dir='ltr' id='par_1_96' title="bbox 334 4856 2013 4931">
     <span class='ocr_line' id='line_1_96' title="bbox 334 4856 2013 4931; baseline 0.002 -21"><span class='ocrx_word' id='word_1_608' title='bbox 334 4927 338 4931; x_wconf 25' lang='grc' dir='ltr'><strong>η</strong></span> <span class='ocrx_word' id='word_1_609' title='bbox 433 4857 613 4925; x_wconf 79' lang='lat' dir='ltr'><strong>deque</strong></span> <span class='ocrx_word' id='word_1_610' title='bbox 663 4873 848 4912; x_wconf 89' lang='lat' dir='ltr'><strong>earum</strong></span> <span class='ocrx_word' id='word_1_611' title='bbox 902 4872 1000 4927; x_wconf 91' lang='lat' dir='ltr'><strong>per</strong></span> <span class='ocrx_word' id='word_1_612' title='bbox 1068 4856 1357 4911; x_wconf 89' lang='lat' dir='ltr'><strong>Dominum</strong></span> <span class='ocrx_word' id='word_1_613' title='bbox 1397 4856 1718 4912; x_wconf 88' lang='lat' dir='ltr'><strong>liberatione</strong></span> <span class='ocrx_word' id='word_1_614' title='bbox 1756 4858 2013 4928; x_wconf 78' lang='lat' dir='ltr'><strong>loquitur.</strong></span> 
     </span>
    </p>
   </div>
   <div class='ocr_carea' id='block_1_97' title="bbox 508 5040 2018 5111">
    <p class='ocr_par' dir='ltr' id='par_1_97' title="bbox 508 5040 2018 5111">
     <span class='ocr_line' id='line_1_97' title="bbox 508 5040 2018 5111; baseline 0.003 -17"><span class='ocrx_word' id='word_1_615' title='bbox 508 5040 677 5096; x_wconf 63' lang='lat' dir='ltr'><strong>v.54.</strong></span> <span class='ocrx_word' id='word_1_616' title='bbox 702 5061 720 5093; x_wconf 77' lang='grc' dir='ltr'><strong>ι</strong></span> <span class='ocrx_word' id='word_1_617' title='bbox 744 5041 1347 5111; x_wconf 65' lang='lat' dir='ltr'><strong>Judiciumjudicabit.»</strong></span> <span class='ocrx_word' id='word_1_618' title='bbox 1381 5042 1585 5097; x_wconf 82' lang='lat' dir='ltr'><strong>Idcirco</strong></span> <span class='ocrx_word' id='word_1_619' title='bbox 1626 5044 1875 5098; x_wconf 76' lang='lat' dir='ltr'><strong>Salvator</strong></span> <span class='ocrx_word' id='word_1_620' title='bbox 1916 5046 2018 5098; x_wconf 84' lang='lat' dir='ltr'><strong>aie-</strong></span> 
     </span>
    </p>
   </div>
   <div class='ocr_carea' id='block_1_98' title="bbox 440 5133 2018 5203">
    <p class='ocr_par' dir='ltr' id='par_1_98' title="bbox 440 5133 2018 5203">
     <span class='ocr_line' id='line_1_98' title="bbox 440 5133 2018 5203; baseline 0.001 -14"><span class='ocrx_word' id='word_1_621' title='bbox 440 5137 562 5189; x_wconf 82' lang='lat' dir='ltr'><strong>bat:</strong></span> <span class='ocrx_word' id='word_1_622' title='bbox 586 5136 739 5188; x_wconf 82' lang='lat' dir='ltr'><strong>Nunc</strong></span> <span class='ocrx_word' id='word_1_623' title='bbox 743 5134 1007 5203; x_wconf 78' lang='lat' dir='ltr'><strong>judicium</strong></span> <span class='ocrx_word' id='word_1_624' title='bbox 1025 5133 1180 5203; x_wconf 80' lang='lat' dir='ltr'><strong>hujus</strong></span> <span class='ocrx_word' id='word_1_625' title='bbox 1196 5135 1396 5199; x_wconf 77' lang='lat' dir='ltr'><strong>mundi,</strong></span> <span class='ocrx_word' id='word_1_626' title='bbox 1416 5150 1553 5187; x_wconf 82' lang='lat' dir='ltr'><strong>nunc</strong></span> <span class='ocrx_word' id='word_1_627' title='bbox 1573 5135 1812 5203; x_wconf 76' lang='lat' dir='ltr'><strong>princeps</strong></span> <span class='ocrx_word' id='word_1_628' title='bbox 1838 5139 2018 5191; x_wconf 82' lang='lat' dir='ltr'><strong>mundi</strong></span> 
     </span>
    </p>
   </div>
   <div class='ocr_carea' id='block_1_99' title="bbox 435 5225 1005 5296">
    <p class='ocr_par' dir='ltr' id='par_1_99' title="bbox 435 5225 1005 5296">
     <span class='ocr_line' id='line_1_99' title="bbox 435 5225 1005 5296; baseline -0.004 -17"><span class='ocrx_word' id='word_1_629' title='bbox 435 5226 594 5296; x_wconf 82' lang='lat' dir='ltr'><strong>hujus</strong></span> <span class='ocrx_word' id='word_1_630' title='bbox 621 5226 815 5295; x_wconf 79' lang='lat' dir='ltr'><strong>ejectus</strong></span> <span class='ocrx_word' id='word_1_631' title='bbox 843 5236 917 5278; x_wconf 79' lang='lat' dir='ltr'><strong>est</strong></span> <span class='ocrx_word' id='word_1_632' title='bbox 940 5225 1005 5277; x_wconf 80' lang='grc'><strong>³⁸.</strong></span> 
     </span>
    </p>
   </div>
   <div class='ocr_carea' id='block_1_100' title="bbox 512 5315 2016 5389">
    <p class='ocr_par' dir='ltr' id='par_1_100' title="bbox 512 5315 2016 5389">
     <span class='ocr_line' id='line_1_100' title="bbox 512 5315 2016 5389; baseline 0.003 -21"><span class='ocrx_word' id='word_1_633' title='bbox 512 5315 569 5370; x_wconf 87' lang='grc' dir='ltr'><strong>ν.</strong></span> <span class='ocrx_word' id='word_1_634' title='bbox 606 5318 693 5373; x_wconf 81' lang='lat'><strong>58.</strong></span> <span class='ocrx_word' id='word_1_635' title='bbox 739 5334 757 5366; x_wconf 75' lang='grc' dir='ltr'><strong>ι</strong></span> <span class='ocrx_word' id='word_1_636' title='bbox 786 5317 962 5385; x_wconf 82' lang='lat' dir='ltr'><strong>Super</strong></span> <span class='ocrx_word' id='word_1_637' title='bbox 986 5331 1181 5385; x_wconf 82' lang='lat' dir='ltr'><strong>aquam</strong></span> <span class='ocrx_word' id='word_1_638' title='bbox 1213 5316 1351 5385; x_wconf 81' lang='lat' dir='ltr'><strong>ejus.</strong></span> <span class='ocrx_word' id='word_1_639' title='bbox 1380 5336 1397 5368; x_wconf 81' lang='grc' dir='ltr'><strong>ι</strong></span> <span class='ocrx_word' id='word_1_640' title='bbox 1428 5316 1505 5371; x_wconf 81' lang='lat' dir='ltr'><strong>Ad</strong></span> <span class='ocrx_word' id='word_1_641' title='bbox 1532 5318 1765 5372; x_wconf 84' lang='lat' dir='ltr'><strong>litteram</strong></span> <span class='ocrx_word' id='word_1_642' title='bbox 1795 5320 2016 5389; x_wconf 86' lang='lat' dir='ltr'><strong>quidem</strong></span> 
     </span>
    </p>
   </div>
   <div class='ocr_carea' id='block_1_101' title="bbox 436 5408 2021 5479">
    <p class='ocr_par' dir='ltr' id='par_1_101' title="bbox 436 5408 2021 5479">
     <span class='ocr_line' id='line_1_101' title="bbox 436 5408 2021 5479; baseline 0.003 -18"><span class='ocrx_word' id='word_1_643' title='bbox 436 5418 541 5473; x_wconf 78' lang='lat' dir='ltr'><strong>est,</strong></span> <span class='ocrx_word' id='word_1_644' title='bbox 575 5408 952 5464; x_wconf 87' lang='lat' dir='ltr'><strong>multitudine:</strong></span> <span class='ocrx_word' id='word_1_645' title='bbox 986 5408 1206 5478; x_wconf 82' lang='lat' dir='ltr'><strong>mystice</strong></span> <span class='ocrx_word' id='word_1_646' title='bbox 1234 5423 1381 5473; x_wconf 87' lang='lat' dir='ltr'><strong>vero,</strong></span> <span class='ocrx_word' id='word_1_647' title='bbox 1413 5416 1634 5479; x_wconf 89' lang='lat' dir='ltr'><strong>propter</strong></span> <span class='ocrx_word' id='word_1_648' title='bbox 1655 5408 1933 5465; x_wconf 86' lang='lat' dir='ltr'><strong>humidam</strong></span> <span class='ocrx_word' id='word_1_649' title='bbox 1964 5421 2021 5465; x_wconf 88' lang='lat' dir='ltr'><strong>et</strong></span> 
     </span>
    </p>
   </div>
   <div class='ocr_carea' id='block_1_102' title="bbox 438 5500 1592 5571">
    <p class='ocr_par' dir='ltr' id='par_1_102' title="bbox 438 5500 1592 5571">
     <span class='ocr_line' id='line_1_102' title="bbox 438 5500 1592 5571; baseline 0.002 -19"><span class='ocrx_word' id='word_1_650' title='bbox 438 5502 638 5555; x_wconf 80' lang='lat' dir='ltr'><strong>ﬂuxam</strong></span> <span class='ocrx_word' id='word_1_651' title='bbox 669 5500 1041 5571; x_wconf 86' lang='lat' dir='ltr'><strong>nel&#39;ariamque</strong></span> <span class='ocrx_word' id='word_1_652' title='bbox 1062 5501 1276 5555; x_wconf 87' lang='lat' dir='ltr'><strong>vivendi</strong></span> <span class='ocrx_word' id='word_1_653' title='bbox 1308 5501 1592 5556; x_wconf 84' lang='lat' dir='ltr'><strong>rationem.</strong></span> 
     </span>
    </p>
   </div>
   <div class='ocr_carea' id='block_1_103' title="bbox 517 5591 2021 5664">
    <p class='ocr_par' dir='ltr' id='par_1_103' title="bbox 517 5591 2021 5664">
     <span class='ocr_line' id='line_1_103' title="bbox 517 5591 2021 5664; baseline 0.004 -22"><span class='ocrx_word' id='word_1_654' title='bbox 517 5611 535 5642; x_wconf 72' lang='grc' dir='ltr'><em>ς</em></span> <span class='ocrx_word' id='word_1_655' title='bbox 566 5594 635 5648; x_wconf 82' lang='lat' dir='ltr'><strong>Et</strong></span> <span class='ocrx_word' id='word_1_656' title='bbox 658 5594 710 5647; x_wconf 88' lang='lat' dir='ltr'><strong>in</strong></span> <span class='ocrx_word' id='word_1_657' title='bbox 735 5593 946 5648; x_wconf 89' lang='lat' dir='ltr'><strong>insulis.</strong></span> <span class='ocrx_word' id='word_1_658' title='bbox 981 5612 999 5645; x_wconf 75' lang='grc' dir='ltr'><strong>ι</strong></span> <span class='ocrx_word' id='word_1_659' title='bbox 1023 5591 1154 5646; x_wconf 82' lang='lat' dir='ltr'><strong>Nam</strong></span> <span class='ocrx_word' id='word_1_660' title='bbox 1179 5601 1236 5648; x_wconf 88' lang='lat' dir='ltr'><strong>et</strong></span> <span class='ocrx_word' id='word_1_661' title='bbox 1260 5593 1450 5648; x_wconf 90' lang='lat' dir='ltr'><strong>harum</strong></span> <span class='ocrx_word' id='word_1_662' title='bbox 1481 5592 1831 5664; x_wconf 87' lang='lat' dir='ltr'><strong>potiebantur</strong></span> <span class='ocrx_word' id='word_1_663' title='bbox 1851 5591 2021 5663; x_wconf 88' lang='lat' dir='ltr'><strong>Baby-</strong></span> 
     </span>
    </p>
   </div>
   <div class='ocr_carea' id='block_1_104' title="bbox 442 5684 1315 5757">
    <p class='ocr_par' dir='ltr' id='par_1_104' title="bbox 442 5684 1315 5757">
     <span class='ocr_line' id='line_1_104' title="bbox 442 5684 1315 5757; baseline 0.006 -20"><span class='ocrx_word' id='word_1_664' title='bbox 442 5684 609 5752; x_wconf 86' lang='lat' dir='ltr'><strong>lonii;</strong></span> <span class='ocrx_word' id='word_1_665' title='bbox 639 5686 861 5757; x_wconf 80' lang='lat' dir='ltr'><strong>mystice</strong></span> <span class='ocrx_word' id='word_1_666' title='bbox 895 5702 1025 5741; x_wconf 81' lang='lat' dir='ltr'><strong>vero</strong></span> <span class='ocrx_word' id='word_1_667' title='bbox 1057 5686 1110 5740; x_wconf 90' lang='lat' dir='ltr'><strong>in</strong></span> <span class='ocrx_word' id='word_1_668' title='bbox 1138 5687 1315 5743; x_wconf 84' lang='lat' dir='ltr'><strong>idolis.</strong></span> 
     </span>
    </p>
   </div>
   <div class='ocr_carea' id='block_1_105' title="bbox 510 5799 990 5869">
    <p class='ocr_par' dir='ltr' id='par_1_105' title="bbox 510 5799 990 5869">
     <span class='ocr_line' id='line_1_105' title="bbox 510 5799 990 5869; baseline 0.008 -15"><span class='ocrx_word' id='word_1_669' title='bbox 510 5799 555 5833; x_wconf 84' lang='lat'>&quot;</span> <span class='ocrx_word' id='word_1_670' title='bbox 581 5800 716 5856; x_wconf 80' lang='lat' dir='ltr'><strong>Joan</strong></span> <span class='ocrx_word' id='word_1_671' title='bbox 769 5818 869 5869; x_wconf 74' lang='lat' dir='ltr'><strong>xu,</strong></span> <span class='ocrx_word' id='word_1_672' title='bbox 900 5802 990 5858; x_wconf 78' lang='lat' dir='ltr'><strong>5l.</strong></span> 
     </span>
    </p>
   </div>
   <div class='ocr_carea' id='block_1_106' title="bbox 2120 4585 3331 4656">
    <p class='ocr_par' dir='ltr' id='par_1_106' title="bbox 2120 4585 3331 4656">
     <span class='ocr_line' id='line_1_106' title="bbox 2120 4585 3331 4656; baseline -0.002 -13"><span class='ocrx_word' id='word_1_673' title='bbox 2120 4593 2299 4645; x_wconf 60' lang='grc' dir='ltr'><strong>πάντα</strong></span> <span class='ocrx_word' id='word_1_674' title='bbox 2329 4588 2719 4642; x_wconf 85' lang='grc' dir='ltr'><strong>καταναλίσκει</strong></span> <span class='ocrx_word' id='word_1_675' title='bbox 2743 4588 2840 4656; x_wconf 82' lang='grc' dir='ltr'><strong>τῆς</strong></span> <span class='ocrx_word' id='word_1_676' title='bbox 2875 4588 3075 4649; x_wconf 85' lang='grc' dir='ltr'><strong>κακίας</strong></span> <span class='ocrx_word' id='word_1_677' title='bbox 3097 4587 3164 4637; x_wconf 80' lang='grc' dir='ltr'><strong>τὰ</strong></span> <span class='ocrx_word' id='word_1_678' title='bbox 3193 4585 3331 4656; x_wconf 78' lang='grc' dir='ltr'><strong>εἴδη.</strong></span> 
     </span>
    </p>
   </div>
   <div class='ocr_carea' id='block_1_107' title="bbox 2194 4678 3710 4751">
    <p class='ocr_par' dir='ltr' id='par_1_107' title="bbox 2194 4678 3710 4751">
     <span class='ocr_line' id='line_1_107' title="bbox 2194 4678 3710 4751; baseline 0.001 -19"><span class='ocrx_word' id='word_1_679' title='bbox 2194 4702 2210 4732; x_wconf 82' lang='grc' dir='ltr'><strong>ι</strong></span> <span class='ocrx_word' id='word_1_680' title='bbox 2246 4679 2386 4735; x_wconf 84' lang='grc' dir='ltr'><strong>Τάδε</strong></span> <span class='ocrx_word' id='word_1_681' title='bbox 2412 4679 2562 4748; x_wconf 77' lang='grc' dir='ltr'><strong>λέγει</strong></span> <span class='ocrx_word' id='word_1_682' title='bbox 2591 4680 2816 4747; x_wconf 76' lang='grc' dir='ltr'><strong>Κύριος.</strong></span> <span class='ocrx_word' id='word_1_683' title='bbox 2858 4697 2877 4730; x_wconf 74' lang='grc' dir='ltr'><strong>ι</strong></span> <span class='ocrx_word' id='word_1_684' title='bbox 2919 4678 3054 4748; x_wconf 71' lang='grc' dir='ltr'><strong>Περὶ</strong></span> <span class='ocrx_word' id='word_1_685' title='bbox 3073 4678 3174 4746; x_wconf 76' lang='grc' dir='ltr'><strong>τῆς</strong></span> <span class='ocrx_word' id='word_1_686' title='bbox 3206 4679 3474 4749; x_wconf 81' lang='grc' dir='ltr'><strong>αἰσθητῆς</strong></span> <span class='ocrx_word' id='word_1_687' title='bbox 3497 4680 3710 4751; x_wconf 82' lang='grc' dir='ltr'><strong>αἰχμα-</strong></span> 
     </span>
    </p>
   </div>
   <div class='ocr_carea' id='block_1_108' title="bbox 2115 4770 3710 4845">
    <p class='ocr_par' dir='ltr' id='par_1_108' title="bbox 2115 4770 3710 4845">
     <span class='ocr_line' id='line_1_108' title="bbox 2115 4770 3710 4845; baseline 0.001 -21"><span class='ocrx_word' id='word_1_688' title='bbox 2115 4773 2317 4836; x_wconf 74' lang='grc' dir='ltr'><strong>λωσίας</strong></span> <span class='ocrx_word' id='word_1_689' title='bbox 2338 4771 2450 4826; x_wconf 86' lang='grc' dir='ltr'><strong>τῶν</strong></span> <span class='ocrx_word' id='word_1_690' title='bbox 2477 4770 2608 4825; x_wconf 86' lang='grc' dir='ltr'><strong>υἱῶν</strong></span> <span class='ocrx_word' id='word_1_691' title='bbox 2634 4771 2875 4842; x_wconf 78' lang='grc' dir='ltr'><strong>Ἰσραὴλ,</strong></span> <span class='ocrx_word' id='word_1_692' title='bbox 2903 4774 2995 4824; x_wconf 77' lang='grc' dir='ltr'><strong>καὶ</strong></span> <span class='ocrx_word' id='word_1_693' title='bbox 3024 4770 3126 4839; x_wconf 77' lang='grc' dir='ltr'><strong>τῆς</strong></span> <span class='ocrx_word' id='word_1_694' title='bbox 3151 4772 3262 4823; x_wconf 81' lang='grc' dir='ltr'><strong>τῶν</strong></span> <span class='ocrx_word' id='word_1_695' title='bbox 3292 4772 3480 4842; x_wconf 68' lang='grc' dir='ltr'><strong>ψυχῶν</strong></span> <span class='ocrx_word' id='word_1_696' title='bbox 3506 4775 3710 4845; x_wconf 82' lang='grc' dir='ltr'><strong>νοητῆς</strong></span> 
     </span>
    </p>
   </div>
   <div class='ocr_carea' id='block_1_109' title="bbox 2116 4863 3713 4936">
    <p class='ocr_par' dir='ltr' id='par_1_109' title="bbox 2116 4863 3713 4936">
     <span class='ocr_line' id='line_1_109' title="bbox 2116 4863 3713 4936; baseline 0 -16"><span class='ocrx_word' id='word_1_697' title='bbox 2116 4864 2521 4936; x_wconf 84' lang='grc' dir='ltr'><strong>αἰχμαλωσίας,</strong></span> <span class='ocrx_word' id='word_1_698' title='bbox 2556 4864 2775 4934; x_wconf 74' lang='grc' dir='ltr'><strong>καὶτῆς</strong></span> <span class='ocrx_word' id='word_1_699' title='bbox 2802 4863 2984 4916; x_wconf 78' lang='grc' dir='ltr'><strong>αὐτῶν</strong></span> <span class='ocrx_word' id='word_1_700' title='bbox 3011 4863 3101 4916; x_wconf 70' lang='grc' dir='ltr'><strong>διὰ</strong></span> <span class='ocrx_word' id='word_1_701' title='bbox 3132 4864 3228 4916; x_wconf 83' lang='grc' dir='ltr'><strong>τοῦ</strong></span> <span class='ocrx_word' id='word_1_702' title='bbox 3262 4865 3470 4935; x_wconf 77' lang='grc' dir='ltr'><strong>Κυρίου</strong></span> <span class='ocrx_word' id='word_1_703' title='bbox 3500 4866 3713 4921; x_wconf 81' lang='grc' dir='ltr'><strong>ἀπολυο</strong></span> 
     </span>
    </p>
   </div>
   <div class='ocr_carea' id='block_1_110' title="bbox 2114 4952 2583 5025">
    <p class='ocr_par' dir='ltr' id='par_1_110' title="bbox 2114 4952 2583 5025">
     <span class='ocr_line' id='line_1_110' title="bbox 2114 4952 2583 5025; baseline 0 -18"><span class='ocrx_word' id='word_1_704' title='bbox 2114 4972 2144 5007; x_wconf 90' lang='grc' dir='ltr'><strong>τ</strong></span> <span class='ocrx_word' id='word_1_705' title='bbox 2150 4952 2371 5025; x_wconf 71' lang='grc' dir='ltr'><strong>ρώσεώς</strong></span> <span class='ocrx_word' id='word_1_706' title='bbox 2401 4971 2583 5023; x_wconf 85' lang='grc' dir='ltr'><strong>φησιν.</strong></span> 
     </span>
    </p>
   </div>
   <div class='ocr_carea' id='block_1_111' title="bbox 2194 5045 3711 5119">
    <p class='ocr_par' dir='ltr' id='par_1_111' title="bbox 2194 5045 3711 5119">
     <span class='ocr_line' id='line_1_111' title="bbox 2194 5045 3711 5119; baseline -0.008 -18"><span class='ocrx_word' id='word_1_707' title='bbox 2194 5065 2212 5095; x_wconf 74' lang='grc' dir='ltr'><strong>ι</strong></span> <span class='ocrx_word' id='word_1_708' title='bbox 2266 5046 2466 5116; x_wconf 81' lang='grc' dir='ltr'><strong>Κρίσιν</strong></span> <span class='ocrx_word' id='word_1_709' title='bbox 2508 5045 2704 5115; x_wconf 80' lang='grc' dir='ltr'><strong>κρίνει.</strong></span> <span class='ocrx_word' id='word_1_710' title='bbox 2746 5064 2762 5095; x_wconf 76' lang='grc' dir='ltr'><strong>ι</strong></span> <span class='ocrx_word' id='word_1_711' title='bbox 2805 5045 2904 5097; x_wconf 70' lang='grc' dir='ltr'><strong>Διὰ</strong></span> <span class='ocrx_word' id='word_1_712' title='bbox 2942 5045 3102 5098; x_wconf 81' lang='grc' dir='ltr'><strong>τοῦτο</strong></span> <span class='ocrx_word' id='word_1_713' title='bbox 3158 5046 3346 5114; x_wconf 76' lang='grc' dir='ltr'><strong>ἔλεγεν</strong></span> <span class='ocrx_word' id='word_1_714' title='bbox 3389 5048 3417 5099; x_wconf 80' lang='grc' dir='ltr'><strong>ὁ</strong></span> <span class='ocrx_word' id='word_1_715' title='bbox 3472 5049 3711 5119; x_wconf 64' lang='grc' dir='ltr'><strong>Σωτῆρα</strong></span> 
     </span>
    </p>
   </div>
   <div class='ocr_carea' id='block_1_112' title="bbox 2117 5137 3706 5208">
    <p class='ocr_par' dir='ltr' id='par_1_112' title="bbox 2117 5137 3706 5208">
     <span class='ocr_line' id='line_1_112' title="bbox 2117 5137 3706 5208; baseline 0.002 -16"><span class='ocrx_word' id='word_1_716' title='bbox 2117 5138 2247 5192; x_wconf 73' lang='grc' dir='ltr'><strong>Νῦν</strong></span> <span class='ocrx_word' id='word_1_717' title='bbox 2276 5138 2474 5205; x_wconf 69' lang='grc' dir='ltr'><strong>κρίσις</strong></span> <span class='ocrx_word' id='word_1_718' title='bbox 2506 5137 2612 5190; x_wconf 84' lang='grc' dir='ltr'><strong>τοῦ</strong></span> <span class='ocrx_word' id='word_1_719' title='bbox 2636 5139 2871 5203; x_wconf 74' lang='grc' dir='ltr'><strong>κόσμου</strong></span> <span class='ocrx_word' id='word_1_720' title='bbox 2898 5139 3112 5208; x_wconf 68' lang='grc' dir='ltr'><strong>τούτου</strong></span> <span class='ocrx_word' id='word_1_721' title='bbox 3136 5156 3148 5167; x_wconf 89' lang='grc'><strong>·</strong></span> <span class='ocrx_word' id='word_1_722' title='bbox 3174 5138 3291 5192; x_wconf 79' lang='grc' dir='ltr'><strong>νῦν</strong></span> <span class='ocrx_word' id='word_1_723' title='bbox 3318 5141 3352 5192; x_wconf 87' lang='lat' dir='ltr'><strong>o&#39;</strong></span> <span class='ocrx_word' id='word_1_724' title='bbox 3370 5139 3572 5208; x_wconf 68' lang='grc' dir='ltr'><strong>ἄρχων</strong></span> <span class='ocrx_word' id='word_1_725' title='bbox 3597 5141 3706 5195; x_wconf 80' lang='grc' dir='ltr'><strong>τοῦ</strong></span> 
     </span>
    </p>
   </div>
   <div class='ocr_carea' id='block_1_113' title="bbox 2118 5204 3000 5297">
    <p class='ocr_par' dir='ltr' id='par_1_113' title="bbox 2118 5204 3000 5297">
     <span class='ocr_line' id='line_1_113' title="bbox 2118 5204 3000 5297; baseline -0.006 -16"><span class='ocrx_word' id='word_1_726' title='bbox 2118 5230 2352 5297; x_wconf 73' lang='grc' dir='ltr'><strong>κόσμου</strong></span> <span class='ocrx_word' id='word_1_727' title='bbox 2384 5229 2601 5281; x_wconf 75' lang='grc' dir='ltr'><strong>τούτου</strong></span> <span class='ocrx_word' id='word_1_728' title='bbox 2630 5204 3000 5293; x_wconf 61' lang='grc' dir='ltr'><strong>ἐκϐέϐληέαι.</strong></span> 
     </span>
    </p>
   </div>
   <div class='ocr_carea' id='block_1_114' title="bbox 2195 5317 3707 5390">
    <p class='ocr_par' dir='ltr' id='par_1_114' title="bbox 2195 5317 3707 5390">
     <span class='ocr_line' id='line_1_114' title="bbox 2195 5317 3707 5390; baseline -0.001 -17"><span class='ocrx_word' id='word_1_729' title='bbox 2195 5338 2214 5372; x_wconf 81' lang='grc' dir='ltr'><strong>ι</strong></span> <span class='ocrx_word' id='word_1_730' title='bbox 2255 5319 2383 5373; x_wconf 77' lang='grc' dir='ltr'><strong>Ἐπὶ</strong></span> <span class='ocrx_word' id='word_1_731' title='bbox 2418 5319 2497 5388; x_wconf 80' lang='grc' dir='ltr'><strong>τῷ</strong></span> <span class='ocrx_word' id='word_1_732' title='bbox 2531 5319 2685 5371; x_wconf 80' lang='grc' dir='ltr'><strong>ὕδατι</strong></span> <span class='ocrx_word' id='word_1_733' title='bbox 2720 5318 2911 5387; x_wconf 77' lang='grc' dir='ltr'><strong>αὐτῆς.</strong></span> <span class='ocrx_word' id='word_1_734' title='bbox 2950 5338 2968 5370; x_wconf 73' lang='grc' dir='ltr'><strong>ι</strong></span> <span class='ocrx_word' id='word_1_735' title='bbox 3003 5318 3145 5371; x_wconf 78' lang='grc' dir='ltr'><strong>Καθ’</strong></span> <span class='ocrx_word' id='word_1_736' title='bbox 3178 5317 3425 5390; x_wconf 81' lang='grc' dir='ltr'><strong>ἱστορίαν</strong></span> <span class='ocrx_word' id='word_1_737' title='bbox 3452 5318 3576 5388; x_wconf 77' lang='grc' dir='ltr'><strong>μὲν,</strong></span> <span class='ocrx_word' id='word_1_738' title='bbox 3612 5318 3707 5372; x_wconf 75' lang='grc' dir='ltr'><strong>ἐπὶ</strong></span> 
     </span>
    </p>
   </div>
   <div class='ocr_carea' id='block_1_115' title="bbox 2119 5410 3707 5483">
    <p class='ocr_par' dir='ltr' id='par_1_115' title="bbox 2119 5410 3707 5483">
     <span class='ocr_line' id='line_1_115' title="bbox 2119 5410 3707 5483; baseline -0.002 -17"><span class='ocrx_word' id='word_1_739' title='bbox 2119 5413 2198 5483; x_wconf 82' lang='grc' dir='ltr'><strong>τῷ</strong></span> <span class='ocrx_word' id='word_1_740' title='bbox 2236 5411 2458 5483; x_wconf 78' lang='grc' dir='ltr'><strong>πλήθει·</strong></span> <span class='ocrx_word' id='word_1_741' title='bbox 2506 5412 2642 5482; x_wconf 74' lang='grc' dir='ltr'><strong>πρὸς</strong></span> <span class='ocrx_word' id='word_1_742' title='bbox 2698 5412 2753 5463; x_wconf 78' lang='grc' dir='ltr'><strong>δὲ</strong></span> <span class='ocrx_word' id='word_1_743' title='bbox 2802 5410 3077 5476; x_wconf 79' lang='grc' dir='ltr'><strong>διάνοιαν,</strong></span> <span class='ocrx_word' id='word_1_744' title='bbox 3132 5412 3226 5464; x_wconf 70' lang='grc' dir='ltr'><strong>ἐπὶ</strong></span> <span class='ocrx_word' id='word_1_745' title='bbox 3266 5412 3343 5482; x_wconf 82' lang='grc' dir='ltr'><strong>τῷ</strong></span> <span class='ocrx_word' id='word_1_746' title='bbox 3387 5410 3563 5483; x_wconf 79' lang='grc' dir='ltr'><strong>ὑγρῷ,</strong></span> <span class='ocrx_word' id='word_1_747' title='bbox 3608 5412 3707 5466; x_wconf 78' lang='grc' dir='ltr'><strong>καὶ</strong></span> 
     </span>
    </p>
   </div>
   <div class='ocr_carea' id='block_1_116' title="bbox 2060 5504 3029 5577">
    <p class='ocr_par' dir='ltr' id='par_1_116' title="bbox 2060 5504 3029 5577">
     <span class='ocr_line' id='line_1_116' title="bbox 2060 5504 3029 5577; baseline -0.003 -17"><span class='ocrx_word' id='word_1_748' title='bbox 2060 5532 2067 5537; x_wconf 66' lang='grc' dir='ltr'><strong>ι</strong></span> <span class='ocrx_word' id='word_1_749' title='bbox 2120 5508 2412 5576; x_wconf 80' lang='grc' dir='ltr'><strong>ἀνειμένῳ,</strong></span> <span class='ocrx_word' id='word_1_750' title='bbox 2448 5507 2541 5558; x_wconf 71' lang='grc' dir='ltr'><strong>καὶ</strong></span> <span class='ocrx_word' id='word_1_751' title='bbox 2568 5504 2878 5577; x_wconf 80' lang='grc' dir='ltr'><strong>ἁμαρτωλῷ</strong></span> <span class='ocrx_word' id='word_1_752' title='bbox 2908 5504 3029 5574; x_wconf 82' lang='grc' dir='ltr'><strong>βίῳ.</strong></span> 
     </span>
    </p>
   </div>
   <div class='ocr_carea' id='block_1_117' title="bbox 2200 5594 3706 5667">
    <p class='ocr_par' dir='ltr' id='par_1_117' title="bbox 2200 5594 3706 5667">
     <span class='ocr_line' id='line_1_117' title="bbox 2200 5594 3706 5667; baseline -0.003 -18"><span class='ocrx_word' id='word_1_753' title='bbox 2200 5618 2219 5648; x_wconf 73' lang='grc' dir='ltr'>ί</span> <span class='ocrx_word' id='word_1_754' title='bbox 2248 5598 2355 5649; x_wconf 70' lang='grc' dir='ltr'><strong>Καὶ</strong></span> <span class='ocrx_word' id='word_1_755' title='bbox 2381 5600 2438 5649; x_wconf 80' lang='grc' dir='ltr'><strong>ἐν</strong></span> <span class='ocrx_word' id='word_1_756' title='bbox 2471 5600 2590 5660; x_wconf 80' lang='grc' dir='ltr'><strong>ταῖς</strong></span> <span class='ocrx_word' id='word_1_757' title='bbox 2619 5599 2860 5667; x_wconf 80' lang='grc' dir='ltr'><strong>νήσοις.»</strong></span> <span class='ocrx_word' id='word_1_758' title='bbox 2882 5596 2971 5658; x_wconf 83' lang='grc' dir='ltr'><strong>Ὠς</strong></span> <span class='ocrx_word' id='word_1_759' title='bbox 3007 5596 3103 5648; x_wconf 67' lang='grc' dir='ltr'><strong>καὶ</strong></span> <span class='ocrx_word' id='word_1_760' title='bbox 3134 5596 3341 5650; x_wconf 84' lang='grc' dir='ltr'><strong>τούτων</strong></span> <span class='ocrx_word' id='word_1_761' title='bbox 3372 5594 3706 5667; x_wconf 82' lang='grc' dir='ltr'><strong>κρατοῦντες</strong></span> 
     </span>
    </p>
   </div>
   <div class='ocr_carea' id='block_1_118' title="bbox 2120 5683 3708 5760">
    <p class='ocr_par' dir='ltr' id='par_1_118' title="bbox 2120 5683 3708 5760">
     <span class='ocr_line' id='line_1_118' title="bbox 2120 5683 3708 5760; baseline -0.001 -17"><span class='ocrx_word' id='word_1_762' title='bbox 2120 5688 2555 5743; x_wconf 74' lang='grc' dir='ltr'><strong>οἱΒαδυλὼνιοι·</strong></span> <span class='ocrx_word' id='word_1_763' title='bbox 2604 5690 2740 5760; x_wconf 78' lang='grc' dir='ltr'><strong>πρὸς</strong></span> <span class='ocrx_word' id='word_1_764' title='bbox 2773 5689 2830 5741; x_wconf 80' lang='grc' dir='ltr'><strong>δὲ</strong></span> <span class='ocrx_word' id='word_1_765' title='bbox 2876 5688 3139 5755; x_wconf 82' lang='grc' dir='ltr'><strong>διάνοιαν,</strong></span> <span class='ocrx_word' id='word_1_766' title='bbox 3176 5690 3235 5741; x_wconf 74' lang='grc' dir='ltr'><strong>ὲν</strong></span> <span class='ocrx_word' id='word_1_767' title='bbox 3291 5689 3401 5751; x_wconf 85' lang='grc' dir='ltr'><strong>τοῖς</strong></span> <span class='ocrx_word' id='word_1_768' title='bbox 3440 5683 3708 5746; x_wconf 74' lang='grc' dir='ltr'><strong>εἰδώλοις.</strong></span> 
     </span>
    </p>
   </div>
  </div>
