3942 6424
240 366 337 432 ΤΠ
1362 374 1822 436 FRAGMENTA
1860 378 1941 439 ΙΝ
1980 380 2393 444 JEREMIAM.

3396 394 3501 458 718

310 504 331 536 ι
368 482 469 537 Διὰ
491 483 652 537 τοῦτο
685 485 1132 557 κατοικήσουσιν.
1178 507 1197 539 ι
1232 486 1591 559 Ὀμοιώματα
1615 492 1818 562 ἀνθρώ-

2001 493 2061 548 ι’.
2098 498 2185 552 59.
2232 498 2568 569 cProptcrea
2605 502 2949 559 habitabunt.
2990 528 3007 557 ι
3052 506 3351 564 Sinmlacra
3400 516 3500 566 Im-

234 592 374 639 πων,
410 576 513 629 οὐκ
544 575 863 646 ἄνθρωποι,
919 578 1007 630 ἵνα
1055 578 1187 652 εἴπῃ
1215 564 1315 651 τὴν
1375 581 1659 636 ἀσθένειαν
1708 585 1817 638 τῶν

235 667 681 737 συμμαχούντων
712 670 830 730 τοῖς
881 667 1198 738 βασιλείοις.
1235 671 1346 724 Καὶ
1394 673 1507 744 γὰρ
1555 676 1650 728 καὶ
1693 677 1817 739 τοὺς

229 756 680 824 ἀντι-πράξαντας
710 756 820 809 τῶν
850 757 1130 827 νησιωτῶν
1177 754 1327 814 εἶλεν
1381 762 1409 814 ὁ
1456 761 1659 830 Κύρος.
1707 764 1818 832 Τὴν

226 847 282 899 δὲ
312 846 524 900 τούτων
563 847 805 917 ὲρημίαν
856 848 1115 919 σημαίνει
1146 849 1237 904 διὰ
1263 850 1376 905 τῶν
1418 853 1715 923 Σειρήνων,
1743 855 1819 918 ὡς

226 934 731 1006 ἀνθρωπομόρφων
775 935 965 990 λοιπὸν
1016 939 1335 1008 δαιμονίων,
1387 940 1421 1010 ἢ
1462 943 1556 995 καὶ
1605 943 1819 1014 ᾠδικῶν

226 1027 458 1095 ὀρνέων,
487 1026 577 1079 διὰ
605 1027 707 1098 τὴν
734 1028 975 1099 ἐρημίαν
1004 1029 1304 1085 οἰκούντων
1326 1032 1452 1095 τοὺς
1486 1033 1710 1097 τόπους.

305 1138 325 1170 ε
386 1119 522 1173 Ἰδοὺ
571 1120 703 1183 λαὸς
744 1119 987 1191 ἔρχεται.
1048 1141 1066 1173 ι
1121 1123 1185 1176 Οἱ
1245 1123 1305 1187 ἐξ
1360 1124 1534 1177 ἐθνῶν
1598 1125 1819 1179 πιστεύ-

231 1227 448 1274 σαντες.
1098 1240 1109 1253 -
1164 1260 1167 1263 η

305 1321 325 1354 ι
364 1303 476 1357 Καὶ
501 1302 748 1373 βασιλεῖς
778 1303 990 1358 πολλοί.
1018 1323 1037 1356 ι
1071 1302 1266 1368 Ἐθνός
1305 1306 1417 1378 γάρ
1454 1308 1595 1361 εἰσιν
1633 1308 1814 1376 ἅγιον,

231 1395 510 1465 βασίλειον
554 1396 892 1469 ἱεράτευμαο
927 1396 1104 1451 ταῦτα
1131 1398 1187 1452 δὲ
1225 1400 1341 1452 ἑνοῖ
1370 1401 1510 1470 μετά
1545 1399 1642 1471 τὴν
1681 1402 1820 1454 ἱστο-

265 1486 375 1543 ίαν.

228 1505 375 1634 Pu";
419 1583 478 1634 ὲν
532 1580 612 1651 τῷ
662 1580 909 1652 Ἰορδάνῃ
963 1579 1362 1651 βαπτιζόμενος
1409 1580 1558 1646 λαός.
1610 1583 1671 1636 Ὀ
1721 1583 1821 1655 τὴν

224 1674 432 1745 νοητὴν
456 1671 761 1727 Βαϐυλῶνα
791 1672 1222 1743 καταπολεμῶν.

304 1785 325 1816 ι
361 1766 457 1829 Εἱς
488 1764 730 1836 Γαιθάμ.
782 1785 802 1818 ι
853 1764 1070 1834 Γαιθὰμ
1115 1764 1278 1828 τόπος
1308 1765 1407 1819 τοῦ
1438 1766 1729 1838 Ἰορδάνου,
1764 1768 1821 1820 ὲν

223 1852 271 1927 ᾧ
300 1857 497 1912 πολλοὶ
530 1857 769 1920 λέοντες.

303 1970 323 2003 ι
361 1950 493 2004 Ὀτι
519 1947 733 2019 ταχέως
763 1946 1007 2012 ὲκδιὼξω
1042 1946 1262 2012 αὐτούς.
1298 1968 1317 2003 ι
1349 1950 1489 2013 Τοὺς
1518 1949 1822 2016 Χαλδαίους

224 2044 292 2096 ὲκ
324 2043 427 2113 τῆς
463 2044 804 2107 Βαϐυλῶνος.

304 2156 324 2189 ι
361 2137 476 2190 Καὶ
508 2135 592 2200 τίς
622 2132 777 2200 οὗτος
824 2137 1054 2207 ποιμήν.
1098 2155 1117 2188 ι
1146 2136 1253 2191 Τοῦ
1293 2135 1404 2208 γὰρ
1447 2136 1659 2207 ἀγαθοῦ
1703 2155 1823 2191 ποι-

228 2229 395 2300 μένος
426 2228 822 2300 ἐξαιρουμένου
843 2230 1015 2303 ἡμᾶς,
1036 2228 1192 2282 οὐδὲν
1224 2231 1357 2301 ἡμῖν
1389 2231 1568 2285 ποιεῖν
1596 2230 1821 2285 δύναται

223 2325 254 2374 ό
288 2321 579 2391 πολέμιος.

306 2433 326 2465 ε
367 2414 500 2469 Ἐὰν
537 2413 614 2484 μὴ
664 2410 991 2481 διαφανισθῇ
1045 2412 1187 2482 νομὴ
1221 2412 1318 2464 ἀπ’
1360 2411 1568 2469 αὐτῶν.
1612 2433 1632 2467 ι
1671 2415 1823 2469 Ἀντὶ
1904 2460 1905 2463 η

224 2505 345 2571 τοῦ,
387 2505 625 2574 φίλτατα
652 2503 819 2557 τέκνα
844 2519 856 2533 ·
879 2504 1078 2572 δεῖγμα
1108 2503 1165 2556 δὲ
1193 2502 1355 2556 τοῦτο
1391 2506 1599 2577 πικρᾶς
1624 2508 1823 2577 αἰχμα-

224 2597 362 2650 λωσί
368 2614 453 2661 ας.

853 2690 1010 2742 ΚΕΦ.
1049 2688 1181 2745 ΝΑ’.

303 2798 324 2831 ‹
363 2781 609 2849 Ἀνεμον
672 2780 931 2832 καύσωνα
987 2779 1392 2851 διαφθείροντα.
1447 2801 1468 2834 ι
1523 2784 1679 2838 Μετὰ
1722 2785 1822 2857 τὴν

228 2871 476 2943 ἱστορίαν
509 2872 622 2923 νόει
652 2872 779 2933 τοὺς
812 2871 919 2924 ὑπὸ
962 2871 1056 2924 τοῦ
1114 2872 1273 2939 ἁγίου
1310 2874 1629 2946 Πνεύματος
1692 2875 1821 2946 βοηη

225 2964 558 3035 θουμένους,
589 2964 718 3027 τοὺς
750 2963 1113 3035 ξηραίνοντας
1144 2967 1240 3019 καὶ
1277 2966 1699 3039 διαφθείροντας
1723 2970 1821 3038 τῆς

227 3057 432 3119 κακίας
462 3054 533 3108 τὰ
571 3054 845 3125 ῥεύματα.

303 3163 326 3198 ι
371 3146 486 3199 Καὶ
521 3146 597 3216 μὴ
628 3146 906 3214 φείσεσθε.
939 3165 958 3198 ι
996 3147 1145 3200 ’Avtl.
1171 3147 1289 3210 τοῦ,
1322 3151 1396 3220 μὴ
1421 3151 1697 3222 πτοηθῆτε
1720 3153 1818 3223 τὴν
1847 3189 1890 3248 c

226 3240 464 3311 ἀπειλὴν
495 3239 609 3293 τῶν
628 3240 922 3311 δαιμόνων.
956 3239 1101 3308 Ἐγὼ
1131 3240 1242 3310 γάρ
1273 3240 1393 3310 εἰμι
1429 3241 1551 3312 μεθ’
1588 3243 1761 3312 ὑμῶν.

302 3352 325 3384 ι
359 3334 488 3387 Ὀτι
533 3334 568 3403 ἡ
608 3332 682 3403 γῆ
720 3332 923 3387 αὐτῶν.
967 3352 986 3383 ι
1024 3333 1309 3404 Πλήρωμα
1338 3333 1468 3403 γὰρ,
1520 3336 1676 3404 φησὶ,
1718 3336 1820 3405 τῆς

1923 584 2153 648 minum,
2191 602 2298 641 non
2328 587 2601 655 homines,
2632 602 2689 646 ut
2717 609 2904 649 eorum
2924 598 3012 667 qui
3033 597 3342 669 Babyloniis
3371 617 3499 670 sup-

1924 677 2095 744 petias
2142 678 2405 745 ferebant,
2459 682 2831 742 infirmitatem
2892 691 3243 759 exprimeret.
3270 694 3404 748 Nam
3449 708 3506 749 ct

1923 763 2220 820 insularum
2254 768 2476 836 incolas,
2507 775 2598 843 qui
2629 775 2732 829 sibi
2760 777 3109 846 obstiterant,
3142 782 3499 853 cepitCyrns.

1923 849 2028 906 Eas
2072 868 2237 923 porro
2263 858 2442 913 nullos
2481 860 2685 916 incolas
2707 862 2910 921 habere
2941 883 3038 937 per
3067 868 3289 925 Sirenes
3329 873 3502 943 signi-

1922 943 2068 1013 ﬁcat,
2100 963 2222 1017 quae
2246 950 2513 1023 dazmonia
2546 962 2672 1008 sunt
2726 956 2963 1013 humana
3008 960 3196 1032 ﬁgura,
3239 964 3326 1019 vel
3374 979 3505 1020 aves

1922 1050 2135 1091 canone
2160 1054 2281 1108 quae
2304 1041 2547 1115 solitaria,
2566 1045 2681 1100 loca
2711 1046 3037 1106 inhabitant.

1994 1125 2059 1216 γ.
2082 1127 2171 1183 41.
2212 1147 2231 1181 ι
2257 1129 2393 1187 Ecce
2414 1136 2645 1205 populus
2669 1141 2838 1195 venit.
2868 1159 2886 1193 ι
2917 1141 3020 1209 Qui
3044 1158 3075 1198 e
3102 1145 3357 1216 gentibus
3384 1163 3505 1203 cre-

1923 1214 2200 1271 diderunt.

2000 1324 2018 1358 ι
2044 1305 2110 1360 Ει
2153 1323 2309 1379 reges
2346 1313 2521 1368 multi.
2558 1333 2577 1368 ι
2612 1316 2760 1374 Gens
2804 1323 2948 1377 enim
3004 1337 3189 1383 sancta
3235 1340 3363 1386 sunt
3411 1347 3501 1388 re-

1924 1398 2043 1466 gale
2099 1399 2554 1462 sacerdotium":
2620 1409 2735 1467 haec
2777 1422 2956 1468 autem
3006 1415 3249 1475 histouiae
3298 1423 3503 1479 subne-

1923 1491 2038 1545 ctit.

1991 1584 2230 1656 Populus
2254 1591 2345 1660 qui
2373 1591 2429 1646 in
2455 1592 2693 1650 Jordane
2722 1596 3048 1668 baptizatur.
3077 1602 3179 1669 Qui
3202 1605 3503 1676 spiritalem

1922 1673 2248 1748 Babylonem
2279 1695 2570 1756 expugnat.
2970 1702 2977 1705 “

2001 1765 2059 1822 ν.
2086 1769 2176 1824 44.
2233 1792 2253 1824 ι
2282 1773 2337 1827 In
2384 1776 2649 1833 Gagtham.
2685 1799 2704 1832 ι
2740 1780 2920 1839 Locus
2950 1795 3033 1841 est
3082 1786 3335 1847 Iordanis
3386 1791 3506 1848 Gae-

1854 1846 1897 1901 B
1926 1857 2097 1921 math,
2138 1860 2384 1917 leonibus
2413 1866 2714 1925 abundans.

1920 2037 1936 2090 Ι
1999 1966 2017 1999 ι
2055 1947 2191 2015 Quia
2250 1953 2360 2008 cito
2418 1960 2685 2028 expellam
2723 1977 2836 2018 eos.
2880 1984 2899 2018 ι
2943 1964 3285 2029 Οιισίάωοεε
3329 1973 3507 2048 Baby-

1939 2054 2065 2090 one.

1939 2054 2065 2094 one.

1994 2130 2059 2185 Et
2099 2135 2223 2204 quis
2280 2137 2381 2193 iste
2415 2150 2627 2231 pastor1
2651 2162 2671 2195 ι
2705 2145 2841 2203 Nam
2873 2162 3091 2221 pastore
3124 2157 3269 2213 bono
3305 2175 3407 2215 nos
3437 2160 3504 2214 li-

1920 2222 2167 2290 berante,
2196 2229 2333 2283 nihil
2364 2234 2522 2288 nobis
2550 2222 2748 2294 nocere
2773 2251 2952 2310 potest
2982 2247 3349 2307 adversarius.

1993 2406 2057 2463 ν.
2086 2408 2175 2463 45.
2209 2431 2223 2462 ι
2256 2411 2364 2467 Nisi
2390 2428 2812 2488 corrumpantur
2838 2424 2960 2494 agni
2983 2428 3187 2484 ovium.
3214 2449 3233 2482 ι
3259 2431 3375 2489 Ηοο
3399 2446 3504 2500 est.

1922 2499 2238 2557 charissima
2271 2505 2513 2576 pignora,
2556 2509 2761 2567 indicat
2797 2531 2958 2584 porro
3006 2518 3113 2576 hoc
3156 2523 3507 2584 durissimam

1923 2594 2316 2662 captivitatem.

2585 2696 2737 2753 CAP.
2767 2698 2853 2753 LI.

1996 2775 2060 2832 ν.
2094 2781 2142 2833 1.
2180 2801 2196 2832 ι
2229 2781 2464 2839 Ventum
2495 2798 2763 2844 urentem.
2796 2811 2815 2842 ι
2870 2792 2998 2850 Post
3050 2814 3270 2854 sensum
3332 2801 3512 2859 histo-

1925 2869 2097 2926 ricum
2130 2874 2365 2945 intellige
2401 2894 2496 2933 eos
2531 2896 2669 2948 quos
2719 2885 2940 2953 adjuvat
2996 2888 3231 2959 Spiritus
3264 2910 3507 2965 sanctus,

1924 2964 2261 3022 exsiccantes
2317 2975 2372 3023 et
2426 2984 2843 3043 corrumpcntes
2898 2980 3158 3049 nequitia:
3218 2964 3505 3046 ﬂuxiones.

1998 3148 2060 3203 ν.
2088 3151 2140 3205 5.
2200 3172 2217 3204 ι
2251 3153 2314 3209 Et
2361 3170 2429 3210 ne
2455 3159 2709 3226 parcatis.
2744 3179 2762 3213 ι
2808 3161 2922 3219 Ηοο
2948 3177 3052 3232 est,
3093 3184 3163 3223 ne
3217 3170 3510 3231 timueritis

1922 3239 2230 3294 dazmonum
2260 3243 2457 3300 minas.
2482 3248 2594 3318 Ego
2617 3250 2766 3305 enim
2791 3267 2913 3308 sum
2938 3256 3237 3315 vobiscum.

1996 3330 2056 3383 V.
2081 3332 2132 3385 5.
2162 3352 2179 3383 ι
2211 3332 2348 3398 Quia
2389 3344 2530 3394 terra
2556 3354 2765 3398 eorum.
2796 3362 2815 3395 ι
2844 3343 3314 3419 Complementum
3361 3355 3511 3413 enim

224 3423 447 3486 ἀδικίας
493 3423 604 3477 τῶν
635 3424 941 3488 Χαλδαίων,
974 3424 1037 3477 τὸ
1077 3424 1172 3477 καὶ
1222 3423 1290 3477 τὰ
1339 3423 1510 3494 σκεύη
1564 3425 1634 3478 τὰ
1686 3425 1818 3495 ἅγια

1955 3422 2202 3491 njustitize
2224 3425 2603 3485 Chaldaeorum
2638 3433 2715 3488 ait
2736 3432 2928 3501 fuisse,
2966 3442 3113 3511 quod
3141 3452 3328 3501 sancta
3379 3463 3509 3505 vasa

227 3517 326 3569 καὶ
358 3515 556 3582 ἁγίους
577 3514 778 3587 ἄνδρας
817 3516 1078 3586 μετάγειν
1107 3517 1187 3579 εἱς
1214 3514 1536 3571 Βαϐυλῶνα.

304 3624 325 3658 ι
349 3605 590 3674 Φεύγετε
628 3607 693 3658 ὲκ
725 3606 895 3675 μέσου
923 3605 1269 3670 Βαϐυλῶνος.
1305 3627 1323 3659 ι
1365 3605 1594 3675 Φεύγειν
1623 3608 1652 3660 ό
1682 3625 1819 3678 προ⁵

227 3701 412 3769 φήτης
450 3696 667 3750 κελεύει
696 3699 763 3751 ὲκ
803 3698 974 3767 μέσου
1006 3698 1110 3767 τῆς
1140 3698 1460 3762 Βαϐυλῶνος
1487 3700 1616 3764 τοὺς
1642 3699 1819 3764 σωζο-

229 3794 450 3863 μένους,
476 3791 586 3844 εἴτε
611 3793 712 3863 τῆς
764 3782 1054 3863 αἰσθητῆς,
1078 3792 1192 3846 εἴτε
1220 3792 1318 3847 καὶ
1363 3793 1467 3863 τῆς
1489 3792 1586 3845 τοῦ
1611 3793 1817 3864 κόσμου

226 3882 575 3953 συγχύσεως.

302 3992 324 4025 ε
356 3974 630 4044 Ποτήριον
659 3973 901 4044 χρυσοῦν
930 3973 1209 4028 Βαϐυλών.
1245 3994 1264 4027 ο
1309 3975 1575 4046 ῐῐοτὴριον
1619 3974 1816 4028 πολλα-

223 4065 326 4135 χοῦ
350 4064 508 4136 παρὰ
528 4068 595 4137 τῇ
621 4065 743 4137 θείᾳ
765 4065 958 4137 Γραφῇ
978 4066 1297 4137 ὠνόμασται
1319 4067 1352 4137 ἡ
1373 4066 1651 4139 λεγομένη
1679 4067 1817 4139 όργὴ

224 4158 325 4213 τοῦ
353 4158 518 4213 Θεοῦ.
535 4158 761 4229 Ἐπειδὴ
779 4154 876 4213 οὖν
897 4160 1024 4223 τοὺς
1048 4159 1492 4230 προσκυνοῦντας
1515 4159 1667 4231 αὐτῷ
1686 4161 1819 4225 Θεὸς

223 4251 316 4304 διὰ
348 4248 718 4305 Βαϐυλωνίων
744 4251 1095 4320 ἐτιμωρεῖτο,
1128 4251 1393 4321 ποτήριον
1428 4250 1700 4321 μεθύσκον
1720 4252 1819 4306 αὑ-

222 4343 326 4410 τὴν
369 4339 645 4411 κέκληκεν
670 4357 685 4372 ο
722 4341 962 4414 χρυσοῦν
995 4341 1083 4407 δὲ,
1114 4342 1206 4395 διὰ
1233 4343 1326 4397 τὺν
1367 4343 1426 4395 ὲν
1467 4343 1606 4415 αὐτῇ
1654 4343 1820 4397 πλοῦ-

224 4451 341 4487 τον.

1920 3523 2253 3587 sanctosque
2283 3518 2531 3576 homines
2548 3522 2875 3595 Babylonem
2908 3535 3309 3594 transtulerint.

1995 3606 2055 3661 ν.
2113 3608 2165 3664 6.
2219 3629 2237 3663 ι
2287 3610 2478 3684 Fugite
2516 3615 2584 3670 de
2628 3619 2810 3674 medio
2856 3622 3165 3696 Babylonis.
3208 3648 3228 3682 ι
3297 3631 3514 3709 Fugere

1916 3699 2072 3768 jubet
2100 3704 2365 3773 propheta
2396 3707 2465 3761 de
2498 3709 2680 3765 medio
2712 3710 3006 3783 Babylonis
3043 3733 3138 3774 eos
3161 3721 3258 3792 qui
3287 3699 3509 3782 salvan-

1923 3800 2029 3859 tur,
2079 3795 2163 3849 vel
2185 3811 2306 3866 quae
2334 3798 2403 3852 ad
2431 3812 2654 3855 sensum
2686 3805 2943 3873 pertinet,
2977 3809 3063 3864 vel
3089 3811 3157 3866 de
3182 3814 3509 3875 confusione

1920 3884 2127 3940 mundi.

1990 3974 2053 4029 γ.
2081 3977 2132 4032 7.
2186 3995 2205 4029 ι
2243 3977 2394 4034 Calix
2438 3996 2637 4040 aureus
2688 3986 2949 4061 Babylon.
2999 4011 3017 4045 ι
3055 3991 3205 4052 Calix
3253 4011 3400 4068 saepe
3448 3999 3507 4057 in

1920 4066 2090 4121 sacris
2113 4066 2334 4125 Litteris
2360 4081 2548 4126 vocata
2578 4083 2682 4139 est,
2722 4092 2844 4148 quae
2871 4079 3069 4137 dicitur
3100 4083 3174 4141 ira
3207 4066 3507 4156 DeiaQuo-

1917 4155 2065 4210 niam
2120 4157 2285 4229 igitur
2324 4159 2466 4217 Deus
2496 4164 2731 4223 cultores
2765 4184 2893 4225 suos
2936 4173 3147 4242 punivit
3193 4193 3291 4247 per
3332 4178 3507 4256 Baby-

1920 4248 2117 4317 lonios,
2143 4252 2367 4309 calicem
2400 4255 2761 4313 inebriantem
2782 4277 2899 4317 eam
2922 4267 3215 4336 appellavit
3238 4289 3252 4337 ;
3278 4248 3504 4332 aureum

1919 4357 2072 4405 vero,
2114 4354 2336 4417 propter
2368 4349 2487 4420 ejus
2517 4350 2759 4411 divitias.

303 4526 572 4596 «Ἔγειρε
618 4526 824 4597 Κύριος
866 4526 929 4579 τὺ
973 4526 1191 4596 πνεῦμα
1226 4526 1491 4597 βασιλέως
1520 4527 1742 4601 Μήδων.
1788 4547 1805 4582 ι

1990 4522 2050 4577 ν.
2087 4523 2178 4577 ll.
2219 4543 2238 4576 ι
2281 4524 2577 4585 Suscitavit
2616 4528 2883 4587 Dominus
2924 4535 3177 4605 spiritum
3207 4541 3354 4614 regis
3391 4543 3505 4601 Me-

223 4616 540 4690 Προφητῶν
568 4619 602 4689 ἠ
632 4616 787 4688 φωνὴ
820 4617 1297 4689 εὐχαριστούντων
1316 4658 1330 4682 ,
1357 4619 1439 4672 δτι
1480 4617 1759 4690 ἑλυτρὼθη
1788 4623 1818 4674 ό

1955 4627 2132 4667 orum.
2183 4633 2201 4666 ι
2246 4614 2641 4685 Prophetarum
2684 4636 2785 4675 vox
2811 4624 3013 4693 gratias
3063 4628 3173 4684 Deo
3203 4634 3504 4702 agentium,

222 4710 358 4772 Vah;
389 4707 492 4778 τῆς
536 4724 598 4761 τε
633 4707 756 4761 καθ’
780 4708 1026 4778 ἱστορίαν
1059 4708 1459 4798 αἰχμαλωσίας,
1491 4710 1585 4798 καί
1617 4709 1715 4779 τῆς
1754 4712 1818 4763 ὲκ

1955 4706 2057 4759 uod
2091 4704 2352 4762 liberatus
2382 4709 2453 4763 sit
2496 4711 2732 4780 populus
2775 4723 2829 4768 et
2864 4716 2933 4771 ab
2989 4718 3249 4780 historica
3276 4727 3507 4798 captivi-

223 4794 325 4848 τοῦ
362 4793 572 4864 κόσμου
606 4795 930 4865 συγχύσεως
951 4795 1042 4850 διὰ
1063 4795 1159 4850 τοῦ
1187 4797 1439 4869 Σωτῆρος
1467 4797 1627 4868 ἡμῶν
1642 4798 1815 4870 Ἰησοῦ

1955 4807 2050 4863 nte,
2071 4806 2126 4852 et
2152 4812 2181 4851 e
2210 4799 2400 4853 mundi
2428 4800 2752 4859 confusione
2772 4821 2870 4870 per
2892 4806 3232 4869 Salvatorem
3256 4793 3505 4876 nostrum

222 4886 853 5045 xpcmlzzzaexqvoﬁwa;
901 4974 988 5044 ἐφ’
1010 4973 1169 5029 ὕδασι
1212 4958 1451 5040 πολλοῖς.
1487 4996 1506 5029 ι
1546 4977 1656 5031 Τοῦ
1696 4979 1814 5032 Κό-

223 5080 326 5133 ρου
347 5079 361 5092 ·
394 5065 531 5132 φασὶ
559 5064 615 5118 δὲ
646 5063 828 5134 ἕτεροι
859 5064 1112 5135 Δαρείου.
1149 5068 1286 5121 Καθ’
1313 5068 1578 5138 ἱστορίαν,
1610 5070 1677 5141 τῇ
1713 5073 1816 5125 πού

1843 4929 1846 4932 .
1911 4887 2096 4943 .lcsnm
2126 4889 2425 4946 Christum.

1990 4979 2047 5035 V.
2078 4980 2171 5039 15.
2219 5001 2235 5032 ι
2273 4979 2591 5040 Habitantes
2618 4985 2672 5040 in
2716 4989 2874 5060 aquis
2900 4994 3125 5052 multis.
3173 5016 3194 5051 ι
3228 4999 3355 5072 Cyri
3389 5004 3510 5074 qui-

1914 5070 2037 5126 dam
2060 5073 2247 5141 aiunt;
2278 5075 2369 5129 alii
2396 5075 2564 5132 Darii.
2594 5076 2677 5134 Ad
2710 5096 2936 5138 sensum
2972 5070 3317 5160 historicum,
3349 5070 3506 5165 copia

220 5155 533 5226 λυπληθείᾳ
575 5156 685 5210 τῶν
731 5156 968 5227 ἀνδρῶν,
993 5157 1132 5229 πρὸς
1166 5157 1227 5215 δὲ
1257 5158 1530 5226 διάνοιαν,
1556 5163 1670 5225 τοῖς
1718 5166 1818 5235 τῆς

1957 5164 2240 5232 ominum;
2277 5168 2527 5239 mystice,
2559 5168 2892 5228 fluxionibus
2923 5178 3123 5234 cordis.

224 5246 461 5318 καρδίας
492 5246 789 5318 ῥεύμασιν.

303 5336 464 5390 «Ὅτι
508 5335 696 5407 ὤμοσε
725 5336 935 5409 Κύριος
969 5338 1110 5393 κατὰ
1137 5337 1233 5393 τοῦ
1262 5339 1568 5412 βραχίονος.
1601 5360 1622 5394 ι
1657 5345 1814 5399 Κατὰ

224 5431 326 5503 τῆς
350 5429 550 5484 ἑαυτοῦ
575 5430 887 5501 δυνάμεως.

303 5541 324 5576 ι
350 5521 468 5576 Καὶ
495 5519 824 5592 φθέγξονται
852 5522 943 5577 ἰπὶ
972 5521 1090 5580 σί.»
1133 5523 1280 5580 ’Δντὶ
1307 5523 1427 5593 τοῦ,
1460 5525 1810 5592 ὀνειδίζοντές

298 5807 345 5841 δ’
370 5807 393 5864 l
423 5805 572 5868 Petr.
599 5824 656 5879 ιι,
687 5807 740 5866 9.

1996 5340 2056 5395 ν.
2114 5343 2202 5397 14.
2248 5361 2269 5395 ι
2304 5344 2443 5410 Quia
2500 5345 2705 5417 iuravit
2743 5348 3007 5409 Dominus
3067 5368 3167 5424 per
3217 5355 3504 5415 brachium
3546 5390 3557 5395 ν

1921 5446 2102 5488 suum.
2143 5452 2162 5486 ι
2196 5435 2301 5491 Per
2329 5451 2483 5492 suam
2514 5439 2796 5496 virtutem.

1997 5549 2018 5582 c
2066 5531 2136 5588 Et
2167 5532 2464 5605 loquentur
2503 5549 2669 5607 super
2704 5545 2777 5597 te.
2804 5558 2824 5591 ι
2875 5537 3002 5608 Pro,
3038 5541 3134 5599 tibi
3163 5542 3507 5617 exprobrata

1920 5629 2020 5677 tes.
