3942 6416
413 300 520 368 723

1508 319 2027 383 OLYMPIUDORI
2066 326 2595 393 ALEXANDRINI

3585 337 3701 402 72$

417 428 626 482 rursus,
655 417 911 476 abstersit
972 422 1116 479 Deus
1171 441 1385 479 omnem
1458 427 1745 500 lacrymam
1788 446 1818 484 a
1859 430 1975 485 facit

2117 434 2315 504 ἱρεῖλεν
2344 437 2373 488 6
2403 436 2536 502 Θεὸς
2561 438 2672 492 πᾶν
2703 437 2942 511 δάκρυον
2966 440 3075 495 ἀπὸ
3104 442 3403 514 προσώπου
3438 444 3543 515 τῆς
3565 448 3701 517 γῆς,

415 515 592 560 εει-ηε.

492 594 549 652 ν.
584 598 672 654 50.
713 620 731 653 ι
771 601 875 669 Qui
902 607 1132 662 evaditis
1156 608 1224 663 de
1257 618 1420 666 terra.
1454 629 1473 661 ι
1504 609 1606 677 Qui
1643 621 1881 680 terrena,
1912 615 1997 669 in-

407 686 548 753 quit,
606 690 921 761 reliquistis,
948 711 1166 768 semper
1210 699 1266 752 in
1317 701 1518 756 virtute
1565 704 1850 773 proﬁcite;
1896 723 2000 763 nec

407 778 755 838 subsistatis:
786 784 890 841 Sed
914 792 1126 855 currite,
1160 802 1216 844 ut
1236 795 1684 862 comprehendatis
1698 797 1763 852 ".

488 887 507 920 ι
544 871 646 937 Qui
679 875 745 929 de
777 876 958 949 longe.
1000 899 1018 931 ι
1050 880 1153 947 Qui
1185 868 1319 938 olim
1359 888 1549 956 procul
1584 904 1613 943 a
1650 889 1781 958 Deo,
1821 891 1998 948 idoio~

410 975 529 1017 rum
553 966 812 1023 cultores.

481 1069 501 1100 ‹
538 1053 605 1107 Ει
648 1054 973 1116 Jerusalem.
1019 1081 1037 1113 ι
1089 1062 1481 1139 Hierosolymis
1526 1072 1748 1140 quidem
1788 1074 1997 1129 sacriﬁ-

405 1145 604 1202 cabant
659 1148 830 1207 Judaei
883 1173 895 1207 :
946 1154 1106 1226 jubet
1163 1175 1295 1214 vero
1348 1162 1616 1219 visionem
1666 1166 1849 1236 pacis,
1895 1169 1999 1224 hoc

403 1250 642 1307 namque
690 1238 995 1301 Jerusalem
1046 1248 1457 1319 interpretatur,
1498 1254 1798 1309 ascendere
1833 1271 1999 1327 super

405 1325 642 1383 ﬁdelium
675 1348 789 1404 cor,
833 1346 892 1392 ut
929 1353 1114 1407 pacem
1151 1342 1384 1399 habeant
1438 1346 1505 1401 ad
1545 1348 1735 1415 Deum,
1759 1364 1879 1419 qua:
1906 1325 1996 1406 villi

402 1418 604 1489 placita
637 1438 951 1495 operantes.

474 1510 536 1567 V.
580 1515 668 1570 5|.
733 1539 750 1570 ι
804 1522 1103 1591 (Ionperuit
1154 1526 1471 1596 ignominia.
1510 1550 1529 1581 ι
1587 1531 1670 1586 Ad
1731 1533 1996 1603 litteram,

400 1606 546 1673 quod
580 1608 765 1664 hostes
797 1612 848 1665 iu
885 1630 1101 1671 sacrum
1130 1623 1392 1690 templum
1438 1623 1670 1695 ingressi
1700 1636 1849 1691 sunt,
1874 1644 1995 1700 my-

2181 660 2201 693 ι
2223 642 2657 715 Ἀνασωζόμενοι
2697 646 2766 700 ἐκ
2807 648 2934 718 γῆς.
2964 666 2986 701 ι
3022 650 3085 704 οι
3105 651 3216 704 τῶν
3243 652 3471 723 γηΐνων,
3499 656 3696 726 φησὶν,

2098 733 2440 797 ἀποστάντες
2466 773 2481 797 ,
2535 735 2625 789 ἀεὶ
2670 740 3014 808 προκόπτετε
3065 743 3149 805 είς
3193 742 3417 815 ἀρετὴν,
3467 747 3565 799 καὶ
3616 746 3699 819 μὴ

2104 824 2345 890 ῐστασθε,
2369 825 2535 881 ἀλλὰ
2573 828 2833 899 τρέχετε,
2868 820 2973 885 ἵνα
2995 832 3396 901 καταλάϐητε.

2176 934 2196 967 ι
2227 917 2291 968 Οί
2318 919 2612 988 μακρόθεν.
2646 939 2666 972 ι
2700 922 2764 974 υί
2800 921 2966 976 πάλαι
2997 923 3092 977 τοῦ
3127 924 3266 979 Θεοῦ
3303 927 3582 996 μακρόθεν
3609 930 3698 983 εί-

2098 1009 2459 1081 δωλολάτραι.

2176 1123 2194 1154 ι
2227 1103 2335 1155 Καὶ
2370 1102 2750 1175 Ἰερουσαλήμ.
2777 1124 2796 1157 ο
2816 1104 2906 1159 Ἑν
2930 1106 3031 1176 μὲν
3055 1107 3120 1178 τῇ
3149 1105 3512 1178 Ἰερουσαλὴμ
3533 1108 3699 1164 ἔθυον

2111 1193 2352 1247 Ἰουδαῖοι
2373 1211 2387 1224 ·
2416 1195 2627 1248 κελεύει
2654 1197 2713 1249 δὲ
2740 1197 2840 1267 τὴν
2871 1199 3063 1269 ὅρασιν
3103 1198 3202 1268 τῆς
3231 1201 3458 1269 είρήνης
3478 1214 3493 1228 ·
3528 1200 3700 1255 τοῦτο

2098 1286 2206 1356 γὰρ
2251 1288 2617 1359 ἑρμηνεύεται
2654 1289 3049 1362 Ἰερουσαλήμ·
3099 1289 3419 1345 ἀναϐαίνειν
3461 1293 3544 1354 είς
3591 1291 3699 1355 τὰς

2098 1377 2207 1430 τῶν
2253 1377 2464 1432 πιστῶν
2506 1378 2755 1450 καρδίας,
2788 1379 2876 1433 τνα
2903 1380 3230 1451 είρηνεύωσι
3263 1380 3400 1451 πρὸς
3441 1380 3578 1435 Θεὸν
3623 1380 3698 1434 τά

2098 1467 2304 1537 ἀρεστά
2325 1467 2476 1538 αὐτῷ
2509 1467 2808 1533 ποιοῦντες.

2177 1577 2196 1609 ι
2224 1559 2620 1629 Κατεκάλυψεν
2665 1560 2881 1633 ἀτιμία.
2919 1581 2939 1616 ι
2975 1562 3119 1635 Πρὸς
3177 1562 3276 1633 μὲν
3305 1563 3368 1616 τὸ
3394 1562 3581 1634 ῥητὸν,
3604 1563 3695 1619 ϐτι

2098 1648 2179 1712 είς
2225 1650 2319 1705 τὸν
2364 1649 2509 1704 θεῖον
2562 1651 2688 1706 ναδν
2736 1652 2985 1723 εἰσῆλθον
3036 1654 3086 1706 οί
3129 1653 3418 1723 πολέμιοι·
3444 1653 3586 1723 πρὸς
3631 1654 3695 1706 δὲ

400 1696 727 1769 stice,quod
774 1703 973 1775 impuri
1014 1708 1291 1768 daemones
1348 1713 1401 1767 in
1450 1716 1649 1770 animae
1693 1720 1975 1788 penetrali:

2117 1696 2360 1806 ίίάνοιαν,
2390 1743 2474 1796 ὅτι
2527 1745 2609 1806 είς
2656 1743 2727 1797 τὰ
2771 1696 2940 1799 ἄδυτα
2987 1746 3088 1816 τῆς
3121 1696 3306 1815 ψυχῆέ
3343 1696 3595 1815 ἑσκηιῖαν
3637 1745 3694 1798 οἱ

399 1792 740 1862 irrepserint.

472 1885 532 1941 V.
568 1890 653 1945 55.
707 1912 725 1943 ι
762 1894 827 1947 Et
872 1898 1131 1965 perdidit.
1173 1919 1192 1953 ι
1216 1902 1297 1957 Ad
1325 1904 1582 1973 litteram,
1621 1909 1990 1967 multitudinis

394 1978 623 2037 deorum
645 1999 707 2037 ex
748 1986 1101 2057 hominibus;
1133 1994 1453 2064 spiritaliter
1487 2015 1638 2063 vero,
1658 2017 1767 2072 qua
1796 2020 1985 2061 vocem

394 2071 657 2129 tollebant
684 2076 1090 2139 debacchantes
1121 2084 1308 2142 furore
1341 2088 1672 2148 daemonum.

466 2162 527 2217 V.
582 2164 670 2219 58.
733 2187 752 2220 ι
816 2171 944 2226 Ηωε
998 2174 1133 2229 dicit
1178 2177 1464 2236 Dominus.
1525 2204 1544 2236 ι
1608 2184 1838 2243 Satanas
1890 2191 1983 2260 qui

386 2271 487 2327 per
520 2268 693 2315 totum
748 2273 1018 2321 terrarum
1066 2270 1254 2327 orbem
1304 2272 1429 2330 fana
1479 2276 1747 2335 idolorum
1788 2297 1984 2338 erexe-

386 2357 491 2404 rat.

457 2436 521 2494 V.
584 2441 673 2499 58.
728 2463 749 2497 ι
799 2444 863 2501 Et
924 2458 1112 2518 portae.
1159 2471 1176 2502 ι
1212 2451 1345 2520 Quae
1400 2457 1456 2510 in
1516 2461 1817 2529 perniciem
1876 2464 1982 2520 du-

288 2523 296 2532 ”
384 2542 518 2588 cunt
553 2535 701 2593 :hoc
750 2554 880 2595 vero
919 2543 1163 2613 perfecte
1194 2546 1254 2600 tit
1281 2547 1336 2601 in
1378 2550 1671 2606 universali
1717 2569 1981 2612 consum-

384 2626 644 2690 litatione.

461 2734 481 2767 ι
526 2716 591 2774 Et
628 2736 740 2776 non
778 2722 1123 2783 laborabunt.
1174 2748 1193 2781 ι
1239 2729 1557 2802 Babylonio,
1591 2736 1675 2791 vel
1700 2739 1863 2794 etiam
1889 2756 1979 2796 er-

381 2807 492 2862 rori
518 2809 913 2869 servientes.—
935 2816 1053 2871 Non
1079 2818 1352 2884 deficient,
1379 2822 1493 2877 ait:
1527 2839 1629 2880 vox
1651 2828 1821 2893 enim,
1851 2847 1974 2897 non,

379 2902 690 2958 communis
736 2906 954 2977 utrique
994 2918 1117 2976 est;
1164 2912 1267 2967 sub
1312 2912 1732 2984 Babyloniorum
1789 2927 1975 2990 tyran-

2094 1832 2398 1904 ἀκάθαρτοι
2421 1835 2698 1907 δαίμονες.

2167 1944 2187 1978 ι
2214 1926 2327 1983 Καὶ
2356 1926 2663 1983 ἀπώλεσεν.
2691 1945 2710 1978 ι
2749 1927 2894 1998 Πρὸς
2927 1927 3029 1997 μὲν
3058 1927 3120 1982 τὸ
3142 1926 3329 1998 ρητὲν,
3358 1925 3460 1996 τῆς
3486 1928 3553 1981 ἐκ
3575 1927 3691 1981 τῶν

2088 2015 2396 2087 ἀνθρώπων
2421 2019 2721 2083 πολυθεῒας
2744 2036 2759 2050 ο
2792 2018 2931 2091 πρὸς
2959 2019 3018 2073 δὲ
3051 2019 3316 2082 διάνοιαν,
3339 2019 3424 2072 ὅτι
3446 2019 3693 2090 ἀνέκραο

2089 2104 2182 2169 ζον
2215 2106 2676 2178 ὲκβακχευόμενοι
2708 2107 2816 2163 ὑπὸ
2845 2110 2956 2162 τῶν
2988 2109 3280 2180 δαιμόνων.

2163 2216 2182 2248 ι
2214 2197 2354 2253 Τάδε
2402 2199 2551 2268 λέγει
2586 2201 2815 2273 Κύριος.
2849 2220 2867 2253 ι
2906 2201 2964 2256 '0
2990 2202 3234 2265 Σατανᾶς
3270 2202 3393 2256 καθ’
3422 2202 3552 2272 ὅλης
3580 2203 3691 2276 τῆς

2084 2287 2417 2359 οἰκουμένης
2444 2290 2512 2344 τά
2540 2292 2744 2363 τεμένη
2771 2291 3009 2346 είδιῦλων
3044 2292 3287 2364 ἱδρύσας.

2159 2481 2178 2514 ι
2213 2464 2323 2516 Καὶ
2356 2465 2415 2516 at
2453 2464 2639 2518 πύλαι.
2669 2483 2688 2516 ι
2717 2465 2780 2517 Ai
2802 2465 3118 2533 ἀπάγουσαι
3145 2465 3225 2529 είς
3248 2467 3349 2536 τὴν
3375 2465 3682 2521 ἀπώλειαν*

2082 2553 2245 2606 τοῦτο
2283 2553 2340 2607 δὲ
2375 2554 2599 2618 τελείως
2634 2554 2846 2623 γίνεται
2879 2557 2937 2608 ὲν
2971 2558 3035 2628 τῇ
3070 2555 3306 2610 καθόλου
3338 2557 3644 2630 συντελείᾳ.

2157 2769 2177 2803 ι
2205 2750 2282 2804 Οὐ
2315 2751 2670 2816 κοπιάζουσι.
2691 2770 2709 2804 ι
2733 2752 2826 2824 Τῷ
2851 2753 3200 2826 Βαϐυλωνίῳ,
3221 2754 3254 2825 ἢ
3278 2754 3375 2809 καὶ
3404 2756 3469 2826 τῇ
3495 2755 3681 2828 πλάνῃ

2077 2843 2445 2908 δουλεύοντες.
2485 2875 2556 2886 --
2586 2846 2705 2900 Οὐκ
2744 2846 3081 2922 ὲκλείψουσι,
3113 2847 3280 2917 φησί’
3315 2847 3378 2900 τὸ
3419 2849 3549 2919 γὰρ,
3577 2848 3679 2915 οὒ,

2079 2935 2222 2992 κατὰ
2247 2939 2429 2992 κοινοῦ
2460 2941 2668 2994 κεῖται·
2704 2941 2810 2994 ὑπὸ
2837 2942 2937 3012 τῆς
2972 2936 3157 3013 ἀρχῆς
3179 2940 3290 2993 τῶν
3317 2941 3681 2999 Βαϐυλωνίων

380 2992 528 3056 uide,
563 2996 648 3050 vel
695 2997 868 3067 ipsius
913 2999 1127 3057 Satanae
1163 3005 1468 3059 constituti.
1504 3005 1749 3079 Namque
1780 3027 1975 3068 omnes

2117 3028 2531 3099 υραννούμενοι,
2568 2992 2748 3100 ηκᾴι
2779 2992 3251 3086 Ἑν
3301 3030 3410 3102 γάρ
3452 3031 3682 3105 Χριστῷ

379 3084 432 3138 in
457 3086 674 3143 Christo
704 3089 835 3146 Jcsu
868 3091 1307 3150 viviﬁcabuntur.

449 3177 513 3233 V.
556 3180 645 3236 59.
684 3199 704 3233 ι
743 3182 813 3238 Ut
839 3185 1046 3241 diceret
1074 3186 1276 3242 Sareae.
1317 3209 1336 3240 ι
1393 3188 1538 3245 illisit
1568 3190 1829 3249 Sedecias
1865 3192 1971 3249 Sa-

379 3284 528 3324 ream
570 3271 829 3341 legatum,
873 3292 1097 3330 munera
1140 3277 1661 3337 Nabuchodonosori
1715 3284 1971 3341 deferen-

376 3368 507 3414 tem.
541 3360 641 3416 lslic
661 3363 864 3419 dicitur
889 3383 1009 3422 esse
1042 3367 1275 3423 Baruch.

452 3450 511 3505 V.
538 3453 627 3512 6i.
658 3472 678 3506 ι
713 3456 782 3511 Et
805 3458 940 3514 dixit
974 3459 1239 3518 Jeremias
1266 3463 1334 3517 ad
1376 3461 1619 3521 Saream.
1655 3485 1674 3516 ι
1711 3464 1807 3522 Hic
1834 3468 1970 3524 dici-

373 3551 465 3599 tur
525 3561 650 3602 esse
693 3548 928 3619 Barucli,
987 3554 1073 3608 cui
1119 3556 1421 3612 secundum
1473 3559 1704 3628 gratiam
1764 3577 1965 3619 nomen

374 3646 644 3695 mutatum
667 3650 769 3698 est.

1009 3738 1164 3796 CAP.
1212 3739 1322 3796 ιιι.

441 3822 507 3879 V.
535 3826 583 3880 l.
611 3847 630 3880 ι
668 3825 802 3883 Filia
828 3829 1102 3887 Jeremiae.
1140 3851 1160 3886 ι
1192 3834 1316 3891 Non
1347 3837 1649 3908 prophetae.
1676 3838 1961 3897 Traditum

367 3917 571 3989 quippe
607 3929 692 3976 est
725 3922 993 3995 virginem
1036 3925 1206 3982 fuisse
1231 3930 1584 4000 prophetam,
1630 3941 1691 3988 ut
1715 3934 1809 4004 qui
1839 3935 1961 4004 jus~

359 4026 462 4066 sus
486 4021 604 4069 erat
633 4030 861 4072 uxorem
892 4032 1005 4073 non
1031 4017 1238 4075 ducere
1272 4035 1304 4075 a
1336 4019 1449 4078 Deo
1461 4022 1526 4078 ³⁷.
1557 4023 1626 4078 Et
1656 4033 1811 4093 pater
1836 4025 1963 4096 qui-

366 4104 494 4160 dem
520 4104 668 4163 illius
694 4108 762 4163 de
793 4109 1036 4178 Lobena,
1061 4113 1330 4183 propheta
1357 4129 1493 4170 vero
1520 4131 1586 4171 ex
1627 4117 1911 4173 Anathoth
1943 4136 1956 4173 :

366 4196 535 4262 hujus
567 4198 902 4255 mentionem
944 4200 1141 4258 factam
1182 4204 1425 4276 reperies
1461 4212 1520 4262 et
1547 4206 1605 4260 in
1640 4205 1749 4262 fine
1781 4207 1960 4276 quarti

364 4288 491 4352 libri
515 4288 747 4362 Regum.
1290 4342 1295 4351 ι

440 4378 502 4433 V.
564 4380 618 4435 9.
675 4402 693 4433 ι
749 4381 816 4436 Ει
876 4384 1090 4441 locutus
1142 4395 1228 4442 est
1263 4387 1332 4443 ei.
1392 4413 1411 4448 ι
1469 4388 1625 4444 Juste
1653 4388 1721 4445 de
1754 4389 1845 4445 illo
1869 4391 1961 4461 ju-

2002 3126 2044 3183 c
2093 3115 2271 3186 Ἰησοῦ
2300 3117 2501 3179 πάντες
2538 3118 3068 3191 ζωοποιηθήσονται.

2159 3226 2176 3259 ι
2208 3209 2396 3262 Είπεῐν
2440 3209 2521 3281 τῷ
2567 3211 2798 3282 Σαραία.
2832 3230 2851 3262 ι
2892 3214 3183 3283 Ἔπεμψεν
3211 3216 3240 3268 6
3271 3216 3528 3282 Σεδεκίας
3578 3219 3675 3273 τὸν

2078 3299 2292 3371 Σαρέαν
2325 3300 2690 3372 πρεσϐευτὴν,
2720 3300 2871 3371 δῶρα
2898 3303 3193 3373 κομίζοντα
3220 3304 3299 3375 τῷ
3326 3306 3672 3378 Ναϐουχοδο-

2078 3388 2259 3461 νὸσορ.
2291 3383 2461 3456 Οὗτος
2490 3392 2705 3462 λέγεται
2745 3390 2889 3447 εἶναι
2913 3397 2941 3448 6
2972 3394 3211 3468 Βαρούχ.
3322 3412 3325 3413 ⁷

2154 3500 2174 3534 ι
2207 3484 2318 3537 Καὶ
2345 3480 2501 3538 εἶπεν
2536 3485 2808 3557 Ἱερεμίας
2839 3486 2975 3558 πρὸς
3005 3487 3265 3557 Σαραίαν.
3300 3508 3318 3540 ι
3366 3485 3538 3554 Οὗτος
3575 3491 3669 3545 λέ-

2078 3592 2233 3646 γεται
2263 3572 2402 3631 εἶναι
2423 3579 2451 3631 6
2481 3579 2721 3649 Βαροὺχ,
2752 3580 2896 3633 κατά
2919 3579 3083 3650 χάριν
3115 3582 3628 3653 μετωνομασμένος.

2656 3753 2907 3807 ΚΕΦΑΛ.
2950 3754 3078 3809 NB’.

2151 3861 2170 3894 ι
2202 3842 2462 3914 Θυγάτηρ
2496 3844 2784 3915 Ἱερεμίου.
2818 3862 2837 3896 ι
2878 3845 2952 3898 Οὐ
2985 3845 3078 3899 τοῦ
3118 3847 3426 3918 προφήτου.
3452 3847 3666 3920 Παρθέ-

2072 3952 2161 3999 νος
2193 3935 2303 4006 γὰρ
2348 3938 2651 4007 ἱστορεῖται
2675 3932 2816 3990 εἶναι
2844 3939 2872 3989 6
2901 3938 3210 4008 προφήτης,
3240 3937 3317 4001 ὡς
3345 3939 3663 4004 κελευσθεὶς

2073 4025 2178 4079 ὑπὸ
2203 4026 2296 4079 τοῦ
2322 4025 2458 4080 Θεοῦ
2491 4027 2567 4098 μὴ
2596 4027 2796 4099 γῆμαι.
2831 4028 2942 4081 Καὶ
2972 4030 3002 4082 6
3040 4029 3143 4099 μὲν
3173 4029 3356 4101 πατὴρ
3381 4030 3555 4101 αὐτῆς
3593 4032 3663 4084 ὲκ

2071 4116 2299 4184 Λοϐενὰ,
2330 4120 2358 4171 6
2404 4117 2461 4170 δὲ
2511 4121 2799 4191 προφήτης
2842 4118 2901 4185 ἐξ
2933 4117 3174 4173 Ἀναθὼθ
3197 4136 3212 4152 ο
3244 4120 3450 4190 ταύτην
3490 4121 3659 4193 εὑρή-

2072 4226 2188 4273 σεις
2222 4211 2316 4264 καὶ
2348 4212 2409 4265 ὲν
2432 4212 2512 4284 τῷ
2541 4211 2688 4266 τέλει
2721 4212 2821 4285 τῆς
2855 4212 3122 4285 τετάρτης
3150 4212 3260 4268 τῶν
3294 4214 3615 4269 Βασιλειῶν.

2148 4407 2166 4438 ι
2196 4387 2306 4441 Καὶ
2344 4387 2609 4459 ἐλάλησεν
2632 4388 2802 4460 αὐτῷ.
2833 4407 2853 4439 ι
2902 4389 3157 4451 Ἐνδίκως
3204 4390 3369 4444 αὑτὸν
3412 4389 3651 4461 ἔκρινεν,

363 4474 583 4538 dicavit,
642 4486 702 4531 ut
736 4477 1098 4549 jurisjurandi
1138 4480 1195 4535 in
1267 4482 1472 4554 templo
1514 4482 1744 4539 exhibiti
1781 4484 1955 4541 viola-

2117 4500 2133 4546 ;
2164 4481 2593 4553 παραϐεϐηκότα
2622 4480 2722 4545 τὰς
2748 4481 2806 4534 ἐν
2839 4480 2915 4552 τῷ
2945 4480 3075 4554 θείῳ
3104 4482 3216 4554 ναῷ
3243 4482 3613 4553 ὁρκωμοσίας.

367 4573 484 4620 10Γο
493 4603 507 4617 .

435 4656 499 4712 V.
533 4658 618 4715 ll.
655 4680 673 4713 ι
708 4661 775 4716 Et
797 4662 986 4719 oculos
1015 4661 1257 4722 Sedeciae
1291 4667 1455 4723 eruit.
1488 4685 1508 4719 ι
1534 4666 1609 4724 Ut
1634 4675 1958 4739 operaretur

364 4748 417 4802 in
458 4752 708 4819 pistrino.
1545 4754 1552 4763 ’

436 4836 499 4893 V.
540 4842 625 4897 l7.
660 4860 679 4893 ι
733 4842 801 4899 Ει
855 4844 1035 4901 bases.
1076 4866 1095 4899 ι
1158 4849 1580 4920 Receptaculum
1627 4860 1747 4908 erat
1774 4867 1951 4922 aquae,

360 4936 694 5001 propterque
720 4934 839 5005 ejus
867 4939 1225 5007 capacitatem
1250 4956 1401 4997 mare
1423 4952 1698 4999 vocatum.

432 5018 494 5074 V.
524 5019 614 5076 24.
648 5042 666 5076 ι
705 5023 771 5080 Et
799 5032 930 5082 tres.
967 5044 985 5078 ι
1020 5028 1323 5087 Janitorum
1357 5033 1663 5104 praefectos.

435 5196 497 5254 ν.
554 5201 644 5257 25.
684 5221 703 5256 ι
759 5204 829 5260 Ει
877 5206 1131 5265 scribam.
1174 5229 1192 5262 ›
1240 5209 1465 5267 Tributa
1522 5211 1945 5277 describentem,

358 5294 834 5368 mgredicntesque
859 5308 1022 5370 atque
1051 5303 1396 5373 egredientes
1422 5304 1490 5359 ad
1520 5303 1745 5359 bellum.
1773 5304 1940 5359 Com-

2138 4682 2158 4715 ι
2189 4663 2297 4717 Καὶ
2322 4661 2448 4725 τοὺς
2469 4661 2782 4732 ὀφθαλμοὺς
2809 4661 3063 4716 Σεδεκίου
3088 4659 3459 4730 ὲξετύφλωσε.
3481 4678 3500 4712 ι
3522 4660 3652 4731 Ἐρ-

2059 4754 2325 4824 γάξεσθαι
2353 4757 2411 4808 ὲν
2433 4754 2512 4827 τῷ
2536 4754 2765 4826 μύλωνι.

2135 4867 2155 4900 ‹
2181 4846 2291 4901 Καὶ
2321 4846 2418 4910 τὰς
2453 4846 2659 4917 βάσεις.
2685 4864 2705 4896 ι
2742 4847 2958 4916 Δοχεῖον
2987 4840 3055 4916 ἦν
3092 4843 3304 4912 ὕδατος,
3336 4844 3427 4899 διὰ
3456 4844 3516 4899 τὸ
3547 4860 3646 4897 πο-

2057 4937 2373 5011 λυχώρητον
2405 4939 2647 4994 θάλασσα
2680 4938 3037 5009 καλούμενον.

2135 5031 2290 5084 «Καὶ
2337 5031 2465 5094 τοὺς
2508 5033 2677 5102 τρεῖς.
2709 5049 2726 5081 ι
2762 5030 2903 5093 Τοὺς
2958 5030 3263 5093 ἐπιστάτας
3306 5028 3418 5082 τῶν
3464 5030 3645 5101 θυρω-

2061 5119 2170 5192 ρῶν
2183 5166 2195 5178 .

2128 5231 2146 5264 ι
2167 5212 2278 5266 Καὶ
2292 5210 2381 5265 τὸν
2404 5209 2758 5282 γραμματέα.
2773 5210 2907 5264 »Τὸν
2927 5211 3385 5282 ἀπογραφόμενον
3400 5210 3467 5265 τὰ
3484 5211 3637 5282 τέλη,

2050 5304 2148 5358 καὶ
2191 5303 2319 5366 τοὺς
2349 5304 2615 5365 είσιόντας
2644 5303 2738 5356 καὶ
2789 5304 2918 5367 τοὺς
2953 5302 3194 5368 ἐξιόντας
3224 5305 3304 5367 εἰς
3344 5304 3434 5357 τὴν
3480 5303 3641 5357 πόλες

356 5383 532 5441 bustis
561 5386 768 5445 scilicet
807 5397 863 5447 et
901 5387 1125 5461 reliquis
1167 5393 1423 5450 omnibus
1452 5382 1622 5450 sacris
1651 5395 1797 5452 vasis
1824 5411 1946 5466 qua:

2117 5412 2176 5450 IV.
2199 5393 2569 5458 Κατακαύσας
2602 5393 2843 5465 δηλονότι
2871 5395 2966 5450 καὶ
2994 5395 3064 5449 τὰ
3087 5394 3224 5449 ἄλλα
3257 5395 3436 5450 πάντα
3467 5393 3637 5465 σκεύη

356 5480 627 5544 asportari
684 5482 899 5539 dilIicile
946 5495 1217 5555 poterant.
1254 5488 1354 5543 Per
1381 5489 1498 5545 haec
1541 5488 1820 5546 crassities
1850 5505 1944 5545 co-

354 5567 556 5625 iumnaz
583 5575 915 5645 explicatur.

440 5762 550 5817 "ll
584 5764 716 5826 Cor.
740 5784 813 5835 ix,
847 5771 934 5823 ‘37.
1018 5774 1057 5804 ³⁷
1094 5774 1293 5831 Jercm.
1333 5792 1441 5846 xvi,
1474 5781 1519 5834 l.

2051 5488 2122 5542 τὰ
2155 5487 2276 5559 ἱερὰ
2310 5487 2380 5540 τὰ
2425 5487 2929 5557 δυσκατακὸμιστα.
2967 5486 3233 5541 Τοσοῦτον
3271 5487 3530 5559 δηλοῦται
3571 5485 3638 5539 τὸ

2057 5582 2231 5650 πάχος
2262 5577 2358 5632 τοῦ
2398 5576 2606 5632 στόλου.
