3942 6422
268 356 360 417 ’125

1251 356 1720 418 FRAGMENTA
1754 356 1836 414 IN
1883 355 2157 416 JEREM.
2194 352 2521 439 LAMENT.

3418 347 3522 413 726

332 482 351 515 ι
371 462 457 516 Ἐν
486 464 553 532 γῇ
583 460 783 533 Ἦμάθ.
812 481 829 515 ι
868 462 1051 534 Ἥμάθ
1085 464 1119 535 ή
1145 463 1240 518 νῦν
1269 465 1585 536 καλουμένη
1617 464 1822 518 Ἀντιό-

1997 463 2059 517 ν.
2118 461 2209 517 27.
2265 479 2283 512 ι
2345 461 2401 514 In
2441 470 2583 514 terra
2622 458 2839 514 Emath.
2885 479 2901 510 ι
2942 460 3137 513 Emth
3196 477 3317 530 quae
3375 478 3522 518 nunc

264 573 373 627 χεια
391 574 403 587 ·
428 555 667 610 Δεὸλαθὰ
686 556 741 610 δὲ
771 557 834 610 τὸ
858 557 1063 628 ταύτης
1096 558 1422 628 προάστειον
1449 560 1481 630 ή
1511 559 1723 628 Δάφνη.

328 732 583 786 «Ἔλαϐεν
615 735 1069 805 Οὐλαιμαδάχαρ.
1106 755 1123 786 ι
1147 732 1367 805 Ἐπειδὴ
1387 737 1444 790 δὲ
1467 739 1515 790 οἱ
1544 736 1826 807 αἰχμάλω-

261 842 334 876 τοι
364 825 511 876 κάτω
542 823 801 878 νεύουσιν·
828 826 933 879 ὑπὸ
961 826 1059 895 τῆς
1092 829 1400 896 συμφορᾶς,
1434 826 1630 890 ἔλαϐε,
1669 829 1826 899 φησὶ,

261 915 351 983 τὴν
373 913 645 982 κεφαλὴν
670 915 881 982 αὑτοῦ,
917 917 1038 970 ἀντὶ
1065 915 1183 982 τοῦ,
1208 917 1560 988 ἁνώρθωσεν,
1588 919 1826 986 ὕψωσεν,

206 1082 213 1086 _
260 1007 360 1060 ἅνω
408 1006 627 1072 βλέπειν
684 1010 1118 1079 παρεσκεύασεν.
1160 1010 1250 1073 Ὠς
1291 1012 1384 1065 καὶ
1428 1011 1593 1064 Δαὸὶδ
1639 1011 1828 1079 λέγει·

270 1097 403 1153 Ἰδοὺ
434 1098 644 1167 ὕψωσε
676 1099 953 1168 κεφαλήν
992 1118 1113 1170 μου
1158 1100 1251 1155 ἐπ’
1273 1102 1527 1171 ἐχθρούς
1549 1121 1691 1172 μου.
1732 1103 1826 1166 Τὸ,

259 1190 464 1244 ἔλαϐεν
494 1190 620 1244 ἀντὶ
645 1190 764 1256 τοῦ,
796 1190 1043 1260 ὖψωσεν,
1076 1193 1152 1257 ὡς
1201 1196 1260 1249 ὲν
1307 1193 1386 1265 τῷ
1432 1194 1579 1248 τέλει
1605 1194 1706 1263 τῆς
1743 1211 1832 1248 τε·

257 1281 448 1352 τάρτης
472 1282 583 1335 τῶν
601 1281 900 1339 Βασιλειῶν
924 1302 1111 1356 φησιν.

316 1461 359 1495 ³⁸
434 1457 579 1516 Psal.
607 1477 687 1526 ut,
711 1462 765 1518 6.

1933 556 2220 611 Antiochia
2270 564 2535 620 vocatur;
2581 553 2802 608 Deblata
2854 568 2986 607 vero
3032 555 3153 622 ejus
3198 556 3521 609 suliurbium

1933 647 2178 715 Daphne.

2008 738 2068 792 V.
2100 739 2189 791 5t.
2241 757 2259 788 ι
2288 736 2511 806 Accepit
2553 735 2966 791 Vallebardach.
3004 756 3022 787 ι
3083 735 3355 802 Quoniam
3396 752 3527 790 vero

1933 829 2131 900 captivi
2161 830 2415 883 deorsum
2446 835 2694 897 spectant
2732 828 2970 884 miseriis
3002 828 3272 898 oppressi,
3299 831 3521 898 accepit.

1934 923 2128 991 inquit,
2163 928 2321 989 caput
2355 920 2520 983 illius,
2556 920 2659 974 hoc
2685 928 2770 974 est
2802 922 2998 980 erexit.
3030 922 3285 987 elevavit,
3317 932 3378 976 ut
3402 937 3527 976 sur-

1928 1029 2050 1068 sum
2078 1012 2286 1067 videret
2307 1010 2526 1067 elIecit:
2561 1012 2719 1073 sicuti
2745 1020 2801 1066 et
2830 1010 2998 1067 David
3026 1013 3105 1067 ait
3134 1031 3148 1066 :
3184 1012 3319 1067 Ecce
3341 1012 3528 1067 eleva-

1927 1106 2000 1159 vit
2051 1112 2207 1172 caput
2267 1120 2440 1158 meum
2490 1119 2647 1172 super
2688 1104 2933 1157 inimicas
2990 1121 3131 1159 meos
3153 1104 3219 1160 ³⁸.
3285 1104 3524 1173 Accepit,

1928 1197 1981 1251 id
2039 1205 2144 1263 est,
2197 1195 2464 1259 elevavit,
2516 1204 2576 1250 ut
2630 1193 2686 1249 in
2746 1194 2855 1251 fine
2900 1196 3078 1266 quarti
3111 1196 3319 1268 Regum
3348 1195 3527 1252 habe-

1933 1297 2048 1344 tur.

265 1657 3493 1689 ._____________________________________________________

447 1842 1175 1932 FRAGMENTA
1297 1845 1424 1932 IN
1544 1846 2113 1933 JEBEMIZE
2238 1846 3303 1941 LAMENTATIONES.

782 2214 1181 2270 ΚΕΦΑΛΑῘΟΝ
1218 2216 1297 2268 A'.

327 2331 344 2365 ι
372 2312 479 2368 Καὶ
508 2311 756 2380 ἐγένετο.
789 2328 807 2360 ι
838 2309 1040 2380 Θρηνεῖ
1071 2309 1170 2380 μὲν
1224 2306 1367 2361 κατὰ
1401 2307 1502 2377 τὴν
1538 2308 1782 2379 ἱστορίαν
1806 2311 1835 2363 ὁ

261 2408 531 2477 προφήτης
549 2403 655 2475 τὴν
677 2405 796 2456 τότε
815 2403 915 2471 τῆς
940 2402 1006 2456 ἰε
1016 2401 1298 2474 ρουσαλὴμ
1315 2403 1619 2473 γενομένην
1635 2404 1834 2472 αἰχμα-

264 2499 471 2561 λωσίαν,
491 2495 859 2568 προφητικῶς
883 2494 941 2547 δὲ
973 2495 1065 2547 καὶ
1092 2492 1455 2565 ἀληθέστερον
1474 2493 1573 2563 τὴν
1597 2493 1691 2546 ἐπὶ
1707 2493 1836 2546 Ῥωο

265 2591 422 2660 μαίων
452 2590 598 2660 αὐτῇ
635 2585 921 2659 συμϐᾶσαν
949 2585 1037 2639 διὰ
1075 2586 1172 2656 τὴν
1206 2585 1299 2638 τοῦ
1332 2584 1570 2656 Χριστοῦ
1594 2586 1837 2657 παράνο-

264 2700 354 2753 μον
378 2683 611 2753 τόλμαν.
631 2681 780 2733 Ἑκεῖ
811 2679 909 2750 μὲν
936 2678 1048 2748 γὰρ
1080 2680 1143 2731 ὲκ
1182 2676 1500 2741 Βαϐυλῶνος
1532 2676 1836 2748 ἀνεκλήθη-

264 2793 376 2840 σαν,
425 2775 567 2844 μετὰ
599 2774 658 2828 δὲ
692 2773 790 2845 τὴν
830 2772 937 2825 ὑπὸ
971 2770 1265 2841 Ῥωμαίων
1309 2769 1581 2825 ἀνάλωσιν
1627 2769 1834 2823 οὐκέτι.

272 2868 627 2938 Ἀναφέρεται
655 2866 712 2919 δὲ
736 2865 807 2919 τὰ
836 2863 1205 2934 γεγραμμένα
1256 2862 1349 2916 καὶ
1381 2863 1470 2916 ἐπὶ
1498 2861 1705 2933 ψυχὴν,
1743 2862 1836 2914 ὲκ-

263 2961 520 3014 πεσοῦσαν
580 2944 684 3029 μὲν
729 2959 829 3028 τῆς
869 2957 1094 3028 ἀρετῆς,
1124 2954 1549 3025 κατενεχθεῖσαν
1574 2953 1632 3008 δὲ
1661 2955 1742 3017 εἰς
1770 2953 1839 3007 τὰ

262 3053 349 3124 τῆς
375 3053 581 3116 καικίας
616 3051 755 3119 εἴδη,
785 3052 879 3106 καὶ
905 3049 994 3104 διὰ
1020 3049 1181 3102 τοῦτο
1220 3052 1278 3102 ὲν
1318 3048 1577 3119 συγχύσει
1604 3047 1837 3116 γενομέ-

262 3163 374 3217 νηνο
399 3144 664 3199 Βαϐυλὼν
691 3144 799 3214 γὰρ
828 3144 1133 3213 σύγχυσις
1162 3140 1530 3213 ἑρμηνεύεται
1554 3156 1567 3170 ·
1604 3139 1699 3193 καὶ
1734 3138 1840 3192 ὑπὸ

262 3237 356 3290 Ιιῶν
381 3236 595 3307 νοητῶν
625 3235 905 3305 πολεμίων
921 3230 1493 3304 αἰχμαλωτισθεῖσαν.

327 3329 635 3403 «Ἑγενὴθη
689 3330 764 3394 ὠς
810 3312 976 3400 χήρα.
1011 3347 1030 3379 ι
1076 3327 1184 3381 Τοῦ
1232 3327 1467 3398 νυμφίου
1511 3323 1842 3396 στερηθεῖσα

264 3423 429 3494 λόγου.
474 3472 491 3483 τ

327 3533 344 3564 ι
371 3512 832 3586 Πεπληθυσμένη.
871 3529 890 3563 ι
937 3511 1003 3564 Ἦ
1055 3508 1245 3580 πρώτη
1293 3505 1564 3580 ἱπρώην]
1624 3506 1841 3581 πλήρης

262 3605 464 3674 ἀγαθῶν
481 3606 789 3676 λογισμῶν.

328 3700 643 3771 ι’Δρχουσα
670 3701 728 3752 ὲν
755 3696 985 3768 χώραις.
1020 3715 1039 3748 ι
1084 3695 1150 3749 Ἦ
1192 3693 1301 3747 τῶν
1349 3692 1561 3748 κακιῶν
1607 3693 1842 3765 ἐπικρα-

261 3786 412 3842 τοῦσα
442 3790 728 3859 ὑπόφορος
760 3786 988 3850 ταύταις
1016 3786 1264 3855 γέγονεν.

330 3900 347 3933 ι
389 3882 679 3937 Κλαεουσα
726 3880 1016 3934 ἔκλαυσεν.
1072 3897 1091 3931 ι
1160 3880 1247 3934 Ἐν
1301 3881 1368 3950 τῇ
1420 3878 1684 3949 ἐπαγωγῇ
1733 3874 1842 3929 τῶν

263 3973 471 4045 ἐχθρῶν.
490 3972 697 4027 ’ἰστέον
737 3972 795 4024 δὲ
838 3970 915 4033 ὡς
957 3969 1104 4040 ψυχὴ
1161 3969 1560 4041 ἁμαρτάνουσα
1593 3969 1650 4020 ὲν
1684 3965 1841 4019 νυκτὶ

262 4066 479 4132 γίνεται,
515 4060 918 4136 μακρυνομένη
942 4059 1040 4114 τοῦ
1076 4060 1260 4113 Ἠλίου
1290 4060 1387 4129 τῆς
1425 4056 1799 4127 δικαιοσύνης.

326 4176 344 4207 ι
367 4158 488 4211 Ἐπὶ
519 4155 637 4209 τῶν
668 4152 954 4221 σιαγόνων.
983 4153 1226 4223 »Ὠσπερ
1246 4151 1478 4220 νοοῦμεν
1502 4148 1837 4219 ὀφθαλμοὺς,

264 4244 390 4300 οὓτω
434 4247 692 4315 λέγονται
745 4245 840 4297 καὶ
892 4242 1144 4311 σιαγόνες
1187 4242 1388 4312 ψυχῆς,
1429 4240 1496 4294 δι’
1518 4241 1586 4306 ἃς
1615 4239 1715 4303 τὰς
1743 4238 1840 4293 τοῦ

263 4336 405 4406 λόγου
432 4340 701 4409 τρέφεται
735 4337 1134 4406 [reponendum
1161 4336 1376 4390 videtur
1404 4332 1641 4406 τροφὰς]
1674 4332 1841 4385 δυνά-

268 4446 393 4498 μεις,
424 4430 868 4485 καταλεαινουσα
898 4428 1106 4492 ταύτας
1134 4428 1229 4482 καὶ
1263 4426 1668 4498 μαρυκωμένη.

332 4541 349 4573 ι
378 4523 485 4575 Καὶ
530 4522 634 4591 οὐχ
686 4520 933 4591 ὑπῆρχεν
964 4522 992 4572 ὁ
1020 4518 1360 4588 παρακαλῶν
1392 4518 1589 4587 αὐτήν.
1615 4536 1633 4568 ι
1687 4517 1842 4571 Κατὰ

271 4614 355 4681 μὲν
382 4614 475 4686 τὴν
503 4614 774 4684 ἱστορίαν,
805 4614 889 4666 ὅτι
915 4612 1010 4666 ὲπὶ
1041 4612 1253 4674 πάντας
1282 4607 1349 4680 ἦν
1379 4612 1411 4681 ἡ
1442 4611 1604 4682 ὀργὴ.
1626 4610 1720 4663 καὶ
1742 4611 1843 4663 οὐκ

269 4704 338 4760 [rt
358 4707 539 4777 ἕτερος
573 4706 665 4760 τὸν
697 4707 885 4778 ἕτερον
916 4705 1369 4777 παρεκάλει.Ἔτι
1397 4702 1561 4776 [ἔστι]
1592 4704 1648 4756 δὲ
1678 4706 1840 4770 νοεῖν,

268 4798 339 4850 ὅτι
365 4800 412 4851 οἱ
443 4799 639 4869 πρώην
670 4798 994 4866 ἀγαπῶντες
1049 4796 1152 4866 τὴν
1183 4797 1364 4866 ψυχὴν
1396 4797 1545 4863 ἅγιοι
1591 4793 1837 4862 ἄγγελοι,

2432 2228 2662 2286 CAPUT
2729 2224 3018 2282 PRIMUM.

2013 2336 2031 2367 ι
2071 2317 2140 2371 Ει
2183 2318 2384 2375 factum
2423 2332 2528 2377 est.
2576 2340 2594 2372 ι
2656 2321 2842 2376 Plorat
2891 2318 3112 2388 quidem
3160 2316 3425 2386 prephcta
3455 2316 3525 2372 ad

1936 2411 2220 2465 veritatem
2256 2413 2494 2470 historia:
2523 2414 2915 2484 captivitatem,
2943 2426 3106 2480 quam
3143 2420 3274 2465 tunc
3299 2408 3527 2465 Jerusa-

1938 2497 2042 2553 lem
2093 2516 2252 2570 passa
2304 2513 2427 2558 est:
2483 2505 3032 2574 propheticeautem
3070 2510 3126 2556 et
3154 2500 3341 2555 verius
3374 2514 3521 2567 eam,

1937 2606 2099 2661 quam
2129 2610 2158 2647 a
2187 2592 2445 2649 Romanis
2486 2612 2642 2665 passa
2678 2603 2783 2657 est.
2817 2603 3038 2663 propter
3068 2593 3368 2648 nefandum
3399 2607 3522 2648 sce-

1938 2683 2022 2737 lus
2040 2684 2094 2738 in
2118 2683 2415 2740 Christum.
2444 2685 2597 2740 Tunc
2619 2685 2764 2740 enim
2787 2700 2818 2738 e
2839 2684 3109 2754 Babylone
3135 2681 3344 2737 reducti
3374 2691 3526 2747 sunt,

1939 2788 1989 2830 at
2015 2786 2135 2847 post
2157 2778 2357 2834 illatam
2380 2778 2681 2833 allomanis
2719 2778 2930 2833 ruinam
2959 2790 3238 2844 nunquam
3265 2774 3523 2844 amplius.

1939 2868 2219 2935 Quadrant
2244 2870 2407 2924 etiam
2428 2885 2551 2940 qua;
2601 2870 2803 2940 scripta
2828 2876 2956 2923 sunt
3006 2867 3062 2921 in
3110 2867 3378 2928 animam.
3406 2879 3531 2935 qua:

1940 2961 2139 3017 virtute
2178 2962 2457 3024 exciderit,
2506 2971 2561 3017 et
2604 2962 2659 3016 in
2705 2961 2853 3016 varia
2913 2958 3276 3029 improbitatis
3330 2971 3532 3029 genera

1940 3055 2162 3125 delapsa
2211 3056 2281 3111 ob
2320 3056 2372 3110 id
2423 3056 2478 3109 in
2532 3055 2857 3111 confusione
2892 3052 3069 3124 posita
3110 3052 3183 3107 sit
3220 3070 3234 3105 :
3294 3051 3533 3122 Babylon

1940 3161 2177 3215 namque
2242 3147 2479 3219 confusio
2522 3147 2917 3217 interpretatur
2956 3162 2970 3198 :
3021 3151 3079 3199 et
3122 3159 3151 3198 a
3197 3142 3536 3213 spiritalibus

1940 3236 2191 3292 hostibus
2220 3238 2489 3307 captivata
2519 3238 2608 3292 sit.

2011 3326 2077 3383 ν.
2118 3330 2169 3383 l.
2210 3349 2230 3381 ς
2267 3330 2431 3386 Facta
2456 3338 2539 3386 est
2563 3329 2719 3400 quasi
2751 3330 2933 3384 vidua.
2977 3346 2996 3379 ι
3037 3327 3273 3398 Sponsa,
3305 3325 3537 3382 rationis

1941 3421 2170 3484 lumine.
2203 3423 2434 3492 privata.
2618 3434 2623 3438 ‘

2025 3531 2045 3567 ι
2079 3512 2266 3568 Plena.
2309 3534 2327 3567 ι
2366 3513 2531 3569 Plena
2579 3531 2757 3586 nuper
2811 3515 3079 3569 bonarum
3120 3511 3533 3586 cogitationum.

2021 3706 2041 3739 ‹
2078 3687 2342 3757 Princeps
2371 3687 2423 3741 in
2457 3687 2773 3757 provinciis.
2810 3706 2828 3738 ι
2872 3686 3004 3752 Qum
3037 3686 3185 3741 vitiis
3214 3685 3540 3741 dominaba-

1943 3787 2051 3841 tur.
2085 3780 2192 3834 illis
2221 3780 2504 3834 tributaria
2534 3779 2672 3834 facta
2699 3788 2806 3835 est.

2014 3869 2080 3925 ν.
2106 3871 2161 3925 2.
2190 3891 2208 3922 ι
2233 3870 2460 3925 Plorans
2494 3869 2747 3939 ploravit.
2779 3890 2797 3920 ιι
2826 3869 2883 3922 In
2914 3868 3242 3923 adductione
3266 3859 3532 3924 hbstium.

1943 3960 2239 4017 Sciendum
2267 3976 2432 4032 porro
2460 3960 2721 4021 animam.
2755 3975 2879 4013 cum
2911 3969 3118 4028 peccat,
3154 3968 3316 4011 nocte
3350 3959 3530 4024 obrui,

1941 4056 2133 4127 procul
2171 4071 2200 4110 a
2240 4053 2368 4109 Sole
2393 4052 2622 4123 iustitiae
2645 4051 3020 4118 constitutam.

2021 4168 2047 4202 «ι
2076 4148 2138 4203 In
2179 4146 2429 4201 maxillis.
2480 4165 2498 4196 ι
2544 4144 2699 4199 Sicut
2738 4142 3093 4214 intelligimus
3124 4140 3333 4206 oculos,
3377 4140 3450 4195 ita
3477 4147 3535 4197 et

1943 4241 2138 4297 anima:
2176 4239 2443 4304 maxillas,
2470 4253 2566 4308 per
2595 4253 2732 4307 quas
2758 4236 2987 4291 rationis
3015 4235 3178 4289 alitur
3203 4233 3359 4302 cibis,
3390 4248 3537 4289 com-

1943 4336 2201 4389 minuens
2229 4349 2324 4388 eos
2354 4340 2413 4387 ct
2439 4330 2743 4385 ruminans.

2023 4533 2041 4566 ι
2080 4514 2148 4569 Et
2192 4529 2301 4568 non
2366 4520 2450 4567 est
2489 4510 2581 4582 qui
2629 4509 2947 4565 consoletur
2979 4522 3120 4563 eam.
3162 4525 3181 4557 ι
3220 4504 3537 4562 Secundum

1945 4607 2228 4663 historiam
2250 4605 2495 4676 quidem,
2542 4604 2802 4674 quoniam
2827 4602 2904 4656 ira
2940 4601 3200 4657 saeviebat
3230 4600 3284 4654 in
3316 4616 3536 4667 omnes,

1947 4711 2124 4767 neque
2169 4703 2286 4749 tum
2336 4694 2475 4748 alter
2519 4693 2749 4747 alterum
2792 4690 3201 4747 consolabatur.
3230 4690 3383 4744 Licet
3406 4703 3540 4743 vero

1945 4788 2109 4843 etiam
2142 4785 2464 4856 intelligere,
2490 4795 2711 4840 sanctos
2731 4784 2971 4854 angelos,
3000 4782 3093 4853 qui
3124 4781 3278 4852 prius
3299 4781 3537 4836 animam

270 4886 384 4942 ὅταν
428 4889 573 4960 ἐκδῷ
618 4890 818 4959 ἑαυτὴν
871 4890 938 4960 τῇ
986 4888 1177 4958 κακία,
1221 4886 1618 4957 ἀπαράκλητον
1668 4887 1836 4955 αὐτὴν

1965 4878 2261 4950 liligebaut,
2318 4891 2444 4930 cum
2494 4875 2585 4929 illa
2641 4873 2992 4943 semetipsam
3044 4872 3190 4927 vitiis
3238 4871 3535 4934 dediderit.

274 4979 440 5035 ἐῶσιν.

339 5093 356 5125 ι
388 5076 593 5140 Πάντες
625 5078 675 5128 οἱ
710 5077 1014 5144 φιλοῦντες,
1047 5092 1066 5125 ι
1104 5071 1551 5143 Παραὸαίνοντες
1603 5070 1673 5124 τὰ
1722 5069 1843 5125 θεῖα

275 5166 461 5237 νόμιμα
492 5171 542 5223 οἱ
575 5167 1047 5240 τῆςἹερουσαλὴμ
1076 5169 1383 5238 οἰκήτορες,
1416 5167 1512 5218 καὶ
1540 5164 1845 5236 ψευδοπρο-

276 5255 456 5325 φῆται·
495 5260 591 5312 καὶ
619 5261 668 5312 οἱ
694 5258 888 5331 πρώην
917 5258 976 5312 δὲ
1005 5257 1465 5331 προσποιούμενοι
1496 5256 1595 5326 τὴν
1629 5254 1845 5308 τοιάνδε

277 5344 436 5419 ψυχὴν
481 5354 702 5424 ἀγαπᾷν
760 5352 1063 5423 ἀκάθαρτοι
1116 5350 1393 5420 δαίμονες,
1423 5349 1635 5420 ἐχθρῶν
1686 5349 1845 5418 δίκην

281 5438 635 5513 ὲπιχαὶρουσιν
667 5448 732 5515 τῇ
767 5444 940 5513 αὐτῆς
971 5446 1199 5496 πτώσει.

347 5550 364 5582 ι
392 5535 712 5607 Μετῳκίσθη
758 5534 1010 5589 Ἰουδαῖοι.
1038 5554 1056 5584 ι
1102 5533 1156 5584 Ἀ
1169 5534 1235 5585 πὸ
1264 5531 1359 5586 τοῦ
1389 5533 1555 5585 τόπου
1582 5530 1681 5601 τῆς
1710 5533 1843 5603 ἀρε-

283 5619 367 5693 τῆς
395 5627 474 5688 εἰς
496 5627 586 5680 τὸν
609 5631 709 5697 τῆς
743 5628 963 5691 κακίας.

349 5734 365 5767 ι
387 5718 493 5771 Καὶ
521 5720 626 5774 ἀπὸ
657 5721 916 5792 πλήθους.
942 5740 958 5771 ι
1006 5721 1391 5793 Ἀφαιρεθεῖσα
1424 5720 1531 5790 γὰρ
1558 5720 1659 5791 τῆς
1687 5718 1845 5790 δόξης

285 5799 344 5877 ἧς
370 5806 526 5881 εἶχεν,
554 5815 629 5880 εἰς
657 5815 901 5869 δονλεξαν
932 5814 1310 5887 παραδίδοται.

1952 4970 2072 5025 sine
2101 4967 2473 5023 consolatione
2501 4981 2621 5020 eam
2651 4965 2979 5034 relinquere.

2031 5081 2049 5113 ι
2084 5060 2287 5116 Omnes
2325 5057 2483 5113 amici
2509 5057 2647 5126 ejus.
2681 5077 2700 5109 ι
2740 5055 3193 5110 Praevaricatores
3225 5055 3540 5109 divinarum

1953 5158 2131 5228 legum
2169 5154 2474 5209 habitantes
2517 5149 2855 5207 Jerusalem.
2909 5156 2966 5204 et
3023 5144 3539 5219 pseudOprophetat.

1952 5262 2008 5307 et
2059 5250 2153 5321 qui
2198 5248 2352 5318 prius
2407 5248 2548 5300 hanc
2611 5243 2879 5312 ejusmodi
2955 5242 3197 5297 animam
3246 5255 3435 5294 amare
3465 5240 3541 5293 si-

1952 5344 2233 5399 mulabant
2262 5339 2459 5420 impuri
2488 5339 2787 5402 daemones,
2809 5336 2983 5389 instar
3010 5333 3252 5388 hostium
3285 5334 3352 5387 de
3385 5331 3539 5386 illius

1953 5438 2110 5493 ruina
2133 5437 2403 5490 laetantur.

2025 5525 2089 5581 Υ.
2121 5526 2174 5580 5.
2217 5543 2235 5575 ι
2266 5523 2520 5593 Migravit
2544 5521 2753 5576 Judaca.
2800 5537 2816 5569 ι
2863 5515 2905 5571 Ε
2941 5515 3160 5571 virtutis
3194 5516 3314 5570 loco
3338 5513 3403 5569 ad
3437 5516 3540 5570 im-

1950 5617 2240 5690 probitatis
2270 5617 2471 5671 locum.

2029 5732 2047 5764 (
2078 5713 2147 5767 Et
2175 5717 2400 5782 propter
2428 5704 2855 5762 multitudinem.
2891 5721 2907 5752 ι
2936 5700 3113 5758 Gloria
3137 5698 3357 5772 quippe,
3378 5712 3539 5770 quam

1953 5805 2185 5861 habebat
2208 5801 2457 5871 spoliata,
2496 5797 2743 5853 servituti
2774 5788 3052 5851 traditur.~
