3942 6404
398 281 498 347 ἹΞῚ
1487 317 2006 378 oua-1910mm
2042 321 2576 386 ALEXANDRINI
3564 332 3673 394 7‘28

472 430 491 462 ι
527 410 684 467 Sedit
706 415 757 468 in
788 419 1060 486 gentibus.
1103 442 1119 472 ι
1161 424 1459 482 εὶάιιωτοηε
1479 431 1628 483 enim
1655 431 1949 485 adversarii

2159 453 2179 486 ι
2202 438 2486 494 Ἐκάθισεν
2515 444 2578 495 ὲν.
2598 443 2797 497 Evasi.
2831 462 2852 494 ι
2888 445 3260 514 Προστεθείσα
3286 445 3395 515 γὰρ
3435 449 3552 509 τοῖς
3584 450 3672 501 ὲν-

398 503 556 574 longe
593 505 732 562 facta
773 519 856 564 est
881 527 911 565 a
947 513 1132 583 quiete
1164 516 1278 571 Dei.

2089 529 2311 593 αντίοις,
2340 534 2662 606 ἐμακρύνθη
2689 536 2790 607 τῆς
2821 536 3184 599 ἀναπαύσεως
3210 537 3305 588 τοῦ
3335 537 3498 592 Θεοῦ.

473 611 494 645 ι
527 596 1028 666 Apprehendcrunt
1077 620 1216 658 eam.
1257 627 1276 658 ι
1331 609 1610 666 Divertcns
1643 613 1788 668 enim
1821 615 1947 669 hom

2162 645 2183 677 ι
2215 596 2530 682 Κατέλαϐον
2569 596 2812 701 αὑτήν.»
2861 633 3190 700 Ἐκτραπεὶς
3233 635 3340 703 γὰρ
3385 633 3668 702 ἄνθρωπος

395 700 429 736 e
463 684 546 738 via
607 687 696 740 Dei
750 689 1046 746 all‘cctuum
1101 710 1293 750 servus
1327 699 1401 764 fit,
1441 701 1852 766 tribulantibus,
1883 708 1950 761 ail

2086 718 2150 771 ἐκ
2183 722 2280 788 τῆς
2307 721 2428 774 ὁδοῦ
2461 722 2554 775 τοῦ
2585 684 3084 794 Θεοῦ-ὑποχείριος
3133 684 3256 788 τοῖς.
3295 684 3494 779 πάθεσι
3524 727 3672 795 γίνε-

397 776 626 844 impuris
692 781 1033 839 dmmonibus
1090 805 1102 840 :
1180 791 1440 858 quoniam
1526 795 1689 864 igitur
1753 798 1950 854 affectu

2237 776 2276 788 .-
2730 776 2742 788 .
2837 776 3080 794 ηδε-τη.
3148 776 3244 788 η.
3537 776 3642 795 ,η-

2082 826 2191 878 ται,
2217 811 2530 878 θλιϐόντων,
2549 816 2703 886 φησι,
2722 817 2832 869 τῶν
2861 818 3190 888 ἀκαθάρτων
3214 819 3521 886 δαιμόνων·
3543 821 3668 874 ἐπεὶ

393 867 633 924 animam
687 870 1092 944 insequuntur,
1132 888 1188 933 et
1233 897 1426 936 eorum
1477 886 1802 942 excitatores
1869 893 1949 944 the

2180 867 2190 878 .
2519 867 2572 884 ,.
2611 867 2643 886 ,ν
2676 867 2703 879 ν.
3221 867 3480 886 ---τ---πν
3545 867 3668 874 --τν-

2081 897 2175 954 οὖν
2206 903 2272 956 τὰ
2305 904 2454 975 πάθη
2492 906 2892 961 καταδιώκουσι
2927 909 3028 979 τὴν
3054 909 3254 977 ψυχὴν,
3288 909 3382 960 καὶ
3421 911 3469 961 oi
3511 910 3668 980 ἐνερ-

394 972 605 1024 mones,
637 963 884 1033 prrecipit
921 966 1217 1037 Apostolus
1246 972 1436 1028 dicens
1468 993 1481 1027 :
1525 976 1710 1047 Fugite
1743 982 1980 1050 [arnica-

391 1048 583 1106 tionem
600 1054 663 1107 ³⁸.

463 1143 525 1200 V.
547 1147 600 1202 4.
641 1168 660 1200 ι
693 1149 806 1207 γεω
833 1152 966 1208 Sion
1014 1156 1221 1229 lugent.
1264 1181 1282 1213 ι
1330 1162 1530 1220 Tribus
1555 1169 1681 1222 anni
1716 1173 1975 1240 tempori-

386 1235 487 1293 bus
513 1239 630 1309 lege
673 1252 936 1301 statutum
963 1259 1082 1305 erat
1107 1267 1271 1308 omne
1300 1259 1662 1314 masculinum
1692 1262 1802 1317 Deo
1833 1265 1972 1327 sisti.

385 1327 439 1382 in
489 1329 720 1401 Pascha,
775 1336 829 1390 in
881 1338 1018 1394 festo
1069 1343 1456 1415 Primitiarum,
1498 1359 1554 1404 et
1589 1350 1968 1426 Scenopegia:

384 1419 469 1474 his
545 1423 728 1495 itaque
794 1431 968 1486 tribus
1030 1433 1417 1494 festivitatibus
1484 1441 1657 1498 Judari
1730 1419 1971 1518 undique

379 1510 680 1570 Jerusalem
713 1525 1068 1578 conveniunt.
1119 1526 1432 1584 Secundum
1476 1533 1758 1591 historiam
1807 1539 1970 1609 igitur

381 1605 604 1660 nemine
653 1611 784 1664 Sion
827 1623 1046 1682 petente
1102 1619 1172 1672 ob
1203 1621 1437 1676 civitatis
1476 1629 1819 1684 eversionem
1870 1633 1967 1687 vita

383 1695 587 1765 lugent.
633 1699 738 1757 Sed
777 1707 1076 1762 secundum
1109 1709 1424 1770 interiorem
1472 1733 1714 1786 sensum,
1746 1723 1966 1778 institu—

381 1787 557 1844 tiones
581 1809 678 1862 per
705 1811 840 1865 quas
897 1799 1060 1854 homo
1113 1803 1177 1856 ad
1234 1806 1488 1863 virtutem
1546 1811 1850 1879 ingreditur
1907 1818 1962 1872 in

375 1895 612 1939 maerore
644 1895 789 1954 sunt,
831 1889 1120 1948 deﬁciente
1144 1895 1538 1954 addiscentium
1570 1905 1771 1959 studio.

445 2193 464 2223 ι
517 2171 718 2229 Omnes
767 2188 936 2247 portae
989 2181 1129 2251 ejus.
1183 2203 1202 2236 ι
1246 2186 1509 2245 Doctores
1560 2193 1652 2261 qui
1701 2212 1802 2251 nec
1857 2198 1956 2266 ipsi

368 2279 598 2336 regnum
657 2269 752 2324 Dei
834 2271 1250 2345 ingrediuntur,
1305 2288 1362 2334 et
1411 2283 1682 2342 adeuntes
1765 2292 1956 2358 ρίου-ἱ-

366 2357 514 2414 bent.

443 2468 462 2501 ι
526 2448 853 2510 Sacerdotes
902 2457 1044 2526 ejus.
1089 2479 1108 2512 ι
1160 2461 1240 2516 Ad
1295 2463 1573 2522 litteram:
1640 2471 1774 2536 Quia
1847 2492 1954 2531 non

363 2550 495 2596 sunt
517 2543 610 2614 qui
659 2545 896 2603 oll‘crant
924 2567 939 2616 ;
970 2552 1289 2620 Spiritaliter
1314 2598 1329 2621 ,
1375 2558 1750 2619 Sacerdotales
1780 2567 1954 2621 virtu-

366 2629 434 2682 tis
490 2632 675 2698 modi,
731 2647 1028 2705 sacrantes,
1069 2641 1288 2698 virtutis
1340 2661 1542 2715 mores,
1589 2651 1717 2720 quia
1791 2670 1956 2711 nemo

363 2723 617 2778 accurrit.

440 2833 460 2866 ε
501 2815 752 2886 Virgines
796 2823 938 2891 ejus.
991 2843 1011 2876 ι
1054 2824 1257 2900 Integri
1293 2829 1703 2905 incorruptique
1748 2854 1948 2905 mores,

362 2921 471 2960 non
502 2907 670 2964 libere
693 2913 1008 2982 gradientes.
1033 2929 1255 2990 prOpter
1281 2923 1620 2981 mortiferam
1654 2931 1946 3002 magistro»-

361 3004 484 3047 rum
515 2993 880 3054 traditionem.

431 3080 498 3137 ν.
530 3083 585 3139 5.
623 3103 641 3135 ι
681 3085 830 3143 Facti
861 3101 991 3147 sunt
1021 3095 1349 3155 tribulan-tes
1383 3116 1526 3158 eam.
1562 3123 1580 3156 ι
1622 3104 1793 3164 Valde
1823 3111 1948 3165 elati
1977 3133 2020 3189 ρ

360 3181 491 3227 sunt
522 3173 826 3247 Babylonii,
864 3190 918 3236 et
950 3181 1150 3240 funesti
1185 3187 1486 3246 daemones.

437 3280 464 3314 ι
495 3262 717 3322 Parvuli
765 3270 907 3338 ejus.
954 3291 972 3324 ι
1031 3275 1100 3328 Ει
1145 3279 1236 3346 qui
1274 3292 1500 3351 propter
1553 3297 1835 3355 peceatum
1893 3292 1948 3346 in

355 3352 625 3422 judicium
661 3363 842 3416 vocari
874 3379 984 3419 non
1018 3380 1267 3435 possunt,
1305 3373 1371 3427 ad
1406 3391 1622 3444 poenam
1659 3391 1948 3449 parentum

362 3443 504 3500 mala
558 3447 659 3518 ipsi
709 3449 913 3508 ferunt.
953 3455 1049 3512 Vel
1105 3462 1364 3528 parvulos
1410 3443 1570 3522 vocat
1618 3443 1837 3528 sanctos
1879 3475 1949 3528 ob

358 3537 534 3606 plebis
583 3554 804 3611 peccata
861 3559 1114 3616 vexatos,
1171 3555 1257 3608 vel
1319 3558 1562 3626 parvula
1617 3561 1814 3617 anima:
1871 3581 1949 3619 eae

360 3639 510 3696 sunt,
539 3649 661 3704 qua:
696 3652 820 3692 cum
867 3639 1038 3696 Deum
1087 3645 1268 3701 colere
1314 3665 1492 3718 nuper
1539 3654 1855 3723 coepissent,
1892 3669 1949 3712 et

359 3725 415 3775 in
468 3740 634 3780 cursu
681 3729 944 3785 virtutum
1002 3734 1166 3805 lapsae
1211 3749 1427 3806 essent,
1475 3743 1543 3798 ad
1587 3745 1716 3801 vitia
1768 3749 1946 3804 redie-

357 3825 506 3870 runt.
1395 3891 1400 3896 δ

431 3927 450 3959 ι
489 3911 632 3966 Ante
673 3912 892 3970 faciem.
928 3937 946 3968 ι
985 3917 1087 3984 Qui
1122 3920 1176 3974 in
1210 3923 1582 3992 captivitatem
1616 3941 1788 4002 agunt
1815 3943 1944 3988 ante

353 4015 412 4052 se
459 4002 685 4059 mittunt
738 4022 960 4075 pueros,
1021 4023 1332 4084 coguntque
1388 4017 1498 4082 ire;
1567 4021 1674 4077 hoc
1737 4024 1946 4080 facimit

351 4090 632 4149 diemones
685 4101 1077 4170 compellentes
1132 4105 1370 4160 animam
1439 4124 1770 4183 quocunque
1835 4116 1940 4171 illis

353 4183 595 4244 libuerit.

424 4275 486 4330 V.
519 4279 572 4334 6.
611 4299 631 4332 ι
670 4284 858 4339 Omnis
887 4285 1054 4342 decor
1091 4291 1228 4359 ejus.
1271 4313 1290 4345 ι
1327 4294 1408 4351 Ad
1449 4296 1686 4350 litteram
1716 4297 1936 4367 quidem

352 4369 640 4438 templum,
672 4373 862 4445 legalis
896 4379 1110 4445 cultus;
1142 4384 1207 4438 ad
1247 4400 1468 4442 sensum
1499 4396 1683 4442 autem
1713 4389 1936 4459 spirita-

351 4460 481 4516 lem.
518 4462 610 4518 Dei
635 4467 898 4535 cognitio,
930 4479 1152 4538 propter
1173 4474 1455 4531 inductum
1485 4488 1791 4548 peccatum.

427 4571 454 4602 ι·
485 4551 635 4609 Facti
686 4566 836 4613 sunt.
869 4577 888 4611 ι
938 4561 1065 4616 Sive
1113 4566 1448 4630 sacerdotes,
1483 4569 1600 4625 sive
1635 4571 1744 4626 alio
1774 4572 1936 4627 modo

351 4644 543 4712 populi.
561 4646 752 4714 duces,
782 4665 892 4704 non
924 4652 1189 4710 habentes
1212 4657 1448 4727 amplius
1470 4660 1563 4730 qui
1596 4661 1702 4717 illis
1730 4663 1940 4733 aliquid

349 4735 633 4792 nti’errent.
668 4739 916 4798 lnteriori
960 4759 1089 4798 vero
1128 4761 1313 4812 sensu,
1344 4749 1481 4816 Quia
1520 4765 1808 4824 peccatum
1848 4757 1935 4810 in-

349 4835 465 4880 star
500 4830 647 4883 venti
688 4834 898 4888 urentis
937 4836 1233 4894 exsiccavit
1271 4856 1368 4897 eos
1404 4843 1495 4913 qui
1535 4846 1591 4900 in
1631 4847 1935 4919 disciplinis

345 4925 505 4971 erant
559 4936 882 4991 progressus
934 4926 1160 4995 facturi,
1216 4933 1502 4992 doctorum
1556 4938 1931 4997 institutiones

346 5023 545 5080 pascua
574 5028 685 5067 non
718 5013 1025 5074 inveniunt.

419 5123 438 5155 ‹
476 5105 546 5161 Et
580 5109 828 5164 abibant.
866 5132 883 5164 ι
924 5113 1061 5169 Dum
1089 5118 1511 5187 abducerentur,
1540 5124 1634 5188 ait,
1671 5124 1738 5180 ad
1767 5126 1934 5196 capti-

347 5193 589 5261 vitatem,
632 5198 828 5254 robore
869 5203 1116 5261 destituti
1165 5217 1314 5262 sunt.
1360 5209 1456 5265 Vel
1496 5221 1561 5268 et.
1601 5213 1701 5283 sic,
1741 5193 1932 5272 contra

344 5299 632 5353 peccatum
686 5292 924 5360 intueri,
972 5307 1026 5351 et
1085 5299 1158 5354 illi
1217 5302 1471 5358 resistere
1522 5321 1632 5360 non
1681 5307 1928 5363 valentes

341 5379 601 5438 inlirmati
635 5395 784 5439 sunt.

416 5474 476 5525 ν.
511 5474 561 5529 7.
597 5495 616 5528 ι
650 5477 951 5536 Recordata
988 5494 1068 5539 est
1093 5485 1416 5542 Jerusalem.
1450 5507 1468 5540 ι
1495 5489 1552 5544 in
1573 5493 1918 5559 memoriam,

339 5567 435 5621 ait.
481 5581 752 5625 venerunt
786 5574 998 5631 dierum
1053 5589 1178 5634 ante
1234 5596 1387 5636 suam
1444 5582 1915 5652 bumiliatiouem,

438 5767 482 5800 ⁵¹⁵
523 5765 537 5820 Ι
567 5769 690 5829 Cor.
724 5790 785 5842 tt,
823 5779 898 5833 13.

2080 994 2304 1061 γοῦντες
2333 996 2474 1048 αὐτὰ
2505 997 2791 1066 δαίμονες,
2845 998 3219 1067 παραγγέλλει
3276 1002 3304 1052 ὁ
3344 999 3668 1066 Ἀπόστολος

2079 1085 2250 1155 λέγων
2270 1103 2282 1115 ·
2318 1089 2571 1157 Φεύγετε
2609 1089 2726 1156 τὴν
2759 1091 3066 1158 πορνείαν.

2155 1197 2172 1230 ι
2198 1179 2338 1232 ὐδοὶ
2368 1180 2508 1234 Σιὼν
2545 1180 2822 1236 πενθοῦσι.
2857 1201 2874 1233 ι
2919 1183 3079 1252 Τρεῖς
3107 1186 3335 1254 καιροὺς
3360 1184 3455 1237 τοῦ
3481 1187 3666 1240 ἐνιαυ-

2075 1266 2170 1320 τοῦ
2203 1268 2493 1321 ἐκέλευσεν
2523 1271 2552 1323 ὁ
2582 1269 2749 1339 νόμος
2777 1271 2958 1325 πάντα
2980 1271 3050 1324 τὰ
3070 1272 3340 1343 ἀρσενικὰ
3366 1273 3448 1344 τῷ
3473 1276 3666 1346 Κυρίῳ

2075 1359 2384 1428 φαίνεσθαι,
2416 1359 2495 1430 τῷ
2543 1362 2758 1430 Πάσχα,
2795 1364 2861 1432 τῇ
2894 1365 3055 1434 ἑορτῇ
3107 1364 3216 1416 τῶν
3268 1367 3662 1436 Πρωτογεννη·

2077 1452 2286 1520 μάτων,
2321 1453 2416 1506 καὶ
2462 1455 2530 1523 τῇ
2584 1455 2970 1524 Σκηνοπηγίᾳ·
3021 1459 3077 1508 ὲν
3129 1457 3358 1520 ταύταις
3405 1454 3498 1511 οὖν
3541 1461 3662 1521 ταῖς

2070 1546 2254 1615 τρισὶν
2299 1547 2516 1615 ὲορταῖς
2560 1547 2610 1598 οἱ
2658 1545 2995 1616 πανταχόθεν
3028 1548 3275 1603 Ἰουδαῖοι
3305 1549 3661 1620 συνέρχονται

2070 1639 2150 1702 εἰς
2183 1638 2560 1709 Ἰερουσαλήμ.
2599 1638 2757 1690 Κατὰ
2780 1640 2963 1692 τοίνυν
3009 1641 3110 1710 τὴν
3161 1641 3404 1713 ἱστορίαν
3442 1643 3659 1706 οὐδενὸς

2003 1773 2042 1826 Β
2070 1731 2369 1802 ἐρχομένου
2399 1733 2456 1784 ὲν
2481 1733 2546 1802 τῇ
2577 1730 2715 1784 Σιὼν
2751 1731 2839 1785 διὰ
2868 1731 2966 1802 τὴν
3005 1735 3372 1826 κατασκαφὴν
3402 1736 3657 1826 Δἰε’ῖγςγίιιό-

2069 1820 2207 1884 λεως
2239 1820 2529 1874 πενθοῦσιν
2556 1819 2764 1874 αῑόδοί.
2799 1820 2943 1891 Πρὸς
2975 1821 3032 1873 δὲ
3059 1822 3324 1888 διάνοιαν,
3354 1823 3427 1876 τὰ
3466 1824 3655 1891 διδάγ-

2072 1931 2239 1982 ματα,
2273 1913 2339 1965 δι’
2384 1906 2460 1966 ὧν
2509 1913 2820 1984 εἰσέρχεται
2852 1912 3144 1984 ἄνθρωπος
3171 1916 3251 1976 είς
3295 1915 3395 1984 τὴν
3427 1915 3654 1986 ἀρετὴν,

2068 2006 2125 2056 ἐν
2158 2004 2436 2074 κατηφείᾳ
2463 2004 2604 2056 εἰσὶν
2624 2043 2639 2067 ,
2673 2004 3007 2074 ἐκκοπείσης
3033 2003 3135 2073 τῆς
3166 2003 3509 2074 προθεσμίας
3539 2003 3651 2077 lla.

2067 2096 2403 2168 προθυμίας]
2439 2095 2548 2148 τῶν
2579 2095 2986 2164 μανθανόντων.

2141 2207 2158 2238 ι
2193 2189 2372 2240 Πᾶσαι
2407 2187 2464 2240 αἱ
2496 2186 2682 2240 πύλαι.
2717 2205 2736 2237 ›
2775 2186 2840 2239 Ol.
2867 2184 3210 2248 διδάσκαλοι,
3242 2186 3292 2238 οἱ
3323 2187 3462 2256 μήτε
3496 2185 3655 2240 αὐτοὶ

2066 2281 2445 2349 εἰσερχόμενοι
2473 2278 2552 2340 είς
2587 2277 2689 2347 τὴν
2740 2276 3023 2347 βασιλείαν
3069 2278 3163 2330 τοῦ
3198 2275 3359 2340 Θεοῦ,
3395 2277 3492 2330 καὶ
3523 2279 3654 2341 τοὺς

2063 2371 2396 2443 ἐρχομένους
2421 2368 2751 2430 κωλύοντες.

2139 2463 2368 2532 ιἹερείς
2399 2463 2590 2532 αὐτῆς.
2621 2481 2639 2512 ι
2688 2461 2836 2531 Πρὸς
2877 2460 2976 2530 μὲν
3020 2459 3083 2513 τὸ
3127 2458 3312 2531 ῥητὸν,
3341 2459 3429 2513 διὰ
3469 2459 3532 2514 τὸ
3572 2460 3654 2532 μὴ

2061 2549 2201 2606 εἶναι
2249 2553 2377 2615 τοὺς
2419 2553 2830 2624 προσφέροντας
2850 2568 2864 2582 ·
2897 2551 3033 2622 πρὸς
3057 2551 3115 2605 δὲ
3141 2552 3402 2618 διάνοιαν,
3437 2553 3487 2606 οἱ
3534 2553 3651 2622 ἱερ-

2059 2645 2253 2716 ουργοὶ
2299 2645 2398 2715 τῆς
2441 2646 2646 2716 ἀρετῆς
2678 2645 2894 2716 τρόποι,
2919 2644 3008 2698 διὰ
3035 2643 3095 2698 τὸ
3126 2644 3334 2716 μηδένα
3370 2648 3650 2717 προστρέ-

2096 2757 2195 2792 ειν.

2061 2757 2454 2900 χεἰνίῐαρθένοι
2484 2831 2674 2900 αὐτῆς.
2707 2850 2724 2882 ι
2759 2833 2821 2884 Οἱ
2856 2832 2985 2884 σῶοι
3034 2831 3131 2885 καὶ⁸
3175 2832 3398 2900 ἄμωμοι
3427 2831 3647 2902 τρόποι,

2059 2925 2120 2976 οὐ
2152 2924 2275 2978 κατ’
2305 2923 2558 2987 ἐξουσίαν
2590 2923 2903 2994 βαδίζοντες
2931 2924 3020 2977 διὰ
3042 2925 3142 2994 τὴν
3169 2922 3497 2994 φθοροποιὸν
3533 2923 3648 2979 τῶν

2056 3013 2394 3069 διδασκάλων
2421 3015 2747 3086 παράδοσιν.

2131 3127 2150 3158 ι
2200 3109 2482 3176 Ἐγένοντο
2521 3109 2571 3160 οἱ
2605 3106 2883 3170 θλίϐοντες
2924 3107 3117 3177 αὐτὴν.
3153 3127 3171 3159 ι
3217 3107 3647 3180 Ὑπερεπήρθη-

2056 3219 2155 3254 σαν
2180 3201 2534 3264 Βαϐυλώνιοι,
2568 3202 2664 3254 καὶ
2687 3201 2738 3253 οἱ
2768 3201 3044 3272 ἀλιτήριοι
3078 3201 3359 3272 δαίμονες.

2134 3314 2152 3346 ι
2188 3293 2269 3346 Τὰ
2303 3295 2474 3364 νήπια
2507 3293 2699 3363 αὐτῆς.
2731 3313 2749 3345 ι
2801 3293 2912 3348 Καὶ
2941 3293 3011 3346 τὰ
3041 3296 3210 3364 μήπω
3255 3295 3322 3347 δι’
3358 3293 3643 3364 ἁμαρτίας

2054 3384 2352 3451 κρινόμενα
2397 3383 2492 3436 ἐπὶ
2539 3382 2815 3452 τιμωρίαν
2850 3383 2957 3436 τῶν
2990 3384 3373 3453 γεννησάντων
3397 3383 3644 3452 πάσχου-

2055 3491 2160 3527 σιν.
2193 3477 2269 3528 Ἣ,
2297 3475 2393 3527 καὶ
2435 3476 2607 3544 νήπια
2644 3474 2772 3536 τοὺς
2812 3474 3003 3541 ἁγίους
3033 3477 3222 3538 καλεῖ,
3249 3473 3638 3544 ταλαιπώρου-

2055 3568 2254 3636 μένους
2283 3567 2374 3619 διὰ
2403 3566 2505 3628 τὰς
2530 3565 2640 3618 τῶν
2667 3565 2886 3619 πολλῶν
2921 3566 3220 3637 ἁμαρτίας,
3252 3567 3285 3636 ἢ
3318 3567 3412 3620 καὶ
3442 3567 3639 3637 νήπιαι

2049 3657 2221 3730 ψυχαὶ
2259 3659 2315 3712 αἱ
2348 3658 2472 3728 ἄρτι
2502 3658 2776 3714 θεοσεϐεῖν
2827 3658 3134 3730 ἀρξάμεναι
3158 3701 3173 3726 ,
3201 3661 3297 3713 καὶ
3329 3660 3638 3713 ὀκλάσασαι

2050 3749 2183 3818 περὶ
2209 3749 2304 3802 τὸν
2335 3749 2537 3820 δρόμον
2566 3750 2667 3820 τῆς
2709 3751 2937 3820 ἀρετῆς,
2965 3751 3060 3804 καὶ
3094 3751 3511 3824 ὑποστρέψασαι
3551 3750 3636 3814 είς

2047 3839 2148 3911 τὴν
2180 3841 2402 3895 κακίαν.

2126 3954 2148 3987 ι
2177 3935 2334 3989 Κατὰ
2363 3933 2679 4006 πρόσωπον.
2715 3954 2734 3986 ι
2765 3934 3359 4005 Οἱάἰχμαλωτεύοντες
3390 3936 3638 4006 ἐμπροσ-

2049 4026 2140 4079 θεν
2195 4027 2482 4096 βάλλοντες
2548 4026 2617 4080 τὰ
2688 4026 2866 4097 βρέφη
2923 4027 3300 4095 ἀναγκάζουσι
3359 4027 3628 4097 βαδίζειν·

2046 4117 2190 4172 οὕτω
2219 4119 2275 4172 δὲ
2306 4117 2556 4171 ποιοῦσιν
2585 4119 2682 4171 καὶ
2703 4121 2751 4172 οἱ
2780 4118 3056 4189 δαίμονες,
3087 4119 3508 4185 συνελαύνοντες
3529 4121 3630 4192 τὴν

2044 4210 2226 4280 ψυχὴν
2265 4212 2344 4273 εἰς
2377 4211 2405 4264 ὃ
2445 4209 2748 4280 βούλονται.

2123 4321 2140 4352 ι
2174 4303 2331 4356 Πᾶσα
2359 4305 2391 4373 ή
2425 4302 2733 4372 εὐπρέπεια
2766 4301 2961 4372 αὐτῆς.
3006 4321 3034 4352 ι-
3063 4302 3208 4373 Πρὸς
3246 4303 3344 4372 μὲν
3373 4303 3436 4356 τὸ
3464 4303 3626 4374 ῥητὸν

2042 4393 2071 4444 ὁ
2097 4392 2246 4456 ναὸς,
2277 4395 2309 4463 ἡ
2340 4395 2542 4465 νομικὴ
2573 4396 2832 4466 λατρεία·
2868 4398 3009 4467 πρὸς
3037 4397 3094 4450 δὲ
3126 4398 3388 4462 διάνοιαν,
3427 4401 3460 4469 ἡ
3507 4397 3628 4452 θεο-

1968 4469 2015 4526 Ῑ)
2042 4485 2250 4554 γνωσία
2277 4486 2367 4540 διὰ
2395 4489 2496 4558 τὴν
2523 4490 2622 4558 τῆς
2653 4488 2934 4559 ἁμαρτίας
2966 4491 3294 4566 ἐπαγωγὴν.

2115 4597 2134 4628 ι
2180 4578 2480 4647 Ἐγένοντο.
2517 4600 2535 4632 ι
2575 4580 2700 4633 Εἴτε
2741 4583 2790 4634 οἱ
2836 4582 3035 4652 ἱερεῖς,
3079 4583 3189 4635 εἴτε
3229 4583 3324 4635 καὶ
3351 4583 3402 4635 οἱ
3446 4581 3622 4646 ἄλλως

2037 4671 2336 4742 ἡγούμενοι
2365 4672 2460 4725 τοῦ
2488 4672 2643 4736 λαοῦ,
2681 4674 2866 4726 οὐκέτι
2890 4673 3104 4744 ἔχοντες
3134 4675 3259 4737 τοὺς
3282 4674 3622 4744 προσφέρον-

2035 4765 2136 4829 τάς
2167 4782 2220 4818 τι
2259 4766 2464 4829 αὐτοῖς.
2510 4765 2654 4836 Πρὸς
2693 4766 2750 4819 δὲ
2779 4751 3046 4830 διάνοιαν,
3091 4769 3192 4838 τῆς
3225 4767 3509 4837 ἁμαρτίας
3545 4764 3622 4818 δί-

2037 4874 2141 4928 κην
2196 4856 2510 4921 καύσωνος,
2561 4858 2689 4922 τοὺς
2741 4861 2799 4912 ἐν
2856 4861 2922 4929 τῇ
2988 4857 3226 4930 μαθήσει
3282 4858 3620 4927 προκόπτειν

2039 4947 2334 5020 μέλλοντας
2386 4949 2854 5021 ἀποξηρανάσης,
2897 4951 2945 5003 οἱ
2999 4951 3374 5005 διδασκαλικοὶ
3424 4952 3618 5023 τρόποι

2034 5040 2133 5110 οὐχ
2173 5041 2490 5111 εὑρίσκουσι
2524 5042 2721 5112 νομήν.

2113 5149 2131 5182 ι
2173 5130 2285 5184 Καὶ
2336 5131 2686 5203 ἐπορεύοντο.
2726 5153 2744 5185 ι
2801 5134 3288 5207 Συνελαυνόμενοι,
3314 5138 3503 5208 φησιν,
3534 5141 3613 5203 είς

2034 5223 2134 5294 τὴν
2177 5224 2598 5295 αἰχμαλωσίανο
2648 5226 2834 5279 οὐκέτι
2883 5225 3130 5298 ἴσχυσαν.
3170 5230 3240 5282 Ἢ
3286 5233 3381 5284 καὶ
3420 5231 3619 5297 οὕτως,

2035 5315 2370 5388 ὴσθένησαν,
2410 5318 2733 5389 ἁντωπῆσαι
2777 5321 2872 5374 καὶ
2905 5321 3225 5386 ἀντιστῆναι
3261 5326 3328 5394 τῇ
3368 5311 3620 5396 ἇμαρτίᾳ

2037 5408 2114 5479 μὴ
2141 5408 2481 5479 δυνηθέντες.

2108 5515 2126 5547 ι
2171 5497 2452 5569 Ἐμνήσθη
2488 5499 2871 5570 Ἰερουσαλήμ.
2906 5520 2924 5552 ι
2950 5503 3044 5564 Εἰς
3066 5502 3396 5574 ἀνάμνησιν,
3427 5507 3614 5573 φησὶν,

2028 5583 2192 5659 ἦλθον
2245 5591 2355 5644 τῶν
2405 5591 2511 5661 πρὸ
2558 5592 2658 5661 τῆς
2711 5595 3096 5660 ταπεινώσεως
3142 5597 3315 5668 αὐτῆς
3366 5599 3614 5670 ἡμερῶν,
