3942 6428
259 353 348 413 ῖ29
568 358 569 361 “
1224 362 1688 425 FRAGMENTA
1729 368 1811 427 IN
1851 370 2122 431 JEREM.
2166 373 2521 434 LAMENT.‘
3395 379 3497 448 730

257 459 349 512 τῶν
376 459 459 510 ὅτε
485 456 662 528 ᾤκουν
683 459 782 530 τὴν
823 461 1199 534 Ἰερουσαλὴμ,
1225 471 1318 520 καὶ
1339 466 1486 540 εἶχον
1514 473 1614 536 τὰς
1646 492 1798 544 προσ-

1925 496 2039 532 eum
2075 461 2396 534 habitabant
2424 480 2745 547 Jerusalem,
2776 493 2830 536 et
2859 484 3163 540 oblationes
3203 487 3496 545 habebant.

253 548 407 619 φοράς
432 564 445 577 ·
478 550 510 619 ἢ
536 550 632 603 καὶ
673 551 894 615 οὖτως.’
928 553 1023 618 Ei;
1064 558 1372 628 dtdpvch
1403 559 1567 632 ἦλθον
1597 567 1706 618 τῶν
1735 570 1798 619 οίι

1925 569 2015 622 Vel
2047 580 2101 621 et
2133 570 2210 622 sic
2247 587 2260 623 :
2298 569 2652 638 Propriorum
2683 573 3008 629 delictorum
3047 579 3312 632 recordati
3348 590 3498 646 sunt,

251 641 401 694 κείων
454 641 910 712 ἁμαρτημάτων,
968 645 1036 698 δι’
1095 648 1131 702 ἃ.
1188 649 1414 718 γέγονεν
1464 658 1543 718 εἰς
1606 659 1798 726 αἰχμα·

251 731 464 784 λωσίαν.

1925 671 2138 730 propter
2174 678 2297 730 qua:
2329 663 2616 732 captivitas
2650 665 2818 720 venit.

315 840 334 876 ι
365 825 552 878 Πάντα
580 824 648 878 τὰ
682 827 1099 898 ἐπιθυμήματα.
1140 853 1158 884 ι
1203 835 1349 906 Πρὸς
1381 838 1480 906 μὲν
1523 839 1584 892 τὸ
1625 842 1798 910 ρητὸνε

1927 834 1932 838 ’
1990 855 2008 888 ι
2045 837 2301 893 Omnium
2325 839 2740 896 desideriorum.
2770 862 2788 895 ι
2817 844 2897 898 Ad
2925 845 3181 908 litteram.
3209 849 3492 918 templum,

246 916 271 967 ὁ
295 913 434 978 ναὸς,
465 916 524 967 αἱ
554 916 914 988 πανηγύρεις,
946 922 1001 972 αἱ
1040 922 1250 988 θυσίαι,
1279 926 1335 977 αί
1367 929 1702 997 προσφοραὶ,
1743 932 1798 983 τὸ

1925 929 2316 995 solemnitates,
2381 933 2672 999 sacriﬁcia,
2733 935 3070 1002 oblationes,
3127 953 3256 992 vasa
3315 955 3497 995 saera.

249 1005 352 1074 ἱερὰ
379 1004 575 1076 σκεύη.
593 1007 736 1077 Πρὸς
754 1008 811 1060 δὲ
832 1009 1068 1063 διάνοιαν
1086 1029 1100 1042 ·
1121 1013 1485 1086 Ἀνεμνήσθη,
1517 1021 1672 1088 φησὶ,
1702 1021 1810 1072 τῶν

245 1095 536 1166 ἐπιθυμιῶν
569 1097 761 1170 αὐτῆς,
795 1093 883 1163 αἷς
911 1101 1392 1176 ἑξακολουθήσασα
1423 1109 1648 1178 γέγονεν
1688 1113 1811 1182 αίχο

247 1183 497 1254 μὰλωτος.

307 1295 324 1327 ι
368 1276 592 1341 Ἰδόντες
623 1281 674 1332 oi
711 1281 900 1352 ἐχθροὶ
930 1285 1104 1355 αὐτῆς
1136 1288 1424 1355 ἐγέλασαν.
1458 1309 1477 1342 ι
1517 1292 1807 1361 Πεφύκασι

243 1366 340 1438 γὰρ
366 1369 412 1422 οἱ
445 1369 702 1440 δαίμονες
735 1375 876 1442 μετὰ
895 1376 956 1430 τὸ
987 1380 1316 1434 καταϐαλεῖν
1346 1382 1445 1454 τὴν
1465 1383 1666 1455 ψυχὴν,
1684 1387 1806 1438 τότε

243 1461 322 1512 καὶ
349 1462 616 1532 ἐπιγελᾷν
653 1465 792 1536 αὐτῇ
805 1505 818 1520 .

305 1569 323 1603 ι
365 1552 673 1625 Ἀμαρτίαν
711 1558 982 1629 ἥμαρτεν.
1021 1580 1040 1613 ι
1091 1564 1207 1626 Πᾶς
1259 1566 1366 1635 μὲν
1397 1567 1426 1619 ὀ
1471 1567 1808 1638 ἁμαρτάνων

159 1657 166 1665 ·
239 1643 380 1713 δῆλον
425 1645 509 1698 ὅτι
565 1647 666 1717 τὴν
714 1650 1000 1722 ἁμαρτίαν
1035 1656 1364 1724 ἐργάζεται·
1415 1659 1694 1730 ἁμαρτίαν
1747 1662 1804 1714 δὲ

239 1737 568 1808 ἁμαρτάνειν
598 1739 840 1809 λέγεται,
872 1747 900 1796 ὁ
923 1747 982 1798 ὲν
1012 1747 1214 1815 γνώσει
1240 1750 1590 1820 ἁμαρτάνων.
1618 1755 1804 1807 Αἱνίτ-

1849 1717 1853 1720 ,
1908 1659 2121 1704 cantem
2207 1660 2493 1720 peceatum
2565 1652 2897 1716 admittere;

1915 1019 2090 1075 Sensu
2133 1037 2262 1077 vero
2305 1024 2556 1093 mystico,
2591 1028 2876 1082 recordata
2921 1038 3026 1093 est,
3059 1029 3155 1095 ait,
3191 1031 3490 1086 desiderio-

1911 1127 2032 1166 rum
2059 1129 2307 1180 suorum,
2335 1131 2456 1185 qua:
2481 1127 2706 1183 sectata,
2736 1120 2952 1188 captiva
2979 1120 3121 1176 facta
3138 1131 3243 1176 est.

1986 1305 2004 1336 ι
2054 1284 2312 1340 Videntes
2371 1287 2577 1342 inimici
2635 1290 2754 1359 ejus
2815 1291 3071 1345 riserunt.
3119 1309 3140 1343 ι
3198 1292 3486 1363 Proprium

1908 1377 2110 1446 quippe
2162 1379 2469 1432 daemonum
2516 1389 2619 1443 est,
2668 1382 2760 1436 ubi
2806 1384 3042 1437 animam
3063 1386 3486 1454 prostraverint,

1913 1478 2040 1522 tunc
2071 1469 2235 1523 etiam
2269 1469 2517 1524 irridere.

1978 1556 2044 1610 ν.
2077 1558 2130 1612 8.
2167 1577 2184 1609 ι
2215 1558 2507 1612 Peccatum
2537 1559 2801 1628 peccavit.
2833 1579 2849 1610 ι
2881 1559 3077 1629 Liquet
3106 1575 3323 1616 onmem
3353 1577 3482 1631 pec-

2985 1663 3268 1722 peecatum
3354 1670 3494 1707 verol

1909 1757 2135 1811 peccare
2196 1742 2243 1796 is
2297 1743 2520 1807 dicitur,
2577 1745 2670 1812 qui
2729 1745 2964 1798 scienter
3028 1754 3237 1814 peccat.
3302 1745 3494 1798 lnnuit-

238 1846 372 1884 τεται
397 1831 455 1884 δὲ
483 1833 617 1895 τοὺς
656 1835 944 1898 Ἰουδαίους
971 1880 985 1903 ,
1018 1840 1102 1894 ὅτι
1142 1843 1234 1896 τὸν
1260 1811 1798 1916 ττροκηρυττόμενον,

1925 1849 2070 1888 )orro
2124 1833 2372 1898 Judaeos,
2424 1835 2516 1904 qui
2585 1811 3127 1904 prmnuntiat‘um—et
3198 1846 3486 1905 exspecta-

239 1922 319 1974 καὶ
364 1924 824 1996 προσδοκώμενον
873 1930 965 1983 ὑπ’
1017 1934 1198 1988 αὐτῶν
1233 1937 1458 2006 Κύριον,
1494 1956 1806 2010 παραγεγοο

238 2011 348 2063 νὰτα
378 2014 760 2086 ἐσταύρωσαν.

299 2120 316 2156 ι
352 2103 560 2168 Πάντες
593 2106 644 2159 oi.
667 2108 985 2174 δοξάζοντες
1010 2112 1202 2181 αὐτήν.
1241 2132 1259 2164 ι
1300 2114 1447 2183 Πρὸς
1475 2116 1574 2184 μὲν
1614 2118 1798 2188 ῥητὸν,

238 2196 262 2263 ἡ
293 2198 579 2270 συναγωγὴ
611 2201 1115 2269 αἰχμαλωτισθεῖσα
1137 2243 1152 2266 ,
1197 2210 1333 2277 πρὸς
1373 2208 1430 2260 δὲ
1461 2208 1724 2271 διάνοιαν,
1766 2211 1798 2281 ή

242 2290 458 2358 εμαρτίᾳ
488 2291 728 2346 νοσοῦσα
773 2292 920 2364 ψυχὴ
947 2335 962 2362 ,
1005 2297 1104 2366 τῆς
1143 2297 1314 2368 ὀρθῆς
1343 2299 1590 2363 στάσεως
1627 2319 1799 2371 παρα-

238 2379 516 2447 κινηθεῖσα.

297 2491 314 2526 ι
335 2475 749 2531 Ἐταπείνωσαν
777 2479 971 2550 αὐτήν.
997 2500 1017 2533 ι
1043 2481 1115 2535 ’Ἡ
1142 2484 1191 2536 οί
1217 2483 1474 2554 δαίμονες
1494 2529 1506 2552 ,
1533 2487 1582 2539 οἱ
1609 2488 1797 2557 πρώην

235 2566 382 2640 αὐτὴν
408 2571 876 2642 ἁναπτεροῠντες,
896 2575 984 2628 ὅτε
1021 2575 1206 2639 αὐτοῖς
1236 2576 1392 2631 ἔθυεν
1417 2579 1451 2648 ή
1479 2581 1793 2650 συναγωγὴ,

234 2657 318 2723 οὓς,
350 2661 437 2713 καὶ
485 2660 728 2734 ὕστερον
775 2665 1130 2736 ἀπεστράφη,
1178 2668 1210 2738 ἢ
1262 2670 1358 2722 καὶ
1389 2673 1445 2722 αἱ
1481 2672 1590 2724 τῶν
1624 2674 1809 2740 ἁγίων-

234 2752 400 2819 ψυχαὶ,
437 2754 492 2805 αἱ
532 2755 609 2806 ἐκ
643 2754 942 2819 διαθέσεως
965 2759 1261 2825 ἀγαπῶσαι
1291 2761 1393 2831 τὴν
1419 2761 1796 2835 Ἰερουσαλὴμ,

236 2843 314 2892 καὶ
337 2841 552 2907 δοξάζον
566 2860 664 2898 σαι
686 2844 859 2916 αὐτὴν
891 2847 1340 2916 εύπράττουσαν,
1373 2851 1799 2922 ἁμαρτάνουσαν

237 2931 283 2984 δὲ
307 2934 808 3006 ἀποστρεφόμεναι.

298 3041 314 3074 ι
348 3021 493 3078 Εἶδον
534 3027 654 3099 γὰρ
684 3030 783 3100 τὴν
820 3029 1216 3101 ἀσχημοσύνην
1259 3033 1451 3103 αὐτῆς.
1488 3054 1506 3086 ι
1549 3037 1650 3090 Διὰ
1689 3039 1796 3108 γάρ

1909 1935 2021 1979 tum
2103 1925 2210 1980 illis
2283 1925 2610 1994 Dominum,
2668 1928 2756 1982 ubi
2821 1928 3078 1991 advenit,
3135 1929 3190 1982 in
3265 1943 3490 1982 crucem-

1903 2024 2155 2085 egerunt.

1978 2128 1996 2159 ι
2035 2108 2240 2164 Omnes
2286 2109 2379 2180 qui
2429 2109 2806 2180 gloriﬁrabant
2857 2125 2998 2164 eam.
3039 2129 3059 2162 ι
3113 2109 3194 2164 Ad
3241 2111 3480 2165 litteram

1900 2202 2144 2271 quidem,
2170 2202 2451 2272 Synagoga
2510 2203 2566 2255 in
2620 2203 3004 2270 captivitatem
3042 2203 3205 2256 ducta
3253 2221 3266 2254 :
3314 2217 3479 2257 sensu

1898 2309 2030 2348 vero
2055 2293 2254 2358 altiori,
2279 2293 2566 2362 iniquitate
2589 2293 2845 2348 laborans
2875 2293 3086 2357 anima,
3104 2308 3134 2346 a
3158 2301 3310 2347 recte
3333 2303 3476 2348 statu

1899 2387 2122 2441 dimota.

1975 2498 1993 2529 ι
2032 2477 2472 2532 llumiliaverunt
2505 2477 2673 2530 illam.
2712 2495 2728 2526 ι
2767 2474 2860 2528 Vel
2891 2476 3168 2530 dzem-ones
3200 2475 3290 2544 qui
3326 2475 3476 2545 prius

1898 2584 2025 2623 eam
2094 2567 2386 2630 inﬂabant,
2440 2582 2562 2619 cum
2618 2565 2726 2618 illis
2779 2563 3056 2634 Synagoga
3113 2563 3475 2629 sacriﬁcabat,

1899 2676 2037 2729 quos
2066 2660 2230 2713 etiam
2265 2668 2543 2728 postremo
2585 2664 2829 2709 aversata
2869 2663 2952 2709 est
2981 2673 2994 2709 :
3021 2654 3104 2708 vel
3145 2655 3319 2707 etiam
3351 2669 3476 2707 san-

1899 2763 2110 2808 ctorum
2157 2751 2371 2812 animae,
2410 2765 2531 2818 qua:
2563 2764 2629 2802 ex
2664 2748 2827 2801 corde
2861 2746 3117 2800 amabant
3153 2745 3476 2809 Jerusalem,

1899 2859 2128 2914 eamque
2184 2851 2329 2896 recte
2386 2848 2640 2911 agentem
2690 2838 3100 2910 gl'orilicabant,
3157 2844 3474 2906 peccantem

1901 2954 2029 2992 vero
2058 2933 2509 2988 adversabantur.

1976 3046 1994 3080 ι
2019 3026 2290 3081 Viderunt
2309 3025 2456 3078 enim
2481 3020 2838 3091 ignominiam
2870 3019 3007 3089 ejus.
3036 3037 3054 3067 ι
3083 3017 3248 3072 Gravi
3275 3016 3477 3086 quippe

236 3109 318 3180 τῆς
347 3115 589 3187 σφοδρᾶς
621 3119 894 3189 τιμωρίας
936 3119 1394 3191 ἁνεκαλύφθησαν
1438 3127 1533 3178 καὶ
1595 3129 1798 3194 ἐφανεέ

1931 3118 2168 3190 upplicio
2201 3117 2430 3171 detecta:
2473 3123 2602 3168 sunt
2634 3123 2689 3166 et
2722 3112 2898 3181 palam
2950 3109 3104 3164 factae
3137 3108 3478 3178 iniquitates,

238 3200 463 3342 ςὼθησαν
486 3207 543 3258 αἱ
579 3207 852 3278 ἁμαρτίαι
873 3207 983 3273 ,δι’
1015 3207 1088 3270 ἃς,
1113 3210 1206 3262 καὶ
1237 3211 1336 3276 τὰς
1375 3217 1648 3288 τιμωρίας
1687 3220 1794 3271 ὑπ·-

265 3308 367 3342 ατη.

265 3308 367 3364 στη.

297 3405 314 3438 ι
351 3390 515 3459 Καίγε
569 3393 714 3464 αὐτὴ
757 3399 1117 3464 στενάζςυσα.
1159 3423 1177 3456 ι
1231 3405 1296 3457 Ἦ
1355 3403 1455 3472 μὲν
1502 3405 1794 3474 συναγωγὴ

240 3477 394 3534 οὐκέτι
419 3483 755 3542 δουλεύουσα
788 3490 1075 3563 δαίμοσιν·
1121 3497 1154 3566 ή
1185 3495 1242 3548 δὲ
1267 3496 1492 3566 τοιαύτη
1715 3499 1797 3559 εἰς

241 3574 568 3646 συναίσθησιν
603 3580 900 3652 ἐρχομένη,
948 3585 1041 3640 καὶ
1077 3587 1440 3653 στενάζουσα,
1473 3589 1567 3640 καὶ
1596 3589 1795 3658 τρόπον

239 3665 340 3718 τινὰ
366 3665 670 3742 βουλομένη
690 3675 1047 3742 ἁποποδίζειν
1088 3681 1154 3732 ἐκ
1199 3681 1308 3732 τῶν
1355 3681 1791 3750 ἁμαρτημάτων.

301 3773 317 3807 t
360 3759 698 3833 Ἀκαθαρσία
741 3767 913 3837 αὐτῆς
960 3770 1067 3840 πρὸ
1119 3770 1297 3823 ποδῶν
1347 3772 1538 3841 αὐτῆς.
1579 3792 1595 3822 ι
1651 3771 1794 3824 Ἀντὶ

240 3846 334 3913 τοῦ,
365 3855 781 3925 μεμολυσμέναι
815 3860 974 3915 εἰσίν.

302 3955 318 3988 ι
349 3941 733 4018 Ούκέμνήσθη
772 3947 986 4019 ἔσχατα
1006 3951 1200 4019 αὐτῆς.
1234 3971 1264 4004 ι-
1291 3953 1355 4006 Εἰ
1387 3952 1633 4023 ἐμνήσθη
1657 3994 1670 4017 τ
1698 3971 1794 4024 φη·

242 4028 327 4096 σὶν,
367 4034 442 4088 ὅτι
485 4040 643 4091 ἐστὶν
676 4042 1061 4107 ἁνταπόδοσις,
1101 4042 1248 4115 εἶχεν
1286 4046 1487 4114 ἑαυτῆς
1517 4045 1792 4098 ταπεινώ-

242 4137 334 4176 σειν
374 4129 468 4192 τὴν
507 4132 921 4203 ὑπερηφανίαν,
958 4135 1046 4190 ἵνα
1075 4137 1151 4206 μὴ
1182 4138 1324 4208 πέσῃ
1361 4137 1466 4190 ὑπὸ
1495 4137 1594 4208 τὴν
1631 4155 1794 4206 τιμω-

243 4215 370 4281 Ρίαν⁶
395 4223 421 4274 ὁ
452 4223 549 4292 μὲν
587 4227 695 4296 γὰρ
723 4226 1034 4297 ὑπέρογκος
1063 4228 1440 4292 ταπεινοῦται,
1463 4230 1491 4282 ὁ
1514 4229 1570 4282 δὲ
1597 4246 1794 4281 ταπει-

241 4307 311 4369 νδς
337 4311 584 4380 ὑψοῦται.

301 4418 318 4450 ι
347 4402 464 4470 Ἴδε,
510 4408 740 4477 Κύριος,
780 4425 800 4459 ι
854 4411 1276 4463 υίκειοποιεῖται
1321 4412 1348 4464 ὁ
1383 4411 1538 4480 ἅγιος
1583 4413 1794 4464 ἐκεῖθεν

245 4489 331 4543 τῶν
360 4495 777 4568 ἁμαρτανόντων
804 4501 872 4553 τὰ
902 4501 1389 4573 πλημμέληματα,
1417 4505 1513 4557 καὶ
1535 4503 1632 4575 τὴν
1653 4505 1794 4575 ὑπὲρ

246 4582 398 4640 αὐτῶν
427 4592 694 4660 προσάγει
728 4591 821 4660 δέη
831 4608 931 4646 σιν.

310 4693 326 4724 ι
364 4677 530 4744 Χεῖρα
573 4680 742 4734 αὑτοῦ
783 4681 1081 4745 ὲξεπέτασε
1117 4683 1339 4738 θλίϐων.
1383 4703 1401 4736 ι
1439 4685 1583 4756 Πρδς
1610 4685 1709 4754 μὲν
1735 4686 1796 4739 τὸ

252 4764 406 4832 ῥητὸν,
430 4771 698 4841 πρότερος
739 4774 767 4825 ὁ
805 4771 1149 4837 Βαϐυλώνιος
1175 4813 1195 4836 ,ι
1237 4774 1466 4846 ὕστερον
1503 4775 1560 4828 δὲ
1599 4776 1694 4828 καὶ
1746 4776 1795 4827 οἱ

261 4853 489 4926 Ῥωμαῖοι
516 4865 585 4917 τὰ
613 4863 932 4935 ἐπιθυμητὰ
964 4865 1155 4934 σκεύη,
1191 4868 1287 4920 καὶ
1322 4868 1423 4920 ὅσα
1443 4863 1511 4938 ἦν
1541 4866 1796 4931 ἀξιόλογα

251 4943 296 4996 έν
318 4951 374 5017 τῇ
399 4950 752 5024 Ἰερουσαλὴμ
782 4954 1087 5023 εἰλήφασιν.
1113 4956 1254 5026 Πρὸς
1277 4955 1335 5009 δὲ
1356 4956 1617 5019 διάνοιαν,
1649 4956 1798 5010 ἐτόλ-

254 5051 389 5102 μησε,
424 5045 608 5112 φησὶν,
644 5047 676 5116 ἡ
715 5045 906 5112 κακία,
929 5047 1256 5116 ὲφήπλωσεν
1295 5048 1496 5120 ἑαυτὴν
1511 5051 1656 5103 κατὰ
1698 5052 1798 5120 τῆς

252 5124 422 5200 Ψυχῆς,
450 5139 550 5188 καὶ.
571 5137 922 5191 ὲπεσκότισεν
952 5139 1123 5206 αὐτῆς
1163 5141 1262 5210 τὴν
1310 5140 1656 5212 ἐπιθυμητὴν
1681 5142 1799 5195 θεο-

254 5223 480 5284 γνωσίαν.

317 5332 333 5361 ί
366 5314 476 5368 Εἷδε
509 5319 615 5390 γάρ
648 5320 796 5390 ἔθνη.
829 5342 846 5374 ι
899 5323 1220 5377 Ἐκέλευσεν
1265 5325 1292 5376 ὁ
1325 5323 1458 5387 Θεὸς
1501 5325 1800 5387 Μωαϐίτας

259 5405 338 5456 καὶ
367 5404 692 5478 ’Λμμανίτας
722 5413 796 5482 μὴ
841 5414 922 5475 εἰς
976 5414 1273 5481 ἐκκλησίαν
1297 5416 1505 5484 Κυρίου
1537 5416 1795 5468 εἰσιέναι·

260 5485 603 5569 ἐρημωθείσης
632 5497 725 5554 οὖν
747 5501 847 5570 τῆς
891 5502 1282 5573 Ἰερουσαλὴμ,
1313 5504 1566 5574 εἰσῆλθον
1597 5505 1688 5557 καὶ
1711 5498 1800 5558 οὗ·

260 5596 329 5678 τοι
359 5587 430 5649 είς
453 5589 537 5641 τὸν
568 5594 714 5646 ναόν.
752 5592 894 5664 Πρὸς
938 5593 994 5647 δὲ
1026 5593 1288 5659 διάνοιαν,
1321 5594 1625 5664 ἀκάθαρτοι
1658 5613 1801 5659 τινες

262 5681 479 5750 λογισμοὶ
501 5686 578 5748 εἰς
608 5689 666 5740 τὸ
690 5689 886 5743 ἄδυτον
921 5693 1021 5761 τῆς
1051 5691 1229 5761 ψυχῆς
1259 5691 1570 5762 ἐχώρησαν.

323 5784 360 5818 ⁸⁸
387 5789 529 5850 Deut.
557 5814 612 5864 ιι,
637 5802 724 5853 29.

1899 3214 1968 3268 ob
1997 3226 2132 3281 quas
2163 3209 2327 3264 etiam
2355 3206 2532 3276 prauis
2559 3206 2773 3260 addicta
2801 3214 2904 3259 est.

1975 3428 1994 3460 ι
2038 3411 2216 3477 Atque
2255 3406 2370 3475 ipsa
2415 3419 2660 3475 gemens.
2700 3422 2718 3454 ι
2766 3401 3045 3474 Synagoga
3101 3400 3324 3471 quidem
3366 3413 3476 3452 non

1898 3498 2132 3568 amplius
2162 3495 2502 3550 daemonibus
2532 3493 2796 3558 serviens,
2830 3493 3098 3562 ejusmodi
3131 3505 3261 3544 vero
3294 3488 3478 3542 anima

1899 3588 1951 3640 in
1989 3603 2047 3642 se
2092 3585 2329 3649 rediens,
2361 3592 2414 3638 et
2461 3598 2706 3652 gemens,
2741 3590 2798 3634 et
2845 3580 3246 3651 quodammodo
3288 3577 3478 3632 volens

1897 3677 2093 3747 pedem
2121 3677 2190 3730 de
2223 3683 2448 3744 peccato
2476 3674 2774 3727 retrahere.

1969 3766 2032 3820 V.
2063 3767 2116 3820 9.
2156 3783 2174 3816 ι
2217 3762 2566 3818 lmmunditia
2611 3763 2732 3831 ejus
2773 3769 2900 3814 ante
2933 3758 3102 3828 pedes
3130 3757 3267 3828 ejus.
3309 3775 3327 3807 ι
3366 3754 3479 3811 lloc

1896 3865 1998 3924 est,
2029 3856 2246 3926 pollutae
2277 3861 2422 3908 sunt.

1973 3968 1991 3999 ι
2031 3948 2151 4001 Non
2180 3955 2262 4000 est
2292 3944 2573 4016 recordata
2602 3941 3026 3995 [levissimorum
3073 3952 3319 3992 suorum.
3357 3954 3376 3986 ι
3420 3935 3480 3990 Si

1899 4036 2180 4090 recordata
2222 4042 2389 4098 esset,
2414 4030 2611 4100 inquit,
2647 4028 3065 4082 retributionem
3115 4026 3290 4094 sequi,
3323 4040 3484 4078 suam-

1898 4129 2085 4198 utique
2120 4126 2430 4195 superbiam
2461 4121 2900 4192 compressisset,
2932 4135 3001 4172 ne
3037 4119 3212 4188 poenis
3242 4116 3477 4171 obnoxia

1898 4221 2054 4275 ﬂeret
2088 4235 2101 4272 :
2135 4217 2366 4272 inﬂatus
2396 4215 2544 4272 enim
2595 4213 2934 4275 bumiliatur,
2977 4220 3033 4264 at
3057 4208 3280 4264 humilis
3328 4207 3477 4261 exal-

1899 4321 2067 4367 tatur.

1973 4420 1992 4452 (
2040 4399 2196 4464 Vide,
2232 4397 2484 4454 Domine.
2530 4414 2550 4446 ι
2610 4394 2724 4450 Sibi
2778 4392 3001 4448 ascribit
3065 4391 3193 4446 inde
3256 4399 3480 4444 sanctus

1826 4474 1869 4528 Ῑ)
1899 4504 2250 4563 peccatorum
2282 4491 2500 4553 delicta,
2537 4497 2700 4557 atque
2737 4502 2836 4556 pro
2867 4485 2973 4539 illis
3003 4497 3193 4555 preces
3221 4481 3475 4537 eﬂ'undit.

1971 4689 2033 4742 ν.
2069 4688 2154 4740 lt).
2204 4707 2222 4738 ι
2259 4685 2476 4739 Manum
2529 4698 2684 4736 suam
2735 4680 2976 4736 extendit
3005 4678 3293 4734 tribulans.
3332 4695 3352 4730 ο
3395 4677 3478 4732 Ad

1897 4783 2131 4837 litteram
2163 4781 2374 4850 priores
2405 4775 2707 4845 Babylonii,
2740 4775 2940 4828 deinde
2981 4781 3035 4826 et
3073 4770 3302 4825 Romani
3333 4770 3480 4824 desi-

1897 4874 2158 4930 derabilia
2193 4887 2343 4932 vasa,
2372 4879 2427 4923 et
2455 4867 2717 4936 quidquid
2753 4873 2871 4919 erat
2915 4864 3216 4933 pretiosum
3257 4862 3481 4916 Jeroso-

1898 4967 2059 5037 lymis.
2091 4965 2461 5034 diripuerunt.
2512 4960 2593 5013 Ad
2649 4958 2980 5013 sententiam
3032 4964 3213 5009 autem
3262 4953 3477 5023 spirita-

1900 5061 2005 5115 lem
2037 5079 2050 5112 :
2082 5059 2250 5121 Ausa,
2283 5053 2483 5123 inquit,
2518 5061 2600 5105 est
2631 5049 2903 5118 nequitia;
2935 5048 3129 5101 eﬂ'udit
3168 5061 3230 5100 se
3266 5046 3318 5097 in
3359 5044 3484 5096 ani-

1899 5165 2078 5209 mam,
2123 5144 2653 5212 desiderabilemque
2710 5141 2762 5194 in
2826 5141 2915 5193 illa
2972 5138 3067 5191 Dei
3112 5136 3482 5208 cognitionem

1901 5241 2306 5296 obtenebravit.

1977 5351 1995 5382 ι
2040 5329 2181 5384 Vidit
2216 5329 2362 5383 enim
2401 5336 2610 5396 gentes.
2650 5343 2666 5374 ι
2700 5324 2947 5378 iusserat
2975 5320 3116 5374 Deus
3140 5319 3184 5350 ⁸ο
3219 5317 3476 5372 Μοιὼῑιιιε

1902 5431 1956 5476 et
1994 5421 2333 5475 Ammouitas
2382 5419 2434 5471 in
2489 5414 2702 5470 Domini
2732 5412 3016 5467 ecclesiam
3067 5425 3174 5462 non
3217 5403 3476 5477 ingredi:

1904 5511 2146 5567 desolata
2195 5510 2362 5580 igitur
2405 5507 2760 5576 Jerosolyma,
2790 5501 3022 5572 ingressi
3055 5508 3185 5554 sunt
3218 5495 3483 5565 templum

1905 5613 1960 5657 et
1987 5603 2088 5673 ipsi
2119 5621 2132 5656 :
2161 5599 2517 5670 spiritualiter
2540 5613 2693 5660 vero,
2719 5597 2947 5665 impurae
2989 5593 3235 5663 quaedam
3273 5588 3482 5661 cogita-

1908 5694 2085 5747 tiones
2117 5693 2169 5746 in
2199 5693 2314 5748 loca
2341 5690 2534 5745 anima:
2566 5697 2779 5744 secreta
2808 5691 3186 5756 penetrarunt.
