3942 6434
360 353 457 421 73!

1458 358 1975 420 OLYMPIODORI
2017 361 2313 420 ALEXAN
2324 362 2513 421 DRIX
2524 360 2545 420 ἰ

3530 360 3634 425 732

427 468 493 523 ν.
527 470 614 525 tl.
654 490 674 524 ι
701 470 1020 538 Quaerentes
1042 490 1294 545 paneum
1326 472 1424 528 Vel
1446 474 1787 543 corporalem
1818 489 1941 543 pro-

2124 493 2144 525 ς
2187 476 2486 544 Ζητοῦντες
2512 477 2692 548 ἄρτον.
2734 495 2751 527 ι
2793 476 2864 529 Ἦ
2890 475 2982 528 τὸν
3007 475 3263 545 αῑσοητδν
3293 475 3381 528 διὰ
3407 474 3508 546 τὴν
3535 492 3635 528 πο-

358 570 482 629 pter
503 559 883 632 obsidionem;
909 565 993 620 vel
1018 579 1351 626 sermonem,
1374 579 1485 632 quo
1501 564 1717 618 animus
1758 563 1942 621 alitur.

439 674 460 705 ‹
504 654 778 711 Dederunt
818 656 1222 713 desiderabilia.
1262 676 1280 709 ι
1328 656 1600 727 Tempore
1644 658 1946 714 obsidionis

361 744 629 815 quidquid
679 755 795 801 erat
843 749 1071 802 charum
1116 749 1338 810 dabant,
1374 756 1433 801 ut
1480 748 1632 801 cibos
1674 759 1943 814 emerent,

361 846 421 892 et
481 838 647 893 vitam
702 841 843 895 tueri
906 852 1164 910 possent,
1223 839 1681 909 deﬁcientemque
1737 842 1947 897 alerent

360 928 623 984 animam.
675 929 770 985 Vel
803 933 966 985 etiam
999 934 1077 986 sic
1112 950 1125 985 :
1161 931 1588 986 Desiderabilcm
1623 932 1717 987 Dei
1756 934 1947 1003 cogni-

363 1020 573 1075 tionem
604 1037 728 1076 cum
762 1023 1148 1092 perdidissent,
1183 1022 1386 1092 aliquid
1426 1038 1459 1079 e
1496 1025 1947 1095 pseudoprophe-

362 1111 435 1165 tis
483 1113 675 1167 audire
727 1115 1003 1179 volebant,
1035 1132 1144 1185 quo
1189 1126 1513 1172 mcerentem
1562 1119 1805 1174 animum
1858 1136 1947 1175 re—

369 1210 642 1260 crearent.

435 1290 499 1345 ν.
539 1293 629 1348 12.
662 1312 682 1346 ι
718 1295 823 1361 Qui
851 1298 918 1352 ad
948 1313 1044 1352 vos
1075 1313 1289 1353 omnes.
1333 1318 1351 1351 ι
1396 1299 1533 1354 Cum
1578 1309 1749 1355 staret
1787 1300 1949 1356 Jeru-

364 1381 560 1445 salem,
594 1400 690 1455 per
726 1388 963 1443 mediam
1010 1388 1159 1443 illam
1207 1390 1360 1445 ibant
1399 1406 1543 1461 saepe
1584 1393 1840 1461 viatores,
1873 1395 1948 1449 ibi

363 1471 528 1527 etiam
564 1477 931 1545 quiescentes.
975 1479 1179 1533 Eversa
1230 1480 1396 1550 igitur
1429 1491 1578 1537 extra
1628 1483 1772 1537 illam
1809 1498 1950 1553 pra:-

364 1559 620 1615 teribant.
651 1564 742 1620 Ait
769 1566 951 1635 itaque
989 1584 1001 1618 :
1035 1566 1115 1621 Ad
1152 1585 1270 1631 vos,
1300 1570 1556 1631 viatores,
1589 1571 1680 1641 qui
1705 1573 1950 1627 exterius

366 1652 810 1720 prmtercurritis,
844 1656 1008 1711 verba
1040 1657 1180 1713 facio
1205 1676 1219 1724 ;
1246 1670 1464 1714 mox-eat
1489 1676 1585 1715 vos
1614 1676 1797 1717 meum
1828 1672 1950 1719 tan—

367 1748 483 1794 tum
522 1741 741 1801 vulnus.
786 1744 1157 1815 Spiritualiler
1205 1766 1355 1816 vero,
1401 1750 1505 1816 Qui
1561 1768 1669 1807 non
1720 1764 1949 1819 rectam,

2050 564 2378 634 λιορκεαν,ἢ
2412 563 2506 618 τὸν
2529 567 2798 638 τρόφιμον
2822 567 2920 637 τῆς
2951 564 3132 635 ψυχῆς
3170 567 3353 633 λόγον,

2128 674 2146 703 ‹
2185 654 2434 708 Ἔδωκαν
2481 656 2550 709 τὰ
2595 656 3016 727 ἐπιθυμήματα.
3055 673 3073 706 ι
3122 653 3211 709 Ἐν
3249 658 3315 725 τῇ
3345 654 3637 725 πολιορκίᾳ

2049 745 2158 798 πᾶν
2184 746 2239 798 εἴ
2258 763 2312 797 τι
2342 746 2599 800 ἐκλεκτὸν
2627 750 2891 817 παρεῖχον
2907 748 2990 809 είς
3017 746 3162 817 ὠνὴν
3193 746 3522 817 βρωμάτων,
3545 745 3634 798 ἵνα

2051 835 2156 888 κᾶν
2203 834 2365 904 μόνον
2409 835 2685 905 ζὴσωσιν,
2731 837 2828 889 καὶ
2859 835 3100 905 θρέψωσι
3128 835 3228 906 τὴν
3265 834 3634 917 ἐκλείπουσαν

2047 926 2245 997 ψυχήν.
2283 929 2354 981 Ἢ
2395 927 2491 981 καὶ
2530 927 2741 990 οὕτως·
2775 926 2877 997 τὴν
2920 924 3271 995 ἐπιθυμητὴν
3297 923 3634 989 θεογνωσῑαν

2050 1018 2456 1088 προδεδωκότες
2481 1060 2496 1085 ,
2543 1019 2738 1089 ἧθελόν
2779 1035 2832 1070 τι
2872 1016 3096 1071 ἀκούειν
3127 1016 3280 1087 παρὰ
3309 1016 3416 1069 τῶν
3438 1013 3635 1083 ψευδο.

2050 1107 2370 1179 προφητῶν,
2396 1110 2483 1178 ἐφ’
2510 1102 2554 1177 ᾧ
2572 1107 2671 1178 τὴν
2694 1105 2906 1160 ἐαυτῶν
2931 1105 3171 1176 ἀθυμίαν
3196 1103 3560 1159 ἀνακτᾶσθαι.

2127 1304 2145 1337 ι
2189 1287 2251 1338 0t
2297 1287 2436 1357 πρδς
2468 1285 2615 1356 ὑμᾶς
2662 1284 2883 1346 πάντες.
2915 1301 2934 1333 ι
2982 1281 3257 1348 Ἑστώσης
3303 1279 3402 1348 τῆς
3442 1276 3639 1347 Ἱερουο

2052 1377 2269 1449 σαλὴμ,
2300 1377 2389 1432 διὰ
2425 1376 2597 1447 μέσης
2639 1376 2888 1440 ἐϐάδιζον
2931 1375 2982 1429 οι
3023 1372 3298 1444 ὁδοιπόροι
3343 1369 3633 1433 πολλάκις,

2052 1468 2146 1521 καὶ
2187 1468 2654 1536 διαναπαυόμενοι
2700 1468 2758 1519 ἑν
2807 1466 2972 1535 αὐτῇ.
3014 1462 3485 1531 Κατασκαφεὶσης
3543 1455 3637 1512 οὖν

2051 1558 2222 1626 αὐτῆς
2248 1595 2262 1621 ,
2302 1556 2506 1623 ἔξωθεν
2555 1557 2728 1626 αὐτῆς
2768 1557 3136 1627 παρήρχοντο.
3182 1553 3350 1623 Φησὶν
3392 1546 3509 1613 οὖν,
3552 1551 3637 1602 δτι

2064 1648 2265 1702 Ὀδίται
2287 1650 2336 1703 ot
2366 1648 2566 1715 ἔξωθέν
2599 1657 2665 1717 με
2693 1647 3155 1718 παρατρέχοντες,
3183 1645 3318 1714 πρὸς
3355 1643 3501 1712 ὑμᾶς
3544 1659 3636 1712 μοι
3738 1638 3745 1645 ’

2052 1742 2081 1794 ό
2115 1740 2268 1809 λόγος
2293 1757 2305 1770 ·
2339 1739 2735 1812 συμπαθήσατὲ
2769 1755 2860 1810 μοι
2894 1739 2985 1790 ἐπὶ
3035 1735 3113 1807 τῷ
3140 1734 3444 1805 τηλικούτῳ
3473 1733 3639 1804 τραύο

363 1830 460 1893 ait,
491 1841 547 1886 et
597 1833 891 1904 legitimam
950 1838 1202 1899 inceditis
1257 1842 1420 1907 viam,
1468 1844 1712 1899 dolorem
1756 1862 1940 1903 meum

2076 1849 2200 1887 ιατι.
2230 1832 2373 1904 Πρὸς
2402 1832 2459 1885 δὲ
2485 1831 2728 1886 διάνοιάν
2757 1848 2921 1901 φησιν
2943 1846 2959 1861 ο
2980 1830 3042 1883 Οῑ
3069 1827 3144 1899 μὴ
3173 1827 3273 1896 τὴν
3302 1825 3516 1880 εὐθεῖαν
3542 1826 3638 1879 καὶ

363 1918 613 1976 videntes
645 1926 1027 1984 convertimini
1059 1930 1126 1983 ad
1163 1929 1253 1984 Dei
1282 1932 1675 2001 cognitionem.

438 2122 457 2154 ι
500 2103 742 2161 Locutus
786 2108 840 2162 in
879 2124 986 2164 me.
1029 2129 1047 2161 ι
1090 2111 1324 2168 Minatus
1374 2114 1756 2185 redargutione
1799 2120 1943 2175 veri.-

2051 1924 2277 1992 ἔννομον
2325 1920 2634 1993 βαδίζοντες
2672 1920 2812 1985 όδδν,
2839 1921 2901 1974 τὸ
2936 1918 3071 1989 ἐμὸν
3105 1917 3334 1988 ἄλγημα
3360 1916 3637 1987 θεωροῦν-

2048 2033 2162 2079 τες,
2194 2012 2562 2084 ἐπιστρέψατε
2588 2015 2667 2077 εἰς
2698 2012 3053 2080 θεογνωσῑαν.

2125 2128 2143 2159 ι
2181 2108 2563 2177 Φθεγξάμενος
2590 2109 2648 2161 ἐν
2675 2109 2823 2178 ἐμοί.
2845 2125 2864 2157 ι
2898 2106 3228 2175 Ἀπειλήσας
3255 2101 3473 2173 ἐλεγμῷ
3501 2102 3636 2172 άλη-

364 2194 493 2248 tatis
523 2212 537 2248 :
567 2203 622 2251 et
649 2199 869 2267 quando
911 2199 1049 2256 dixit
1087 2201 1383 2276 Synagoga:
1413 2225 1426 2261 :
1458 2206 1593 2261 Ecce
1628 2207 1941 2279 relinquetur

2076 2202 2230 2263 νεξας·
2279 2199 2377 2253 καὶ
2403 2200 2494 2253 ὅτε
2552 2198 2611 2251 δὲ
2654 2202 2723 2270 τῇ
2780 2196 3118 2268 Συναγωγῇ·
3178 2194 3334 2250 Ἰδοὺ
3393 2195 3633 2263 ἀφίεται

360 2285 547 2339 damus
574 2297 747 2343 vestra
774 2295 980 2345 deserta
1014 2293 1080 2345 ³⁵⁸.

432 2374 496 2429 V.
532 2376 619 2432 15.
656 2396 677 2431 ι
712 2378 786 2434 De
816 2382 1037 2437 excelso
1066 2398 1167 2439 suo
1195 2385 1347 2441 misit
1380 2387 1579 2459 ignem.
1613 2410 1632 2443 ι
1681 2392 1787 2448 Pro
1821 2394 1947 2449 alti-

361 2465 550 2521 tudine
576 2483 694 2535 sua,
712 2471 913 2541 inquit.
937 2475 1204 2544 supplicio
1236 2491 1325 2531 me
1348 2481 1703 2538 acerbissimo
1733 2484 1943 2553 aﬁ‘ecit;

358 2557 626 2628 signiﬁcat
674 2577 890 2634 quoque
946 2581 1069 2620 eam
1117 2583 1241 2637 quae
1271 2579 1395 2639 post
1423 2575 1806 2631 ascensionem
1839 2576 1945 2631 Duo

357 2648 492 2704 mini
540 2667 638 2721 per
686 2652 992 2713 Romanum
1028 2658 1233 2714 bellum
1265 2661 1501 2733 irrogata
1530 2664 1603 2718 illi
1637 2682 1799 2736 poma
1832 2679 1938 2724 est.

435 2842 456 2919 ι
491 2825 550 2882 lu
591 2833 808 2888 ossibus
854 2837 1011 2892 meis.
1050 2858 1070 2890 ι
1107 2840 1187 2897 Ad
1222 2844 1371 2913 ipsos
1419 2863 1590 2919 usque
1630 2861 1783 2909 artus
1823 2869 1943 2911 me-

359 2913 643 2991 dullasque
674 2929 942 2993 pervenit,
979 2945 1286 3004 sensusque
1313 2946 1368 2992 et
1399 2913 1779 3012 cogitationes.

445 3028 465 3061 ι
504 3010 797 3082 Expandit.
835 3034 856 3068 ι
911 3017 1285 3093 Punitionem,
1319 3043 1442 3096 quae
1475 3010 1648 3087 vvitari
1694 3050 1803 3090 non
1848 3054 1942 3107 po-

360 3102 489 3157 tuit.

435 3212 454 3245 ς
490 3193 775 3253 Convertit
800 3214 907 3254 me.
945 3220 964 3253 ι
998 3203 1041 3258 Ε
1070 3205 1233 3262 bonis
1263 3210 1329 3264 ad
1357 3213 1522 3267 mala.

437 3391 455 3424 ι
496 3374 653 3430 Dedit
702 3393 791 3433 me
847 3379 1127 3441 Dominus.
1177 3403 1198 3437 ι
1251 3386 1366 3446 Hoc
1420 3401 1526 3459 est,
1560 3398 1806 3454 ostendit
1853 3416 1943 3458 me

357 3463 682 3521 desolatam.
886 3478 891 3485 ‘

432 3575 473 3648 ξ-
493 3555 625 3648 Tota
654 3559 761 3616 die.
798 3579 816 3612 ι
855 3564 1138 3635 Perpetuis
1168 3570 1441 3629 addictam
1470 3579 1774 3648 suppliciis.

428 3643 492 3700 v.
526 3647 611 3741 it.
652 3669 669 3701 ‹
702 3650 973 3722 Vigilavit.
1001 3676 1020 3709 ο
1052 3658 1294 3729 Nullum,
1322 3665 1417 3731 ait,
1439 3643 1622 3726 mea...
1654 3683 1940 3741 peccatum

355 3738 694 3805 printer-itum
731 3750 836 3797 est.

432 3845 450 3878 ‹
487 3826 545 3881 In
582 3832 837 3889 manibus
881 3838 1037 3893 meis.
1081 3860 1100 3893 ι
1136 3840 1269 3909 Quae
1312 3862 1410 3916 per
1440 3865 1606 3921 opera
1651 3855 1939 3923 seminavi,

353 3917 472 3973 huic
500 3929 556 3975 et
603 3927 835 3981 messui.
889 3928 964 3985 Eo
1014 3935 1161 4002 quod
1216 3917 1593 4014 unusquisque
1651 3917 1936 4017 proprium

352 4023 494 4065 onus
528 4022 740 4081 portare
766 4029 1002 4087 oportet.

409 4119 447 4151 .t
490 4102 763 4162 Inﬁrmata
798 4120 883 4165 est
912 4111 1088 4169 virtus
1115 4131 1253 4173 mea.
1293 4139 1312 4171 ι
1364 4120 1626 4179 Hostibus
1660 4126 1935 4182 adversari

352 4207 468 4285 non
501 4195 666 4285 valui.
723 4198 816 4253 Vel
865 4200 978 4257 ita:
1014 4203 1311 4281 Synagogae
1349 4212 1518 4267 robur
1553 4212 1660 4279 lex,
1697 4230 1818 4285 quae
1862 4216 1937 4273 illi

350 4281 644 4340 subvenire
678 4302 787 4342 non
821 4292 1024 4360 potuit.

427 4392 445 4422 ι
482 4372 618 4439 Quia
649 4378 798 4434 dedit
840 4381 1119 4443 Dominus.
1157 4409 1176 4441 ι
1211 4389 1270 4445 ld
1305 4401 1410 4460 est,
1443 4394 1685 4451 ostendit
1729 4411 1818 4453 me
1837 4398 1938 4454 do-

350 4459 558 4519 loribus
588 4467 747 4539 digna
779 4483 1045 4542 patrasse.

430 4575 456 4650 ι
487 4557 607 4614 Non
636 4572 846 4632 potero.
881 4587 903 4622 ι
946 4569 1224 4629 Concussa
1250 4582 1334 4630 est
1363 4578 1634 4635 stabilitas
1663 4596 1815 4650 mea,
1850 4585 1934 4639 vi-

352 4648 557 4705 delicet
586 4653 812 4712 ﬁrmitas
839 4674 983 4715 mea.

420 4742 483 4797 γ.
518 4746 603 4800 15.
661 4767 680 4800 ι
709 4749 953 4809 Abstulit
982 4770 1193 4811 omnes.
1224 4777 1244 4809 ι
1278 4759 1359 4815 Ad
1406 4761 1643 4818 litteram
1689 4764 1933 4835 quidem.

348 4834 650 4907 principes,
703 4842 993 4916 legumque
1045 4847 1300 4905 doctores
1342 4869 1355 4905 :
1402 4834 1724 4923 spiritaliter
1778 4871 1931 4921 vero,

349 4930 613 4998 propositi
658 4934 870 5002 modos,
903 4954 1041 5009 quos
1103 4944 1431 5001 exterminat
1468 4962 1529 5003 se
1559 4963 1844 5019 opponens
1878 4960 1934 5006 et

349 5033 616 5087 superans
645 5022 930 5095 iniquitas.

422 5130 441 5162 ι
478 5111 705 5171 Vocavit
730 5133 895 5188 super
921 5137 1027 5178 me.
1061 5143 1080 5176 ι
1116 5126 1376 5197 Tempus,
1404 5132 1503 5194 ait,
1545 5135 1932 5192 tenebrarum:

347 5200 638 5260 deﬁciente
672 5209 875 5280 quippe
906 5213 1232 5287 iutelligibili
1270 5219 1497 5287 lumine,
1533 5226 1772 5282 tenebrae
1807 5244 1934 5283 suc-

346 5293 573 5350 cedunt.

424 5403 442 5434 ι
480 5384 546 5440 Ut
592 5398 925 5447 contereret.
965 5414 983 5446 ι
1023 5398 1092 5454 Ut
1134 5415 1295 5455 omne
1338 5403 1539 5458 bonum
1582 5420 1763 5461 meum
1803 5424 1932 5478 pro-

345 5476 586 5541 positum
618 5485 1038 5544 exterminetur.

424 5586 443 5618 ε
480 5565 744 5626 Torcular
775 5575 1026 5633 calcavit.
1065 5599 1083 5631 ι
1128 5581 1242 5639 Hoc
1285 5594 1387 5649 est,
1437 5587 1617 5641 omnia
1663 5604 1781 5643 mea
1820 5591 1932 5645 cri-

420 5761 461 5793 ⁵¹
492 5762 681 5820 Matth.
719 5786 877 5837 χχιιι,
915 5775 1001 5829 58.

2047 2292 2191 2360 ὑμῖν
2213 2293 2246 2344 ό
2271 2286 2441 2358 οἶκος
2481 2288 2649 2359 ὑμῶν
2674 2287 2916 2358 ἕρημος.

2123 2401 2141 2433 ι
2167 2381 2255 2451 Ἐξ
2276 2381 2446 2451 ὕψους
2474 2380 2639 2434 αὑτοῦ
2667 2379 2953 2433 ἀπέστειλε
2983 2378 3113 2449 πῦρ.
3144 2397 3161 2430 ι
3200 2376 3361 2431 Κατὰ
3383 2377 3447 2429 τὸ
3492 2373 3630 2444 ὕψος

2048 2475 2236 2539 αὐτοῦ,
2274 2476 2457 2543 φησιν,
2487 2473 2660 2536 οὕτως
2689 2473 3033 2544 ἐξηκρίὸωσσ
3074 2471 3176 2542 τὴν
3208 2470 3330 2524 κατ’
3368 2465 3504 2538 ἐμοῦ
3546 2485 3628 2521 τις

2051 2566 2267 2637 μωρίαν
2286 2585 2298 2595 ·
2319 2565 2473 2636 δηλοῖ
2502 2566 2555 2619 δὲ
2589 2566 2684 2619 καὶ
2714 2564 2856 2635 μετὰ
2878 2563 2979 2635 τὴν
3003 2562 3277 2633 ἀνάληψιν
3301 2561 3396 2614 τοῦ
3425 2559 3632 2630 Κυρίου

2045 2656 2144 2725 τὴν
2187 2656 2576 2726 ἐπενεχθεῖσαν
2618 2658 2683 2727 τῇ
2726 2654 3092 2727 Ἰερουσαλὴμ
3130 2653 3356 2708 κόλασιν
3395 2651 3487 2705 διὰ
3535 2649 3630 2703 τοῦ

2058 2746 2365 2817 Ῥωμαῖκοῦ
2395 2747 2527 2801 πολέ
2536 2765 2658 2817 μου.

2121 2857 2139 2890 ι
2183 2840 2275 2894 Ἑν
2328 2840 2440 2902 τοῖς
2477 2840 2688 2902 ὀστέοις
2727 2855 2850 2909 μου.
2896 2857 2916 2892 ι
2985 2838 3321 2907 Ἑφικνεϊται
3365 2834 3478 2906 γάρ
3525 2834 3632 2896 ἕως

2046 2930 2238 3002 ἁρμῶν
2267 2948 2323 2984 τε
2362 2932 2459 2984 καὶ
2495 2930 2730 3001 μυελῶν,
2772 2930 3127 3001 ἐνθυμήσεων
3159 2946 3218 2983 τε
3250 2928 3345 2983 καὶ
3381 2926 3625 2981 ἐννοιῶν.

2121 3040 2139 3073 ι
2176 3025 2503 3078 Διεπέτασε.
2542 3042 2560 3076 ι
2593 3024 2705 3089 Τὴν
2732 3022 2975 3093 ἄφυκτον
2998 3022 3292 3096 τιμωρίαν.

1969 3185 2013 3243 C
2123 3217 2141 3250 ι
2185 3198 2523 3270 ’Δπέστρεψέ
2556 3216 2647 3270 με.
2686 3217 2705 3251 t
2758 3199 2852 3253 Ἐκ
2883 3197 2992 3255 τῶν
3026 3198 3250 3268 ἀγαθῶν
3282 3198 3378 3252 ἐπὶ
3418 3199 3485 3252 τὰ
3514 3199 3623 3270 χεί-

2083 3304 2202 3342 ονα.

2048 3303 2407 3434 Porcinam:
2464 3397 2532 3450 με
2596 3378 2820 3451 Κύριος.
2866 3399 2886 3433 ι
2947 3380 3093 3434 ’Δντὶ
3140 3379 3274 3447 τοῦ,
3329 3380 3500 3445 ἔδειεέ
3557 3397 3635 3450 μι

2042 3474 2274 3546 ἔρημον.

2120 3585 2139 3616 ι
2181 3567 2351 3636 Ὀλην
2381 3565 2480 3637 τὴν
2507 3566 2741 3637 ἡμέραν.
2782 3584 2801 3618 ι
2831 3566 3105 3637 Διηνεκῶς
3138 3566 3539 3638 κολαζομένην.

2118 3675 2136 3708 ι
2182 3656 2585 3729 Ἐγρηγορηθη.
2607 3676 2628 3711 ι
2651 3658 2839 3723 Οὐδὲν,
2861 3657 3017 3728 φησὶ,
3047 3657 3332 3729 ἐσιωπήθη
3352 3660 3462 3713 τῶν
3475 3660 3625 3729 ἐμῶν

2040 3750 2480 3822 ἁμαρτημάτων.

2118 3859 2137 3892 ι
2187 3838 2278 3894 Ἐν
2310 3840 2469 3911 χερσί
2503 3857 2628 3910 μου.
2667 3860 2686 3893 ι
2722 3842 2789 3895 Ἀ
2825 3840 2916 3897 διὰ
2936 3843 3046 3897 τῶν
3085 3843 3341 3915 πράξεων
3368 3844 3622 3915 ἔσπειρα,

2039 3930 2215 3984 ταῦτα
2248 3931 2343 3985 καὶ
2376 3929 2622 4002 ἐθέρισα.
2654 3933 2754 3986 Διὰ
2784 3933 2848 3985 τὸ
2877 3932 3110 3988 ἕκαστον
3146 3934 3209 3988 τὸ
3236 3934 3368 3989 ἴδιον
3399 3935 3624 4007 φορτίον

2043 4022 2362 4092 βαστάζειν.

2118 4130 2138 4163 ι
2184 4112 2480 4184 Ἠσθένησε
2513 4114 2545 4184 ἠ
2597 4115 2750 4186 ἰσχύς
2795 4135 2919 4186 μου.
2959 4137 2978 4170 ι
3018 4119 3132 4172 Οὐκ
3161 4117 3436 4189 ηδυνήθην
3474 4120 3624 4172 ἀντι-

2041 4204 2251 4275 πρᾶξαι
2298 4207 2411 4269 τοῖς
2466 4207 2753 4272 ἐναντίοις.
2788 4211 2860 4263 Ἢ
2907 4210 3001 4263 καὶ
3051 4209 3257 4273 οὕτως·
3299 4212 3479 4281 ’ἰσχὺς
3523 4212 3622 4280 τῆς

2043 4296 2369 4367 συναγωγῆς
2393 4300 2420 4352 ὀ
2445 4299 2631 4369 νόμος,
2671 4300 2733 4354 οὗ
2761 4300 3016 4371 δυνηθεὶς
3046 4302 3186 4373 αὐτῇ
3214 4303 3516 4373 ἐπαμῦναι.

2117 4407 2137 4440 ι
2164 4390 2287 4443 ’Ότι
2313 4390 2484 4446 ἔδωκε
2524 4393 2749 4464 Κύριος.
2783 4412 2801 4445 ι
2837 4394 2983 4449 Ἀντὶ
3022 4394 3119 4448 τοῦ
3139 4433 3154 4459 ,
3183 4394 3385 4462 ἔδειξέν
3418 4413 3486 4467 με
3511 4396 3620 4449 ὀδύ-

1971 4525 2015 4580 D
2041 4498 2140 4552 νης
2170 4482 2298 4547 ἄξια
2329 4484 2805 4580 διαπραξαμένην.

2120 4593 2138 4624 ι
2183 4576 2258 4629 Οὐ
2290 4574 2614 4648 δυνήσομαι.
2661 4596 2681 4630 ι
2732 4577 3034 4650 Ἐσαλεύθη
3077 4580 3267 4643 στάσις
3301 4596 3425 4651 μου,
3461 4595 3618 4632 τουτ-

2041 4666 2156 4719 έστι
2188 4669 2495 4740 στηριγμός
2527 4686 2652 4739 μου.
3477 4750 3489 4759 ’

2116 4778 2136 4810 r
2187 4761 2377 4833 Ἐξῆρε
2408 4763 2639 4825 πάντας.
2678 4780 2697 4814 ι
2734 4764 2878 4833 Πρὸς
2909 4763 3010 4835 μὲν
3049 4764 3212 4837 ῥητὸν
3231 4804 3246 4827 .
3277 4766 3405 4829 τοὺς
3435 4765 3619 4836 ἄρχον-

2035 4869 2132 4915 τας
2171 4856 2267 4907 καὶ
2312 4854 2438 4918 τοὺς
2490 4856 3014 4925 νομοδιδασκάλους’
3059 4859 3196 4929 πρὸς
3240 4857 3300 4911 δὲ
3358 4859 3618 4925 διάνοιαν,

2034 4946 2160 5008 τοὺς
2186 4945 2422 5016 τρόπους
2467 4944 2569 5016 τῆς
2614 4946 2929 5018 προθέσεως
2950 4988 2965 5014 ,
2995 4948 3088 5013 οὓς
3122 4948 3438 5018 ἐξαφανιςει
3468 4952 3618 5004 ἀντι-

2031 5034 2430 5105 καθισταμένη.
2458 5037 2554 5091 καὶ
2582 5037 2963 5108 ἐπικρατοῦσα
2988 5040 3020 5109 ἡ
3055 5040 3329 5110 ἁμαρτία.

2107 5145 2125 5174 σ
2174 5123 2466 5178 Ἐκάλεσεν
2503 5125 2739 5196 ἐπ’ἐμέ.
2780 5146 2798 5179 ι
2838 5128 3045 5199 Καιρόν
3081 5146 3214 5199 φησι
3242 5131 3337 5184 τὸν
3362 5129 3458 5183 τοῦ
3488 5130 3616 5183 aitd-

2031 5235 2175 5281 τους.
2219 5216 2597 5281 Ἐκλείποντος
2626 5219 2735 5290 γὰρ
2763 5219 2858 5273 τοῦ
2882 5223 3075 5293 νοητοῦ
3114 5219 3314 5292 φ’ωτὸς,
3337 5223 3397 5277 τὸ
3424 5225 3616 5288 σκότος

2032 5309 2466 5380 ἀντεισὲρχεται.

2115 5420 2133 5452 ‹
2170 5400 2275 5454 Τοῦ
2309 5403 2617 5473 συντρίψαι.
2651 5405 2866 5458 Nacta
2888 5406 3261 5477 ἀφανισθῆναί
3297 5426 3398 5480 μου
3436 5409 3612 5465 πάντα

2034 5494 2237 5565 τρόπον
2267 5495 2493 5560 ἀγαθόν.

2111 5608 2131 5641 r
2171 5589 2344 5660 Ληνὸν
2396 5590 2656 5656 ἐπάτησε.
2690 5610 2712 5637 ι
2771 5594 2917 5646 ’Δντὶ
2963 5595 3099 5650 τοῦ.
3165 5595 3349 5651 Πάντα
3398 5615 3499 5669 μου
3546 5598 3611 5651 τὰ
