3942 6432
247 370 344 431 7.33

1234 381 1701 444 FRAGMENTA
1744 384 1825 443 1N
1865 386 2137 477 iussn.
2179 372 2508 448 LAMENT.

3391 395 3500 461 73$

246 479 607 573 ἁμαρτήματα
661 481 967 573 συνήγαγεν
1029 485 1110 548 εἰς
1179 486 1261 553 ἓν,
1316 490 1475 545 ᾰτινα
1569 494 1803 564 πατήσας

1927 496 2068 569 mina
2101 497 2156 551 in
2184 512 2355 552 unum
2384 496 2630 569 collegit;
2661 514 2782 569 qua:
2808 500 3027 555 micans
3057 501 3243 556 vinum
3273 518 3501 573 expres-

243 569 630 645 ὲποίησενοῐνον
650 590 663 604 ο
689 576 818 642 περὶ
834 569 896 629 οῦ
930 592 1094 646 φησιν
1110 579 1138 630 ὁ
1158 579 1484 652 Ψαλμῳδὸς,
1502 584 1582 638 ὅτι
1621 584 1811 651 Ποινή·
1854 578 1859 581 ⁷

238 681 365 735 pter
411 664 487 717 ἐν
518 664 667 733 χειρί
700 665 925 733 Κυρίου
974 668 1147 723 οἴνου
1201 670 1484 738 ἀκράτου,
1527 675 1804 729 τουτέστιν

240 755 417 825 ὀργῆς.
450 755 843 826 Ἐξεταζόμενα
865 759 974 828 γὰρ
1004 758 1074 813 τὰ
1092 760 1489 831 ἁμαρτήματα,
1505 765 1602 818 καὶ
1622 765 1811 838 ὥσπερ

242 845 621 915 ἑκθλιδόμενα,
651 847 804 902 θείαν
830 849 999 921 ὀργὴν
1018 851 1443 920 ἀποστάζουσιν,
1463 856 1535 927 ἢν
1560 857 1811 921 ποτίζον-

239 954 319 991 ται
352 938 400 990 oi
432 937 864 1008 ἁμαρτάνοντες,

306 1048 327 1081 ι
374 1027 437 1082 '0
465 1028 747 1101 ὀφθαλμός
792 1048 897 1101 μου
944 1033 1265 1104 κατήγαγεν
1300 1034 1467 1108 ὕδωρ.
1494 1028 1523 1090 ἰ
1576 1037 1650 1091 Τὸ
1689 1037 1810 1092 δια-

236 1121 473 1191 νοητικὸν
519 1124 618 1193 τῆς
666 1121 850 1194 ψυχῆς
880 1125 1084 1192 τρόπον
1109 1126 1233 1181 τινὰ
1257 1128 1525 1202 δακρύει,
1561 1131 1657 1184 καὶ
1685 1133 1811 1184 ἐπι-

239 1212 470 1278 στενάζει
501 1215 615 1276 τοῖς
647 1214 1071 1286 ἁμαρτήμασιν.

303 1304 397 1358 «Ὀ
424 1305 777 1376 ἐπιστρέφων
795 1306 977 1379 ψυχήν
1010 1325 1134 1378 μου.
1169 1329 1189 1362 ι
1232 1311 1377 1381 Πρὸς
1411 1313 1511 1384 μὲν
1531 1313 1595 1367 τὸ
1618 1314 1809 1385 ῥητὸν,

235 1396 307 1449 ὃτι
334 1396 496 1467 μέχρι
532 1396 630 1450 νῦν
664 1398 908 1453 Ἰουδαῖοι
940 1401 1355 1472 ταλαιπωροῦσι
1384 1444 1400 1468 ,
1441 1404 1578 1476 πρὸς
1604 1404 1662 1458 δὲ
1696 1405 1814 1459 διὰ-

235 1506 391 1554 νοιαν,
412 1491 442 1541 ό
466 1490 673 1558 τρόπος
699 1494 802 1562 τῆς
836 1493 1061 1566 μνήμης
1091 1494 1186 1548 τοῦ
1219 1493 1379 1563 Θεοῦ,
1401 1498 1430 1550 ό
1459 1497 1810 1568 ἐπιστρέφων

235 1580 323 1652 τὴν
345 1579 524 1651 ψυχὴν
551 1585 618 1636 ἐκ
648 1581 884 1639 θανάτου
916 1586 999 1649 είς
1025 1586 1194 1658 ζωήν.

294 1696 312 1725 ι
362 1673 652 1740 Ἐγένοντο
684 1675 736 1728 οἱ
764 1676 872 1729 υίοί
916 1693 1041 1748 μου.
1084 1697 1102 1729 ι
1157 1679 1224 1732 Al
1263 1679 1518 1750 διάφοροι
1558 1679 1786 1750 πράξεις

234 1762 321 1817 τοῦ
368 1764 569 1836 ἐχθροῦ
625 1766 785 1837 ἡμῶν
832 1768 1082 1822 διαϐόλου
1130 1770 1597 1842 ἓπικρατεστέρου
1665 1789 1812 1841 γινο-

237 1857 405 1926 μένου.

300 1966 317 1999 ι
343 1949 648 2004 Διεπέτασε
677 1949 839 2006 Σιών.
870 1970 889 2003 ι
925 1950 1063 2006 Ὑπὸ
1095 1952 1415 2023 ἐκπλήξεως
1467 1957 1810 2027 παρειμένας

235 2038 345 2109 ἔσχε
370 2040 467 2102 τὰς
492 2044 712 2113 χεῖρας,
741 2043 923 2106 πάσας
947 2043 1159 2111 ἀγαθὰς
1183 2044 1391 2116 ῥίψασα
1407 2047 1660 2117 πράξεις.

298 2147 315 2181 ι
350 2130 462 2184 Οὐκ
487 2133 645 2186 ἔστιν
678 2134 709 2186 ό
748 2134 1089 2204 παρακαλῶν
1110 2136 1306 2207 αὑτήν.
1351 2154 1370 2187 ι
1411 2138 1486 2190 Οὐ
1516 2139 1703 2209 νόμος.
1745 2142 1806 2194 οὐ

234 2220 523 2292 “mito:-

297 2328 315 2362 ι
359 2308 703 2364 Ἐνετείλατο
730 2311 959 2384 Κύριος.
996 2329 1015 2363 ι
1048 2313 1418 2385 "(murreus
1438 2357 1452 2382 ,
1479 2317 1617 2387 φησι
1640 2358 1654 2383 ,
1693 2318 1809 2373 Κύ-

231 2418 360 2466 υιος.
387 2400 513 2455 Ὅτι
543 2401 739 2473 κύκλῳ
770 2405 907 2457 εἰσὶν
937 2405 988 2457 οἱ
1021 2404 1297 2472 θλίϐοντες
1334 2424 1392 2460 σε
1413 2446 1429 2472 ,
1460 2408 1650 2479 νῆψονο
1691 2410 1721 2461 ὁ
1746 2408 1806 2462 δὲ

233 2493 301 2557 εἰς
326 2492 606 2564 ρᾳθυμίαν
646 2494 945 2559 ἐξέκλινεν.
982 2497 1054 2550 Ἦ
1082 2496 1290 2561 οὕτως·
1339 2499 1559 2572 Ἐντολὴ
1596 2501 1804 2571 Κυρίου

234 2585 409 2653 φησίν⁹
455 2585 614 2641 Ἰδοὺ
661 2588 898 2642 τέθεικα
945 2590 1059 2659 πρὸ
1107 2592 1436 2660 προσώπου
1480 2591 1650 2662 ὑμῶν
1688 2592 1805 2660 τὴν

234 2677 400 2745 ζωὴν,
428 2678 531 2731 καί
576 2678 688 2732 τὸν
720 2678 1002 2735 θάνατον.
1053 2682 1275 2754 Ἐπειδὴ
1311 2683 1495 2736 τοίνυν
1527 2682 1805 2737 ἀνθείλετο

234 2770 317 2837 τῆς
346 2765 486 2838 ζωῆς
516 2768 620 2821 τὸν
652 2767 885 2822 θάνατον
908 2770 936 2822 ὁ
970 2768 1185 2836 Ἰακὼϐ,
1213 2770 1466 2839 ἐγένοντο
1490 2768 1677 2840 κύκλῳ
1705 2769 1805 2823 αὺ-

234 2858 314 2911 τοῦ
341 2859 387 2913 oi
418 2860 709 2924 θλίϐοντες
740 2861 925 2916 αὐτόν.

296 2966 313 2998 ι
342 2947 428 3010 Εἰς
482 2949 951 3020 ἀποκαθημένην.
994 2968 1012 3001 ι
1067 2951 1215 3005 Ἀντὶ
1271 2950 1400 3005 τοῦ·
1442 2952 1614 3022 ’Υπὲρ
1675 2954 1805 3016 τοὺς

236 3037 465 3109 ἐχθροὺς,
496 3033 584 3093 ὧν
626 3040 685 3093 ὲν
732 3040 886 3111 μέσῳ
928 3042 1210 3112 τυγχάνει,
1259 3042 1524 3114 βδελυκτὴ
1555 3042 1799 3111 γέγονεν.

1918 587 2018 654 sit;
2042 589 2109 643 de
2139 604 2248 658 quo
2277 588 2570 645 Psalmista
2601 608 2616 644 :
2650 590 2808 645 Catia:
2852 592 2905 646 in
2949 608 3111 646 manu
3147 594 3361 648 Domini
3390 601 3497 656 vim“

1916 680 2047 735 meri
2072 680 2139 746 “,
2170 681 2222 735 id
2258 690 2341 736 est
2371 683 2484 736 irae.
2509 682 2801 753 Disquisita
2833 685 2981 737 enim
3018 695 3263 754 peccata,
3292 698 3350 741 et
3377 688 3498 741 vel-

1919 770 1996 824 uti
2053 771 2281 834 calcata.
2313 771 2555 827 divinam
2605 773 2873 829 distillant
2916 774 3076 841 iram,
3099 792 3262 847 quam
3306 792 3502 848 pecca-

1918 866 2066 914 tores
2097 860 2310 915 bibunt.

1987 1039 2052 1095 V.
2087 1040 2175 1094 16.
2220 1059 2238 1093 ι
2274 1038 2476 1096 Oculus
2515 1054 2673 1097 meus
2714 1039 2942 1096 deduxit
2982 1056 3201 1111 aquam.
3237 1060 3258 1093 ι
3298 1041 3493 1096 Facul-

1919 1136 2003 1182 tas
2037 1128 2233 1183 animae
2259 1129 2676 1198 contemplatrix
2710 1131 3114 1199 quodammodo
3142 1133 3492 1203 lacrymatur,

1918 1228 1975 1273 et
2003 1219 2229 1289 ingemit
2257 1233 2423 1287 super
2454 1221 2717 1288 peccatis.

1993 1330 2013 1363 ι
2031 1312 2365 1365 (lonvertens
2379 1311 2615 1365 animam
2634 1326 2862 1367 meam.»
2888 1313 2968 1367 Ad
2988 1312 3225 1369 litteram
3244 1315 3492 1384 quidem,

1917 1403 2062 1473 quod
2114 1402 2397 1471 hucusque
2442 1400 2615 1456 Judaei
2665 1402 2867 1457 misere
2911 1414 3120 1475 agunt:
3154 1420 3319 1460 sensu
3364 1420 3494 1462 vero

1918 1494 2186 1558 interiori,
2226 1493 2564 1563 propositum
2590 1494 2871 1550 memoria:
2902 1494 2995 1550 Dei
3031 1505 3360 1551 convertens
3384 1498 3495 1550 ani-

1917 1599 2063 1640 mam
2095 1586 2164 1640 de
2191 1592 2370 1638 morte
2397 1584 2464 1638 ad
2495 1583 2682 1637 vitam.

1994 1696 2015 1729 ι
2054 1676 2207 1731 Facti
2248 1683 2377 1731 sunt
2415 1674 2509 1730 lilii
2537 1675 2665 1730 mei.
2707 1694 2727 1727 ι
2779 1674 3001 1730 Diversa
3045 1689 3228 1744 opera.
3272 1674 3496 1729 inimico

1918 1778 2110 1825 nostro
2135 1769 2353 1824 diabolo
2381 1767 2735 1838 praevalente.

1986 1951 2048 2006 V.
2080 1950 2167 2006 l7.
2210 1968 2228 2002 ι
2264 1949 2535 2021 Expendit
2584 1948 2736 2005 Sion.
2768 1969 2787 2002 ι
2853 1949 2970 2008 Prae
3015 1960 3241 2021 stupore
3287 1951 3495 2007 solutas

1915 2043 2104 2098 habuit
2130 2056 2351 2104 manus.
2379 2040 2636 2099 omnibus
2663 2041 2892 2111 abiectis
2922 2042 3232 2097 actionibus
3259 2042 3438 2096 bonis.

1987 2152 2005 2185 ι
2048 2135 2116 2188 Et
2141 2147 2253 2193 non
2286 2143 2371 2189 est
2393 2132 2485 2203 qui
2510 2135 2826 2190 consoletur
2864 2148 3007 2188 eam.
3043 2153 3062 2185 ι
3095 2133 3211 2188 Non
3250 2133 3357 2203 lex,
3384 2149 3494 2188 non

1911 2225 2199 2296 prOplieta.

1984 2336 2003 2369 ι
2038 2316 2316 2372 Mandavit
2357 2315 2643 2373 Dominus.
2678 2336 2698 2369 δ
2746 2314 3038 2379 Μαηάαυίι,
3072 2315 3169 2379 ait,
3212 2316 3489 2369 Dominus.

1908 2410 2179 2479 Quoniam
2220 2410 2278 2465 in
2326 2408 2561 2471 circuitu
2606 2417 2736 2464 sunt
2763 2407 2854 2479 qui
2901 2405 3217 2477 opprimunt
3256 2420 3328 2472 te,
3359 2422 3493 2465 cau-

1908 2513 1996 2561 tus
2020 2511 2175 2569 esto;
2214 2503 2307 2558 ille
2338 2517 2466 2558 vero
2486 2501 2778 2572 segnitiem
2811 2501 3033 2556 amavit.
3063 2500 3158 2555 Vel
3187 2500 3300 2555 sic:
3341 2498 3493 2554 Man-

1908 2596 2097 2651 datum
2126 2593 2345 2649 Domini
2386 2593 2498 2648 ait:
2526 2592 2663 2647 Ecce
2692 2593 2843 2660 posui
2885 2601 3008 2645 ante
3042 2592 3230 2662 faciem
3261 2601 3491 2645 vestram

1907 2691 2073 2744 vitam
2113 2697 2164 2743 et
2191 2694 2411 2742 mortem
2438 2685 2505 2739 "'.
2552 2684 2821 2750 Quoniam
2863 2684 3030 2754 igitur
3061 2682 3228 2738 Jacob
3254 2683 3494 2751 pra-tulit

1906 2782 2032 2836 vita:
2060 2790 2312 2842 mortem,
2344 2779 2473 2833 facti
2518 2785 2648 2832 sunt
2684 2777 2737 2830 in
2777 2776 3012 2830 circuitu
3042 2775 3163 2844 ejus
3187 2774 3491 2845 aﬂligentes

1907 2888 2055 2926 eum.

1981 2982 1999 3013 ι
2025 2962 2189 3027 Quasi
2217 2961 2420 3031 polluta
2440 2960 2741 3016 menstruis
2765 2959 2819 3013 in
2845 2958 3028 3013 medio
3052 2972 3296 3011 eorum.»
3321 2953 3491 3021 Quasi

1905 3055 2113 3109 diceret
2141 3070 2155 3107 :
2186 3052 2477 3122 Plusquam
2515 3050 2754 3106 inimicis
2792 3049 2929 3118 ipsis
2964 3062 3197 3119 quorum
3227 3047 3280 3100 in
3308 3046 3492 3101 medio

237 3135 329 3187 Καὶ
377 3134 547 3200 οὕτως
622 3135 764 3205 μετὰ
812 3136 913 3208 τὴν
951 3138 1332 3208 αἰχμαλωσίαν
1375 3137 1594 3210 ἔμεινεν
1637 3138 1695 3191 ἐν
1735 3139 1800 3210 τῇ

1927 3156 2012 3211 :st,
2039 3145 2422 3201 abominabilis
2460 3145 2600 3199 facta
2629 3151 2731 3199 est.
2762 3143 2826 3195 Et
2855 3142 2934 3196 sic
2962 3149 3085 3210 post
3113 3138 3491 3209 captivitatem

238 3226 327 3299 ἰδίᾳ
353 3229 697 3301 ἀκαθαρσίᾳ,
726 3230 800 3302 μὴ
833 3231 1189 3300 μετανοοῦσα.

298 3340 314 3371 ι
342 3322 615 3376 Ἐκάλεσα
636 3325 746 3393 γὰρ
768 3325 896 3387 τοὺς
923 3324 1162 3395 ἐραστάς
1196 3342 1324 3394 μου.
1366 3344 1384 3376 ι
1414 3323 1677 3397 Ἐρασταὶ
1703 3327 1804 3379 αὐ-

235 3409 319 3477 τῆς
354 3410 806 3483 ψευδοπροφῆται
831 3455 847 3479 ,
879 3414 972 3466 καὶ
997 3415 1392 3490 τερατοσκόποι
1411 3454 1426 3478 ,
1462 3415 1558 3468 καὶ
1587 3416 1636 3467 οἱ
1667 3415 1806 3469 ἀκά-

238 3503 402 3575 θαρτοι
442 3505 731 3576 δαίμονες.
788 3506 1053 3577 Ἐρασταὶ
1096 3505 1152 3559 δὲ
1190 3505 1362 3575 αὐτῆς
1404 3506 1728 3572 καλοῦνται,
1771 3507 1803 3577 ἢ

236 3599 303 3651 ὅτι
330 3602 461 3672 αὑτὴ
490 3602 604 3673 ὲρᾷ
638 3601 738 3671 τῆς
767 3600 949 3654 αὐτῶν
982 3601 1221 3673 ἀπάτης,
1256 3603 1289 3672 ἢ
1322 3602 1402 3655 ὅτι
1427 3603 1586 3655 αὐτοὶ
1628 3619 1804 3674 προσ-

237 3695 527 3765 ποιούμενοι
565 3694 747 3763 φιλεῖν
784 3694 982 3765 αὐτὴν,
1024 3696 1120 3763 τῆς
1152 3695 1304 3757 θείας
1351 3695 1522 3765 ὀργῆς
1554 3694 1805 3762 ἐγένοντο

240 3787 501 3856 πρόξενοι,
538 3787 704 3842 οὐδὲν
734 3787 875 3858 αὐτῇ
912 3787 1239 3858 δυνηθέντες
1284 3787 1587 3856 ἐπαμῦναι.
1632 3787 1804 3840 Τοῦτο

238 3882 329 3952 γὰρ
357 3883 619 3954 σημαίνει
656 3882 741 3947 τὸ,
771 3881 1266 3950 Παρελοτίσαντό
1280 3898 1377 3951 με.

301 4081 317 4112 ι
353 4064 413 4116 Ol
454 4064 623 4133 ἱερεῖς
660 4079 782 4131 μου.
843 4079 860 4112 ι
903 4059 1092 4114 Ταῦτα
1143 4059 1245 4127 μὲν
1294 4061 1352 4112 ὲν
1395 4060 1463 4129 τῇ
1513 4056 1801 4127 πολιορκίᾳ

242 4155 437 4226 συνέϐη.
461 4155 608 4227 Πρὸς
644 4154 702 4207 δὲ
735 4155 1001 4216 διάνοιαν,
1050 4152 1101 4205 οἱ
1131 4151 1472 4212 διδάσκαλοι.
1504 4151 1555 4202 οἱ
1594 4150 1801 4214 ἀνάξιοι

240 4247 314 4298 τοῦ
344 4247 498 4316 λόγου
526 4246 624 4301 τοῦ
658 4245 794 4298 Θεοῦ
819 4244 1125 4316 κριθέντες,
1152 4243 1202 4295 oi
1233 4243 1330 4314 τῆς
1363 4241 1474 4296 τῶν
1507 4241 1653 4295 λαῶν
1691 4259 1799 4295 σωα

240 4339 410 4408 τηρίας
466 4338 542 4409 μὴ
593 4338 781 4391 πιστοὶ
811 4336 1086 4406 οἰκονόμοι
1142 4334 1450 4404 γενόμενοι,
1501 4336 1601 4405 οὐχ
1645 4329 1800 4403 εῦρον

241 4432 346 4493 τοὺς
369 4429 816 4499 διδασκομένους.
843 4429 1042 4490 οἵτινές
1073 4429 1215 4481 εἰσιν
1237 4428 1418 4481 αὐτῶν
1455 4426 1680 4499 βρῶσις,
1705 4426 1798 4480 τοῦ

242 4517 350 4572 λαοῦ
379 4519 868 4590 συνολισθήσαντος
891 4522 957 4588 τῇ
982 4518 1092 4572 τῶν
1112 4518 1454 4572 διδασκάλων
1482 4517 1726 4590 ἀσεϐείᾳ.

305 4627 322 4661 ι
368 4610 428 4664 Ἦ
455 4611 636 4664 κοιλία
659 4627 784 4680 μου.
828 4629 844 4659 ι
890 4609 1042 4662 ’Λντὶ
1067 4608 1181 4673 τοῦ,
1208 4609 1470 4663 πάντατὰ
1499 4609 1651 4672 ἐντός
1673 4626 1795 4679 μου.

245 4698 412 4753 Κοιλία
437 4700 495 4754 δὲ
516 4701 614 4754 καὶ
658 4698 876 4771 καρδία,
908 4698 1052 4753 κατὰ
1080 4699 1208 4762 τοὺς
1242 4698 1454 4767 τροπῆς
1483 4699 1704 4765 νόμους,
1742 4700 1798 4750 αἱ

244 4791 529 4847 ἀναδοτικα“ι
594 4792 685 4846 καὶ
727 4792 960 4856 ζωτικαὶ
981 4792 1081 4861 τῆς
1114 4791 1291 4861 ψυχῆς
1322 4790 1604 4861 δυνάμεις,
1637 4789 1702 4843 δι’
1724 4784 1799 4844 ὧν

245 4883 389 4954 αὐτῆς
418 4885 678 4956 τρέφεται
704 4885 798 4937 καὶ
825 4883 1166 4953 γυμνάζεται
1195 4882 1264 4935 τὰ
1294 4881 1652 4951 αἰσθητήρια.

311 5083 330 5116 ι
361 5066 595 5132 Ἐξωθεν
648 5065 926 5138 ἡτέκνωσέ
977 5082 1043 5134 με
1098 5064 1368 5134 μάχαιρα.
1428 5083 1446 5115 ι
1509 5061 1654 5127 Πρὸς
1704 5063 1802 5132 μὲν

250 5154 490 5227 ἱστορίαν,
528 5160 653 5223 τοὺς
683 5163 749 5213 ὲκ
782 5159 880 5229 τῆς
921 5155 1241 5227 πολιορκίας
1291 5155 1538 5218 ἐξιόντας
1568 5153 1804 5225 ἀνῄρουν

253 5248 292 5299 οἱ
304 5247 549 5322 Ῥωμαῖοι
563 5269 578 5283 θ
599 5254 732 5322 πρὸς
749 5251 806 5304 δὲ
825 5250 1086 5310 διάνοιαν.
1108 5249 1172 5302 Ἠ
1185 5248 1295 5301 τῶν
1308 5247 1555 5316 ἀοράτων
1570 5245 1804 5316 ἐχθρῶν,

255 5344 416 5409 φησὶν,
444 5346 629 5415 ἔφοδος
661 5344 883 5411 ἔξωθεν,
933 5343 1212 5397 τουτέστιν
1268 5343 1330 5395 οὐ
1363 5340 1615 5411 συμφυὴς
1675 5343 1806 5410 ἡμῖν

255 5430 388 5499 οὖσα.
416 5440 591 5494 ἀνεῖλέ
637 5457 740 5512 μου
792 5440 922 5501 τοὺς
959 5436 1200 5505 ἀγαθοὺς
1246 5434 1546 5505 λογισμούς
1570 5452 1582 5466 ·
1615 5433 1807 5505 ὥσπερ

258 5524 440 5584 ἔνδοθεν
462 5534 498 5603 ἡ
519 5533 617 5603 τῆς
639 5532 1014 5604 προαιρέσεως
1038 5529 1195 5601 ήμῶν
1219 5530 1312 5582 ἐπὶ
1330 5530 1390 5583 τὸ
1409 5532 1589 5600 χεῖρον
1618 5528 1762 5598 ὁρμή
1785 5544 1798 5558 °

258 5618 392 5674 τοῦτο
414 5638 517 5693 γαρ
544 5625 693 5695 δηλοῖ
715 5623 970 5688 θάνατος
1004 5622 1073 5675 ἐν
1105 5621 1268 5685 οἴκῳ.

326 5816 363 5849 δ’
387 5818 517 5875 Psal.
544 5838 718 5892 Lxxn',
752 5822 804 5878 9.
883 5789 924 5854 έδ
961 5820 1117 5875 Deut.
1147 5833 1276 5880 nx,
1306 5814 1390 5873 l9.

1908 3238 1965 3292 in
1992 3254 2091 3293 sua
2120 3237 2328 3292 mansit
2356 3235 2722 3299 immunditia,
2766 3233 3140 3303 paenitentiam
3163 3247 3276 3287 non
3299 3244 3489 3300 agens.

1976 3328 2042 3383 V.
2080 3328 2166 3383 i9.
2214 3346 2234 3379 ι
2267 3325 2469 3381 νοεονί
2510 3325 2658 3380 enim
2723 3332 2996 3377 amatores
3030 3334 3202 3376 meos.
3244 3338 3264 3372 ι
3313 3323 3489 3374 Ama-

1908 3429 2055 3475 tores
2077 3419 2198 3489 ejus
2217 3424 2344 3471 sunt
2376 3414 2890 3485 pseudoprophetis,
2918 3411 3291 3482 prodigiorum
3314 3409 3489 3463 inter-

1905 3520 2110 3584 pretes,
2144 3520 2201 3565 et
2247 3508 2448 3578 impuri
2497 3507 2796 3562 daemones.
2825 3505 3111 3559 Amatores
3139 3517 3269 3556 vero
3295 3500 3492 3555 dicun-

1908 3616 2016 3663 tur.
2049 3602 2135 3656 vel
2178 3602 2322 3671 quod
2365 3599 2483 3670 ipsa
2513 3598 2885 3654 seductionem
2909 3610 3099 3649 eorum
3138 3600 3366 3654 amaret,
3402 3590 3491 3644 vel

1903 3700 2050 3770 quod
2078 3697 2154 3751 illi
2181 3694 2504 3750 simulantes
2540 3707 2599 3747 se
2639 3690 2786 3745 illius
2815 3704 3001 3743 amore
3033 3684 3488 3749 teneri,divinam

1904 3792 1960 3846 in
1986 3803 2108 3845 eam
2136 3788 2483 3843 concitarunt
2527 3783 2686 3846 iram,
2712 3795 2838 3836 cum
2882 3779 3027 3835 ferre
3051 3779 3129 3834 illi
3151 3777 3356 3831 nullam
3390 3782 3490 3845 po-

1904 3884 2136 3938 tuissent
2169 3894 2364 3950 opem:
2395 3875 2449 3933 id
2489 3874 2636 3931 enim
2675 3871 2948 3945 signiﬁcat
2983 3886 3089 3925 vox
3113 3869 3224 3933 illa,
3263 3868 3491 3935 Decepe-

1903 3985 2027 4030 runt
2068 3989 2167 4027 me.
3056 4014 3061 4017 .
3101 4015 3105 4018 ,

1979 4086 1998 4119 ι
2038 4061 2362 4119 Sacerdotes
2389 4057 2518 4114 mei.
2553 4075 2571 4109 ι
2593 4055 2722 4111 Haec
2742 4052 2963 4123 quidem
2990 4051 3045 4105 in
3072 4051 3189 4120 ipsa
3203 4048 3489 4105 obsidione

1903 4164 2225 4215 evenerunt.
2249 4152 2472 4223 Mystice
2496 4165 2647 4211 vero,
2673 4147 2926 4202 doctores
2952 4143 3120 4199 verbo
3149 4140 3241 4195 Del
3278 4141 3488 4211 indigni

1897 4249 2150 4321 iudicati,
2183 4245 2275 4317 qui
2333 4241 2524 4300 salutis
2554 4239 2883 4310 pepulerum
2929 4251 3040 4291 non
3102 4234 3290 4289 ﬁdeles
3334 4232 3489 4288 fuere

1902 4344 2330 4412 dispensatores,
2348 4349 2456 4390 non
2486 4333 2818 4388 invenerunt
2845 4326 3205 4388 erudiendos.
3227 4325 3320 4396 qui
3354 4333 3490 4380 sunt

1902 4435 2058 4490 cibus
2090 4445 2302 4494 eorum,
2331 4427 2572 4498 collapsa
2591 4425 2705 4495 jam
2728 4420 2934 4493 populo
2960 4434 3070 4474 una
3097 4432 3224 4475 cum
3281 4432 3489 4487 praece-

1837 4515 1878 4568 υ
1909 4536 2125 4594 ptorum
2152 4520 2455 4590 impietate.

1976 4616 2040 4671 γ.
2067 4616 2160 4670 το.
2193 4633 2211 4665 ι
2244 4612 2447 4668 Venter
2504 4624 2682 4664 meus.
2715 4626 2733 4658 ι
2775 4606 2889 4661 Hoc
2910 4614 3016 4665 est.
3042 4603 3225 4658 omnia
3277 4600 3488 4655 viscera

1906 4707 2253 4767 mea.Venter
2268 4715 2451 4761 autem
2483 4712 2541 4758 et
2579 4716 2697 4766 eor,
2739 4699 3045 4754 secundum
3098 4694 3314 4764 regulas
3353 4694 3489 4763 (ign-

1906 4810 2037 4856 ratae
2062 4795 2375 4860 locutionis,
2390 4790 2791 4850 distributrices
2826 4797 2959 4845 sunt
2986 4796 3043 4845 et
3068 4787 3261 4842 vitales
3291 4785 3489 4839 animae

1907 4893 2214 4953 facultates,
2247 4901 2345 4956 per
2400 4899 2536 4954 quas
2599 4882 2820 4941 aluntur
2862 4887 2917 4934 et
2977 4886 3303 4934 exercentur
3364 4877 3487 4946 ejus

1899 4983 2169 5042 sensoria.

1980 5098 1998 5130 ι
2037 5073 2191 5131 Foris
2217 5071 2429 5135 orbavit
2455 5083 2541 5124 me
2572 5068 2699 5124 ﬁliis
2717 5067 2960 5138 gladius.
2997 5086 3015 5119 ι
3050 5066 3131 5121 Ad
3163 5061 3485 5118 historicum

1903 5165 2122 5237 quidem
2148 5172 2391 5223 sensum,
2420 5173 2484 5213 ex
2519 5155 2807 5212 obsidione
2836 5155 3110 5226 fugientes
3142 5149 3488 5222 perimebant

1905 5252 2172 5315 Romani;
2233 5251 2302 5305 ad
2331 5262 2554 5306 sensum
2618 5260 2752 5301 vero
2782 5245 3052 5308 altiorem,
3114 5240 3376 5301 hostium,
3400 5238 3487 5290 in-

1912 5346 2049 5416 quit,
2092 5339 2446 5399 invisibilium
2474 5337 2706 5407 irruptio
2741 5335 2892 5399 foris,
2923 5334 2976 5389 id
3030 5342 3135 5395 est,
3166 5345 3275 5387 non
3320 5328 3484 5383 insita

1911 5438 2071 5493 nobis
2128 5453 2157 5490 a
2208 5444 2421 5494 natura,
2455 5432 2624 5486 bonas
2657 5428 3013 5501 cogitationes
3038 5424 3174 5479 mihi
3215 5418 3479 5493 peremit;

1911 5527 2369 5599 quemadmodum
2393 5525 2540 5579 illius
2567 5521 2855 5574 voluntatis
2887 5528 3087 5577 nostra:
3152 5511 3218 5569 ad
3281 5514 3475 5568 malum

1916 5632 2194 5673 assensus.
2227 5611 2337 5668 Hoc
2366 5611 2509 5669 enim
2539 5611 2640 5668 sibi
2669 5611 2779 5665 vult
2809 5627 2946 5665 mors
2977 5610 3140 5667 domi.
