3942 6420
386 336 488 400 739

1467 332 1989 395 OLYMPIODORI
2029 331 2566 391 ALEXANDRINI

3548 326 3652 395 740

384 442 605 498 habitus
627 442 958 512 captivitatis
985 455 1244 516 Iempore.
1262 445 1327 499 At
1348 445 1595 517 mystice,
1626 454 1823 513 sponte
1850 460 1962 508 sua.

2103 462 2152 496 ια
2190 444 2445 497 πενθικὴν
2468 484 2482 507 ,
2516 445 2591 506 ὼς
2617 446 2676 497 ἐν
2698 443 3067 517 αἰχμαλωσίᾳ.
3121 445 3277 499 Κατὰ
3300 448 3357 501 δὲ
3381 446 3622 519 θεωρίαν
3643 486 3661 509 .

385 534 593 596 ait,rcs
616 543 864 590 terrenas
896 550 1008 591 suae
1048 537 1210 591 saluti
1263 546 1703 607 praeposuerunt.

461 737 479 768 ι
525 717 879 775 Deduxeruut
905 720 959 775 in
1005 731 1225 777 terram.
1266 741 1283 773 ι
1327 722 1408 778 Ad
1449 738 1538 777 res
1570 712 1850 778 terrenas
1878 740 1967 794 εγ

384 823 622 880 nagogas
656 813 998 867 deduxerunt
1038 814 1121 866 vel
1156 813 1368 867 animas
1429 829 1550 883 quae
1579 814 1780 867 salvari
1811 825 1969 883 pote-

386 909 532 954 rant.

455 998 520 1053 V.
561 1001 647 1056 Η.
681 1020 700 1052 ι
741 1000 1069 1055 Defecerunt
1104 1001 1158 1055 in
1194 1002 1466 1072 Iacrymis.
1510 1020 1527 1052 ι
1564 1000 1829 1067 Quoniam
1857 1018 1968 1056 non

385 1105 413 1144 ε
443 1092 737 1161 gentilibus
756 1093 932 1161 pietas
962 1092 1227 1163 impedita
1283 1102 1388 1159 est,
1424 1093 1518 1146 sed
1551 1110 1582 1147 a
1619 1092 1821 1163 spuriis
1850 1092 1971 1147 ﬁliis

386 1179 669 1248 depravati
690 1191 838 1236 sunt.

456 1268 521 1323 V.
558 1271 646 1340 12.
677 1290 695 1323 ι
738 1272 1002 1327 Matribus
1036 1274 1171 1328 suis.
1204 1293 1222 1324 ι
1280 1273 1623 1329 Peccatrices
1642 1274 1839 1329 animat
1866 1273 1969 1331 Ec-

383 1362 584 1418 ciesiis.

461 1473 479 1504 ι
511 1453 615 1509 Ubi
635 1464 720 1510 est
742 1456 1017 1511 triticum?
1043 1475 1062 1508 ι
1087 1457 1189 1513 Ubi
1206 1459 1530 1513 sacramenti
1559 1457 1821 1514 libertas?
1843 1456 1970 1512 Haec

383 1546 539 1602 aiunt
595 1556 853 1618 tanquam
911 1565 942 1603 a
1013 1552 1377 1606 sacramentis
1460 1552 1691 1622 repulsa:
1746 1560 1970 1622 propter

384 1647 629 1708 peccata.

458 1749 479 1783 ι
508 1732 642 1786 Cum
670 1732 1117 1791 dissolverentur.
1154 1755 1174 1789 ι
1224 1737 1337 1793 Hoc
1364 1747 1468 1805 est,
1494 1739 1565 1793 ob
1592 1746 1876 1808 peccatum
1907 1737 1966 1791 in

386 1833 639 1880 mortem.

460 1933 478 1966 ι
512 1916 648 1971 Cum
683 1917 1052 1974 eﬂ‘underent.
1090 1939 1108 1971 ι
1138 1919 1400 1986 Quamvis
1456 1921 1510 1975 in
1563 1921 1687 1976 sinu
1729 1930 1965 1977 matrum

382 2019 586 2073 essent,
624 2017 805 2065 tamen
828 2012 1093 2066 doctrina:
1112 2013 1254 2067 fame
1276 2012 1560 2068 deﬁciunt.

455 2190 518 2246 V.
554 2194 638 2248 i3.
668 2213 685 2243 ι
725 2193 864 2259 Quid
898 2194 1229 2249 testiﬁcabor
1260 2194 1400 2249 tibi?
1428 2215 1446 2247 ι
1471 2194 1611 2263 Quid
1634 2195 1762 2251 boni
1785 2197 1965 2251 inesse

381 2285 479 2339 tibi
516 2286 779 2339 attester?

457 2392 475 2423 ι
508 2372 615 2428 Aut
636 2374 767 2443 quid
791 2376 1103 2430 assimiiabo
1127 2376 1271 2430 tibi?
1308 2394 1326 2428 ι
1360 2374 1648 2442 Quodnam
1673 2386 1964 2446 peccatum

379 2479 505 2517 cum
542 2473 635 2519 tuo
658 2467 972 2521 conferant?
1007 2468 1144 2522 Vere
1171 2468 1315 2523 enim
1350 2470 1528 2523 caedes
1558 2470 1774 2526 Domini
1800 2486 1964 2540 supe-

380 2563 466 2606 rat
503 2556 707 2609 otnnia'.

457 2647 770 2712 «Quoniam
820 2650 1220 2720 magniﬁcalum
1281 2658 1382 2705 est.
1431 2670 1448 2702 ι
1504 2651 1812 2722 iniquitatis
1861 2664 1966 2709 tua:

382 2738 536 2791 ultio.
616 2766 619 2769 -

457 2847 474 2877 ι
516 2828 651 2892 Quis
673 2829 979 2884 medebitur
1008 2832 1142 2885 tibi?
1174 2852 1191 2883 ι
1221 2832 1336 2888 i-ioc
1360 2842 1464 2901 est,
1489 2850 1653 2890 nemo
1683 2836 1786 2890 nisi
1817 2838 1965 2892 solus

382 2918 547 2974 Deus.

452 3010 515 3067 ν.
557 3013 643 3068 ii.
680 3033 697 3065 ι
733 3013 1022 3084 Prophetas
1039 3016 1139 3070 tui.
1177 3036 1193 3067 ι
1221 3016 1716 3089 Pseudoprophetze
1741 3021 1961 3090 quidem

2072 538 2137 589 ὲκ
2161 538 2555 607 προαιρέσεως,
2580 537 2768 606 φησιν,
2790 536 2856 590 τὰ
2883 538 3051 608 γήϊνα
3076 538 3381 609 πράγματα
3398 540 3498 610 τῆς
3525 540 3662 593 ἐαυ-

2072 629 2179 682 τῶν
2213 630 2490 700 σωτηρίας
2518 631 2875 700 προέκριναν.

2147 739 2166 772 ι
2201 723 2530 791 Κατήγαγον
2568 725 2647 784 είς
2676 723 2801 792 γῆν.
2836 740 2857 775 ι
2898 724 3260 791 Κατήνεγκαν
3282 724 3362 785 εἰς
3389 722 3459 774 τὰ
3493 725 3665 791 γηῖνα

2072 813 2381 883 πράγματα
2406 813 2503 875 τὰς
2532 814 2877 881 συναγωγὰς,
2915 814 2948 885 ἦ
2971 814 3066 867 καί
3089 814 3188 876 τὰς
3214 813 3520 884 δυναμένας
3554 812 3665 866 σώ-

2073 905 2265 969 ζεσθαι
2294 906 2492 975 ψυχάς.

2155 1017 2175 1051 ι
2210 998 2487 1062 Ἐξέλιπον
2509 999 2568 1050 ὲν
2597 997 2881 1068 δάκρυσιν.
2920 1016 2940 1048 ι
2975 998 3096 1051 ὀτι
3127 999 3228 1067 οὐχ
3257 998 3363 1051 ὑπὸ
3381 997 3489 1052 τῶν
3519 998 3662 1051 ὲθνι-

2072 1090 2187 1143 κῶν
2236 1089 2457 1160 ὡχλήθη
2493 1090 2528 1160 ἡ
2557 1090 2814 1143 εὐσέϐεια
2838 1130 2852 1155 ,
2877 1089 2996 1143 ἀλλ’
3037 1089 3145 1143 ὑπὸ
3186 1089 3295 1144 τῶν
3331 1088 3502 1143 νόθων
3529 1088 3666 1142 υἱῶν

2072 1181 2530 1253 παρεφθάρησαν.

2147 1290 2167 1321 ι
2206 1272 2340 1334 Ταῖς
2371 1272 2668 1343 μητράσιν.
2696 1292 2715 1324 ι
2744 1274 2809 1326 At
2844 1272 3170 1344 ἁμαρτωλαὶ
3197 1272 3370 1343 ψυχαὶ
3394 1275 3517 1336 ταῖς
3533 1273 3665 1328 Ἐκ·-

2044 1424 2047 1427 ν
2072 1364 2345 1435 κλησίαις.

2147 1473 2166 1506 ι
2204 1457 2315 1511 Ποῦ
2368 1460 2534 1520 σῖτος.
2580 1476 2600 1509 ι
2644 1456 2758 1511 Ποῦ
2787 1456 2885 1511 τοῦ
2924 1457 3228 1528 μυστηρίου
3266 1458 3299 1527 ἠ
3336 1456 3661 1527 παρρησίας

2071 1546 2259 1603 Ταῦτὰ
2287 1562 2473 1617 φασιν,
2503 1549 2580 1612 ti):
2612 1550 2691 1621 μὴ
2724 1548 3046 1619 ἀξιούμεναι
3073 1548 3180 1602 τῶν
3216 1547 3534 1620 μυστηρίων
3573 1548 3665 1601 διὰ

2069 1640 2169 1704 τὰς
2196 1642 2497 1713 ἁμαρτίας.

2146 1750 2166 1784 ι
2200 1734 2291 1787 Ἐν
2315 1734 2393 1803 τῷ
2420 1734 2729 1790 ἐκλύεσθαι.
2768 1753 2787 1787 ι
2819 1734 3113 1788 Τουτέστιν
3145 1733 3234 1803 ὑφ’
3263 1732 3540 1804 ἁμαρτίας
3565 1733 3663 1787 καὶ

2000 1798 2041 1856 Β
2073 1825 2184 1899 [ἴσ.
2227 1824 2331 1898 εἰς]
2365 1798 2628 1881 θάνατον.

2147 1939 2165 1972 ι
2216 1920 2307 1973 Ἐν
2360 1918 2441 1989 τῷ
2487 1918 2790 1989 ὲκχεῖσθαι.
2831 1936 2851 1971 ι
2890 1915 3085 1972 Καίτοι
3132 1916 3193 1969 ἓν
3218 1913 3437 1978 κόλποις
3486 1912 3661 1986 μητέ-

2069 2030 2180 2085 ρων
2227 2011 2608 2081 ὑπάρχοντες,
2656 2009 2805 2081 λιμῷ
2848 2007 3203 2071 διδασκαλίας
3242 2006 3324 2061 ἔτι
3366 2005 3660 2060 ἐκλείπου-

2126 2124 2175 2161 ν.

2069 2124 2255 2250 σιῖΤί
2282 2196 2623 2268 μαρτυρήσω
2648 2212 2765 2261 σοις
2796 2213 2814 2247 ι
2845 2194 2910 2246 Τί
2930 2192 3166 2264 χρηστόν
3195 2208 3279 2245 σοι
3301 2205 3660 2262 προσμαρτυ-

2070 2291 2275 2435 Mea
2301 2381 2352 2433 τί
2377 2378 2635 2449 ὁμοιώσω
2666 2394 2785 2443 σοις
2820 2395 2839 2428 ι
2878 2376 3045 2429 Ποίαν
3066 2372 3346 2443 ἁμαρτίαν
3374 2369 3658 2443 συγκρίνω

2067 2473 2202 2543 πρὸς
2228 2471 2326 2542 τὴν
2355 2473 2452 2541 σήν
2472 2487 2489 2536 ;
2508 2471 2616 2523 Καὶ
2640 2468 2750 2540 γὰρ
2775 2466 2993 2537 ἀληθῶς
3014 2464 3430 2536 ὑπερϐάλλουσα
3448 2464 3483 2534 ἡ
3514 2462 3656 2516 κατὰ

2065 2563 2160 2617 τοῦ
2200 2563 2409 2632 Κυρίου
2438 2562 2648 2630 σφαγή.

2143 2675 2160 2705 ι
2205 2656 2327 2708 ’Ότι
2358 2652 2731 2724 ὲμεγαλύνθη.
2784 2670 2803 2704 ι
2848 2651 2913 2705 Ἢ
2942 2649 3221 2721 ἐκδίκησις
3247 2649 3346 2719 τῆς
3375 2645 3655 2719 ἁμαρτίας

2102 2765 2184 2801 ου.

2068 2764 2184 2801 σου.

2143 2857 2162 2889 ι
2199 2838 2294 2901 Τίς
2322 2836 2534 2890 ἰάσεταί
2567 2851 2662 2901 σε;
2703 2853 2721 2886 ι
2769 2834 2915 2888 Ἀντὶ
2944 2832 3059 2898 τοῦ,
3090 2833 3287 2899 οὐδεὶς,
3312 2832 3361 2885 εἰ
3388 2830 3465 2903 μὴ
3488 2831 3653 2902 μόνος

2067 2931 2219 2983 Θεός.
3669 2943 3676 2949 “

2144 2948 2167 2981 ο
2205 2969 2219 2983 .

2144 2948 2485 3095 (ςΠροφῆταί
2508 3039 2626 3075 σου.
2680 3039 2699 3073 ι
2732 3021 2799 3078 Di
2844 3019 2944 3089 μὲν
2985 3016 3430 3090 ψευδοπροφῆται
3479 3012 3652 3083 ψευδῆ

381 3102 512 3158 falsa
551 3107 934 3174 pmdiceutes,
972 3108 1222 3163 doctores
1268 3120 1447 3164 autem
1487 3110 1648 3167 falsas
1674 3113 1961 3182 opiniones

2103 3117 2446 3186 τρο).ἐγοντες,
2470 3119 2519 3169 oi
2546 3116 2605 3170 δὲ
2624 3114 2939 3169 διδάσκαλοι
2958 3112 3172 3182 ψευδεῖς
3204 3110 3364 3175 δόξας
3389 3108 3650 3179 εἰσηγού-

380 3197 818 3255 introducentes.

457 3309 473 3337 ι
507 3289 573 3342 Et
600 3306 707 3344 non
764 3292 1099 3348 revelarunt.
1150 3314 1167 3345 ι
1234 3295 1353 3349 Non
1416 3295 1798 3350 indicaverunt
1841 3296 1959 3361 tibi,

379 3379 475 3442 ait,
506 3381 650 3448 quod
673 3398 864 3436 verum
885 3393 993 3448 est,
1027 3393 1087 3439 ut
1117 3400 1442 3455 agnoscens,
1474 3395 1525 3440 te
1553 3385 1737 3456 iniqua
1770 3402 1957 3457 agere,

381 3474 798 3537 convertereris,
829 3482 885 3528 et
923 3476 1144 3546 captiva
1175 3493 1285 3531 non
1314 3477 1494 3532 ﬁeres.

456 3582 475 3613 ι
504 3562 569 3617 Et
602 3566 856 3620 viderunt
885 3568 1002 3622 tibi.
1042 3587 1061 3620 ι
1086 3568 1352 3624 Vaticinia
1382 3568 1536 3635 falsa,
1562 3569 1850 3640 Opiniones
1868 3584 1963 3624 va-

382 3674 502 3721 nas,
531 3675 653 3727 quae
680 3669 732 3714 te
768 3678 796 3714 a
823 3661 934 3716 Deo
956 3664 1240 3732 ejicerent.

458 3751 628 3806 v.15.
668 3771 685 3803 ι
732 3751 1073 3813 Plauserunt.
1114 3775 1132 3808 ι
1183 3756 1493 3812 Secundum
1524 3755 1828 3821 historiam,
1871 3754 1962 3825 qui

378 3845 563 3912 populi
598 3845 810 3901 ruinam
839 3847 1433 3919 intuebanturstupore
1447 3847 1681 3917 correpti
1702 3847 1964 3902 manibus

377 3936 663 4005 plaudunt.
693 3939 1024 4009 sibiiumque
1044 3941 1237 4005 edunt,
1297 3949 1466 4011 caput
1508 3949 1815 3995 moventes.
1856 3936 1964 3993 Oc.

375 4028 591 4082 ClllllOl‘i
623 4044 754 4089 vero
801 4043 988 4095 sensu,
1026 4030 1122 4101 qui
1153 4039 1306 4085 extra
1357 4031 1614 4100 pietatem
1652 4029 1961 4096 ambulant,

375 4118 628 4175 homines
653 4120 829 4190 impii.
864 4122 948 4178 vel
967 4122 1131 4177 etiam
1162 4121 1362 4193 impuri
1385 4123 1661 4178 daemones
1716 4123 1833 4178 haec
1892 4121 1966 4175 fa»-

295 4259 303 4271 ,
375 4211 531 4265 ciunt
556 4210 710 4280 lapsu
734 4228 922 4267 eorum
955 4214 1049 4283 qui
1076 4222 1239 4267 antea
1277 4213 1465 4268 virtuti
1496 4213 1790 4270 studebant
1830 4229 1962 4283 gau-

376 4303 589 4358 dentes.

455 4412 474 4444 ‹
507 4394 754 4451 Haaccinc
802 4406 887 4451 est
919 4397 1069 4451 urbs.
1110 4414 1131 4449 ι
1176 4394 1251 4450 De
1283 4396 1488 4466 templo
1537 4395 1781 4464 quidem,
1836 4395 1961 4465 quia

2067 3225 2237 3279 μενοι.

2143 3321 2160 3354 ι
2202 3303 2314 3356 Καὶ
2356 3301 2458 3355 οὐκ
2504 3300 2886 3372 ἀπεκάλυψαν.
2928 3319 2946 3353 ι
2981 3300 3098 3354 Οὐκ
3137 3296 3491 3368 ὲφανέρωσάν
3522 3310 3648 3362 σοι,

2066 3396 2222 3466 φησι,
2252 3395 2314 3448 τὸ
2338 3393 2561 3465 ἀληθὲς,
2585 3393 2675 3447 ῖνα
2698 3392 2993 3462 γνοῦσαώς
3022 3391 3186 3447 ἄδικα
3216 3390 3499 3462 πράττεις,
3531 3387 3653 3439 ἑπι-

2068 3484 2329 3557 στρέψῃς,
2355 3486 2451 3539 καὶ
2479 3485 2556 3555 μὴ
2594 3483 2726 3554 γένῃ
2757 3481 3129 3553 αἰχμάλωτος.

2144 3598 2161 3630 ι
2200 3580 2312 3632 Καὶ
2346 3577 2558 3632 ετδοσάν
2588 3593 2695 3631 σοι.
2735 3594 2755 3628 ι
2788 3574 3132 3647 Προφητείας
3163 3571 3400 3644 ψευδεῖς,
3431 3572 3531 3626 καὶ
3562 3571 3649 3625 δό-

2068 3672 2163 3738 ξας
2200 3671 2460 3741 ματαίας,
2486 3669 2799 3736 ὲξωθούσας
2829 3685 2891 3722 σε
2925 3668 3032 3722 ἀπὸ
3059 3666 3223 3723 Θεοῦ.

2143 3786 2161 3817 ι
2190 3765 2553 3835 Ἐκρότησαν.
2596 3781 2616 3816 ι
2647 3761 2785 3816 Καθ’
2814 3760 3055 3832 ἱστορίαν
3080 3758 3181 3828 μὲν
3201 3799 3216 3825 ,
3240 3757 3289 3813 oi
3317 3754 3653 3830 θεωροῦντες

2067 3858 2167 3930 τὴν
2188 3858 2398 3912 πτῶσιν
2420 3856 2515 3911 τοῦ
2537 3855 2692 3920 λαοῦ,
2711 3852 3140 3924 ἐκπληττόμενοι
3163 3847 3419 3922 κροτοῦσι
3436 3851 3650 3920 χεῖρας,

2067 3951 2164 4006 καὶ
2188 3950 2500 4020 συρίζουσιν
2530 3946 2814 4009 κινοῦντες
2846 3944 3093 4015 κεφαλήν
3112 3960 3126 3975 ·
3154 3943 3288 4014 πρὸς
3307 3941 3367 3994 δὲ
3385 3941 3648 4005 διάνοιαν,

2065 4042 2115 4093 oi
2163 4039 2268 4104 ἔξω
2312 4038 2411 4108 τῆς
2463 4036 2779 4100 θεοσεϐείας
2822 4034 3132 4105 βαδίζοντες
3169 4032 3364 4104 ἄνδρες
3401 4031 3575 4097 ἄθεοι,
3615 4028 3649 4101 ἢ

2067 4134 2165 4186 καὶ
2201 4131 2508 4200 ἀκάθαρτοι
2540 4130 2797 4200 δαίμονες
2828 4128 3001 4183 ταῦτα
3034 4128 3304 4195 ποιοῦσιν,
3335 4127 3650 4198 ἐπιχαίρον-

2065 4243 2158 4288 te;
2186 4227 2252 4295 τῇ
2285 4222 2492 4277 πτώσει
2531 4221 2637 4276 τῶν
2667 4221 2861 4293 πρώην
2894 4223 2952 4275 ὲν
2975 4223 3175 4293 ἀρετῇ,

2144 4419 2163 4451 ι
2200 4401 2259 4453 Εἰ
2286 4399 2424 4470 αῦτη
2457 4401 2492 4469 ἡ
2546 4398 2720 4463 πόλις.
2768 4417 2786 4451 ι
2836 4398 2959 4452 Ἐπὶ
3001 4398 3098 4469 μὲν
3141 4396 3233 4451 τοῦ
3273 4397 3439 4464 ναοῦ,
3468 4395 3559 4452 διὰ
3591 4396 3648 4449 τδ

376 4488 577 4557 ubique
608 4497 878 4543 terrarum
901 4489 1120 4545 celebre
1149 4498 1298 4552 erat;
1357 4488 1425 4542 de
1463 4488 1645 4543 anima
1686 4504 1817 4544 vero
1868 4490 1956 4543 di-

2103 4490 2344 4560 ἀνταχοῦ
2381 4490 2547 4544 αὑτοῦ
2579 4492 2878 4562 περιφανές
2910 4507 2924 4521 ·
2960 4490 3055 4543 ἐπὶ
3085 4489 3142 4542 δὲ
3166 4491 3264 4561 τῆς
3285 4489 3463 4560 ψυχῆς
3487 4489 3645 4562 ἐροῦ-

376 4589 505 4634 cont
537 4597 550 4633 :
577 4579 712 4635 Haec
753 4591 836 4635 est
865 4596 987 4650 quae
1014 4581 1297 4635 dicebatur
1361 4581 1622 4653 perfecta,
1662 4590 1717 4635 et
1762 4581 1961 4636 virtute

373 4673 603 4728 illustris
627 4673 651 4724 ?

444 4763 627 4819 v.16.
665 4784 682 4814 ι
746 4764 1098 4834 Aperucrunt
1153 4781 1318 4835 super
1369 4774 1440 4819 te.
1502 4783 1521 4814 ι
1563 4762 1954 4831 Sibilaverunt,

376 4867 632 4927 tanquam
654 4856 782 4911 ferte
799 4872 1068 4929 aggressa:
1097 4867 1259 4923 sunt;
1280 4857 1520 4912 ferarum
1548 4857 1747 4927 quippe
1764 4857 1959 4911 sibilus

376 4959 478 5005 est.

456 5061 474 5093 ‹
509 5041 578 5096 Et
606 5040 967 5096 fremuerunt.
1005 5060 1024 5093 ι
1059 5039 1318 5096 Fremere
1360 5051 1444 5096 est
1487 5041 1746 5097 dentibus
1767 5041 1958 5112 strepio

372 5143 487 5189 tum
523 5134 706 5189 edere.
1221 5134 1226 5139 ’

448 5246 465 5277 ι
509 5225 762 5281 Profecto
793 5227 910 5281 inec
931 5233 1017 5281 est
1044 5226 1186 5281 dies.
1219 5246 1236 5278 ι
1284 5227 1566 5287 Confusio.
1595 5242 1715 5295 qua:
1730 5242 1795 5281 ex
1826 5241 1955 5295 pee-

370 5320 506 5374 catis
535 5320 739 5383 oritur;
772 5308 1193 5389 exspectabatur
1234 5335 1385 5385 vero,
1416 5320 1542 5389 quia
1583 5319 1726 5373 Deus
1757 5319 1958 5389 praedi-

371 5414 549 5473 ccbat,
575 5417 630 5463 et
648 5409 1003 5478 peccantibus
1032 5407 1365 5463 minabatur.

447 5498 509 5555 V.
540 5499 627 5553 i7.
662 5517 682 5551 ι
711 5498 865 5554 Fecit
889 5498 1173 5553 Dominus.
1216 5518 1235 5550 ι
1269 5498 1477 5553 Justam
1512 5497 1841 5555 sententiam
1868 5506 1954 5551 tu-

370 5587 449 5644 Iit.

445 5702 464 5735 ι
505 5681 808 5754 Compievit
842 5695 1149 5736 sermonem
1178 5694 1359 5735 suum.
1393 5698 1411 5731 ι
1479 5679 1558 5735 Ad
1630 5678 1791 5733 ﬁnem
1841 5692 1959 5748 per-

374 5773 528 5829 duxit
550 5783 754 5829 :etcrua
776 5773 1000 5844 judicia,
1035 5787 1143 5827 non
1172 5770 1342 5829 inuita
1366 5782 1590 5844 peccata
1615 5770 1950 5841 relinquens.

2060 4598 2171 4645 σιν,
2206 4578 2355 4651 Αὕτη
2390 4580 2538 4632 ἐστὶν
2578 4581 2611 4649 ἡ
2657 4578 2930 4649 λεγομένη
2966 4577 3181 4643 τελεία,
3218 4576 3312 4630 καί
3341 4576 3549 4640 ἔνδοξος
3588 4578 3647 4628 ὲν

2060 4675 2230 4745 ἀρετῇ
2259 4690 2273 4739 ;

2137 4788 2156 4822 ι
2209 4766 2494 4839 Διήνοιξαν
2520 4767 2614 4820 ἐπὶ
2674 4767 2751 4820 σέ.
2792 4785 2809 4817 ι
2846 4764 3169 4837 Ἐσύρισαν,
3220 4762 3505 4836 θηριωδῶς
3546 4763 3645 4815 ἐπ-

2060 4863 2245 4916 έθεντο
2265 4877 2279 4890 °
2301 4860 2508 4932 θηρίων
2535 4860 2644 4930 γὰρ
2675 4859 2702 4911 ὁ
2724 4858 3012 4928 συριγμός.

2135 5058 2155 5091 ι
2195 5039 2306 5093 Καὶ
2339 5037 2593 5108 ἐϐρυξαν.
2636 5055 2654 5088 ι
2709 5034 2913 5106 Βρύξαι
2955 5035 3102 5088 ἐστὶν
3152 5034 3213 5087 τὸ
3263 5032 3467 5105 τρίζειν
3521 5033 3649 5099 τοὺς

2057 5133 2297 5195 ὀδόντας.

2134 5244 2153 5276 ι
2192 5224 2338 5294 Πλὴν
2382 5222 2523 5293 αῦτη
2556 5224 2589 5293 ή
2632 5222 2835 5291 ἡμέρα.
2874 5237 2892 5269 ι
2939 5218 3001 5272 Ἦ
3029 5218 3088 5284 ἐξ
3116 5217 3401 5290 ἁμαρτιῶν
3443 5216 3647 5291 σύγχυ-

2060 5335 2142 5381 σις
2170 5335 2183 5348 ·
2214 5317 2587 5387 προσεδοκᾶτο
2620 5315 2699 5378 δὲ,
2730 5313 2818 5366 διὰ
2849 5313 2909 5365 τὸ
2942 5311 3233 5383 προλέγειν
3261 5311 3354 5367 τὸν
3375 5311 3530 5381 Θεὸν,
3552 5313 3646 5366 καὶ

2057 5411 2310 5466 ἀπειλεῖν
2343 5411 2456 5474 τοῖς
2491 5408 2917 5479 ἁμαρτάνουσιν.

2136 5521 2156 5554 ι
2199 5502 2459 5572 Ἐποίησε
2497 5501 2722 5571 Κύριος.
2763 5519 2782 5550 ι
2818 5498 3056 5561 Δικαίως
3083 5496 3322 5570 ἔκρινεν.

2137 5693 2155 5723 ι
2186 5670 2443 5725 Συνετέλε
2454 5687 2512 5723 σε
2535 5670 2706 5740 ῥῆμα.
2742 5690 2759 5720 ι
2790 5673 2883 5735 Εἰς
2908 5672 3079 5742 πέρας
3104 5672 3337 5742 ἤνεγκεν
3360 5671 3429 5725 τὰ
3450 5672 3643 5727 αἰώνια

2064 5767 2308 5837 κρίματα
2347 5802 2363 5830 ν
2441 5762 2500 5815 τὸ
2569 5762 2643 5834 μὴ
2726 5766 3127 5840 παρασιωπᾷν⁸
3172 5765 3231 5820 ἐν
3317 5766 3633 5837 ἁμαρτίαις.
