3942 6430
407 312 512 377 ’143
1487 308 1964 371 OLYMPIODOB

2113 308 2585 369 [.EXANDRINI
3567 306 3670 369 ’ΤΗ

403 424 565 481 stium
597 420 651 477 in
682 436 767 477 me
794 421 1118 481 adduceres.
1155 421 1381 495 Mystice
1417 438 1581 478 vero:
1614 423 1832 479 Perdita
1852 438 1960 478 sum

2119 422 2400 488 ιπαγαγεῖν
2436 438 2548 490 μοι.
2584 419 2725 491 Πρὸς
2772 420 2829 473 δὲ
2864 419 3105 473 διάνοιαν
3133 434 3147 450 ⁸
3184 418 3534 491 Ἐπετύςρθην
3566 422 3676 496 ξῖσ·

410 526 693 585 ultoresque
719 511 969 569 inimicos
990 513 1367 584 multiplicari.

2120 510 2399 582 ,πετύφην]
2424 550 2440 575 ,
2478 514 2574 565 καὶ
2623 510 3072 567 ἐπολυπλασίασσ.
3108 513 3231 575 τοὺς
3271 511 3504 582 ἐχθροὺς
3553 516 3677 585 τρό-

2098 619 2199 655 που
2207 621 2252 665 ;.

1080 688 1235 744 CAP.
1263 688 1349 744 Ill.

2753 695 2910 749 ΚΕΦ.
2951 695 2991 748 Γ
2991 694 3026 749 ’.

478 783 623 841 v.1.
652 805 671 829 ε
708 787 821 857 Ego
858 788 942 841 vir
986 786 1200 841 videns.
1234 803 1253 835 ι
1318 786 1377 840 1η
1436 798 1725 854 personam
1778 784 1996 853 quidem

2175 804 2194 838 ι
2245 784 2386 853 Ἐγὼ
2416 786 2555 856 ἀνὴρ
2584 788 2633 839 ὁ.
2674 806 2692 835 ι
2720 786 2845 839 Ἐπὶ
2887 786 2986 856 μὲν
3012 785 3109 841 τοῦ
3141 786 3436 860 προσώπου
3478 790 3684 861 Κυρίου

411 877 647 941 Domini,
680 879 750 932 ob
786 877 1175 933 exinanitionis
1208 876 1453 930 modum.
1495 875 1556 929 In
1582 876 1848 946 propheta
1868 892 1968 929 ven

2131 879 2187 933 ιὰ
2210 880 2277 934 τά
2309 881 2485 952 μέτρα
2523 880 2623 948 τῆς
2656 881 2961 945 κενώσεως.
3013 883 3137 941 Ἐπὶ
3172 884 3228 936 δὲ
3258 884 3354 938 τοῦ
3391 888 3686 957 προφήτου

410 969 614 1022 fatetur
639 968 872 1038 ingenue
899 976 1275 1039 paupertatem
1339 966 1870 1051 mulabilitatemque
1896 982 1967 1022 na

2133 970 2464 1039 ὐγνωμόνως
2496 970 2768 1040 ὁμολογεῖ,
2820 972 2880 1024 τὸ
2927 974 3145 1042 πτωχὸν
3175 974 3266 1027 καὶ
3316 977 3559 1044 τρεπτὸν
3587 976 3689 1045 τῆς

412 1066 581 1123 turae;
616 1059 818 1112 malum
842 1058 988 1112 enim
1017 1074 1129 1112 non
1158 1067 1350 1112 natura
1392 1066 1501 1123 est,
1536 1058 1630 1114 sed
1660 1067 1969 1114 transmutat

1973 1089 1997 1100 -
2101 1059 2319 1130 φύσεως
2342 1079 2357 1094 ·
2399 1061 2461 1114 οὗ
2495 1061 2603 1132 γὰρ
2636 1062 2797 1131 φύσει
2830 1062 2891 1115 τὸ
2922 1063 3125 1129 κακὸν,
3158 1063 3296 1118 ἀλλὰ
3326 1067 3530 1135 τροπῇ.

418 1149 588 1203 tione.

479 1240 545 1296 V.
576 1241 631 1294 2.
671 1259 689 1292 ι
729 1239 787 1294 1η
822 1241 972 1312 virga
1014 1240 1238 1295 furoris.
1270 1261 1289 1295 ι
1353 1241 1431 1295 Ex
1488 1258 1719 1312 persona
1774 1243 1993 1312 quidem

2178 1254 2198 1288 ‹
2245 1237 2324 1308 Τῇ
2357 1235 2538 1308 ῥάϐδῳ
2564 1234 2762 1306 θυμοῦ.
2795 1253 2815 1287 ι
2857 1235 2953 1290 Ἐκ
2985 1236 3083 1306 μὲν
3118 1236 3215 1290 τοῦ
3247 1235 3546 1307 προσώπου
3573 1238 3692 1290 Κυ-

413 1332 624 1387 Domini
649 1333 949 1389 secundum
975 1333 1108 1388 illud
1138 1351 1151 1386 :
1194 1332 1253 1388 In
1290 1350 1370 1388 me
1428 1335 1770 1402 conﬁrmatus
1805 1345 1881 1388 est
1911 1337 1967 1402 fu

2142 1328 2220 1383 ίου
2249 1329 2391 1383 κατὰ
2427 1329 2489 1383 τὸ
2518 1331 2813 1401 εἰρημένον
2846 1346 2862 1361 ·
2907 1330 3033 1384 Ἐπ’
3067 1329 3172 1399 ἐμὲ
3198 1329 3606 1400 ὲπεσττιρίχθη
3659 1332 3695 1384 ὁ

412 1441 499 1477 ror
526 1436 647 1477 tuus
672 1425 738 1478 ⁸³.
773 1424 849 1479 Ex
900 1440 1133 1496 persona
1183 1441 1314 1479 vero
1357 1426 1661 1496 prephetae,
1692 1426 1969 1481 'lnimicus

2140 1424 2285 1493 υμός
2338 1438 2476 1477 σου.
2533 1424 2633 1477 Ἐκ
2673 1424 2732 1476 δὲ
2765 1423 3061 1493 προσώπου
3104 1421 3198 1475 τοῦ
3236 1424 3523 1493 προφήτου
3554 1437 3569 1451 ·
3631 1418 3694 1471 Ὅ

413 1516 608 1589 inquit,
640 1516 1060 1589 diabolusyirga
1083 1516 1285 1572 furoris
1303 1518 1386 1571 sui
1410 1534 1542 1572 usus
1567 1527 1651 1573 est
1679 1519 1732 1572 in
1761 1534 1847 1573 me
1865 1535 1967 1573 con

2136 1515 2292 1587 χθρὸς
2313 1557 2328 1582 ,
2364 1518 2499 1587 φησι
2527 1553 2543 1582 ,
2573 1514 2822 1578 διάϐολος
2856 1517 2922 1586 τῇ
2948 1514 3131 1584 ῥάϐδῳ
3167 1514 3262 1568 τοῦ
3311 1513 3485 1585 θυμοῦ
3520 1511 3693 1568 αὐτοῦ

413 1607 671 1662 versione
703 1606 757 1661 in
790 1617 1112 1677 peccatum;
1149 1622 1279 1677 ergo
1313 1623 1596 1662 assumens
1644 1608 1732 1663 ille
1795 1626 1875 1662 me
1905 1609 1970 1662 ab

2141 1607 2381 1680 χρήσαιτό
2411 1624 2524 1678 μοι,
2553 1610 2620 1679 τῇ
2651 1609 2827 1678 τροπῇ
2867 1609 2933 1678 τῇ
2965 1606 3046 1670 είς
3091 1605 3367 1678 ἁμαρτίαν
3392 1622 3405 1635 ·
3442 1605 3567 1658 ὅθεν
3599 1605 3698 1658 καὶ

418 1700 571 1754 duxit
594 1701 649 1753 in
678 1701 938 1764 tenebras,
967 1713 1013 1753 et
1042 1716 1145 1753 non
1198 1699 1386 1753 lucem.
1414 1698 1539 1756 Haec
1569 1708 1752 1755 autem
1781 1699 1975 1755 nomini

2141 1696 2438 1768 ;αραλαϐὠν
2472 1715 2564 1768 με,
2595 1696 2908 1768 ἀπήγαγέν
2953 1715 3032 1768 με
3055 1700 3144 1765 εἰς
3173 1699 3425 1765 σκότος,
3475 1697 3578 1750 καί
3620 1698 3698 1750 οὐ

422 1791 594 1847 totius
619 1799 832 1846 natura).
858 1792 1113 1847 humanae
1136 1791 1363 1863 profert.

2142 1765 2251 1856 ὥς.
2291 1765 2483 1845 Ταῦτα
2515 1790 2575 1844 δὲ
2606 1765 2875 1862 προφέρει
2904 1765 3015 1844 ἀπὸ
3046 1790 3229 1845 κοινοῦ
3257 1790 3357 1861 τῆς
3401 1788 3699 1862 ἀνθρωπό-

2102 1898 2285 1952 τητος.

484 1985 552 2040 ν.
579 1987 633 2040 5.
672 2005 691 2038 ι
731 1985 967 2042 Tantum
1009 1986 1064 2041 in
1096 2002 1204 2043 me.
1237 2006 1255 2038 ι
1306 1988 1427 2042 Non
1453 1989 1605 2051 satis.
1660 1989 1856 2059 inquit,
1895 1991 2002 2045 ini-

2180 1990 2199 2024 ι
2265 1970 2414 2043 Πλὴν
2471 1972 2529 2025 ἒν
2577 1970 2722 2042 ἐμοί.
2762 1988 2782 2022 ›
2832 1970 2908 2025 Οὐ
2964 1971 3149 2042 μόνον,
3186 1973 3344 2043 φησὶ,
3390 1973 3639 2045 ἠρκέσθη
3673 1974 3704 2027 ὁ

416 2078 559 2134 mico
576 2078 697 2142 fuit,
728 2095 814 2134 mc
837 2080 888 2135 in
910 2080 1163 2135 tenebras
1185 2080 1476 2146 abducere,
1506 2080 1603 2136 sed
1630 2083 1792 2136 etiam
1825 2084 1971 2151 paeni

2146 2065 2298 2135 (θρδς
2316 2066 2627 2133 ἀπαγαγεῖν
2660 2080 2728 2134 με
2761 2065 2843 2127 είς
2874 2065 3085 2130 σκότος,
3123 2065 3262 2120 ἀλλὰ
3287 2066 3383 2120 καὶ
3421 2066 3703 2138 ἐτιμωρή-

420 2167 632 2223 afﬂixit.
665 2165 803 2221 illud
831 2183 992 2236 porro
1021 2177 1132 2220 tota
1163 2168 1266 2232 die,
1322 2167 1464 2221 idem
1494 2176 1579 2221 est
1608 2182 1671 2222 ac
1705 2167 1748 2221 si
1772 2167 1977 2224 diceret

2143 2155 2236 2209 ατό
2259 2154 2428 2226 με.Τὸ
2447 2154 2523 2219 δὲ,
2543 2153 2699 2222 ὅλην
2717 2153 2833 2222 τὴν
2845 2154 3095 2223 ἡμέραν,
3116 2156 3240 2209 ἀντὶ
3263 2154 3379 2223 τοῦ,
3397 2154 3577 2208 πάντα
3601 2155 3700 2209 τὸν

416 2257 565 2314 omni
591 2265 835 2328 tempore
862 2272 971 2326 quo
989 2257 1094 2311 sub
1124 2256 1244 2326 ejus
1277 2265 1550 2327 potestate
1577 2256 1699 2311 fuit.

1446 2265 1550 2312 me
1577 2256 1699 2311 fuit,
2106 2244 2320 2314 καιρὸν,
2353 2243 2413 2297 δν
2449 2242 2675 2313 γέγονεν
2706 2242 2797 2296 ὑπ’
2832 2242 3003 2313 αὐτῷ.

486 2346 551 2402 ν.
584 2350 636 2403 4.
674 2367 692 2400 ‹
733 2347 1014 2402 Vetustam
1040 2347 1168 2402 fecit
1203 2364 1427 2403 carnem
1449 2364 1648 2402 meam.
1686 2367 1705 2400 ι
1739 2348 1818 2403 Ex
1873 2364 2001 2419 per-

2179 2355 2201 2388 c
2255 2335 2598 2391 Ἐπαλαίωσε
2655 2335 2835 2407 σάρκα
2892 2352 3017 2406 μου.
3055 2355 3076 2389 ι
3122 2336 3220 2393 Ἐκ
3268 2336 3368 2407 μὲν
3396 2337 3696 2409 προσώπου

413 2455 546 2496 sona
576 2438 795 2508 quidem
856 2439 1089 2505 Domini,
1127 2438 1492 2502 Mendacium,
1522 2440 1617 2503 ait,
1674 2439 1970 2494 aediﬁcatur:

2138 2429 2197 2483 οὗ
2226 2430 2456 2501 Κυρίου,
2482 2428 2543 2481 τὸ
2565 2428 2782 2498 ψεῦδος,
2811 2430 2997 2499 φησὶν,
3029 2428 3356 2500 ᾠκοδομήθη
3381 2430 3504 2484 κατ’
3531 2431 3695 2501 ἐμοῦ,

413 2541 499 2589 est
524 2541 712 2589 contra
744 2548 850 2586 me.
878 2529 1010 2584 Nam
1036 2530 1204 2586 multa
1242 2531 1503 2586 adversus
1532 2545 1658 2586 eum
1715 2530 1970 2586 ell‘utiver

2140 2523 2280 2577 mm;
2320 2522 2428 2592 γὰρ
2478 2521 2647 2576 αὐτοῦ
2687 2522 3105 2592 κατεψεύδοντο.
3159 2521 3256 2577 Ἐκ
3296 2522 3354 2576 δὲ
3397 2524 3697 2595 προσώπου

415 2623 719 2679 mendacia.
761 2622 837 2676 Ex
876 2636 1111 2692 persona
1143 2636 1273 2675 vero
1327 2621 1584 2676 humanae
1615 2630 1859 2685 natura,
1882 2620 1972 2677 No:

2141 2616 2207 2686 ἧς
2235 2614 2579 2686 ἀνθρωπείας
2610 2613 2851 2683 φύσεως.
2870 2616 2944 2669 Οὐ
2977 2614 3162 2686 μόνον,
3182 2615 3369 2687 φησὶν,
3391 2617 3640 2689 ἠρκέσθη
3669 2619 3698 2671 ὁ

416 2716 547 2778 hoc,
580 2715 679 2779 ait,
714 2713 936 2785 inimico
983 2713 1114 2768 satis
1134 2712 1256 2778 fuit,
1288 2712 1422 2768 mihi
1476 2728 1669 2783 pmnas
1724 2713 1967 2784 inﬂigere

2143 2705 2302 2776 χθρὸς
2358 2705 2782 2776 τιμωρήσασθαί
2845 2722 2936 2776 με,
2965 2704 3104 2759 ἀλλὰ
3129 2707 3225 2760 καὶ
3255 2703 3400 2761 οὕτω
3428 2722 3700 2780 περιῳκο-

417 2808 515 2863 sed
555 2808 627 2862 ita
646 2807 792 2862 circa
816 2822 903 2861 me
926 2807 1119 2862 extulit
1141 2805 1385 2872 aedilicia,
1409 2812 1470 2860 ut
1490 2804 1732 2877 effugere
1752 2821 1862 2861 non
1880 2820 1974 2877 pos

2141 2799 2312 2869 ὁμησε
2364 2799 2485 2854 κατ’
2546 2795 2706 2868 ἐμοῦ,
2757 2797 2833 2861 ὡς
2890 2797 2968 2869 μὴ
3018 2796 3281 2854 δύνασθαί
3342 2815 3414 2870 με
3464 2799 3698 2869 διαφεύ-

418 2898 546 2956 sim.

2105 2908 2246 2959 γειν.

494 3010 513 3043 ι
548 2990 608 3045 In
638 2990 1018 3046 tenebricosis.
1058 3008 1078 3041 ι
1137 2988 1255 3045 Hoc
1311 2988 1462 3059 prior
1513 2989 1681 3046 David
1714 2990 1762 3024 "
1793 2989 1860 3046 de
1893 2989 2003 3046 Do-

2181 3003 2200 3036 «
2225 2984 2312 3037 Ἐν
2352 2984 2673 3046 σκοτεινοῖς.
2714 3000 2734 3034 ι
2785 2981 2957 3037 Τοῦτο
2988 2983 3257 3056 πρότερος
3284 2984 3314 3039 ὁ
3358 2984 3525 3039 Δαϐὶδ
3565 2988 3700 3058 περὶ

417 3083 567 3138 mino
595 3091 820 3153 propter
846 3081 1185 3151 sepulturam
1244 3081 1366 3151 eius
1419 3081 1907 3151 prtenuntiaverat.
1942 3081 1974 3137 S

2141 3075 2203 3132 οὗ
2246 3077 2455 3146 Κυρίου
2513 3075 2989 3147 προκατήγγειλεν
3027 3076 3120 3131 διὰ
3160 3077 3254 3132 τὸν
3307 3078 3498 3149 τάφον.
3533 3080 3598 3132 Εἰ
3637 3079 3698 3134 δὲ

417 3191 548 3232 vero
575 3176 740 3230 etiam
771 3176 839 3230 de
865 3176 1044 3229 anima
1078 3174 1431 3244 intelligatur,
1464 3173 1587 3228 ideo
1628 3173 1848 3238 dicitur,
1880 3175 1972 3245 qui

2141 3171 2219 3226 ιπὸ
2253 3169 2435 3224 κοινοῦ
2461 3171 2558 3239 τῆς
2590 3168 2791 3240 ψυχῆς.
2828 3167 3084 3236 λέγεται,
3123 3169 3206 3223 ὅτι
3248 3172 3474 3236 σκότους
3522 3171 3698 3242 αὐτὴν

420 3268 663 3323 tenebris
703 3281 823 3322 eam
851 3265 1154 3337 oppleverit
1209 3264 1531 3336 intelligibili
1567 3264 1773 3324 lumine
1825 3267 1977 3336 priva

1874 3267 2009 3322 riva-
2108 3265 2454 3336 ἐπλήρωσεν,
2480 3264 2866 3334 ἀποστερήσας
2885 3260 2980 3317 τοῦ
3006 3263 3201 3333 νοητοῦ
3235 3265 3431 3334 φωτός.

418 3369 555 3414 tam.
1194 3384 1205 3389 -

490 3447 554 3503 ν.
589 3450 640 3503 7.
687 3468 705 3501 ι
736 3446 1063 3503 Ediﬁeavit.
1099 3466 1119 3498 ›
1169 3446 1247 3501 De
1306 3446 1535 3500 Domino
1584 3447 1824 3515 quidem,
1869 3462 2009 3517 quo-

2187 3463 2206 3496 ι
2254 3441 2685 3513 ’Δνῳκοδὸμησε.
2719 3439 2894 3494 ι”Επὶ
2918 3438 3022 3509 μὲν
3045 3440 3140 3494 τοῦ
3163 3440 3373 3511 Κυρίου
3391 3480 3407 3506 ,
3428 3442 3511 3497 ὅτι
3528 3441 3699 3513 ᾤοντο

422 3539 569 3593 niam
603 3536 694 3608 qui
727 3551 851 3591 eum
881 3536 934 3591 in
964 3536 1220 3606 sepulcro
1251 3544 1551 3605 posuerant
1575 3535 1800 3591 minime
1830 3551 1979 3591 resur

2143 3536 2314 3607 ιηκὲτι
2335 3534 2497 3588 αὑτὸν
2518 3531 2924 3603 ἀναστήσεσθαι
2948 3533 2998 3586 oi
3028 3533 3393 3601 ἐμϐάλλοντες
3423 3533 3588 3588 αὐτὸν
3621 3534 3700 3605 τῷ

421 3638 702 3684 recturum
733 3627 1118 3700 opinabantur.
1147 3626 1224 3681 De
1251 3626 1433 3679 anima
1475 3640 1625 3691 vero,
1658 3634 1884 3696 propter
1913 3641 1978 3681 cu

2144 3631 2289 3700 άφῳ.
2338 3628 2464 3685 Ἐπὶ
2492 3626 2549 3680 δὲ
2584 3626 2685 3697 τῆς
2713 3625 2914 3697 ψυχῆς,
2951 3625 3041 3681 διὰ
3067 3626 3169 3699 τὴν
3196 3627 3317 3682 κατ’
3344 3626 3517 3697 αὐτῆς
3539 3645 3699 3698 γενο-

421 3720 650 3776 stodiam
672 3736 794 3790 quae
822 3720 875 3774 in
912 3720 1056 3775 illam
1085 3719 1329 3774 adhibita
1364 3728 1470 3773 est.

1024 3736 1056 3775 ι]
1085 3719 1329 3774 adhibita
1364 3728 1470 3773 est.
2115 3722 2285 3794 μένην
2312 3720 2581 3792 φρουράν.

496 3832 515 3865 ι
553 3811 878 3882 Aggravarit
919 3826 994 3866 aes
1049 3825 1252 3865 meum.
1285 3829 1304 3862 ι
1345 3809 1420 3865 De
1472 3810 1727 3877 Domino,
1785 3819 2010 3881 prepter

2190 3833 2209 3866 ι
2257 3814 2527 3884 Ἐϐάρυνε
2564 3811 2770 3882 χαλκόν
2820 3828 2945 3882 μου.
2981 3830 3000 3863 ι
3048 3813 3171 3866 Ἐπὶ
3207 3811 3308 3883 μὲν
3338 3811 3433 3868 τοῦ
3467 3811 3698 3884 Κυρίου,

422 3905 576 3976 signa
639 3904 758 3973 ejus
813 3912 1171 3958 monumento
1221 3903 1474 3972 adjecta;
1506 3903 1575 3958 de
1622 3904 1800 3958 anima
1828 3944 1843 3967 ,
1881 3919 1979 3973 pro

2147 3908 2204 3963 ιά
2248 3907 2349 3970 τὰς
2381 3906 2685 3977 σφραγῖδας
2712 3904 2813 3968 τὰς
2840 3903 3131 3975 βληθείσας
3169 3906 3228 3959 ὲν
3253 3903 3332 3974 τῷ
3364 3903 3533 3958 αὐτοῦ
3566 3904 3704 3974 μνή-

421 4012 540 4068 pter
565 4006 786 4053 catenas
816 3997 1046 4067 peccati,
1073 3997 1272 4067 quibus
1296 4012 1415 4051 eam
1457 3996 1715 4051 inimicus
1769 3996 1978 4050 obstrin

2144 4015 2249 4053 ιατι
2269 4014 2281 4030 ·
2316 3996 2411 4051 ἐπὶ
2434 3998 2492 4052 δὲ
2519 3998 2619 4066 τῆς
2643 3996 2824 4067 ψυχῆς
2844 4037 2859 4063 ,
2885 3996 2974 4050 διὰ
2995 3998 3120 4059 τοὺς
3148 3996 3364 4060 κλοιοὺς
3390 3996 3490 4068 τῆς
3517 3997 3701 4069 ἁμαρ-

420 4090 519 4144 xit.
2110 4091 2256 4154 τίας,
2286 4088 2380 4153 οὓς
2412 4089 2743 4160 περιέθηκεν
2772 4089 2911 4160 αὐτῇ
2932 4091 2961 4142 ὁ
2988 4088 3205 4160 ἐχθρός.

492 4179 556 4235 ν.
589 4179 642 4233 8.
679 4198 697 4230 ι
735 4177 911 4234 Etiam
939 4194 1065 4233 cum
1126 4176 1490 4233 vociferabor.
1532 4195 1551 4229 ι
1614 4175 2007 4246 Multiplicalis,

2191 4200 2211 4234 ι
2240 4181 2350 4236 Καί
2379 4198 2445 4250 γε
2464 4182 2547 4234 ὅτι
2570 4179 2968 4252 κεκράξομαι.»
2994 4181 3302 4250 Πληθύνας,
3328 4182 3483 4253 φησὶ,
3500 4181 3571 4235 τὰ
3586 4182 3702 4235 ἔπι-

422 4268 519 4333 ait,
548 4277 894 4338 peccatorum
924 4266 1120 4323 studiis
1144 4267 1401 4336 precibus
1432 4266 1572 4337 siam
1608 4264 1673 4318 ad
1704 4265 1875 4319 Deum
1923 4264 1977 4318 in

2145 4272 2431 4342 ηδεύματα
2456 4271 2565 4326 τῶν
2590 4272 2877 4345 ἁμαρτιῶν
2894 4315 2908 4338 ,
2933 4274 3032 4346 τὴν
3060 4274 3195 4345 πρὸς
3224 4276 3317 4328 τὸν
3344 4276 3477 4330 Θεὸν
3514 4277 3702 4344 δέησιν

424 4356 693 4411 terclusit.
721 4355 848 4411 Haec
871 4368 1053 4412 autem
1088 4356 1221 4411 dicit
1249 4356 1453 4421 anima,
1473 4353 1731 4424 quoniam
1760 4363 1816 4409 et
1867 4353 1977 4408 idol

2154 4364 2454 4435 πέφραξεν.
2489 4364 2652 4431 Λέγει
2688 4365 2746 4419 δὲ
2774 4365 2948 4419 ταῦτα
2976 4368 3008 4436 ή
3031 4366 3199 4437 ψυχὴ,
3231 4367 3321 4422 διὰ
3347 4368 3408 4421 τὸ
3430 4368 3525 4421 καὶ
3547 4368 3706 4422 εἰδώ-

421 4447 695 4502 adoravit.

2040 4440 2087 4496 n
2115 4459 2229 4521 λοις
2252 4455 2651 4529 προσκυνῆσαι.
2686 4461 2691 4466 “

499 4537 560 4591 V.
593 4538 645 4593 9.
679 4555 698 4588 ‹
733 4534 1264 4592 Circumaediﬁcavit.
1303 4552 1323 4587 ι
1355 4535 1435 4590 Ex
1466 4549 1702 4604 persona
1727 4535 2009 4602 Ecclesiae,

2198 4569 2217 4602 ι
2281 4548 2748 4619 Ἀνῳκοδόμησεν.
2803 4567 2824 4600 ι
2871 4549 2967 4604 Ἐκ
3012 4548 3113 4618 μὲν
3166 4549 3270 4621 τῆς
3337 4550 3663 4623 Ἐκκλησίας
3690 4594 3707 4617 ’

424 4628 665 4700 Populus
693 4628 1031 4693 Iudaeorum,
1063 4627 1158 4693 ait,
1191 4643 1383 4682 omnes
1435 4627 1675 4682 intendit
1721 4631 1889 4693 vires,
1944 4646 1976 4682 η

2154 4640 2430 4705 ιουδαίων,
2450 4640 2641 4711 φησὶν,
2669 4640 2797 4703 λαὸς
2853 4645 3105 4704 παντοῖος
3139 4643 3364 4711 γέγονεν
3413 4643 3711 4714 ἐμποδίσαι

424 4723 672 4778 doctrina
695 4722 1123 4792 praedicaretur;
1161 4720 1392 4775 ethunc
1420 4719 1566 4774 leoni
1614 4727 1670 4773 οι
1696 4735 1827 4776 urso
1875 4723 1981 4776 assi

2155 4736 2188 4805 ᾖ
2243 4732 2567 4804 διδασκαλίᾳ
2619 4732 2716 4786 τοῦ
2791 4733 3151 4805 κηρύγματος
3176 4748 3193 4766 ο
3245 4734 3438 4789 τοῦτον
3486 4736 3545 4789 δὲ
3610 4738 3712 4790 καὶ

425 4814 576 4869 milat
624 4823 846 4885 propter
908 4812 1268 4875 iracundiam,
1331 4820 1387 4866 et
1418 4812 1616 4882 quoad,
1662 4811 1858 4885 inquit,
1912 4814 1982 4868 fui

2157 4826 2301 4879 ἐοντι
2326 4826 2422 4878 καὶ
2446 4824 2635 4896 ἄρκτῳ
2658 4825 2865 4890 εἰκάζει
2917 4827 3009 4880 διὰ
3034 4827 3095 4879 τὸ
3116 4828 3420 4899 θυμιτικὼυ
3447 4829 3541 4883 καὶ
3560 4829 3712 4899 τόγε.

425 4909 478 4961 in
514 4907 624 4971 illo,
658 4907 841 4977 posuit
869 4921 958 4963 me
995 4905 1316 4960 desolatam.
1341 4906 1421 4959 Ex
1451 4921 1682 4976 persona
1731 4923 1861 4963 vero
1892 4908 1982 4962 ani

2158 4919 2310 4988 νησὶν,
2350 4917 2438 4987 ἐφ’
2487 4917 2702 4988 ἑαυτῷ,
2749 4919 2903 4972 ἔθετό
2944 4937 3011 4991 με
3056 4921 3460 4992 ὴφανισμένην.
3508 4920 3605 4975 Ἐκ
3652 4922 3715 4975 δὲ

425 5016 528 5057 una:
556 5017 573 5055 :
607 4999 872 5066 Occlusit,
907 4998 1103 5068 inquit,
1130 4997 1246 5055 vias
1274 5014 1425 5055 meas
1450 5000 1724 5055 inimicus.

2157 5009 2416 5078 ἷρῦσίίνπθυ
2443 5008 2545 5078 τῆς
2568 5008 2770 5081 ψυχῆς,
2802 5010 3145 5078 Συνὲκλεισε,
3174 5013 3330 5083 φησὶ,
3357 5011 3458 5074 τὰς
3484 5013 3714 5084 πορείας

2165 5118 2228 5153 ου
2258 5102 2287 5154 ὁ
2323 5101 2539 5165 ἐχθρός.

496 5178 561 5233 ν.
604 5177 689 5232 10.
747 5175 1158 5232 «Conturbavit
1214 5193 1393 5232 ursus.
1430 5197 1448 5234 ι
1502 5178 1678 5235 Ursus
1731 5188 2014 5250 peccatum

2159 5118 2228 5153 ou
2258 5118 2287 5154 ο
2323 5118 2347 5153 ε
2391 5118 2418 5153 υ
2461 5118 2539 5165 ος.

2194 5206 2212 5237 ‹
2237 5118 2531 5259 Ἐτάὶατέεν
2545 5188 2768 5260 ἄρκτος.
2784 5206 2802 5240 ι
2815 5191 3052 5259 ’Ἄρκτος
3071 5193 3102 5262 ἡ
3123 5192 3389 5264 ἁμαρτία.
3409 5189 3685 5261 Ἑνεδρεύ
3700 5224 3716 5235 -

424 5280 537 5336 est;
571 5270 832 5323 insidians
883 5283 1036 5335 vero,
1073 5268 1126 5323 id
1152 5277 1236 5324 est
1263 5271 1431 5336 varie,
1463 5280 1518 5326 et
1547 5271 1766 5325 smviter
1821 5287 1981 5343 agng

1979 5292 2015 5324 ε·
2117 5297 2278 5336 ουσα
2307 5278 2386 5347 δὲ,
2418 5282 2680 5347 ποικίλως
2698 5284 3075 5357 κὲπιτιθεμένη
3107 5287 3201 5340 καῖ⁵
3232 5285 3536 5359 θηριωδῶς.

426 5363 602 5418 diens.
1602 5378 1617 5391 ‘

502 5476 521 5508 ι
559 5456 632 5515 Ut
666 5458 770 5511 leo.
809 5475 826 5509 ι
858 5455 1029 5513 Ursus
1055 5456 1120 5511 ad
1155 5456 1407 5513 timorem
1469 5458 1649 5513 minor
1704 5467 1788 5513 est
1836 5457 2014 5513 leone.

2205 5478 2225 5512 ι
2263 5461 2437 5526 Αὐτός
2464 5480 2557 5532 μοι
2588 5462 2664 5527 ὡς
2689 5462 2849 5519 λέων.
2889 5482 2910 5515 ι
2951 5464 3011 5520 Ὀ
3030 5465 3234 5537 ἄρκτος
3256 5464 3394 5537 πρὸς
3419 5464 3586 5536 φόϐον
3613 5460 3714 5537 ἦτ-

429 5547 618 5619 ltaque
644 5548 911 5614 diabolus,
944 5549 1155 5606 turbata
1180 5550 1335 5621 prius
1364 5566 1464 5620 per
1500 5560 1783 5621 peccatum
1814 5548 1986 5605 anima

2155 5555 2220 5607 ’όν
2247 5554 2363 5607 ἐστι
2408 5552 2508 5608 τοῦ
2567 5553 2799 5620 λέοντος.
2841 5557 3241 5628 Προταράττων
3279 5553 3375 5611 οὖν
3400 5557 3500 5628 τὴν
3529 5554 3712 5626 ψυχὴν

501 5750 547 5784 ⁸³
570 5750 712 5805 Psal.
739 5766 977 5821 Lxxxm,
1014 5754 1064 5809 8.
1146 5753 1188 5786 ιε
1222 5753 1351 5810 ibid.
1404 5755 1453 5808 7.
