3942 6408
248 359 355 424 777

1169 355 1631 416 FRAGMENTA
1670 352 1751 413 ΙΝ
1799 352 2157 414 ῘΕΒΕΜῙ.¹Ε
2191 349 2637 412 EPISTOLAM.

3426 346 3535 416 778

248 478 362 531 τῶν
393 472 587 545 ἱερέων
625 469 806 541 ψυχὰς
844 468 944 522 οὐκ
975 466 1234 533 ἐκλύτους
1274 464 1415 521 εἶναι
1459 468 1557 534 δεῖ,
1586 466 1702 519 ἀλλ’
1751 466 1847 519 ἀν-

1975 464 2238 518 :erdotum
2282 464 2492 517 animas
2535 460 2831 516 dissolutas
2869 476 2987 515 esse
3021 476 3130 514 non
3162 462 3379 529 decere,
3440 468 3538 523 sed

252 567 441 635 δρείας
475 565 574 619 καὶ
609 563 858 634 γενικὰς.

328 677 349 712 ι
394 654 499 711 Ὧν
531 659 587 711 al
614 656 851 726 κεφαλαὶ
879 655 1184 709 ἅκὰλυπτοί
1216 656 1377 707 εἰσιν.
1426 672 1444 705 ι
1484 652 1601 706 Οὐκ
1630 651 1853 722 ἔχουσαι

250 770 349 827 τοῦ
383 770 659 842 σωτηρίου
691 768 789 842 τὴν
820 768 1280 840 περικεφαλαίαν.

334 884 542 937 Ἑνεόν
588 900 723 955 φησι
771 882 835 935 τὸ
881 880 1098 935 εἴδωλον
1146 880 1209 933 τὸ
1263 878 1498 949 ἄφωνον.
1526 877 1729 946 Βῆλον
1755 878 1853 931 Δία

252 975 347 1029 καὶ
367 974 633 1045 Ἕλληνες
663 972 1064 1044 ἐσεϐάσθησαν.

331 1107 351 1141 ι
389 1092 455 1143 Δί
498 1090 557 1144 δὲ
586 1092 848 1158 γυναῖκες
902 1086 1262 1158 περιθέμεναι
1295 1087 1530 1157 σχοινία.
1572 1104 1591 1136 ι
1629 1085 1850 1155 Σχοινία

253 1181 420 1252 φησὶν
443 1181 513 1235 τὰ
540 1179 905 1252 περιζώματα
929 1196 943 1210 ·
975 1177 1352 1233 καλύπτουσαι
1369 1178 1480 1250 γὰρ
1511 1178 1647 1249 μόνα
1667 1178 1734 1231 τὰ
1753 1178 1846 1230 τοῦ

254 1275 513 1346 σώματος
532 1277 846 1345 ἀσχήμονα,
874 1273 944 1328 τὰ
963 1273 1129 1326 λοιπὰ
1158 1272 1567 1345 παρεγύμνουν,
1601 1290 1847 1343 προσκα-

251 1366 346 1420 λοῦ
355 1384 517 1437 μεναι
550 1369 677 1429 τοὺς
709 1368 969 1436 ἐραστάς.

322 1474 344 1509 ι
381 1457 674 1528 Θυμιῶσαι
697 1458 769 1511 τὰ
796 1458 1025 1529 πίτυρα.
1065 1478 1086 1512 ι
1125 1457 1414 1532 Ἀφροδίτῃ
1446 1456 1630 1528 τυχὸν,
1664 1458 1698 1528 ἦ
1737 1470 1844 1510 τινι

251 1546 763 1618 προαγωγῷ.”1σως
790 1546 848 1601 δὲ
878 1550 975 1603 καὶ
1008 1548 1089 1609 είς
1115 1549 1400 1621 καθαρμὸν
1431 1547 1591 1602 τοῦτο
1623 1547 1843 1603 ἐποίουν

247 1643 297 1693 οἱ
327 1640 637 1711 δυστυχεῖς.

327 1752 346 1783 ι
388 1733 513 1784 Ὀτι
534 1732 637 1785 οὐκ
658 1730 908 1802 ἠξίωται.
951 1751 969 1785 ι
1009 1732 1133 1786 ’Ότι
1180 1732 1282 1786 οὐκ
1311 1730 1519 1802 ἠξιώθη
1549 1729 1685 1784 Θεοῦ
1712 1731 1836 1784 ὲπι-

1962 556 2166 619 viriles,
2203 567 2258 609 et
2288 569 2607 626 generosas.

2033 666 2093 719 ν.
2121 668 2209 721 50.
2244 685 2263 717 ι
2302 666 2543 734 Quorum
2567 668 2744 738 capita
2769 668 2913 723 nuda
2953 677 3099 723 sunt.
3142 688 3160 719 ι
3187 666 3304 723 Non
3332 668 3542 724 baben-

1954 761 2026 815 tia
2059 761 2311 816 salutaris
2339 762 2570 832 galeam.

2025 876 2089 929 V.
2143 877 2233 932 40.
2294 860 2497 931 Mutum
2541 886 2700 932 vocat
2742 877 2945 931 idolum
3007 877 3127 932 sine
3147 838 3297 931 voce.
3327 874 3538 941 Belum,

1949 968 2139 1024 Jovem
2163 968 2337 1025 Graeci
2367 986 2584 1041 quoque
2627 970 2936 1036 coluerunt.

2024 1079 2089 1137 ν.
2124 1082 2215 1138 42.
2254 1101 2273 1134 ι
2310 1082 2565 1139 Mulieres
2609 1093 2790 1139 autem
2830 1080 3182 1138 circumdata:
3228 1078 3473 1137 funibus.
3514 1099 3532 1131 ι

1951 1176 2133 1229 Funes
2150 1185 2309 1232 vocat
2335 1177 2666 1248 subligacula
2690 1196 2703 1232 :
2734 1176 2876 1231 solas
2895 1174 3043 1230 enim
3071 1176 3315 1247 tegentes
3341 1175 3537 1229 obsee-

1948 1282 2048 1322 nas
2074 1269 2323 1337 corporis
2358 1279 2555 1340 partes,
2578 1280 2773 1326 ca-tera
2803 1268 3102 1334 nudabant,
3131 1266 3196 1321 ad
3217 1265 3538 1321 alliciendos

1947 1372 2241 1417 amatores.

2027 1472 2046 1505 ι
2093 1455 2397 1510 Adolentes
2475 1455 2707 1511 furfura.
2768 1475 2787 1506 ι
2880 1455 3076 1511 Veneri
3144 1455 3394 1516 fortasse,
3452 1452 3541 1506 vel

1949 1548 2108 1603 alteri
2138 1548 2379 1613 numini,
2410 1550 2556 1619 quod
2579 1549 2869 1604 lenociniis
2921 1550 3128 1619 prrcsit.
3155 1547 3319 1603 Forte
3371 1545 3538 1601 etiam

1946 1641 2014 1695 ad
2047 1657 2108 1697 se
2134 1642 2448 1698 lustrandos
2477 1643 2664 1698 miseri
2693 1643 2799 1698 hoc
2815 1643 3067 1714 agebant.

2020 1734 2079 1787 V.
2095 1736 2185 1790 l3.
2204 1754 2223 1787 ι
2252 1735 2405 1803 Quod
2428 1752 2536 1791 non
2561 1736 2634 1791 sit
2652 1736 2814 1807 digna
2836 1735 3036 1791 habita.
3052 1754 3068 1783 ι
3092 1730 3360 1800 Quoniam
3380 1730 3543 1801 digna

250 1825 525 1896 σκέψεως.
559 1856 633 1865 -—
663 1824 788 1889 Πῶς
818 1842 882 1893 γε
914 1824 978 1895 δὴ
1009 1824 1195 1895 μέλλοι
1228 1825 1297 1879 τὰ
1327 1826 1422 1879 ὑπ’
1456 1825 1640 1880 αὐτῶν
1665 1843 1840 1879 κατα-

1975 1842 2056 1882 non
2087 1826 2209 1890 fuit,
2253 1843 2375 1898 qum
2408 1844 2439 1883 a
2486 1829 2597 1883 Deo
2625 1826 3048 1883 inviseretur.—-—
3072 1821 3543 1893 Quomodoigitur

251 1917 625 1973 σκευασθέντα
652 1914 788 1972 εἷναι
812 1917 946 1986 θεοὶ,
976 1919 1060 1972 ὅτι
1082 1918 1144 1972 τὸ
1166 1919 1272 1973 ὑπὸ
1295 1918 1458 1973 ἄλλου
1479 1919 1764 1990 γινόμενον
1784 1919 1847 1973 οὐ

247 2009 407 2074 Θεός.

325 2121 346 2155 ι
384 2099 767 2173 Γνωσθὴσεται
798 2101 939 2173 μετὰ
967 2098 1140 2156 ταῦτα
1165 2100 1249 2157 ὅτι
1275 2101 1393 2156 ἐστὶ
1417 2101 1609 2173 ψευδῆ.
1652 2120 1670 2155 υ
1699 2103 1763 2158 Ὀ
1781 2101 1847 2173 δὴ

249 2195 347 2248 καὶ
378 2192 606 2262 γέγονεν
637 2193 726 2246 διὰ
748 2193 850 2264 τῆς
872 2191 967 2245 τοῦ
991 2193 1247 2263 Σωτῆρος
1282 2192 1630 2261 ἐπιφανείας.

326 2300 346 2334 ι
383 2283 601 2354 Ὠσπερ
632 2283 741 2353 γὰρ
762 2282 1023 2352 κορῶναι.
1060 2300 1079 2333 ι
1124 2282 1191 2335 Ἦ
1224 2282 1439 2352 κορώνη
1470 2282 1673 2353 πτηνὸν
1704 2282 1845 2337 ἀκά-

250 2378 481 2449 θαρτον.
526 2377 855 2447 Ἀκάθαρτοι
880 2372 972 2431 οὖν
996 2376 1135 2429 είσιν
1156 2378 1206 2430 οί
1228 2376 1500 2448 δαίμονες,
1527 2376 1653 2432 οὔτε
1684 2380 1848 2432 ἐπου-

254 2470 435 2540 ράνιοι
469 2468 623 2532 ὄντες
639 2468 728 2522 διὰ
754 2468 816 2521 τὸ
853 2466 1128 2539 ἄτιμοι,οῦ
1151 2486 1211 2521 τε
1243 2468 1503 2538 ἐπίγειοι.
1536 2469 1672 2523 διότι
1692 2469 1849 2540 ψευδ-

248 2559 469 2631 ώνυμοι
496 2577 512 2593 ·
570 2561 664 2613 καὶ
721 2559 895 2623 ἄλλως
924 2559 981 2612 δὲ
1007 2599 1022 2624 ,
1073 2559 1183 2613 ἁπδ
1220 2561 1320 2629 μὲν
1343 2559 1613 2631 οὐρανίων
1641 2559 1848 2630 ἀψίδων

252 2654 365 2709 ὑπὸ
395 2653 534 2708 θεοῦ
561 2653 959 2725 ἐξεϐλήθησαν,
987 2653 1095 2707 ἀπὸ
1129 2652 1189 2706 δὲ
1219 2653 1319 2723 τῆς
1339 2653 1442 2723 γῆς
1471 2651 1850 2725 περιελαύνονο

252 2766 349 2803 ται
392 2748 501 2802 ὑπὸ
539 2747 711 2818 ἁγίων
747 2747 1052 2819 ἀνθρώπων
1086 2746 1175 2801 διὰ
1201 2746 1302 2818 τῆς
1327 2746 1422 2801 τοῦ
1451 2745 1690 2818 Χριστοῦ
1723 2746 1850 2818 βοη-

255 2840 435 2905 θείας.
475 2841 635 2895 Κατὰ
664 2840 722 2894 δὲ
758 2840 917 2908 λόγον
955 2840 1215 2910 μυστικὸν
1249 2841 1346 2894 καὶ
1370 2840 1399 2893 ό
1428 2840 1622 2912 Σωτὴρ
1652 2843 1731 2906 εἰς
1756 2840 1850 2895 τὸν

258 2936 500 3004 σταυρὸν
541 2932 798 3004 ἀνῆλθεν,
841 2934 935 2988 τὸν
965 2933 1106 3005 ἀέρα
1129 2932 1411 3005 καθαίρων
1442 2934 1507 2987 ὲκ
1533 2934 1632 3005 τῆς
1667 2932 1849 2989 αὐτῶν

256 3026 612 3097 ἀκαθαρσίας
635 3043 648 3056 ·
706 3026 803 3080 καὶ
834 3027 915 3091 είς
949 3027 1016 3080 τὰ
1066 3024 1403 3097 καταχθόνιοι
1442 3025 1879 3097 παραγέγονεν;“

259 3118 557 3174 καταλύων
583 3118 765 3172 αὐτῶν
803 3115 920 3173 ἐκεῖ
944 3117 1044 3190 τὴν
1069 3117 1379 3188 τυραννίδα.

336 3252 358 3286 ι
396 3229 584 3288 Ταῦτα
624 3232 682 3287 δὲ
709 3230 834 3285 οὔτε
872 3230 992 3295 ταῖς
1017 3231 1203 3295 ἰδέαις.
1243 3249 1262 3284 ι
1299 3228 1381 3284 Τὰ
1414 3228 1628 3296 είδωλα,
1665 3230 1850 3301 φησιν,

258 3326 390 3382 οὔτε
417 3326 654 3398 λαμπρά
690 3328 851 3390 εἰσιν,
884 3324 960 3389 ὡς
985 3324 1136 3395 ἥλιος
1168 3323 1265 3377 καὶ
1298 3321 1495 3394 σελήνη
1522 3340 1537 3354 ο
1568 3321 1694 3377 οὗτε
1722 3322 1854 3393 δρα-

262 3417 451 3484 στικὰ,
479 3415 556 3480 ὡς
587 3413 698 3488 πῦρ
736 3416 831 3468 καὶ
869 3413 1091 3484 ἄνεμος.
1126 3413 1189 3468 Et
1219 3412 1279 3466 δὲ
1304 3413 1423 3476 ταῖς
1455 3412 1626 3476 ίδέαις
1662 3413 1758 3467 καὶ
1784 3413 1852 3483 τῇ

257 3507 495 3578 δυνάμει
555 3505 907 3578 ἀσυγκρίτως
958 3490 1141 3558 αὐτῶν
1196 3504 1524 3576 διαφέροντα
1567 3504 1670 3557 οὐκ
1714 3503 1855 3557 εἰσιν

261 3602 401 3663 θεοὶ,
438 3598 558 3663 πῶς
591 3598 733 3653 αὐτὰ
762 3595 1045 3667 νομιστέον
1074 3591 1213 3650 εἶναι
1246 3595 1436 3662 θεούςς

340 3712 359 3744 ι
396 3693 609 3764 Σημεῖά
632 3709 693 3746 τε
735 3693 793 3745 ὲν
827 3690 1026 3744 ἔθνεσι.
1062 3708 1081 3741 ι
1118 3689 1220 3743 Διὰ
1255 3687 1414 3743 τοῦτο
1447 3688 1578 3752 ἴσως
1618 3687 1715 3742 καὶ
1750 3688 1855 3741 Φα-

262 3788 472 3858 ρισαῖοι
514 3785 745 3855 ἠρώτων
774 3782 867 3837 τὸν
908 3782 1161 3853 Σωτῆρα,
1183 3780 1433 3850 λέγοντες
1458 3796 1473 3813 ο
1509 3781 1571 3834 Tt
1600 3780 1856 3850 σημεῖον

261 3879 568 3943 δεικνύεις
603 3875 749 3946 ἡμῖν
803 3875 905 3930 ἀπ’
948 3874 1209 3944 οὐρανοῦ
1230 3889 1251 3938 ;
1284 3875 1483 3946 Ἤρκει
1518 3872 1575 3927 δὲ
1624 3872 1783 3944 μόνος
1826 3874 1856 3926 ό

263 3973 447 4044 ἀστὴρ
479 3970 651 4037 δεῖξαι
684 3970 776 4025 τὸν
824 3968 1087 4040 τεχθέντα
1133 3970 1218 4024 ὅτι
1253 3967 1372 4022 ἐστὶ
1418 3966 1553 4031 Θεός
1582 3981 1596 3996 ’
1644 3962 1741 4020 καὶ
1785 3966 1856 4019 τὰ

264 4068 362 4120 ἐπὶ
391 4064 486 4119 τοῦ
525 4062 764 4136 σταυροῦ
791 4062 1162 4133 γεγενημένα,
1186 4060 1389 4126 ἔδειξεν
1418 4058 1584 4113 αὑτοῦ
1613 4059 1713 4129 τὴν
1741 4057 1856 4111 θεό-

264 4178 432 4233 τητα.
474 4159 565 4212 ὅτε
608 4159 637 4211 ὁ
678 4157 831 4228 ἣλιος
874 4155 974 4219 τὰς
1009 4153 1149 4219 ἰδίας
1188 4151 1529 4207 συνέστειλεν
1571 4151 1797 4214 ἀκτῖνας
1837 4164 1851 4179 ο

266 4253 371 4307 καὶ
400 4252 440 4321 ἡ
465 4250 796 4320 οὐρανόθεν
820 4246 1135 4317 ἐνεχθεῖσα
1165 4244 1358 4316 φωνὴ,
1399 4239 1588 4308 οὗτός
1615 4244 1788 4297 ἐστιν
1822 4244 1856 4297 ό

186 4380 199 4384 -
276 4346 415 4409 Υἱός
436 4361 562 4413 μου
605 4342 639 4395 ό
674 4339 1002 4410 ἀγαπητός.
1066 4337 1197 4392 Ἰδοὺ
1231 4336 1521 4408 τοιγαροῦν
1571 4336 1664 4390 καὶ
1696 4334 1769 4389 τὰ
1797 4334 1856 4400 ἐξ

265 4434 506 4509 οόρανοῦ
532 4434 752 4506 σημεῖα,

1952 1919 2252 1975 fabrefacta
2285 1919 2356 1974 ab
2391 1919 2495 1974 illis
2555 1919 2761 1975 fuerint
2790 1918 2886 1986 dii,
2920 1934 3046 1975 cum
3087 1918 3138 1974 id
3165 1916 3312 1989 quod
3336 1915 3405 1971 ab
3435 1913 3544 1968 alio

1951 2011 2034 2076 ﬁt,
2074 2012 2221 2067 Deus
2235 2026 2346 2067 non
2369 2012 2482 2068 sit?

2024 2100 2093 2155 V.
2131 2101 2220 2157 50.
2256 2119 2275 2153 ι
2312 2100 2530 2157 Scietur
2550 2112 2737 2173 postea
2763 2102 2890 2174 quia
2917 2101 3051 2158 falsa
3086 2112 3233 2157 sunt.
3261 2097 3453 2167 »ριιοιὶ
3485 2106 3543 2153 et

1955 2194 2157 2251 factum
2181 2204 2267 2251 est
2288 2210 2387 2267 per
2404 2195 2702 2252 Salvatoris
2725 2197 3043 2253 adventum.

2029 2287 2091 2343 ν.
2126 2289 2214 2344 55.
2244 2306 2263 2340 ι
2312 2287 2468 2345 Sicut
2499 2288 2647 2344 enim
2680 2288 2994 2344 corniculae.
3034 2306 3054 2339 ι
3112 2285 3406 2342 Cornicula
3433 2284 3541 2339 im-

1953 2381 2162 2437 munda
2202 2381 2442 2437 volucris
2466 2391 2572 2437 est.
2598 2382 2871 2437 lmmundi
2900 2397 3030 2452 ergo
3065 2390 3196 2437 sunt
3232 2380 3538 2440 dtemones.

1954 2490 2135 2545 neque
2164 2474 2439 2542 cmlestes,
2469 2475 2595 2545 quia
2623 2474 2770 2546 pleni
2800 2474 3120 2546 ignominia,
3181 2486 3362 2543 neque
3423 2479 3540 2526 ter-

1956 2564 2095 2630 reni,
2122 2564 2377 2634 quoniam
2400 2564 2519 2619 falsi
2539 2565 2778 2619 nominis
2794 2573 2941 2630 Sunt,
2965 2573 3021 2619 et
3046 2571 3304 2634 pi'mterea
3330 2562 3397 2617 de
3423 2576 3541 2616 coe-

1955 2654 2182 2712 lestibus
2237 2654 2538 2712 fornicibus
2575 2657 2737 2728 ejecti
2762 2672 2791 2711 a
2843 2656 2955 2712 Deo
2985 2666 3141 2721 sunt;
3167 2670 3198 2711 e
3225 2665 3367 2709 terra
3409 2665 3543 2708 vero

1955 2758 2056 2817 per
2078 2755 2299 2802 sanctos
2334 2746 2586 2802 homines
2615 2746 2819 2800 Christi
2869 2761 2973 2817 ope
3032 2745 3309 2817 fugantur.
3347 2744 3416 2799 At
3448 2759 3542 2798 ra-

1959 2840 2107 2895 tione
2132 2839 2358 2911 mystica
2380 2838 2629 2895 Salvator
2650 2853 2868 2911 quoque
2912 2838 2970 2893 in
3000 2850 3220 2894 crucem
3270 2837 3537 2896 ascendit.

1956 2946 2267 3005 expurgans
2295 2948 2480 2988 aerem
2518 2933 2586 2989 ab
2617 2948 2805 2989 eorum
2856 2932 3230 3000 immunditia;
3261 2940 3316 2987 et
3357 2941 3543 3002 partes

1957 3025 2145 3080 mundi
2178 3025 2568 3081 subterraneas
2599 3023 2753 3093 adiit,
2803 3036 2993 3080 eorum
3051 3023 3125 3079 ibi
3194 3023 3540 3095 tyrannidem

1956 3121 2277 3177 demoliens.

1984 3207 2094 3292 ἰ
2127 3234 2217 3292 62.
2259 3255 2277 3289 ι
2322 3234 2450 3292 llaec
2493 3243 2678 3292 autem
2728 3248 2908 3307 neque
2949 3228 3257 3307 speciebus.
3296 3253 3316 3288 ι
3367 3230 3539 3299 ldoia,

1958 3328 2156 3400 inquit,
2205 3343 2385 3400 neque
2434 3328 2727 3399 splendent
2788 3338 2850 3383 nt
2898 3328 2981 3384 sol
3031 3337 3089 3383 et
3146 3327 3314 3394 luna;
3361 3341 3544 3397 neque

1954 3419 2133 3474 activa
2165 3427 2371 3475 suntut
2399 3418 2539 3490 ignis
2590 3425 2645 3473 et
2667 3426 2883 3473 ventus.
2938 3416 3096 3483 Quod
3130 3416 3175 3472 si
3215 3417 3333 3472 hzcc
3358 3416 3543 3488 specie

1955 3518 2012 3565 et
2037 3509 2240 3566 virtute
2273 3509 2777 3580 incomparabiliter
2810 3508 2915 3564 illis
2956 3500 3269 3579 praestantia
3299 3507 3374 3563 dii
3429 3522 3539 3562 non

1954 3614 2105 3669 sunt,
2135 3603 2413 3673 quomodo
2436 3602 2554 3673 ipsa
2584 3616 2686 3673 pro
2714 3601 2823 3657 diis
2855 3600 3108 3657 habenda
3127 3600 3294 3657 sunt?
3378 3590 3416 3614 ⁸

2030 3694 2092 3749 ν.
2124 3696 2213 3752 66.
2258 3714 2277 3748 ι
2319 3695 2483 3767 Signa
2514 3694 2679 3749 etiam
2735 3693 2790 3748 in
2841 3693 3114 3764 gentibus.
3151 3712 3170 3747 ι
3234 3695 3540 3762 Propterea

1955 3787 2189 3844 fortasse
2207 3796 2262 3844 et
2290 3786 2551 3842 Pharisaei
2596 3785 2933 3842 Salvatorem
2987 3785 3397 3856 interrogabant
3449 3784 3539 3839 di-

1956 3891 2148 3939 centes
2173 3880 2355 3947 :Quod
2381 3883 2590 3954 signum
2633 3880 2860 3934 ostendis
2887 3880 3035 3934 nobis
3057 3880 3121 3933 de.
3155 3878 3279 3933 cwla
3298 3875 3383 3931 ""2
3440 3878 3538 3933 Sat

1955 3983 2143 4032 autem
2175 3983 2293 4031 erat
2313 3975 2399 4031 vel
2433 3975 2548 4029 sola
2579 3973 2761 4040 stella,
2793 3972 2862 4028 ad
2911 3972 3315 4028 ostendendum
3338 3970 3536 4028 ‘Dcnm

1956 4083 2079 4124 esse
2102 4068 2196 4139 qui
2226 4076 2392 4123 natus
2420 4072 2539 4121 erat
2568 4081 2581 4119 :
2610 4073 2804 4135 etqua
2849 4064 2905 4119 in
2955 4079 3120 4120 cruce
3163 4063 3536 4135 contigerunt,

1955 4157 2259 4228 probarunt
2296 4154 2418 4227 ejus
2449 4153 2815 4216 divinitatem,
2845 4151 3067 4223 quando
3112 4150 3194 4205 sol
3252 4162 3383 4205 suos
3402 4165 3539 4205 con-

1958 4249 2124 4305 traxit
2148 4249 2351 4313 radios,
2379 4257 2427 4302 et
2446 4263 2545 4302 vos;
2571 4247 2634 4300 de
2666 4245 2791 4300 cazlo
2826 4244 2978 4316 lapsa
3008 4260 3027 4300 :
3095 4242 3141 4299 11
3151 4243 3197 4297 ic
3253 4250 3327 4298 est
3368 4240 3538 4298 Filius

1958 4358 2102 4397 meus
2130 4341 2351 4396 dilectus
2370 4339 2440 4396 ⁸⁸.
2464 4339 2547 4395 En
2578 4337 2745 4412 igitur
2772 4352 2803 4394 e
2824 4337 2963 4395 cado
2977 4337 3144 4392 etiam
3174 4336 3349 4407 signa.

342 4551 364 4583 ι
400 4528 834 4602 Προόασκάνιον.
864 4546 884 4580 ι
905 4526 1174 4597 Ἐλλήνων
1199 4526 1248 4579 οἱ
1276 4524 1423 4596 λόγοι
1450 4522 1851 4611 προϐασκάγια,

2035 4520 2208 4578 v.69.
2244 4538 2263 4571 ι
2323 4517 2772 4576 Probascanium.
2815 4536 2833 4571 ι
2880 4514 3069 4574 ϐιωεο
3125 4525 3376 4569 sermone
3411 4524 3540 4581 pro-

266 4627 364 4679 καὶ
404 4620 732 4696 κεράμϐηλα
777 4620 1056 4687 καλοῦσιν,
1098 4621 1255 4675 ἅτινα
1282 4618 1506 4673 ίστῶσιν
1537 4619 1584 4671 oi
1610 4613 1856 4689 ἀγροφύ-

266 4717 438 4780 λακες
474 4714 611 4788 πρὸς
651 4714 820 4784 φόϐον
848 4715 1052 4785 ὀρνέων
1095 4711 1130 4784 ἦ
1167 4712 1263 4766 καὶ
1298 4709 1607 4783 ἀνθρώπων
1630 4726 1645 4739 ·
1681 4707 1857 4762 ταῦτα

265 4810 323 4865 δὲ
361 4810 458 4865 καὶ
491 4807 867 4882 μορμολύκεια
898 4805 1214 4861 καλοῦνται.

344 4923 365 4955 σ
415 4903 567 4958 Αὐτά
612 4919 672 4957 τε
704 4900 766 4968 ἐξ
797 4901 1031 4972 ὑστέρου
1072 4897 1470 4970 βρωθήσονται.
1508 4914 1527 4949 ι
1583 4894 1723 4950 Ὑπὸ
1758 4899 1860 4951 τοσ

270 4997 472 5069 χρόνου
498 4995 763 5066 δηλονότι.
800 4993 908 5047 Τοῦ
942 4992 1087 5046 θείου
1117 4989 1543 5061 προστάγματος
1580 4982 1859 5060 τηροῦντα

268 5091 397 5152 τοὺς
429 5089 609 5161 ὄρους.
838 5134 849 5139 -

348 5201 369 5233 σ
405 5182 675 5252 Κρείσσον
704 5174 800 5245 οῦν
820 5176 1113 5246 ἄνθρωπος
1133 5171 1359 5235 δίκαιος.
1393 5190 1413 5223 ι
1439 5169 1513 5223 Τὸ
1542 5169 1855 5239 κρεῖσσον,

269 5276 333 5330 οὐ
374 5274 518 5329 uti
561 5274 852 5345 σύγκρισιν
874 5312 888 5337 ,
932 5270 1048 5326 ἀλλ’
1078 5272 1198 5324 ἀντὶ
1235 5268 1352 5334 τοῦ,
1389 5266 1676 5330 ἐπαινετὸς
1709 5264 1861 5336 παρὰ

270 5366 414 5438 θεῷ,
470 5367 572 5420 οὐκ
627 5365 767 5437 ἔχων
794 5362 853 5418 δὲ
896 5362 1113 5427 εἴδωλα,
1143 5360 1205 5416 οὐ
1240 5360 1401 5431 μόνον
1442 5358 1699 5430 αἰσθητὰ,
1738 5352 1858 5410 ἀλλ’

271 5460 395 5515 οὐδὲ
436 5459 581 5514 κατά
615 5458 797 5530 ψυχὴν
830 5456 900 5511 τὰ
934 5458 1033 5526 τῆς
1065 5453 1344 5526 ἁμαρτίας
1391 5451 1587 5505 εἴδωλα
1623 5447 1855 5521 περιφὲι

275 5570 609 5700 ρωιθζιῖσται
646 5644 757 5717 γὰρ
806 5640 1027 5713 μακρὰν
1063 5639 1168 5693 ἀπὸ
1208 5636 1535 5708 δνειδισμοῦ.
1578 5655 1595 5686 ι
1646 5635 1704 5687 '0
1747 5632 1857 5703 γὰρ

346 5827 396 5863 ⁸⁵
416 5825 579 5882 Joan.
604 5842 661 5883 ιι.
686 5823 774 5877 18.
848 5822 893 5853 ⁸⁸
922 5819 1109 5874 Μιιιιιι.
1145 5814 1350 5875 “11.5.

648 5919 923 5983 ΡΑτιιοι..
967 5914 1084 5978 (in.
1132 5912 1358 5981 XCIII.

1953 4612 2212 4671 bascania
2235 4620 2291 4667 et
2314 4610 2618 4668 cerambela
2650 4610 2758 4665 diei
2821 4608 3020 4673 solent,
3075 4620 3198 4676 quae
3245 4600 3539 4674 prmligunt

1954 4720 2208 4779 agrorum
2240 4706 2499 4760 custodes
2521 4702 2590 4758 ad
2623 4700 2983 4779 deterrendas
3018 4714 3170 4765 aves,
3200 4695 3317 4751 sive
3353 4692 3537 4749 homi-

1958 4813 2080 4865 nes,
2112 4811 2237 4867 quae
2262 4796 2429 4851 etiam
2463 4793 2720 4850 lerricula
2749 4778 3038 4847 vocant‘ur.

2026 4889 2090 4946 γ.
2116 4889 2206 4946 71.
2241 4906 2259 4940 ι
2290 4886 2360 4943 Ει
2389 4886 2506 4958 ipsa
2529 4893 2803 4957 postremo
2859 4883 3238 4940 eomedentur.
3279 4901 3298 4933 ι
3333 4880 3541 4952 Nempe

1955 5000 1985 5039 ιι
2014 4978 2283 5054 tempore.
2314 4978 2490 5034 Divini
2516 4977 2774 5050 praecepti
2809 4975 3075 5031 terminos
3100 4971 3398 5029 servantia.

2030 5161 2095 5237 ιζ.
2124 5161 2213 5215 72.
2248 5177 2267 5212 ι
2302 5157 2489 5214 Melior
2517 5154 2680 5228 igitur
2730 5146 2895 5210 homo
2926 5152 3126 5223 ju~tus.
3172 5168 3192 5201 ι
3226 5145 3408 5204 Melior
3449 5145 3543 5202 hic

1959 5273 2072 5313 non
2105 5254 2476 5325 comparative
2507 5252 2714 5308 dictum
2742 5256 2846 5315 est,
2900 5246 2997 5303 sed
3029 5261 3129 5317 pro
3153 5257 3221 5298 eo
3244 5241 3392 5313 quod
3435 5248 3540 5305 est,

1964 5348 2106 5419 apud
2139 5345 2307 5403 Deum
2336 5346 2620 5417 probatus,
2651 5358 2760 5398 non
2792 5341 2997 5397 habens
3029 5352 3193 5411 porro
3232 5334 3399 5399 idola,
3432 5349 3541 5388 non

1968 5450 2178 5496 tantum
2202 5437 2507 5505 sensibilia,
2538 5436 2632 5493 sed
2662 5451 2764 5491 nec
2816 5434 2872 5489 in
2903 5431 3087 5487 animo
3119 5430 3303 5485 ferens
3334 5425 3543 5499 peccati

1966 5536 2228 5686 “£172.
2265 5648 2281 5678 ι
2333 5625 2465 5681 Nam
2514 5622 2619 5680 erit
2662 5623 2820 5693 longe
2878 5620 2946 5674 ab
2995 5613 3311 5690 opprobrio.
3357 5632 3374 5665 ι
3439 5610 3543 5678 Qui

3102 5891 3182 5957 25
