3942 6446
309 335 408 404 791

307 458 363 503 et
388 446 804 513 discriminalia,
837 446 1164 520 hyacinthus
1184 457 1240 505 et
1258 450 1471 522 byssus,
1491 460 1546 506 et
1567 451 1670 505 alia
1697 451 1896 520 quibus

304 539 607 596 Jerusalem
650 538 816 608 Deus,
840 543 1143 598 secundum
1172 543 1316 613 quod
1362 544 1440 598 ait
1471 545 1558 599 hic
1589 545 1705 613 ipse
1763 559 1892 612 pro-

307 634 495 706 pheta,
529 633 790 689 vestivit?
820 634 963 700 Quid
993 645 1179 691 autem
1215 647 1272 692 et
1329 638 1488 701 later,
1536 637 1591 691 in
1617 653 1725 706 quo
1753 638 1892 692 civi-

308 733 475 779 tatem
529 724 820 796 depinxit?
865 728 997 797 quid
1037 727 1215 782 ferrea
1247 730 1514 800 sartago?
1552 729 1682 799 quid
1735 729 1892 799 panis

303 831 466 885 quem
489 815 558 870 de
597 816 799 882 tritico,
827 827 884 871 et
913 817 1138 882 hordeo,
1170 829 1224 874 el
1264 819 1403 884 faba,
1436 820 1602 889 lente,
1631 821 1802 887 milio,
1836 830 1892 876 et

303 908 466 973 vicia,
495 907 610 963 Deo
629 908 861 978 iubente
897 910 1217 964 comedebat
1243 911 1266 964 ?
1288 909 1426 976 Quia
1461 927 1573 968 non
1599 913 1776 967 solum
1825 929 1889 969 ea

304 1014 427 1068 quae
456 999 510 1054 in
534 1001 809 1069 parabolis
837 1000 980 1056 dicta
1008 1011 1156 1066 sunt,
1194 1003 1289 1057 sed
1321 1014 1376 1058 et
1413 1019 1478 1058 ea
1533 1019 1656 1073 quae
1686 1020 1889 1060 secun-

305 1092 435 1146 dum
479 1092 759 1147 historiam
808 1103 958 1159 sunt,
1005 1095 1071 1150 ad
1108 1096 1483 1152 sublimiorem
1550 1098 1888 1153 intellectum

305 1199 400 1252 per
432 1182 748 1254 allegoriam
780 1184 904 1240 duci
934 1196 1232 1257 oporteret,
1255 1198 1442 1258 aperte
1469 1189 1666 1245 Paulus
1687 1199 1742 1245 et
1770 1191 1887 1246 sine

303 1273 482 1344 aliqua
503 1273 766 1328 dilatione
795 1275 1001 1330 Galatis
1045 1278 1304 1353 scribens
1355 1279 1432 1333 ait
1477 1297 1488 1332 :
1539 1279 1711 1334 Dicite
1758 1281 1886 1334 mihi

302 1367 392 1437 qui
418 1367 513 1421 sub
535 1365 646 1436 lege
670 1367 828 1422 vultis
857 1385 985 1433 esse,
1020 1370 1182 1440 legem
1221 1385 1324 1424 non
1353 1371 1595 1442 legistis?
1618 1371 1885 1440 Scriptum

301 1467 373 1510 est
410 1457 572 1521 enim,
602 1459 728 1528 quia
759 1459 1029 1513 Abraham
1063 1463 1191 1513 duos
1223 1461 1361 1529 ﬁlios
1385 1461 1588 1525 habuit,
1632 1477 1793 1516 unum
1823 1479 1886 1516 ex

301 1547 520 1614 ancilla,
552 1548 781 1602 alterum
814 1565 880 1604 ex
903 1549 1086 1604 libera.
1120 1549 1224 1604 Sed
1249 1552 1338 1620 qui
1356 1568 1419 1604 ex
1445 1552 1664 1614 ancilla,
1694 1569 1884 1606 secun-

299 1641 427 1694 dum
463 1657 680 1695 carnem
716 1652 873 1696 natus
901 1652 998 1706 est,
1031 1643 1119 1712 qui
1150 1654 1330 1696 autem
1368 1660 1433 1697 ex
1452 1643 1635 1709 libera,
1674 1662 1767 1712 per
1797 1663 1883 1700 re-

299 1733 729 1801 promissionem;
763 1750 880 1805 quae
902 1745 1022 1788 sunt
1053 1752 1144 1804 per
1168 1734 1478 1806 allegoriam
1514 1737 1656 1790 dicta
1682 1739 1721 1791 ⁵.
1739 1736 1882 1803 .Qui-

299 1838 406 1891 que
424 1824 528 1880 hoc
555 1824 766 1890 dicens,
802 1825 948 1881 illico
970 1826 1283 1896 allegoriam
1305 1827 1574 1893 exhibuit,
1598 1828 1673 1883 ait
1694 1829 1840 1884 enim
1863 1848 1878 1887 :

301 1915 432 1969 Haec
451 1926 572 1971 sunt
603 1917 706 1971 duo
740 1926 1072 1983 testamenta,
1130 1937 1292 1974 unum
1345 1922 1554 1991 quidem
1602 1922 1666 1976 de
1709 1933 1883 1978 monte

297 2004 451 2071 Sina,
473 2007 529 2062 in
552 2009 854 2063 servitutem
877 2025 1156 2080 generatis,
1187 2026 1306 2080 qua:
1332 2018 1407 2064 est
1448 2011 1592 2083 Agar
1612 2013 1654 2078 ⁸,
1699 2022 1754 2068 et
1791 2029 1882 2068 re-

297 2098 445 2169 liqua
465 2115 587 2169 qua!
612 2107 942 2170 sequuntur.
978 2101 1084 2158 Sed
1113 2117 1260 2156 nunc
1287 2111 1342 2158 et
1375 2103 1492 2158 haec
1516 2119 1581 2158 eo
1623 2105 1787 2160 modo
1813 2105 1881 2160 ad

297 2191 637 2263 allegoriam,
673 2207 783 2263 quo
814 2193 1397 2264 reliquasScripturas,
1429 2195 1570 2250 trahi
1613 2205 1831 2266 oportet
1863 2214 1876 2249 :

295 2297 399 2340 nec
427 2284 888 2353 quemadmodum
903 2285 1027 2351 illae,
1052 2302 1175 2341 cum
1215 2301 1467 2357 magnam
1487 2302 1554 2341 ex
1572 2287 1880 2357 semetipsis

295 2365 694 2437 habeant'vim,
730 2374 993 2445 majorem
1039 2386 1219 2430 tamen
1254 2391 1352 2446 per
1387 2377 1758 2432 contentionis
1789 2376 1879 2430 in-

294 2463 741 2532 terpretationem
766 2464 1072 2535 suscipiunt
1117 2466 1427 2530 utilitatem,
1462 2466 1534 2521 ita
1565 2475 1879 2536 etpraesens

293 2553 524 2619 sanctio,
553 2570 717 2625 parva
745 2555 880 2612 mihi
911 2565 967 2610 et
988 2556 1237 2622 minima,
1273 2567 1329 2612 et
1356 2557 1766 2612 utcredendum
1795 2565 1881 2611 est

292 2655 395 2696 nec
423 2643 809 2710 reticendum”
835 2645 1046 2700 inutilis
1098 2647 1184 2702 vel
1227 2646 1475 2704 fortassis
1508 2647 1675 2704 etiam
1719 2646 1877 2702 noxia

292 2741 380 2787 est
407 2731 498 2788 hic
559 2733 762 2802 littera,
819 2735 865 2790 si
910 2737 1175 2806 spolietur
1196 2737 1465 2809 spirituali
1519 2738 1878 2810 intelligentia

293 2824 484 2880 multis
513 2827 919 2897 emergentibus
953 2829 1125 2900 ipsius
1157 2830 1368 2896 litterae,
1397 2839 1454 2885 et
1486 2831 1650 2892 variis
1687 2847 1878 2902 repre-

295 2915 676 2985 hensionibus,
731 2919 872 2976 sicut
929 2921 989 2976 in
1014 2922 1477 2992 subsequentibus
1515 2923 1876 2993 reperiemus,

294 3009 399 3063 nisi
434 3010 558 3078 quis
591 3011 661 3068 ad
711 3012 1082 3069 sublimiorem
1123 3014 1636 3084 interpretationem
1689 3015 1880 3071 confu-

1502 341 1862 401 HESYCHII
1916 338 2387 400 PRESBYTERI

1927 456 1970 506 Α
2003 445 2142 502 Deus
2173 445 2489 516 appellavit,
2520 444 2710 500 dicens
2741 463 2753 499 :
2789 444 2941 515 Ejeci
2972 461 3056 500 eos
3081 447 3144 500 de
3178 435 3338 500 terra
3373 441 3634 514 ﬁgypti,

1914 1788 1960 1846 Β

3520 331 3636 398 ’192

1995 547 2043 593 et
2065 539 2220 592 eduxi
2249 538 2303 590 in
2324 538 2548 601 deserto,
2571 545 2620 590 et
2641 538 2760 590 dedi
2787 538 2861 590 eis
2888 546 3151 607 pra'cepta
3182 554 3338 598 mea,
3381 545 3433 589 et
3470 535 3636 604 judi-

1995 630 2076 682 cia
2103 646 2220 682 mea
2243 629 2443 682 ostendi
2473 629 2565 692 eis,
2593 645 2710 699 qua:
2731 630 2896 698 faciat
2924 628 3078 682 homo
3109 638 3158 682 et
3187 630 3347 684 vivat
3392 628 3454 680 in
3485 628 3566 681 eis
3587 627 3633 680 '.

1994 720 2133 776 Ecce
2162 721 2304 774 bana
2336 729 2391 774 et
2421 720 2574 775 valde
2605 721 2749 774 bona
2781 720 2834 773 in
2871 729 3086 774 tantum
3111 730 3182 775 ut
3227 720 3421 775 vitam
3481 733 3635 789 prae-

1992 823 2612 879 stenteommemorans,
2645 813 2770 868 vide
2795 813 2976 882 qualia
3009 829 3204 867 rursus
3224 812 3304 868 de
3335 813 3432 866 his
3465 827 3636 865 man-

1991 907 2132 962 datis
2165 907 2406 962 subdidit
2461 924 2474 960 :
2517 907 2585 960 Et
2613 923 2706 976 ego
2753 907 2826 960 eis
2877 907 3018 971 dedi,
3079 906 3292 975 inquit,
3348 905 3633 958 mandata

1992 1017 2092 1054 non
2126 1001 2283 1065 bona,
2305 1007 2355 1053 et
2377 999 2587 1068 judicia
2611 999 2668 1052 in
2700 998 2886 1068 quibus
2917 1015 3022 1053 non
3048 999 3225 1053 vivent
3253 1000 3304 1052 ⁸.
3358 997 3438 1052 At
3478 1013 3632 1068 quo—

1990 1092 2153 1146 modo
2183 1098 2414 1162 possunt
2437 1091 2578 1146 bona
2611 1089 2729 1146 haec
2781 1106 2925 1158 esse,
2966 1100 3019 1146 et
3070 1106 3182 1146 non
3244 1089 3446 1146 bona?
3510 1091 3629 1144 Aut

1989 1185 2262 1256 quomodo
2292 1200 2440 1240 nunc
2465 1184 2731 1254 praebent,
2782 1199 2931 1239 nunc
2983 1195 3166 1240 autem
3202 1200 3324 1239 non
3367 1184 3633 1254 praebent

1990 1277 2197 1332 vitam?
2219 1279 2320 1331 Aut
2349 1285 2500 1332 certo
2527 1276 2653 1346 quis
2678 1276 2752 1330 ita
2807 1276 3109 1332 secundum
3160 1293 3302 1331 eum
3341 1275 3630 1338 custodit,

1987 1367 2291 1422 secundum
2307 1382 2473 1436 quem
2495 1383 2524 1418 a
2546 1366 2853 1436 Iegislatore
2868 1367 3139 1437 descripta
3166 1377 3334 1432 sunt,
3358 1366 3632 1424 videlicet

1987 1457 2276 1526 Spiritum?
2305 1457 2535 1526 Spiritus
2585 1457 2724 1510 enim
2765 1466 2838 1510 est
2876 1457 3036 1519 Deus,
3071 1467 3118 1510 et
3169 1473 3263 1512 eos
3329 1458 3430 1527 qui
3489 1459 3629 1512 ado-

1988 1558 2109 1602 rant
2143 1565 2282 1609 eum,
2311 1549 2367 1602 in
2385 1548 2576 1616 spiritu
2610 1558 2657 1602 et
2688 1551 2905 1602 veritate
2925 1559 3126 1617 oportet
3149 1549 3402 1603 adorare
3425 1550 3448 1582 ⁹
3470 1567 3486 1604 :
3507 1550 3628 1620 ipse

1987 1642 2042 1696 in
2067 1641 2148 1696 eis
2178 1641 2330 1695 vivit.
2367 1640 2474 1706 Qui
2528 1656 2659 1694 vero
2687 1640 2981 1694 carnaliter
3031 1639 3261 1710 accipit,
3311 1650 3477 1708 recte
3508 1659 3625 1697 non

1987 1734 2130 1788 bona
2148 1733 2317 1788 sentit
2352 1732 2789 1802 divinajudicia:
2818 1733 3022 1802 quippe
3051 1747 3154 1788 nec
3177 1732 3479 1803 intelligit,
3516 1748 3625 1790 nec

1989 1827 2070 1882 eis
2087 1826 2257 1880 utitur
2279 1825 2620 1882 bene.'Unde
2648 1840 2712 1879 ea
2740 1841 2862 1894 quae
2885 1825 3029 1880 bona
3055 1834 3208 1891 sunt,
3233 1834 3402 1880 recte
3426 1825 3482 1880 ei
3505 1841 3621 1879 non

1989 1919 2132 1974 bona
2179 1917 2356 1985 ﬁunt,
2408 1932 2512 1972 nec
2550 1916 2685 1971 vivit
2704 1917 2758 1970 in
2791 1918 2902 1971 eis:
2930 1932 3056 1970 nam
3088 1917 3341 1987 primum
3385 1917 3618 1986 quidem

1989 2012 2244 2083 ignorant
2286 2010 2452 2065 vitam
2509 2025 2632 2078 quae
2683 2008 2738 2062 in
2769 2008 2850 2063 eis
2882 2009 3065 2063 abdita
3102 2018 3208 2073 est,
3251 2008 3473 2063 deinde
3499 2024 3616 2064 non

1988 2117 2229 2172 semper,
2254 2101 2348 2156 sed
2362 2110 2512 2156 certo
2527 2109 2770 2170 tempore
2786 2099 3064 2170 Icgislator
3089 2100 3271 2154 voluit
3307 2100 3618 2170 superﬁcie

1989 2199 2149 2246 tenus
2197 2191 2456 2247 custodiri
2490 2229 2506 2255 ,
2540 2199 2600 2245 ut
2643 2190 2973 2262 astringeret
3016 2190 3346 2246 Judaeorum
3410 2191 3612 2245 duram

1986 2283 2277 2346 cervicem,
2311 2281 2657 2353 graviorique
2684 2290 2938 2350 egentem
2957 2281 3112 2352 jugo.
3144 2280 3469 2352 Propterea
3506 2297 3613 2351 po-

1985 2373 2175 2444 pulum
2205 2387 2328 2427 eum
2353 2372 2504 2426 durie
2539 2371 2771 2426 cervicis
2797 2371 3079 2441 prophetze
3138 2372 3368 2426 dicunt.
3436 2371 3610 2427 Isaias

1985 2471 2170 2517 autem
2205 2477 2317 2516 non
2358 2470 2566 2517 tantum
2597 2461 2746 2515 dura:
2771 2461 3026 2524 cervicis,
3053 2460 3149 2516 sed
3183 2462 3432 2516 vitulam
3480 2476 3608 2517 con-

1985 2563 2324 2609 sternantem
2368 2552 2682 2608 Judaiorum
2730 2553 2991 2623 p0pulum
3021 2553 3330 2624 appellavit
3357 2553 3428 2610 ι’.
3467 2552 3607 2619 Qum

1984 2655 2168 2701 autem
2189 2653 2548 2702 consternaris
2560 2651 2665 2710 est,
2693 2645 2738 2699 si
2769 2645 2842 2700 ita
2866 2646 3420 2718 susceperitjugum,
3450 2646 3605 2700 nullo

1985 2738 2147 2793 modo
2164 2737 2438 2792 domatur.
2457 2735 2524 2792 Et
2551 2751 2774 2792 rursus:
2792 2737 3048 2808 Ephraim
3073 2738 3244 2793 vitula
3269 2739 3438 2792 docta
3468 2738 3600 2798 dili-

1984 2831 2395 2900 geretrituram,
2426 2829 2672 2885 transibit
2728 2847 2886 2900 super
2941 2830 3410 2900 pulchritudinem
3473 2831 3600 2884 calli

1984 2922 2098 2992 ejus
2131 2923 2196 2986 ‘I,
2236 2936 2334 2991 per
2365 2921 2562 2975 collum
2586 2922 2954 2977 obedientiam
3007 2921 3356 2993 signiﬁcans,
3395 2923 3452 2976 in
3489 2938 3595 2992 que

1979 3017 2170 3087 jugum
2206 3014 2338 3085 legis
2368 3015 2816 3085 superimposuit,
2868 3023 2928 3069 ut
2975 3015 3307 3070 humiliatus
3358 3017 3598 3086 populus

292 3100 466 3172 giens,
494 3117 560 3156 ex
595 3118 657 3160 ea
691 3106 1154 3173 quemadmodum
1185 3123 1284 3178 pro
1346 3108 1524 3165 littera
1565 3109 1878 3164 satisfacere
1907 3149 1950 3206 ο
1983 3107 2220 3163 libenter
2266 3106 2640 3176 evangelicum
2667 3107 2883 3177 jugum,
2916 3116 3102 3176 utpote
3132 3107 3256 3161 leve
3295 3121 3596 3176 euaveque

294 3192 488 3262 possit,
523 3196 791 3266 exquirat.
826 3196 1053 3268 PrOpter
1075 3201 1222 3271 quod
1243 3208 1299 3256 et
1329 3201 1527 3256 bonam
1557 3202 1750 3272 legem,
1783 3215 1880 3256 seu

293 3284 572 3354 mandata,
600 3295 654 3342 et
693 3303 803 3344 non
833 3289 1032 3345 bonam
1084 3307 1185 3362 per
1249 3291 1573 3364 prophetam
1627 3291 1879 3348 Ezechiel

368 3439 390 3471 '
427 3439 604 3500 Galat.
630 3462 705 3511 iv,
745 3446 948 3511 $.24.
1031 3447 1202 3506 6ibid.
1279 3450 1297 3479 ⁷
1335 3449 1533 3506 Ezeeb.
1559 3467 1650 3514 xx,
1676 3448 1761 3514 I0,
1794 3449 1878 3504 II.

1988 3197 2310 3267 susciperet.
2353 3195 2458 3252 Sed
2477 3197 2586 3268 jam
2615 3207 2831 3269 tempus
2856 3208 2946 3254 est
2981 3207 3040 3253 ut
3089 3197 3270 3267 ipsam
3298 3199 3442 3269 legis
3469 3213 3589 3269 pro-

1987 3305 2256 3361 ponamus
2288 3288 2543 3344 litteram.

1958 3447 1978 3479 ⁸
2007 3444 2138 3500 ibid.
2194 3444 2280 3498 12.
2346 3444 2541 3502 ’Joan.
2572 3461 2644 3501 Iv.
2687 3446 2855 3502 "Isa.
2881 3462 2970 3514 xv,
2998 3448 3051 3501 5.
3129 3447 3172 3481 ¹¹
3201 3447 3352 3508 Osce
3402 3464 3459 3518 x,
3498 3447 3584 3504 Η.

1398 3831 1810 3929 LIBER
1886 3832 2448 3924 PRIMUS.

807 4231 1036 4288 CAPUT
1076 4232 1368 4292 PRIMUM.

1986 4235 2098 4297 nis,
2132 4235 2317 4287 domus
2351 4232 2612 4287 Israel”?
2645 4233 2806 4303 Atqui
2840 4233 3154 4304 frequenter
3181 4235 3503 4290 obtulerant
3560 4251 3572 4288 :

365 4321 529 4378 Vens.
567 4327 619 4388 1,
643 4325 697 4378 2.
737 4341 755 4374 ι
802 4323 1033 4381 Vocavit
1067 4337 1249 4382 autem
1273 4327 1514 4399 Moysen,
1569 4336 1623 4381 et
1659 4319 1874 4381 locutus
1911 4345 1952 4407 υ
1983 4325 2078 4381 sed
2110 4326 2180 4379 ob
2206 4326 2308 4380 hoc
2331 4325 2475 4395 quod
2500 4325 2663 4379 nimis
2695 4326 3056 4396 displicebant
3085 4325 3156 4392 ei,
3176 4341 3239 4381 ea
3257 4328 3428 4398 quasi,
3465 4343 3570 4381 non

294 4421 377 4470 est
406 4416 452 4470 ei
489 4415 750 4471 Dominus
778 4418 846 4472 de
881 4419 1234 4474 tabernaequ
1270 4420 1586 4482 testimonii,
1633 4419 1822 4474 dicens
1858 4439 1870 4474 :

293 4501 541 4577 Loquere
575 4508 697 4563 ﬁliis
743 4508 925 4577 Israel,
958 4521 1013 4567 et
1041 4513 1190 4568 dices
1248 4513 1316 4566 ad
1359 4527 1497 4568 eos:
1551 4511 1724 4566 Ilomo
1781 4513 1872 4582 qui

292 4598 554 4676 obtulerit
582 4616 648 4655 ex
673 4602 827 4659 vobis
862 4603 1098 4659 hostiam
1127 4603 1362 4658 Domino
1390 4604 1458 4658 de
1489 4603 1800 4673 pecoribus,
1819 4604 1872 4660 id

294 4701 395 4756 est,
431 4693 497 4746 de
525 4693 700 4749 bobus
746 4704 800 4750 et
829 4695 1023 4750 ovibus
1048 4696 1288 4750 oﬁ‘crcns
1313 4697 1580 4750 victimas.
1613 4716 1630 4747 ι

362 4783 519 4848 Quod
585 4801 694 4840 non
755 4785 990 4856 diligens
1055 4787 1198 4845 Deus
1263 4789 1548 4853 sacriﬁcia,
1621 4805 1683 4843 ea
1750 4807 1872 4860 qua:

292 4877 360 4931 de
390 4876 672 4932 sacriﬁciis
699 4877 900 4933 Judaeis
939 4881 1278 4950 prmceperit,
1312 4881 1652 4936 demonstrat
1706 4882 1872 4936 Isaias

292 4969 479 5043 dicens
514 4985 527 5020 :
561 4967 674 5033 Quo
704 4970 834 5024 mihi
863 4969 1255 5024 multitudinem
1285 4973 1620 5025 victimarum
1671 4982 1873 5025 vestra-

295 5075 406 5111 rum
429 5060 454 5112 ?
475 5060 600 5113 dicit
629 5059 918 5124 Dominus;
951 5059 1135 5128 plenus
1153 5075 1270 5112 sum
1297 5059 1597 5113 holocausta
1623 5061 1870 5124 arietum,

291 5161 339 5205 et
368 5151 527 5218 adipe
549 5151 845 5221 pinguium;
867 5152 1177 5220 sanguinem
1199 5150 1501 5214 vitulorum,
1536 5161 1585 5204 et
1610 5168 1868 5222 agnorum

294 5253 340 5292 et
383 5241 649 5293 hircorum
696 5239 860 5293 nolui.
907 5239 1038 5294 Cum
1081 5239 1324 5293 veneritis
1371 5251 1494 5293 ante
1545 5251 1875 5310 conspectum

295 5348 486 5396 meum,
519 5333 634 5402 quis
653 5334 890 5402 quaesit-it
924 5334 1032 5386 hazc
1057 5335 1120 5387 de
1150 5335 1389 5388 manibus
1415 5337 1597 5390 vestris
1622 5337 1705 5390 υἷ’
1737 5337 1876 5407 Ergo

293 5423 696 5488 quodammodo
723 5425 828 5479 hoc
865 5425 1008 5494 quod
1068 5424 1135 5479 de
1183 5426 1464 5482 sacriﬁciis
1516 5439 1871 5498 praeceperat,

294 5517 504 5570 abnuit.
543 5517 639 5572 His
659 5517 854 5573 similia
883 5526 938 5572 et
968 5519 1136 5573 Amos
1164 5519 1295 5573 dicit
1324 5536 1336 5571 :
1361 5518 1616 5590 Nunquid
1632 5521 1874 5573 victimas

291 5617 343 5667 ιι
372 5607 633 5675 sacriﬁcia
669 5607 927 5662 obtulistis
953 5610 1078 5663 mihi
1112 5610 1167 5662 in
1182 5611 1384 5663 deserto
1406 5612 1762 5682 quadraginta
1785 5629 1875 5664 an-

400 5784 568 5847 ”lz-a.
602 5802 644 5851 ιτ
682 5788 761 5857 Η,
796 5788 874 5852 l2,
980 5791 1206 5856 "Alnos
1242 5809 1288 5848 v.
1329 5785 1427 5846 9.3.

1981 4421 2161 4475 oblata
2191 4419 2501 4489 reputabat.
2540 4419 2739 4474 Eadem
2776 4427 2832 4474 et
2851 4419 3119 4474 Jeremias
3147 4422 3419 4490 propheta
3444 4422 3521 4475 ait
3556 4436 3568 4473 :

1982 4511 2108 4566 Ha’c
2148 4512 2275 4566 dicit
2311 4512 2560 4566 Dominus
2610 4513 2952 4577 exercituum,
2997 4511 3136 4582 Deus
3161 4513 3375 4568 Israel:
3404 4511 3567 4566 Holo-

1982 4613 2290 4659 cautomata
2329 4615 2503 4660 vestra
2531 4605 2708 4658 addite
2731 4605 2956 4659 victimis
2991 4607 3198 4670 vestris,
3228 4615 3279 4659 et
3311 4605 3565 4660 comedite

1983 4713 2206 4752 carnes:
2236 4698 2360 4768 quia
2392 4713 2496 4749 non
2544 4712 2661 4750 sum
2721 4695 2922 4750 locutus
2965 4696 3204 4766 patribus
3256 4699 3464 4766 vestris,
3517 4705 3563 4746 et

1981 4802 2082 4839 non
2105 4786 2327 4854 prwcepi
2350 4787 2422 4839 eis
2444 4786 2497 4838 in
2527 4786 2611 4839 die
2655 4803 2759 4856 qua
2786 4788 2943 4841 eduxi
2963 4804 3048 4841 eos
3079 4789 3142 4842 de
3159 4799 3301 4843 terra
3323 4787 3559 4857 .Eggpti,

1979 4880 2042 4932 de
2075 4877 2228 4932 verba
2265 4876 2748 4931 holocautomatum
2787 4890 2835 4932 et
2863 4880 3196 4933 victimarum
3246 4880 3309 4934 ‘5.
3343 4881 3448 4934 Sed
3483 4879 3580 4937 in~,

1980 4969 2137 5039 quies
2171 4985 2183 5021 :
2216 4967 2342 5022 Haec
2366 4967 2434 5022 de
2468 4968 2664 5037 quibus
2703 4969 2980 5038 loquimur
3017 4970 3134 5040 ipse
3168 4972 3445 5025 mandavit
3469 4969 3558 5038 qui

1981 5071 2037 5115 et
2068 5068 2251 5132 negat,
2284 5069 2339 5113 et
2367 5075 2465 5114 cur
2497 5071 2660 5130 negat
2681 5076 2803 5131 qua}
2847 5063 3237 5118 mandaverat?
3261 5063 3415 5118 Cur?
3435 5062 3554 5132 quia

1979 5153 2341 5208 intentionem
2375 5152 2583 5208 datoris
2635 5154 2693 5208 hi
2722 5153 2816 5223 qui
2859 5166 3193 5225 acceperunt
3231 5153 3554 5224 transgressi

1977 5255 2122 5300 sunt.
2159 5247 2295 5300 Cum
2340 5245 2488 5300 enim
2523 5245 2740 5301 subtilis
2773 5254 2940 5312 esset,
2977 5258 3045 5301 -et
3095 5248 3254 5303 valde
3307 5244 3553 5302 sublimis

1977 5339 2082 5400 lex,
2107 5351 2310 5393 etcum
2352 5347 2635 5408 propterea
2678 5338 2944 5394 absconsa
2982 5349 3128 5394 esset
3165 5341 3218 5393 in
3267 5336 3550 5410 superﬁcie

1975 5430 2188 5494 litteraz,
2216 5439 2488 5499 quatenus
2512 5437 2918 5499 perscrutantes
2949 5445 3068 5484 eam
3112 5432 3388 5486 discerent
3425 5440 3546 5482 cum

1974 5521 2126 5592 prius
2165 5537 2294 5576 suos
2331 5522 2722 5576 emendassent
2754 5535 2983 5574 sensus:
3018 5532 3176 5577 erant
3203 5523 3348 5578 enim
3400 5532 3546 5572 eras—

1972 5612 2132 5667 sioris
2158 5621 2320 5682 atque
2354 5611 2474 5667 duri
2506 5610 2704 5676 cordis,
2738 5618 2792 5664 et
2822 5613 3055 5668 necdum
3085 5613 3257 5684 legem
3315 5609 3409 5669 Dei
3459 5606 3544 5672 ἱιιο

1521 5791 1561 5821 ¹²
1587 5791 1789 5855 Jcrem.
1830 5807 1922 5857 ru,
1946 5792 2034 5858 2i,
2055 5788 2145 5850 22.
