3942 6424
164 348 263 413 ’ΠΒ

1342 350 1425 412 ΙΝ
1460 350 1904 412 LEVITICUM.
1944 377 2011 389 --
2051 354 2197 413 ΜΒ.
2238 355 2287 415 Ι.

3326 349 3443 412 79L

164 454 402 528 telligere
426 454 691 522 valentes,
723 455 778 511 in
805 456 1110 529 ignorantia
1178 468 1580 515 remanserunt.
1606 457 1746 513 Cum
1781 470 1822 520 Α
1852 460 2109 517 videlicet
2145 463 2330 528 Israel,
2367 462 2434 518 de
2454 463 2656 533 quibus
2685 479 2809 518 eum
2841 463 2934 533 qui
2967 462 3271 520 voluntaria
3300 462 3449 517 dona

139 555 340 602 -autem
386 547 626 602 maxima
692 549 1038 605 districtione
1097 550 1389 605 verborum
1476 550 1752 622 legislatur-

164 650 366 707 utatur,
399 656 547 695 nunc
576 641 739 695 etiam
762 642 832 696 ab
863 642 979 706 ipsa
1018 651 1104 696 est
1151 657 1331 697 orsus.
1364 641 1663 697 Exordium
1695 640 1749 695 in

160 729 400 785 editione
424 728 568 784 LXX
616 729 811 800 incipit
839 731 908 785 ab
929 746 994 786 ea
1028 741 1182 801 parte
1213 731 1479 786 orationis
1505 748 1625 801 qua:
1667 741 1754 785 est

162 823 482 893 conjunctio
525 837 690 892 quam
745 823 1139 877 consuevimus
1197 822 1253 877 in
1305 822 1489 877 medio
1543 820 1753 876 ordinis

134 910 364 986 'ponere
392 914 706 975 verborum,
743 923 804 967 ut
829 913 1268 983 praecedentibus
1316 912 1617 983 coniungat
1661 927 1752 967 se-

164 1004 382 1074 quentia
429 1022 442 1056 :
476 1004 651 1073 ipsum
679 1003 880 1074 quippe
905 1003 1028 1058 libri
1061 1005 1227 1074 hujus
1256 1002 1478 1058 initium
1513 1002 1753 1058 termino

182 1098 524 1152 wascedeutis
556 1097 861 1166 conjunxit,
891 1096 985 1166 qui
1039 1097 1345 1167 appellatur
1394 1096 1636 1159 Exodns,
1692 1095 1752 1150 in

180 1205 266 1260 juo
297 1189 511 1260 Moyses
548 1188 956 1243 tabernaculum
1003 1188 1201 1254 erexit,
1254 1188 1344 1244 cui
1404 1198 1555 1244 recte
1608 1204 1751 1258 prte-

168 1283 337 1338 sentin
366 1283 801 1353 coniunguntur,
830 1298 954 1338 cum
982 1283 1149 1338 unius
1172 1282 1532 1353 ejusdemque
1552 1280 1645 1337 Dei
1696 1282 1753 1345 in

168 1386 399 1445 utroque
430 1376 783 1429 contineatur
837 1389 995 1445 opus.
1053 1375 1163 1431 Sed
1217 1384 1275 1431 et
1320 1376 1458 1430 liber
1503 1373 1751 1440 Numeri,

166 1468 287 1539 quia
328 1468 466 1521 nihil
517 1466 757 1522 medium
817 1467 961 1522 inter
1011 1483 1137 1523 eum
1181 1476 1238 1524 et
1287 1467 1592 1524 Leviticum
1653 1483 1753 1536 ap-

167 1559 418 1627 pellatur,
462 1558 642 1613 simile
695 1559 861 1613 habet
905 1568 958 1613 et
1042 1559 1159 1629 ipse
1240 1559 1624 1628 prooemium;
1675 1557 1755 1611 ait

166 1651 354 1705 enim:
396 1650 789 1720 «Locutusqne
838 1659 924 1705 est
981 1649 1246 1705 Dominus
1293 1650 1363 1705 ad
1422 1649 1642 1720 Moysen
1695 1648 1752 1703 in

167 1745 381 1799 deserto
423 1742 598 1809 Sinai,
647 1743 701 1797 in
738 1742 1091 1798 tabernaequ
1144 1742 1389 1810 hederis,
1435 1743 1611 1813 prima
1665 1741 1754 1797 die

1854 557 2137 616 ollerebat,
2166 558 2233 613 de
2268 557 2445 612 bubus
2495 558 2581 614 vel
2614 558 2682 612 de
2700 557 2898 612 ovibus
2920 556 3120 610 oll‘erre
3144 555 3442 624 praecepit:

1852 665 1917 704 ex
1949 662 2182 719 utroque
2215 649 2438 703 animali
2468 648 2820 716 veljumento
2868 647 3104 701 similem
3148 645 3456 712 designans

1855 739 2153 800 hominem.
2190 740 2282 809 qui
2317 739 2453 793 nihil
2505 738 2803 797 acuminis.
2833 754 3010 805 neque
3053 736 3121 790 ad
3160 736 3449 798 virtutem,

1853 847 2033 899 neque
2077 831 2143 884 ad
2192 831 2456 884 malitiam
2523 830 2707 894 habet,
2752 829 2848 881 sed
2890 826 3127 880 trahitur
3174 825 3242 879 ab
3280 824 3391 877 alio
3428 840 3442 878 ;

1855 923 1991 977 tales
2024 931 2155 976 sunt
2195 922 2365 976 boves
2400 928 2457 975 et
2490 936 2651 984 oves;
2690 918 2856 972 nimis
2904 916 3052 971 enim
3104 915 3170 970 ad
3222 928 3451 967 manum
3536 908 3539 911 ’

1854 1020 1984 1067 sunt
2011 1020 2273 1067 consueta
2307 1010 2584 1074 animalia,
2614 1018 2670 1063 et
2698 1024 2795 1063 eos
2836 1009 2925 1078 qui
2968 1007 3043 1060 ita
3098 1006 3323 1059 trahunt
3372 1002 3453 1058 fa-

1854 1106 1959 1160 cile
1984 1103 2292 1173 sequentia.
2325 1103 2392 1158 Et
2420 1111 2708 1172 propterea
2739 1116 2847 1155 non
2876 1098 3123 1154 euntium
3163 1098 3280 1151 haec
3320 1111 3446 1149 tnu-

1854 1213 2010 1262 nera,
2047 1198 2142 1250 sed
2172 1194 2486 1251 Judaeorum
2516 1192 2857 1247 solummodo
2876 1206 2997 1245 esse
3055 1198 3284 1259 possunt
3316 1205 3328 1240 :
3366 1186 3446 1240 illi

1855 1290 2002 1345 enim
2037 1288 2253 1344 etiamsi
2285 1287 2503 1341 virtutis
2527 1285 2730 1355 aliquid
2764 1301 2871 1339 non
2900 1295 3218 1353 operantur,
3244 1280 3451 1335 suﬁicit

1854 1380 1936 1435 eis
1969 1378 2194 1433 minime
2231 1377 2417 1447 inique
2451 1374 2687 1444 operari.
2733 1375 2808 1427 De
2839 1373 3038 1442 quibus
3070 1370 3235 1424 David
3295 1370 3443 1424 dice-

1855 1473 1947 1528 bat
1983 1489 1999 1525 :
2032 1470 2278 1525 Homines
2306 1478 2354 1523 et
2392 1469 2636 1538 jumenta
2675 1466 2849 1521 salvos
2903 1466 3084 1535 facies,
3117 1463 3340 1515 Domine
3364 1461 3442 1523 ’τις

1856 1564 2095 1635 primum
2152 1561 2402 1616 ordinem
2478 1558 2793 1613 hominibus
2845 1555 3185 1617 custodiens,
3245 1552 3445 1605 deinde

1856 1653 2166 1710 concedens
2197 1650 2366 1707 etiam
2404 1649 2630 1719 reliquis
2653 1648 2907 1703 salutem.
2941 1645 3098 1711 Quod
3128 1651 3311 1698 autem
3345 1642 3447 1695 ho-

1858 1749 2062 1803 minem
2099 1747 2285 1809 istum,
2317 1745 2385 1799 de
2410 1758 2518 1814 quo
2563 1757 2710 1797 nunc
2764 1756 2947 1795 sermo
2994 1748 3100 1802 est,
3169 1736 3448 1803 legislator

166 1836 367 1889 mensis
394 1834 646 1901 secundi,
672 1850 817 1889 anno
846 1835 1043 1889 altero.
1072 1853 1089 1885 ι
1114 1833 1261 1887 Nihil
1286 1832 1754 1904 ergopostbisto-
1791 1825 1831 1879 Β
1859 1838 2174 1911 appellavit,
2205 1839 2280 1891 εει
2301 1836 2446 1890 enim
2484 1853 2496 1887 ε
2531 1833 2705 1888 “mm,
2739 1850 2804 1887 ex
2833 1831 3008 1895 vobis,
3044 1844 3154 1883 ηοη
3188 1829 3294 1881 huc
3343 1826 3445 1880 ad-

166 1928 298 1981 riam
328 1925 558 1981 Levitiei
578 1927 703 1981 libri
729 1970 745 1992 ,
773 1936 902 1981 ante
929 1926 1217 1981 historiam
1249 1940 1377 1981 vero
1403 1924 1627 1980 Numeri
1651 1940 1752 1993 po-

166 2020 325 2091 pulus
345 2020 665 2075 Iudaeorum
688 2020 826 2091 egit:
853 2034 1030 2090 neque
1054 2019 1202 2073 enim
1223 2018 1400 2075 locum
1420 2026 1751 2078 mutaverat.

165 2114 286 2184 quia
319 2114 556 2169 necdum
595 2112 1008 2168 tabernaculum
1033 2111 1498 2178 dedicarant,nec
1536 2120 1753 2179 tempus

164 2208 389 2262 multum
433 2205 791 2275 praeterierat.
832 2203 891 2257 In
946 2202 1126 2273 primo
1174 2202 1379 2272 quippe
1421 2214 1610 2255 mense
1664 2215 1754 2253 se-

163 2298 327 2352 cundi
360 2295 518 2361 anni,
543 2294 791 2366 ejusdem
825 2293 1026 2347 mensis
1050 2291 1203 2347 initio
1231 2292 1314 2361 agi
1354 2300 1659 2360 cmperunt.
1694 2286 1751 2341 In

166 2389 345 2445 Exodo
369 2398 558 2443 autem
594 2396 649 2441 et
678 2384 900 2447 Genesi.
939 2384 1066 2455 quia
1119 2392 1336 2453 tempus
1371 2382 1599 2435 multum
1634 2394 1753 2433 me-

163 2484 332 2549 dium,
368 2481 576 2551 Ioseph
609 2479 820 2543 mortis,
851 2487 908 2533 et
939 2476 1271 2549 egressionis
1306 2474 1542 2529 ﬁliorum
1591 2470 1754 2526 Israel

165 2582 589 2638 transcurrerat,
624 2587 734 2624 non
771 2570 1022 2624 similiter
1052 2567 1107 2623 in
1141 2568 1352 2622 eisdem
1380 2565 1535 2620 libris
1562 2564 1749 2632 cmpit.

161 2667 276 2722 Non
306 2665 459 2721 enim
477 2673 535 2720 et
561 2662 990 2733 conjunctionis,
1013 2662 1109 2715 sed
1132 2669 1504 2730 opportunum
1532 2654 1756 2724 dispen-

162 2759 358 2815 sationi
385 2771 581 2813 eorum
612 2772 734 2826 qua:
764 2755 840 2809 ibi
867 2753 1068 2824 scripta
1098 2760 1247 2812 sunt.
1275 2748 1750 2821 ponitexortlium.

160 2851 248 2905 Ait
275 2849 433 2903 enim
464 2847 546 2902 sic
575 2864 588 2900 :
618 2846 745 2900 "me
759 2853 880 2898 sunt
904 2844 1046 2898 enim
1071 2843 1284 2896 nomina
1303 2840 1537 2910 ﬁliorum
1561 2836 1753 2903 Israel,

162 2944 247 3013 qui
280 2938 512 3011 ingressi
541 2947 661 2992 sunt
681 2938 740 2991 in
767 2935 1001 3007 zEgypto
1031 2951 1151 2988 cum
1188 2932 1371 2996 Jacob,
1412 2929 1608 3002 singuli
1638 2945 1757 2983 cum

161 3035 400 3089 domibus
434 3032 542 3086 suis
567 3031 631 3084 ¹⁵.
667 3028 776 3083 Sed
834 3028 953 3083 sine
1009 3026 1180 3082 dubio
1206 3024 1428 3095 objiciet
1460 3022 1753 3094 quispiam,

162 3128 524 3197 quamobrem
550 3124 673 3179 libri
700 3122 836 3194 legis
864 3121 1026 3178 divisi
1058 3128 1207 3185 sunt,
1265 3134 1391 3174 cum
1448 3134 1556 3171 non
1613 3115 1755 3171 divi-

162 3222 447 3284 derentur,
507 3217 649 3273 sicut
707 3215 1027 3287 praedictum
1092 3221 1213 3277 est,
1264 3223 1508 3281 tempore
1563 3209 1584 3263 ?
1649 3208 1755 3263 Sed

166 3316 268 3369 hoc
321 3312 528 3371 ideout
560 3325 673 3364 non
700 3307 979 3363 fastidium
1027 3304 1334 3377 legentibus
1374 3303 1496 3357 libri
1552 3301 1759 3356 faceret

165 3406 473 3478 amplitudo
521 3423 534 3459 :
590 3403 827 3459 libenter
896 3399 1046 3456 enim
1087 3380 1456 3470 negotiatores
1532 3396 1757 3466 pelagus

166 3503 391 3570 viasque
416 3496 696 3560 dividunt,
726 3496 904 3565 ipsum
953 3490 1360 3567 quodammodo
1420 3488 1755 3542 arbitrantes

163 3593 412 3648 dividere
434 3606 492 3646 se
516 3590 780 3643 laborem.
820 3585 1096 3641 Praeterea
1133 3580 1437 3637 secundum
1465 3578 1609 3633 LXX
1642 3595 1753 3632 non

164 3684 370 3748 vorari,
424 3681 521 3739 sed
555 3680 800 3736 revocari
849 3677 1070 3747 Moysen
1126 3675 1394 3744 scriptum
1456 3678 1562 3734 est,
1613 3672 1757 3726 sicut

161 3777 384 3848 quando
456 3774 642 3837 idem,
709 3770 1013 3826 secundum
1096 3766 1261 3830 LXX,
1344 3764 1582 3819 Beselcel
1672 3774 1754 3817 ta-

165 3869 524 3927 bernaculum
580 3865 882 3922 secundum
953 3862 1178 3932 ﬁguram
1232 3874 1352 3929 quae
1397 3867 1616 3912 ostensa
1674 3866 1758 3910 est

164 3962 218 4018 in
265 3969 484 4022 monte,
539 3958 718 4013 facere
772 3952 1052 4025 praecepit.
1114 3951 1202 4006 Ait
1248 3949 1450 4003 enim:
1508 3946 1756 4015 Dixitque

169 4055 368 4125 ﬂoysis
392 4052 522 4123 [iliis
551 4048 720 4105 Israel
746 4064 765 4102 :
804 4047 938 4101 Ecce
967 4043 1224 4098 revocavit
1258 4041 1396 4095 Deus
1426 4055 1489 4095 ea:
1548 4039 1756 4091 nomine

161 4146 395 4205 Βεειίεεί
427 4144 600 4215 ﬁlium
624 4141 735 4197 Hor
758 4141 821 4196 de
843 4138 985 4200 tribu
1021 4137 1186 4202 Juda,
1223 4142 1272 4189 et
1305 4131 1541 4202 implevit
1561 4130 1758 4200 spiritu

160 4239 443 4309 sapientia:
464 4238 529 4290 ”.
562 4235 704 4306 Ergo
737 4241 793 4288 et
830 4245 978 4286 nunc
1038 4229 1271 4282 aliorum
1325 4222 1754 4295 intelligibilium

161 4329 554 4403 quorumdam,
615 4338 671 4381 et
708 4320 1110 4379 rationabilium
1139 4315 1534 4372 sacriﬁciorum
1572 4313 1761 4384 imagi—

162 4438 313 4481 nem.
337 4418 655 4477 describere
688 4414 950 4469 Dominus
975 4410 1191 4481 Moysen
1219 4405 1497 4477 praecepit,
1525 4413 1581 4459 et
1602 4418 1761 4473 aper-

1856 1932 2104 1994 mireris;
2139 1928 2397 1998 possibile
2423 1937 2506 1982 est
2536 1929 2681 1981 enim
2737 1927 2991 1980 eumdem
3056 1934 3113 1979 et
3169 1918 3445 1977 hominem

1854 2020 2137 2092 appellari,
2170 2028 2226 2073 et
2257 2034 2377 2088 qua:
2404 2017 2779 2087 jumentorum
2804 2024 2934 2068 sunt
2955 2029 3138 2084 agere.
3201 2011 3445 2065 Demono

1855 2124 2186 2171 stratautem
2218 2112 2323 2166 hoc
2354 2112 2499 2164 idem
2556 2109 2721 2163 David
2758 2108 3024 2177 propheta
3080 2105 3271 2160 dicens
3306 2121 3319 2156 ε
3376 2101 3447 2155 Et

1853 2208 2006 2262 homo
2036 2223 2153 2259 cum
2200 2206 2255 2258 in
2287 2204 2480 2257 ltouore
2506 2211 2657 2263 esset,
2695 2210 3036 2272 coruparatus
3075 2210 3147 2253 est
3188 2199 3446 2269 jumeutis

1854 2298 2241 2367 insipientibus,
2290 2306 2339 2351 et
2368 2294 2558 2349 similis
2591 2295 2765 2361 factus
2810 2302 2883 2346 est
2948 2291 3053 2345 illis
3104 2292 3167 2344 ιδ.
3240 2290 3444 2345 Verum

1852 2395 1980 2466 quia
2015 2391 2408 2461 intelligibilem
2428 2388 2718 2458 quemdam
2750 2385 2909 2439 Israel
2932 2386 3247 2449 didicimus,
3283 2399 3444 2436 eum-

1853 2502 1961 2557 que
2011 2481 2407 2552 intelligibilem
2500 2477 2978 2533 rircumcisionem
3066 2484 3443 2538 venerantem,

1853 2576 2312 2650 quemadmodum
2334 2572 2535 2627 Paulus
2555 2571 2663 2625 ait:
2687 2570 2801 2624 Non.
2820 2572 2958 2624 enim
2974 2571 3065 2640 qui
3094 2571 3146 2622 in
3164 2568 3447 2637 manifesto

1852 2674 2089 2736 Juda'us,
2114 2687 2207 2724 nec
2236 2685 2296 2722 ea
2328 2682 2445 2738 qute
2483 2664 2763 2736 propalam
2797 2666 2854 2716 in
2885 2678 3044 2716 carne
3103 2670 3179 2714 est
3219 2661 3449 2712 circum-

1855 2768 2002 2827 cisio,
2042 2765 2132 2819 sed
2156 2778 2273 2834 quae
2311 2763 2367 2813 in
2420 2758 2643 2821 occulto,
2686 2765 2734 2811 et
2765 2772 2882 2825 qua:
2924 2753 3255 2833 circumcisio
3278 2750 3450 2803 cordis

1853 2861 1910 2914 in
1943 2858 2155 2928 spiritu,
2188 2870 2289 2907 non
2321 2852 2519 2913 littera,
2550 2849 2702 2917 cujus
2729 2846 2846 2899 luas
2884 2861 2987 2897 non
3026 2859 3089 2896 ea:
3124 2840 3445 2899 hominibus,

1853 2951 1944 3005 sed
1978 2965 2043 3002 ex
2086 2947 2195 3000 Deo
2240 2952 2314 2998 est
2348 2942 2413 3006 “,
2459 2939 2509 2994 ei
2567 2937 2893 3009 spiritaliter
2937 2933 3255 3005 pra-dictam
3315 2928 3452 3000 legis

1858 3040 2199 3097 sanctionem
2228 3041 2576 3105 coaptemus.

1932 3131 2173 3187 Vsus!»
2235 3146 2253 3180 ι
2291 3126 2349 3181 Si
2409 3126 2531 3196 ejus
2590 3121 2970 3177 holocaustum
3026 3116 3190 3171 fuerit
3249 3110 3453 3166 oblatio

1864 3243 1929 3283 ac
1957 3227 2024 3282 de
2049 3229 2317 3285 armento,
2349 3217 2652 3274 masculum
2695 3212 3128 3285 immaculatum,
3154 3208 3351 3261 oll'cret
3383 3204 3452 3258 ad

1864 3316 2065 3372 ostium
2097 3282 2437 3368 tabernaculi
2463 3282 2790 3367 testimonii,
2830 3302 2897 3357 ad
2952 3298 3281 3372 placandutn
3346 3292 3451 3349 sibi

1868 3410 2182 3465 Dominum.
2222 3426 2239 3456 ι

1935 3502 2072 3567 Quia
2123 3496 2390 3555 sacriﬁcia
2443 3496 2584 3550 Deus
2639 3508 2669 3546 a
2723 3490 2884 3545 nobis
2930 3503 3030 3558 pro
3055 3492 3242 3539 nostra
3274 3479 3455 3536 salute

1864 3598 1998 3659 vult,
2038 3608 2151 3647 non
2187 3592 2304 3661 ipse
2350 3590 2431 3644 eis
2460 3602 2600 3658 opus
2645 3584 2877 3647 habens,
2927 3579 3063 3637 Satis
3101 3592 3203 3631 nos
3248 3572 3457 3628 Paulus

1866 3683 2285 3745 commonefacit
2313 3698 2328 3746 ;
2352 3682 2426 3736 ait
2448 3681 2597 3735 enim
2624 3677 2881 3733 :Obsvcro
2902 3675 3084 3742 itaque
3101 3686 3210 3729 vos,
3236 3669 3453 3738 fratres,

1865 3799 1958 3855 per
1985 3776 2400 3835 misericordiam
2436 3774 2551 3837 Dei.
2598 3782 2656 3827 at
2696 3767 2982 3825 exhibeatis
3015 3778 3236 3832 corpora
3278 3768 3454 3813 vestra

1864 3872 2089 3925 hostiam
2135 3869 2333 3925 vivam,
2366 3872 2631 3927 sanctam,
2675 3861 2780 3914 Deo
2837 3858 3174 3927 placentem;
3208 3850 3456 3905 rationa—

1865 3964 1966 4019 bile
1994 3960 2295 4033 obsequium
2323 3955 2635 4013 vestrum".
2689 3954 2830 4022 Ergo
2865 3950 3085 4020 placens
3124 3941 3453 3999 sacriﬁcium

1869 4058 1998 4121 Deo,
2031 4066 2320 4123 corporum
2354 4056 2667 4103 nostrorum
2706 4039 3056 4098 mortiﬁcatio
3087 4045 3172 4092 est
3227 4052 3240 4088 :
3291 4032 3454 4087 simul

1866 4151 2013 4206 enim
2042 4149 2094 4203 in
2129 4161 2195 4202 eo
2243 4145 2542 4203 lucramur.
2599 4148 2655 4194 et
2685 4136 2831 4209 quod
2866 4151 2896 4190 a
2928 4142 3157 4205 peccato
3208 4125 3455 4183 abstine-
3524 4128 3527 4131 ’

1868 4259 2011 4306 mus,
2036 4248 2092 4296 et
2119 4237 2262 4310 quod
2292 4236 2523 4292 virtutes
2569 4230 2927 4302 arquirimus.
2987 4225 3095 4280 Sed
3151 4222 3282 4293 quia
3337 4219 3454 4289 ipsa

1867 4350 2095 4405 corpora
2126 4333 2345 4399 quidam
2378 4326 2717 4400 plenissime,
2752 4321 2920 4392 aliqui
2971 4330 3153 4373 autem
3189 4331 3255 4371 ex
3301 4323 3459 4383 parte

1868 4428 2234 4492 mortiﬁcant,
2268 4426 2570 4477 secundum
2611 4416 2983 4474 conditionem
3022 4407 3460 4467 conversationis

164 4515 379 4571 “553m”
405 4514 525 4567 hmo
544 4525 668 4581 (1⁸³³⁷³
697 4507 899 4562 dicm"
942 4502 1238 4600 Τθνοεδίίον
1279 4498 1752 4600 9359*?"Safi0mm
1798 4546 1840 4600 υ
1869 4533 1924 4576 et
1950 4520 2173 4574 modum
2201 4516 2325 4572 vita:
2350 4515 2405 4569 in
2441 4529 2549 4584 qua
2576 4511 2806 4583 degunt,
2848 4522 2973 4563 cum
3027 4505 3082 4560 hi
3131 4503 3350 4574 quidem
3399 4509 3461 4554 ut

159 4608 460 4679 quamdam
512 4603 825 4664 verborum,
878 4598 963 4653 vel
1006 4611 1186 4651 rerum
1241 4594 1309 4647 ad
1358 4590 1643 4661 superiora
1676 4604 1761 4642 re-

160 4697 548 4772 apit-ientium,
590 4694 789 4751 innuit.
829 4692 936 4749 Sed
989 4689 1132 4744 unde
1185 4687 1252 4741 ad
1297 4700 1422 4740 eum
1488 4681 1758 4737 Dominus

162 4792 447 4865 loquitur?
477 4793 552 4845 De
568 4785 923 4844 tabernaculo
942 4783 1148 4839 scilicet
1173 4777 1491 4834 testimonii.
1518 4776 1759 4829 Primum

162 4885 394 4956 quidem
431 4882 500 4937 de
531 4881 692 4943 caelo,
719 4878 844 4948 quia
877 4877 932 4929 in
967 4876 1086 4944 ipso
1107 4870 1355 4926 habitare
1416 4868 1559 4923 Deus
1613 4866 1762 4922 allir-

161 4985 370 5033 matur.
408 4972 619 5028 Deinde
650 4967 1062 5025 tabernaculum
1097 4962 1395 5020 testimonii
1428 4967 1758 5031 praesentem

163 5070 503 5139 scripturam
527 5062 881 5134 intelligimus
907 5078 921 5113 :
953 5057 1211 5129 quoniam
1253 5054 1408 5125 quasi
1440 5052 1767 5108 tabernacu-

168 5164 286 5217 lum
321 5158 598 5230 quoddam
660 5164 806 5217 erat,
841 5150 966 5209 cum
1001 5167 1064 5206 ea
1092 5166 1213 5219 qua:
1248 5148 1598 5209 dicebantur,
1628 5144 1767 5198 ima-

170 5255 332 5328 gines
385 5252 504 5307 sive
534 5251 719 5322 ﬁgurae
744 5245 1091 5318 sequentium
1146 5242 1528 5314 mysteriorum
1556 5248 1764 5302 essent,

174 5352 406 5413 propter
437 5342 584 5411 quod
620 5337 1031 5395 tabernaculum
1086 5332 1385 5389 testimonii
1444 5331 1754 5386 dicebatur.

172 5435 386 5492 ﬂorum
412 5444 595 5490 autem
619 5445 933 5489 sermonum
956 5426 1365 5485 tabernaculum
1388 5422 1766 5478 testimonium

177 5528 489 5583 futurarum
522 5541 703 5581 rerum
728 5533 834 5589 est,
873 5520 1289 5577 indubitabilcm
1321 5517 1403 5572 cis
1446 5515 1609 5569 ﬁdem
1637 5530 1769 5584 prie-

179 5629 351 5677 stans.
385 5617 531 5685 Quid
559 5626 742 5672 autem
764 5615 1030 5681 dicit,aut
1054 5613 1120 5666 ad
1153 5626 1291 5681 quos
1309 5608 1513 5681 jussit?
1542 5608 1609 5662 ad
1630 5606 1770 5661 ﬁlios

284 5774 327 5817 ⁸⁵
365 5775 535 5833 Exod.
563 5794 597 5830 t.
640 5777 686 5831 l.
797 5775 835 5806 ⁸⁸
879 5770 1045 5826 Exod.
1077 5784 1219 5831 XXXI,
1258 5767 1301 5820 Ι.

189 5866 279 5917 ιιι.
314 5849 364 5905 1.

1383 5766 1422 5796 "
1455 5763 1596 5820 Psal.
1624 5777 1783 5825 xxvv,
1819 5761 1871 5815 7.
1926 5755 1997 5787 '“
2034 5751 2175 5807 Psal.
2211 5765 2395 5813 sunt
2430 5747 2512 5801 l5.

1871 4615 2094 4686 perfecti
2115 4613 2356 4682 sapiunt,
2388 4609 2479 4663 alii
2533 4615 2595 4662 ut
2627 4604 2860 4678 parvuli,
2889 4619 2953 4657 ea
2988 4615 3109 4671 quae
3140 4594 3458 4651 omnimoda

1868 4718 1954 4764 est
1992 4704 2325 4762 renuntiatio
2364 4701 2572 4763 smculi,
2626 4708 2683 4754 et
2749 4698 3092 4766 voluptatum
3138 4689 3460 4764 plenissima

1869 4797 2176 4869 almegatio,
2198 4794 2580 4848 holocaustum
2604 4789 2807 4843 dicitur
2835 4805 2848 4840 :
2872 4793 3044 4840 totum
3069 4798 3127 4837 se
3153 4783 3301 4837 enim
3337 4778 3461 4850 quis

1875 4893 1985 4947 Deo
2023 4906 2117 4960 per
2147 4885 2542 4957 intelligibilem
2602 4881 2781 4949 ignem
2836 4876 3062 4945 spiritus
3122 4874 3305 4937 oli'ert,
3350 4886 3459 4925 non

1868 4987 1980 5054 jam
2016 4992 2286 5038 terrenus.
2313 4976 2407 5031 sed
2443 4973 2727 5043 spiritalis.
2770 4979 2827 5024 et
2889 4966 3297 5051 quodammodo
3332 4958 3462 5016 he-

1870 5052 2024 5129 lestis
2058 5071 2305 5127 effectus.
2342 5067 2397 5119 Si
2421 5080 2551 5134 ergo
2577 5063 2664 5117 hic
2707 5066 2963 5130 operator
3017 5056 3175 5109 fuerit
3237 5052 3462 5119 iustitia:

1869 5166 2024 5238 legis.
2051 5178 2173 5234 qua:
2199 5159 2499 5215 secundum
2522 5156 2758 5209 litteram
2794 5160 2897 5211 est,
2924 5149 3022 5202 bos
3046 5162 3176 5199 vero
3204 5142 3462 5196 similiter

1872 5255 2217 5317 nominatur,
2245 5250 2371 5320 quia
2409 5247 2587 5316 ipsum
2646 5240 2849 5297 animal
2886 5241 3075 5308 juguln
3113 5240 3294 5305 portat
3355 5240 3460 5285 ter-

1875 5359 2132 5401 renornm
2160 5357 2408 5412 operum,
2436 5337 2624 5409 jugnm
2644 5341 2822 5387 autem
2859 5341 2944 5386 est
2972 5339 3027 5381 et
3058 5328 3167 5380 lett.
3200 5324 3290 5377 Sic
3317 5321 3462 5377 enim

1877 5416 2089 5501 I’etrus,
2122 5450 2246 5489 eum
2272 5432 2326 5485 in
2348 5428 2648 5485 Jerusalem
2679 5422 3120 5481 concionaretur,
3151 5412 3461 5484 appellavit,

1876 5529 2064 5584 dicens
2103 5543 2116 5577 ε
2167 5521 2304 5587 Quill
2358 5518 2571 5573 leutatis
2616 5515 2921 5575 Dominum,
2960 5511 3227 5579 imponere
3272 5504 3463 5574 jugum

1878 5636 2034 5690 super
2056 5600 2276 5671 cervices
2308 5611 2703 5681 discipulorum,
2727 5607 2866 5677 quod
2888 5622 2980 5659 uec
3012 5620 3125 5662 nus.
3171 5616 3263 5654 uec
3292 5606 3473 5667 patres

2594 5746 2635 5777 ιθ
2666 5744 2824 5799 Rom.
2846 5758 2908 5809 ιι,
2933 5740 3023 5805 ‘28,
3055 5739 3146 5797 ἓξ).
3227 5738 3270 5768 ’θ
3303 5732 3466 5795 Rom.
