3942 6412
460 362 567 424 795

1653 362 2014 423 HESYCHII
2074 359 2552 421 PRESBYTER!
3622 373 3712 438 796

460 471 625 525 nostri
650 478 860 539 portare
890 470 1034 537 potui
1056 485 1151 522 mis
1175 468 1214 501 "
1241 467 1264 522 ἲ
1292 466 1471 522 Tes‘is
1503 474 1588 522 est
1615 478 1797 522 autem
1829 477 1885 523 et
1906 468 2047 522 Pau-
2080 476 2121 529 Α
2152 465 2321 527 mino,
2354 473 2410 519 et
2438 464 2671 520 oﬁ‘erent
2712 464 2805 519 ﬁlii
2848 464 3029 521 Aaron
3065 467 3374 523 sacerdotis
3423 477 3708 544 sanguinem

462 564 547 618 lus
575 564 642 618 de
676 564 779 617 hoc
809 561 1030 615 animali
1057 561 1287 630 loquens
1310 574 1784 625 ;commemorans
1810 576 2047 629 namque

462 657 781 710 mandatum
831 654 989 723 legis,
1025 652 1139 706 ait:
1180 651 1297 705 Non
1361 651 1611 720 alligabis
1638 668 1693 703 os
1726 653 1839 704 bovi
1891 653 2049 705 tritu-

463 752 606 800 νωιιὶ
632 749 693 800 ³⁸.
727 744 880 811 Quod
913 746 1037 800 vide
1087 743 1547 813 quemadmodum
1605 742 1999 813 interpretetur
2031 761 2045 797 :

462 837 716 909 Nunquid
737 839 800 891 de
822 838 978 890 bobus
1010 853 1136 889 cura
1166 845 1240 890 est
1271 835 1380 889 Deo
1411 837 1457 867 ’³
1490 838 1603 889 ?au
1671 844 1896 906 prepter
1947 851 2049 891 nos

465 932 583 986 haec
608 931 757 993 dicit,
786 930 912 999 quia
940 929 1105 984 debet
1132 929 1186 982 in
1215 944 1311 998 spe
1340 928 1431 996 qui
1463 937 1579 982 arat
1622 944 1799 994 arare,
1848 938 1901 983 et
1954 931 2049 999 qui

462 1022 774 1077 semiuatiu
806 1036 903 1090 spe
949 1020 1161 1075 fructus
1215 1021 1530 1091 colligendi.
1586 1021 1882 1075 Masculum
1916 1037 2050 1076 vero

463 1130 583 1169 esse
641 1130 842 1168 munus
881 1156 895 1178 ,
960 1114 1074 1168 sive
1120 1113 1478 1177 oblationem,
1533 1126 1588 1167 ct
1637 1114 2048 1169 immaculatum

462 1206 931 1261 vultunasculum
966 1206 1207 1275 quidem,
1233 1214 1289 1259 ut
1321 1206 1634 1260 nullatenus
1665 1207 2048 1261 mandatorum

463 1298 831 1363 eﬁ‘eminetur,
848 1299 964 1352 sive
987 1299 1299 1353 emollcscat
1327 1307 1613 1368 operator;
1641 1300 2051 1352 immarulatum

463 1405 614 1456 vero,
639 1389 755 1445 sive
774 1405 966 1459 purum
991 1430 1004 1454 ,
1030 1398 1089 1444 ut
1115 1404 1456 1459 nequaquam
1476 1389 1683 1459 justltia
1708 1389 2049 1459 iniquitatem
2084 1450 2091 1457 _

464 1479 814 1549 permisceat,
843 1495 946 1533 nec
977 1478 1327 1533 simulatione
1359 1478 1614 1534 virtutem
1664 1482 2048 1533 commaculet.

466 1570 572 1625 Sed
601 1572 669 1625 ad
702 1572 905 1625 ostium
939 1571 1272 1626 tabernaculi
1315 1572 1639 1634 testimonii,
1676 1573 1813 1637 sive,
1852 1588 2052 1626 secum

468 1664 599 1717 dum
640 1662 779 1718 LXX
806 1704 820 1729 ,
848 1665 914 1719 ad
950 1665 1363 1719 tabernaculum
1398 1665 1694 1720 testimonii
1734 1665 1900 1736 jussit
1929 1682 2051 1720 mu-

469 1772 573 1811 nus
598 1757 802 1812 oil‘erri.
854 1757 1291 1813 Tabernaculum
1353 1769 1534 1814 autem
1601 1759 1897 1818 testimonii
1950 1761 2054 1815 hoc

469 1853 611 1918 loco,
643 1869 750 1909 non
787 1854 962 1908 solum
995 1853 1138 1919 coeli,
1175 1854 1286 1908 illic
1319 1856 1522 1924 quippe
1558 1862 1803 1909 nostram
1837 1864 2054 1925 oportet

469 1960 592 2000 esse
647 1946 1143 2010 conversationem,
1212 1946 1307 2000 sed
1365 1955 1420 2000 et
1480 1945 1816 1999 conscientia
1860 1959 2054 2002 nostra

471 2037 824 2109 intelligitur;
860 2039 912 2091 in
946 2053 1009 2095 ea
1042 2038 1188 2092 enim
1234 2038 1593 2109 cogitationes
1648 2038 2055 2111 babitant,qu:e

472 2130 846 2185 testimonium
884 2146 982 2201 pro
1007 2132 1166 2185 nobis
1208 2141 1302 2185 aut
1353 2141 1544 2187 contra
1609 2149 1710 2187 nos
1764 2135 2056 2189 redditura:

472 2232 621 2278 sunt.
652 2223 731 2277 Ad
754 2222 1077 2292 placandum
1105 2224 1205 2278 sibi
1239 2224 1544 2279 Dominum.
1579 2226 1895 2281 Secundum
1954 2226 2057 2281 Se~

471 2314 754 2385 ptuagiuta
789 2324 995 2381 autem,
1029 2330 1153 2370 esse
1186 2315 1289 2370 hoc
1323 2325 1376 2370 et
1427 2327 1712 2387 acceptum
1748 2318 1901 2373 dicit.
1948 2318 2059 2373 Cur

471 2407 690 2461 autem?
721 2405 987 2463 Oll‘ercuti
1019 2409 1294 2473 videlicet,
1343 2419 1399 2464 et
1429 2413 1604 2466 oranti
1642 2413 1696 2467 iu
1756 2422 2057 2483 conspectu

475 2499 712 2554 Domini.
745 2500 801 2555 Si
834 2502 981 2556 enim
1018 2510 1305 2572 acceptum
1342 2503 1499 2558 nobis
1544 2520 1674 2559 vere
1710 2506 1801 2567 sit.
1848 2514 1904 2561 et
1965 2522 2062 2562 eor

474 2598 722 2644 uostrmn
750 2601 897 2652 recte
922 2592 1198 2662 judicans,
1233 2595 1478 2665 nullique
1509 2596 1802 2650 adlnerens
1835 2598 2058 2668 passio-

476 2683 554 2747 ui,
582 2683 897 2750 probaverit
926 2700 1130 2739 munus
1148 2699 1271 2740 esse
1287 2685 1353 2740 ad
1373 2687 1784 2757 suscipiendum
1810 2689 2058 2760 dignum,

479 2786 610 2829 tunc
639 2790 797 2830 orare
828 2777 882 2831 in
918 2788 1219 2848 conspectu
1263 2777 1501 2843 Domini,
1537 2780 1588 2835 id
1626 2790 1730 2847 est,
1781 2778 2060 2838 remissio-

480 2883 606 2921 nem
636 2868 797 2923 nobis
825 2869 877 2922 in
904 2880 1205 2940 conspectu
1237 2872 1447 2925 Domini
1470 2887 1760 2942 possumus
1787 2874 2060 2941 obtinere,

480 2959 547 3013 ad
578 2973 674 3014 cor
700 2961 845 3015 enim
885 2962 1184 3016 inclinatur
1206 2964 1367 3029 Deus,
1406 2965 1709 3020 secundum
1736 2969 1884 3037 quod
1924 2969 2065 3023 scri-

485 3051 619 3106 bens
645 3049 889 3107 Joannes
918 3052 1229 3124 Tlieologus
1262 3069 1361 3108 nos
1392 3055 1599 3110 docuit.
1624 3055 1691 3110 Et
1716 3072 1901 3113 coram
1947 3059 2066 3130 ipso
2091 3054 2102 3063 ’

2150 559 2299 628 ejusr
2324 557 2616 613 fundentes
2643 572 2739 627 per
2764 558 2953 612 altaris
2981 557 3301 624 circuitum,
3331 564 3466 630 quod
3497 575 3575 619 est
3600 579 3712 624 ante
3773 575 3783 587 '

2150 650 2354 703 ostium
2380 648 2738 703 tabernaculi.
2764 649 3129 717 Detractaque
3163 650 3309 718 pelle
3368 650 3550 710 hostia:
3580 670 3712 714 artus

2151 739 2204 793 in
2241 742 2414 795 frusta
2448 741 2760 804 concident,
2797 750 2853 795 et
2904 741 3206 809 sulvjicient
3235 742 3286 796 iu
3341 744 3492 798 altari
3525 747 3708 816 ignem.

2151 844 2300 889 strue
2325 833 2593 904 lignorum
2650 842 2778 887 ante
2813 833 3168 901 composita,
3217 844 3272 888 et
3323 836 3557 890 membra
3606 855 3712 908 quin

2151 942 2289 981 cresa
2323 936 2454 980 sunt
2484 926 2721 994 desuper
2768 925 3109 988 ordinantes,
3143 938 3310 995 caput
3360 928 3618 983 videlicet.
3665 941 3713 986 et

2151 1026 2345 1071 cuncta
2373 1019 2793 1087 quteadlnurent
2828 1016 3022 1085 jccori,
3085 1017 3358 1072 intestinis
3396 1027 3449 1072 et
3505 1020 3712 1089 pedibus

2152 1110 2276 1163 lotis
2307 1124 2444 1179 aqua
2479 1127 2492 1162 :
2533 1109 2883 1177 adolebitque
2928 1124 2993 1162 ea
3050 1109 3310 1162 sacerdos
3353 1125 3512 1178 super
3560 1111 3714 1167 altare

2152 1201 2206 1254 in
2240 1201 2639 1261 holocaustum,
2671 1208 2724 1253 et
2759 1215 2982 1254 suavem
3013 1200 3235 1253 odorem
3267 1200 3511 1254 Domino.
3547 1220 3563 1251 ι

2223 1292 2449 1346 Multum
2473 1292 2743 1347 laboriosa
2762 1305 2845 1345 est
2865 1292 2970 1354 lex,
3031 1302 3087 1347 et
3109 1291 3409 1359 spiritalem
3424 1292 3713 1347 considera-

2154 1384 2356 1438 tionem
2423 1393 2646 1454 propter
2685 1384 2790 1437 ltoc
2837 1384 3046 1437 habens
3099 1383 3484 1448 necessariam,
3527 1391 3585 1437 ut
3620 1399 3715 1437 non

2154 1474 2424 1544 superﬂue
2460 1475 2737 1544 legislator
2767 1475 3072 1529 subtilitate
3096 1475 3199 1528 hac
3228 1474 3506 1529 rationalis
3543 1474 3716 1529 bosdze

2155 1583 2285 1622 usus
2322 1583 2443 1621 esse
2492 1567 2759 1621 videatur.
2806 1565 2939 1622 Illud
2989 1583 3119 1638 ergo
3161 1567 3216 1621 in
3268 1566 3460 1637 primis
3493 1566 3716 1629 intende.

2156 1658 2281 1727 quia
2312 1658 2540 1711 vitulum
2563 1674 2746 1712 coram
2776 1658 3004 1712 Domino
3030 1657 3291 1727 praecepit
3310 1657 3481 1711 occidi
3510 1666 3601 1722 ;ut
3622 1670 3719 1710 non

2109 1819 2125 1838 ἱ
2157 1749 2329 1802 solum
2365 1750 2641 1818 propriam
2691 1749 3107 1812 conscientiam,
3162 1749 3721 1816 conversationemque

2158 1851 2401 1896 nostram
2430 1842 2724 1896 offeramus
2760 1843 2890 1905 Deo,
2940 1841 3034 1896 sed
3065 1840 3522 1911 quemadmodum
3565 1839 3727 1919 placet.

2158 1935 2231 1997 ci,
2277 1935 2440 1988 etiam
2488 1949 2689 2003 corpus
2741 1933 3154 1999 mortiﬁcemus,
3184 1949 3296 1988 non
3333 1933 3400 1988 ad
3429 1932 3721 1988 inferiorem

2158 2027 2405 2098 gloriam,
2436 2026 2529 2080 sed
2562 2026 2630 2080 ad
2662 2041 2896 2095 superna
2947 2026 3320 2089 intendentes,
3354 2024 3459 2078 hoc
3481 2032 3561 2078 est
3594 2022 3722 2077 enim

2159 2135 2343 2175 coram
2372 2119 2623 2172 Domino.
2672 2117 2779 2172 Sed
2806 2116 2899 2187 qui
2927 2129 3077 2181 sunt,
3117 2117 3211 2187 qui
3242 2118 3385 2171 hunc
3429 2116 3724 2187 sanguinem

2159 2211 2431 2266 oll‘erunt?
2455 2209 2576 2264 Filii
2598 2210 2849 2266 videlicet
2872 2210 3055 2264 Aaron
3085 2209 3414 2270 sacerdotis,
3449 2208 3548 2277 ipsi
3592 2207 3723 2262 enim

2159 2315 2214 2360 et
2243 2304 2521 2360 occidunt.
2554 2301 2816 2373 Equidem
2840 2303 2885 2357 is
2907 2304 3001 2373 qui
3027 2301 3361 2357 oblationem
3389 2301 3595 2365 oﬁ‘eret,
3622 2299 3725 2353 sine

2160 2399 2380 2453 nomine
2395 2406 2456 2452 et
2480 2411 2591 2479 non
2621 2395 2899 2467 designate
2943 2410 3241 2465 expressus
3283 2402 3387 2449 est.
3414 2390 3530 2447 Filii
3563 2400 3725 2446 autem

2160 2495 2418 2549 dicuntur
2473 2493 2652 2547 Aaron
2707 2490 3056 2546 immolantes
3089 2487 3240 2559 quod
3281 2486 3519 2541 oblatum
3548 2492 3643 2547 est,
3680 2489 3728 2537 et

2162 2587 2483 2657 sanguinem
2545 2584 2839 2639 ollerentes
2885 2600 2899 2636 :
2939 2580 3065 2651 quia
3135 2578 3469 2633 oblationem
3531 2574 3726 2646 quidem

2162 2678 2453 2741 adducere,
2479 2677 2534 2731 id
2562 2684 2644 2729 est
2676 2672 3016 2744 promittere,
3055 2668 3431 2739 quorumlibet
3466 2672 3547 2720 est
3584 2678 3598 2716 :
3632 2661 3728 2717 im-

2166 2771 2313 2841 plere
2360 2780 2543 2824 autem
2595 2765 2879 2839 promissa,
2925 2762 3071 2833 quod
3113 2761 3326 2816 occisio
3385 2757 3535 2812 bovis
3578 2752 3731 2824 ipsius

2165 2864 2394 2919 docetet
2416 2861 2695 2932 sanguinis
2725 2856 2943 2919 eﬁ‘usio,
2976 2870 3086 2910 non
3126 2850 3517 2924 quorumlibet,
3542 2847 3630 2901 sed
3673 2843 3732 2899 il-

2166 2956 2342 3010 lorum
2376 2956 2468 3025 qui
2494 2954 2588 3008 lilii
2628 2953 2808 3006 Aaron
2857 2962 3047 3003 revera
3069 2954 3222 3004 sunt.
3265 2952 3455 3015 utpote
3488 2939 3733 2995 habentes

2168 3048 2222 3103 in
2251 3044 2556 3114 semetipsis
2579 3038 2866 3097 sacerdotii
2884 3036 3228 3108 dignitatem.
3261 3037 3440 3088 Aaron
3467 3028 3733 3085 euimarca

484 3143 836 3198 suadebimus
863 3145 1026 3199 corda
1062 3154 1246 3200 nostra
1283 3163 1294 3199 :
1330 3145 1467 3212 Quia
1501 3148 1548 3201 si
1592 3151 1923 3218 reprehendit
1977 3169 2063 3207 nos

2173 3138 2259 3192 vel
2281 3146 2560 3190 montanus
2607 3133 3025 3203 interpretatur.
3075 3129 3223 3216 [Ergo
3266 3123 3515 3197 quisquis
3554 3123 3736 3219 semet-

486 3252 574 3289 cor
600 3247 852 3300 nostrum,
890 3246 938 3290 et
973 3238 1168 3291 scimus
1200 3239 1324 3308 quia
1366 3239 1542 3308 major
1593 3251 1667 3295 est
1721 3242 1858 3297 Deus
1916 3248 2070 3299 corde

487 3337 682 3386 nostro.
728 3337 775 3380 et
831 3329 1088 3397 cognoscit
1141 3330 1339 3384 omnia.
1379 3328 1739 3398 Dilectissimi,
1774 3336 1822 3388 si
1855 3352 1944 3389 cor
1970 3354 2068 3390 no-

486 3427 651 3471 strum
677 3434 778 3471 non
807 3420 1278 3488 reprelteudatuos,
1311 3422 1683 3492 conﬁdentiam
1715 3427 1966 3483 habemus
1999 3432 2070 3485 ad

491 3510 656 3565 Deum
673 3511 739 3565 “.

562 3650 720 3706 Vsus.
760 3652 816 3708 4.
854 3672 873 3705 ‹
930 3652 1208 3723 Ponetque
1265 3670 1462 3709 manus
1513 3671 1680 3725 super
1732 3667 1899 3728 caput
1966 3660 2102 3716 bo-'

485 3747 624 3810 stite,
652 3755 709 3802 et
742 3749 1092 3818 acceptaliilis
1123 3748 1245 3815 erit,
1274 3758 1438 3819 atque
1491 3750 1546 3803 in
1590 3751 1903 3820 expiatione
1950 3753 2071 3827 ejus

483 3839 795 3918 proﬁciens.
838 3861 854 3891 ι

554 3976 709 4044 Quod
735 3996 833 4034 nos
861 3980 1093 4033 hostiam
1126 3978 1377 4046 dicimus,
1429 3978 1619 4035 Graece
1672 3981 1878 4036 dicitur
1929 3982 2066 4054 κάρ-

441 4091 675 4143 .πωμα,
726 4074 873 4152 quod
915 4074 1226 4143 Speeialiter
1284 4075 1627 4146 intelligibile
1684 4075 2067 4131 holocaustum

485 4166 845 4236 signiﬁcatur.
877 4168 1002 4236 quia
1026 4183 1191 4221 onme
1221 4168 1538 4222 mandatum
1576 4166 1893 4232 fructificat,
1923 4168 2070 4238 quod

483 4273 584 4328 per
644 4257 944 4326 spiritalem
1014 4260 1496 4314 conuersationem
1544 4258 1778 4314 elliritur
1811 4260 2072 4316 holocau-

486 4359 655 4402 stum.
690 4347 985 4418 Propterea
1017 4360 1073 4404 et
1104 4365 1328 4403 manum
1364 4351 1415 4403 iu
1442 4361 1609 4420 caput
1640 4351 1833 4406 hostire
1864 4366 2070 4420 ponere

486 4458 612 4501 cum
675 4442 765 4511 qui
795 4439 1006 4506 oﬁ‘eret,
1025 4441 1203 4510 jubet.
1222 4449 1280 4494 ut
1311 4451 1474 4513 caput
1499 4442 1718 4512 quidem
1747 4442 1941 4497 hostia:
1967 4444 2071 4498 hoc

2175 3230 2354 3299 ipsum
2384 3227 2646 3297 templum
2679 3199 2791 3288 Dei,
2830 3231 2886 3278 et
2921 3199 3183 3289 templitm
3208 3217 3484 3274 excelsum
3520 3207 3734 3267 aediﬁca-

2172 3323 2253 3376 vit
2282 3318 2591 3382 virtutibus,
2631 3316 2720 3370 hic
2754 3316 2896 3369 ﬁlius
2927 3314 3107 3367 Aaron
3143 3327 3279 3366 vere
3328 3308 3544 3371 dicitur,
3583 3300 3670 3357 sed
3692 3304 3741 3352 et

2173 3410 2445 3467 sacerdos.
2475 3409 2531 3463 Si
2561 3407 2706 3462 enim
2746 3408 2815 3462 ab
2845 3406 3105 3460 unctione
3137 3401 3407 3457 sacerdos
3437 3394 3744 3468 agnoscitur,

2072 3543 2080 3552 .
2171 3501 2361 3571 utique
2405 3500 2552 3554 uncti
2606 3508 2662 3553 et
2722 3506 3076 3568 nos~propter
3138 3494 3443 3566 mysticum
3508 3485 3746 3545 chrisma.

2172 3595 2318 3664 quod
2356 3593 2412 3647 in
2437 3592 2596 3647 nobis
2623 3599 2727 3655 est,
2761 3590 3015 3645 dicimur.
3046 3589 3190 3659 Ergo
3223 3596 3293 3642 et
3319 3602 3420 3640 nos
3462 3581 3747 3640 sacerdotes

2172 3702 2364 3742 sumus
2406 3687 2451 3741 si
2501 3684 2925 3741 custodiet-imus
2982 3681 3315 3757 dignitatem
3358 3675 3643 3737 unctionis,
3686 3670 3746 3725 de

2171 3795 2279 3849 qua
2317 3788 2371 3833 et
2387 3778 2626 3834 Joannes
2663 3776 2879 3832 dicebat
2904 3792 2917 3829 :
2946 3774 3015 3828 Et
3044 3789 3132 3827 vos
3166 3774 3477 3860 unctionem
3502 3763 3690 3821 habetis
3716 3775 3745 3813 a

2171 3882 2373 3938 sancto,
2397 3884 2445 3926 et
2476 3871 2621 3926 scitis
2656 3882 2832 3923 omnes
2859 3868 2924 3920 ⁸⁸.
2957 3866 3065 3921 Sed
3108 3874 3163 3920 et
3203 3866 3410 3920 Petrus
3448 3877 3548 3917 nos
3588 3870 3747 3914 sacer-

2173 3964 2330 4020 dotes
2357 3963 2668 4034 appellavit.
2700 3961 2775 4015 ait
2795 3960 2943 4015 enim
2970 3976 2984 4012 :
3012 3957 3107 4012 Vos
3133 3968 3323 4012 autem
3345 3971 3508 4027 genus
3526 3952 3741 4008 electum,

2174 4050 2351 4121 regale
2396 4050 2769 4110 sacerdotium,
2799 4063 2924 4118 gens
2967 4055 3185 4104 sancta,
3212 4045 3444 4115 populus
3466 4037 3746 4112 acquisitio-

2174 4143 2256 4196 nis
2275 4145 2339 4197 “.
2368 4142 2433 4196 lli
2457 4141 2777 4212 sanguinem
2806 4138 3041 4193 fundunt
3085 4152 3183 4206 per
3208 4137 3404 4191 altaris
3439 4131 3708 4189 circuitum
3731 4163 3744 4187 ο

2172 4233 2315 4304 quod
2337 4243 2421 4288 est
2446 4242 2573 4287 ante
2619 4233 2821 4286 ostium
2878 4229 3241 4284 tabernaculi.
3285 4230 3387 4284 l'er
3447 4223 3745 4296 sanguinem

2173 4322 2410 4377 animam
2442 4320 2532 4375 hic
2561 4320 2785 4390 intelligi
2823 4318 3186 4373 dubitandum
3207 4332 3323 4371 non
3351 4326 3439 4371 est
3463 4332 3476 4368 :
3505 4327 3625 4369 cum
3646 4310 3748 4378 ipse

2174 4414 2454 4485 legislator
2489 4414 2652 4482 paulo
2683 4419 2805 4482 post
2841 4411 2987 4465 dicat
3013 4428 3026 4463 :
3050 4410 3389 4481 Sanguinem
3434 4422 3540 4463 non
3581 4414 3748 4459 come-

487 4532 608 4592 loco
657 4532 872 4587 initium
921 4534 1192 4602 praxlieta:
1234 4534 1668 4590 conversationis
1709 4535 2065 4608 intelligatur.
2102 4517 2150 4575 ἶ)
2173 4506 2302 4561 dius
2332 4505 2388 4608 if‘
2417 4503 2848 4608 habimﬁomp“?
2880 4509 3079 4555 "esms
3099 4542 3112 4565 ’
3145 4515 3274 4569 qum
3308 4505 3748 4608 amma

487 4627 591 4692 Qui
625 4636 807 4681 autem
838 4627 1032 4681 oﬁ'cret
1073 4641 1213 4691 eam,
1258 4630 1372 4696 ipse
1403 4626 1506 4683 sibi
1565 4643 1727 4684 causa
1760 4628 2069 4699 huiusmodi

486 4721 868 4791 promissionis
885 4722 1240 4791 approbctttr,
1267 4732 1454 4792 utpote
1477 4734 1673 4793 sponte
1703 4725 1770 4778 ad
1811 4725 1955 4780 hanc
1979 4739 2073 4778 ve-

486 4814 646 4868 niens
672 4832 686 4868 :
717 4814 922 4869 donum
957 4815 1159 4885 quippe
1183 4815 1398 4879 oﬁ‘eret,
1437 4831 1601 4871 omne
1639 4826 1818 4871 autem
1863 4816 2071 4873 donum

486 4906 854 4976 voluptarium
886 4909 1144 4979 est.Ergo
1165 4908 1212 4963 ‘si
1245 4908 1669 4979 promissionem
1707 4924 1859 4963 suam
1889 4917 2073 4964 trans-

486 5015 705 5069 gressus
728 4999 907 5064 fuerit,
935 5002 1310 5071 semetipsum,
1335 5017 1459 5071 cum
1476 5017 1663 5071 plenas
1684 5002 1805 5065 luit,
1829 5013 2067 5058 accuset.

488 5089 577 5145 Sic
590 5101 771 5145 autem
789 5091 1207 5161 eiacceptabilis
1237 5093 1359 5156 erit,
1380 5067 1439 5147 οἶ
1463 5091 1528 5146 ad
1553 5091 1917 5158 expiationem
1948 5109 2073 5162 pro-

485 5183 694 5243 licictts.
732 5186 949 5254 quando
981 5184 1358 5254 praedicaverit
1385 5191 1442 5239 et
1478 5183 1847 5247 conﬁtebitur,
1878 5194 1935 5239 et
1973 5201 2072 5256 po-

486 5276 744 5331 sitionem
800 5293 997 5332 manus
1043 5277 1481 5333 manilestaverit
1516 5318 1530 5341 ,
1592 5276 1719 5346 quia
1770 5287 2076 5348 spontaneo

488 5382 660 5427 motu.
691 5380 747 5425 et
764 5388 871 5426 non
894 5371 1218 5427 necessitate
1233 5369 1571 5440 compulsus,
1591 5385 1694 5424 nec
1722 5377 1947 5428 exactus
1969 5371 2076 5426 hoc

488 5463 686 5519 obtulLt
715 5463 1063 5519 sacriﬁcium.

559 5576 720 5633 Vsus.
779 5578 885 5634 5-9.
939 5578 1400 5649 ilmmolabitque
1448 5577 1674 5633 vitulum
1728 5591 1910 5633 coram
1967 5578 2073 5635 Do-

557 5755 601 5787 ¹¹
628 5756 745 5808 Act.
780 5773 866 5811 xv.
904 5757 987 5811 10.
1050 5760 1093 5790 ²¹
1120 5757 1271 5812 Deut.
1303 5775 1427 5815 ταν.
1464 5759 1524 5820 4;
1562 5758 1723 5813 lCor.
1749 5777 1820 5825 Ix,
1850 5760 1902 5815 9.

499 5825 629 5898 11,9.
702 5828 745 5859 ²⁷
781 5828 970 5882 Matth.
1003 5845 1057 5895 x,
1093 5830 1180 5883 '59.
1271 5829 1314 5859 ’⁸
1346 5833 1516 5883 lixod.
1553 5847 1643 5894 xx,
1680 5830 1769 5885 24.

1981 5762 2025 5793 ³³
2051 5762 2182 5816 ibid.

2169 4598 2434 4671 sanguine
2461 4606 2563 4652 est.
2606 4595 2839 4666 Oportet
2860 4611 2989 4667 ergo
3012 4610 3114 4649 nos
3144 4609 3254 4648 non
3298 4606 3527 4664 parcere
3550 4587 3747 4646 animae.

2171 4691 2318 4746 unde
2344 4688 2602 4742 Dominus
2621 4687 2698 4742 ait
2730 4705 2743 4741 :
2776 4685 2878 4751 Qui
2904 4686 3192 4754 perdiderit
3211 4686 3455 4738 animam
3479 4696 3628 4737 suam
3648 4690 3750 4747 pro-

2170 4788 2286 4849 pter
2316 4793 2417 4839 me,
2461 4776 2687 4829 inveniet
2731 4791 2849 4828 eam
2882 4775 2948 4828 '7.
2977 4774 3093 4829 Hoc
3133 4781 3219 4828 est
3265 4772 3590 4844 sanguinem
3634 4766 3750 4823 fun-

2171 4869 2321 4924 dere.
2347 4867 2551 4922 Fundit
2577 4876 2759 4921 autem
2793 4867 2845 4920 in
2881 4865 3070 4920 altaris
3115 4866 3375 4930 circuitu,
3411 4862 3662 4917 videlicet
3702 4855 3751 4908 in

2176 4959 2439 5030 unigeniti
2479 4973 2676 5029 corpus
2709 4977 2722 5013 :
2768 4958 2872 5014 hoc
2908 4958 3056 5012 enim
3081 4972 3273 5012 revera
3327 4957 3499 5012 altare
3528 4950 3751 5010 dicitur;

2175 5065 2284 5121 quo
2337 5051 2500 5105 modo
2569 5051 2710 5106 sicut
2757 5064 2923 5105 omne
2993 5048 3322 5104 sacriﬁcium
3383 5060 3548 5116 super
3596 5041 3757 5096 altare

2174 5159 2205 5198 a
2257 5141 2632 5198 sacerdotibus
2679 5142 3121 5197 ministrantibus
3182 5140 3431 5210 ponitur,
3501 5136 3580 5192 sic
3645 5143 3755 5185 out-

2177 5251 2304 5291 nem
2347 5236 2545 5291 animae
2602 5236 2859 5290 virtutem
2904 5236 2959 5289 in
3031 5249 3261 5304 corpore
3309 5231 3546 5292 Domini,
3580 5227 3630 5282 id
3657 5230 3753 5281 est.

2176 5328 2242 5382 ad
2266 5328 2385 5398 ejus
2428 5327 2785 5382 imitationem
2817 5328 3132 5383 sacerdotes
3176 5322 3503 5396 operantur.
3537 5319 3649 5375 Hoc
3684 5314 3756 5368 al-

2177 5428 2292 5473 tare
2315 5417 2523 5490 Moyses
2548 5418 2881 5489 signiﬁcans,
2919 5417 3176 5473 dicebat:
3213 5416 3400 5471 Altare
3433 5415 3496 5468 de
3524 5421 3660 5465 terra
3683 5410 3758 5477 [u-

2177 5513 2323 5567 cietis
2349 5513 2477 5566 mihi
2514 5512 2580 5565 ".
2610 5511 2683 5566 De
2718 5521 2901 5567 nostra
2921 5511 3069 5566 enim
3096 5517 3263 5569 terra,
3289 5507 3343 5562 id
3365 5515 3469 5567 est.
3510 5513 3756 5570 conspt‘r'

2179 5606 2331 5659 sione
2372 5606 2488 5659 sive
2529 5619 2728 5668 massa,
2772 5618 2972 5675 corpus
3012 5602 3355 5657 Dominicum
3414 5599 3614 5653 factum
3661 5598 3757 5645 est.

2263 5763 2306 5793 "'
2336 5762 2491 5817 Joan.
2527 5779 2606 5826 ιη,
2645 5763 2733 5828 ‘20,
2757 5762 2847 5817 2|.
2925 5764 2968 5794 ³⁵
2999 5760 3012 5813 Ι
3049 5761 3207 5816 Joan.
3243 5775 3303 5819 ιι,
3332 5756 3422 5811 ‘20.
3501 5753 3548 5786 “
3579 5749 3757 5806 ll’etr.
