3942 6430
256 390 367 452 797

1446 387 1527 449 ΙΝ
1569 387 2009 451 LEVlTlCUM.
2046 409 2113 421 -
2147 385 2382 445 1.18.1.

2072 256 2135 268 -ι

3432 386 3539 450 798

259 508 331 561 Et
350 519 548 560 rursus
568 502 684 574 ipse
710 523 723 557 :
747 501 895 568 Quod
925 507 971 559 si
996 502 1167 556 altare
1197 501 1464 571 lapideum
1484 501 1669 571 feceris
1698 498 1845 561 mihi,
1881 503 1920 554 Α
1952 511 2092 560 rum,
2124 495 2262 566 quod
2290 495 2519 565 fructum
2542 510 2696 547 suum
2724 494 2866 548 dabit
2886 495 2941 549 in
2967 507 3198 565 tempore
3220 513 3318 552 suo
3346 497 3411 552 ³⁸.
3429 497 3540 554 Sed

257 611 366 651 non
393 594 680 664 tediﬁca‘bis
710 594 843 648 illud
874 595 936 648 de
963 595 1115 647 sectis
1138 593 1438 662 lapidibus:
1471 593 1515 644 si
1540 593 1677 643 enim
1704 590 1847 643 leva-

254 689 396 742 bcris
443 688 674 741 cultrum
737 697 885 740 tuum
930 702 1085 753 super
1137 702 1217 746 co,
1258 683 1524 752 polluetur
1551 683 1619 737 ”.
1663 681 1849 751 Neque

257 777 407 831 enim
450 785 637 842 secta,
682 791 860 847 neque
905 776 1086 830 dolata
1144 774 1214 827 ab
1264 772 1504 827 hominis
1542 788 1709 826 manu
1766 781 1850 826 est

259 867 465 923 Christi
499 884 648 928 caro.
685 870 750 921 de
780 883 886 936 qua
934 866 1120 920 Daniel
1166 865 1411 920 dicebat:
1446 864 1714 919 Abscissus
1772 873 1848 917 est

262 960 400 1029 lapis
425 961 492 1013 de
523 968 696 1013 monte
713 960 827 1012 sine
858 959 1099 1013 manibus
1124 958 1192 1022 ",
1234 958 1362 1027 quia
1392 956 1512 1011 sine
1563 956 1851 1026 complexu

267 1052 361 1106 riri
387 1061 442 1105 et
476 1051 724 1106 mulieris
743 1060 1041 1119 conceptus
1069 1051 1190 1119 ejus
1220 1049 1486 1120 processit
1534 1058 1589 1103 et
1638 1058 1846 1117 partus.

272 1146 408 1198 ‘tcne
428 1154 613 1198 autem
638 1142 884 1197 addidit:
923 1143 988 1197 Et
1012 1144 1149 1213 quod
1186 1151 1262 1195 est
1283 1150 1408 1195 ante
1451 1142 1641 1194 ostium
1671 1140 1848 1193 taber—

283 1236 440 1288 :acult'
471 1235 771 1291 testimonii
800 1237 855 1290 in
887 1234 1140 1299 circuitu,
1166 1243 1226 1289 ut
1258 1234 1315 1287 in
1344 1234 1600 1287 omnibus
1627 1233 1846 1302 quidem

262 1326 707 1381 eumimitemur.
738 1327 879 1381 Ante
914 1326 1115 1381 ostium
1162 1333 1345 1380 autem
1387 1323 1743 1403 tabernaculi,
1790 1332 1850 1377 ut

264 1418 488 1479 ostium,
521 1417 828 1472 doctrinam
875 1417 1252 1486 apostolorum
1311 1416 1696 1485 intelligamus.
1748 1413 1851 1468 Per

264 1509 433 1577 ipsam
462 1508 610 1562 enim
634 1509 798 1563 nobis
837 1508 1175 1562 litintroitus
1213 1507 1268 1560 in
1316 1508 1536 1563 caeleste
1594 1507 1849 1559 taberna-

260 1599 466 1659 culum,
499 1599 552 1651 in
592 1614 700 1667 quo
747 1599 992 1653 habitare
1021 1598 1189 1651 Deum
1244 1598 1526 1666 Scriptura
1577 1605 1848 1652 testatur:

259 1688 405 1757 quod
428 1688 745 1742 manifestat
775 1685 960 1751 Isaias,
993 1688 1181 1742 dicens
1212 1705 1225 1740 :
1260 1686 1471 1756 Respice
1524 1687 1588 1741 de
1615 1686 1761 1751 ctelo,
1801 1695 1849 1739 ct

257 1780 379 1832 ride
435 1781 500 1835 de
548 1791 701 1835 domo
742 1790 928 1835 sancta
985 1781 1168 1851 glaria:
1211 1789 1314 1833 tute
1345 1782 1409 1835 ³¹.
1458 1779 1615 1846 Quod
1666 1789 1848 1835 autem

256 1868 463 1923 ostium
491 1871 863 1940 apostolorum
904 1869 1155 1925 doctrina
1183 1879 1286 1935 est,
1319 1870 1662 1941 apertissime
1708 1870 1845 1925 Pan-

255 1962 345 2016 lus
376 1963 640 2025 ostendit,
671 1962 895 2017 tiicens:
930 1959 1136 2017 Ostium
1177 1963 1316 2015 enim
1346 1978 1585 2029 apertum
1616 1972 1690 2016 est
1738 1979 1850 2016 ma—

253 2069 423 2124 gnum
469 2061 518 2107 et
559 2053 790 2116 euidens,
814 2060 862 2107 et
895 2053 1191 2107 adversarii
1229 2053 1384 2107 multi
1413 2054 1480 2119 ³³,
1515 2055 1712 2109 ostium
1749 2055 1849 2110 do—

254 2143 496 2198 ctrinam
544 2159 668 2213 quae
716 2141 869 2197 ducit
917 2142 986 2197 ad
1039 2128 1323 2197 scientiam
1358 2142 1479 2206 Dei,
1503 2144 1713 2211 dicens,
1761 2147 1848 2201 cui

252 2232 582 2288 omnimodo
609 2232 702 2302 qui
729 2231 942 2287 diversa
965 2230 1165 2286 docent
1193 2231 1435 2288 obviant.
1482 2231 1629 2288 Nihil
1666 2244 1848 2289 autem

253 2322 464 2378 mirum
489 2330 575 2377 est
597 2323 667 2385 si,
700 2337 822 2377 cum
877 2320 1138 2389 Dominus
1167 2322 1370 2378 ostium
1409 2322 1479 2378 sit
1522 2323 1849 2394 appellatus,

253 2413 523 2477 similiter
554 2414 880 2484 appelletur,
913 2429 1078 2484 quam
1115 2413 1237 2484 ipse
1262 2413 1596 2484 impertitur,
1627 2424 1849 2485 aposto-

252 2500 438 2559 lorum
467 2505 739 2560 doctrina.
767 2502 858 2559 Sic
887 2504 1203 2561 sacerdotes
1255 2504 1570 2560 ministrare
1610 2515 1844 2576 oportet.

254 2592 621 2664 Detractaque
658 2594 792 2664 pelle
820 2594 1023 2659 hostite;
1056 2604 1205 2648 artus
1239 2595 1294 2648 in
1332 2596 1501 2664 frusta
1555 2597 1844 2663 concidere,

249 2696 305 2738 et
324 2684 525 2755 pellem
542 2684 762 2756 quidem
783 2684 1087 2749 detrahere,
1111 2693 1170 2739 ut
1186 2684 1409 2750 divitiis,
1428 2685 1656 2756 aliisque
1668 2688 1816 2743 omni
1839 2717 1849 2728 -

246 2774 360 2831 bus
405 2776 763 2830 szrcularibus
804 2770 1004 2846 quibus
1056 2775 1524 2848 circumtegimur,
1576 2778 1846 2847 exspolia-

249 2883 401 2922 mur.
433 2867 664 2938 Propter
682 2867 827 2938 quod
857 2870 925 2923 de
952 2867 1055 2922 Job
1084 2867 1335 2923 diabolus
1354 2868 1568 2924 dicebat
1602 2888 1617 2924 :
1645 2869 1845 2925 Pellem

247 2976 352 3029 pro
381 2959 538 3026 pelle,
569 2969 617 3012 et
643 2960 821 3013 omnia
843 2975 1167 3030 quwcunque
1192 2960 1346 3013 habet
1375 2964 1548 3024 homo,
1576 2961 1719 3014 dabit
1750 2977 1848 3030 pro

247 3053 439 3105 anima
459 3067 558 3105 sua
591 3051 658 3105 ³³.
685 3049 987 3106 Concidere
1014 3060 1218 3116 autem,
1252 3061 1311 3105 IIt
1357 3067 1455 3122 per
1494 3064 1677 3122 partes
1720 3069 1847 3123 par-

1950 596 1997 639 et
2026 586 2386 648 exsultabant,
2454 586 2655 656 inquit,
2723 588 2906 640 omnia
2930 587 3074 658 ligna
3107 588 3362 643 silvarum
3390 605 3422 642 a
3450 591 3539 659 [a-

1952 684 2029 736 cie
2060 680 2288 745 Domini,
2335 683 2585 751 quoniam
2602 684 2739 738 venit
2767 685 2833 737 '9.
2874 684 3130 739 Gaudent
3158 686 3308 741 enim
3336 686 3389 740 hi
3441 687 3537 757 qui

1948 771 2161 825 divinas
2188 771 2502 842 ’bcripturas
2530 772 2886 837 meditantur,
2906 775 3127 843 quando
3153 790 3278 830 eum
3296 776 3536 842 venisse,

1949 864 2039 931 qni
2064 863 2118 916 in
2148 863 2228 918 eis
2249 872 2305 917 et
2332 880 2430 932 per
2455 879 2550 918 eos
2580 867 2937 934 prophetatus
2993 874 3098 931 est,
3139 874 3534 934 cognoverunt.

1951 953 2049 1007 llis
2071 955 2230 1023 jussit
2254 954 2465 1023 imponi
2507 955 2855 1011 concisiones
2873 958 3266 1020 membrorum,
3299 965 3461 1025 caput
3481 964 3537 1011 et

1951 1055 2145 1098 cuncta
2168 1061 2289 1114 quae
2319 1045 2811 1116 adlnerentjecori.
2852 1046 2969 1109 γει,
3008 1048 3152 1102 sicut
3171 1047 3336 1111 LXX,
3366 1057 3537 1117 caput

1951 1144 2007 1189 et
2031 1137 2244 1213 adipes.
2276 1136 2390 1191 Nos
2463 1152 2593 1191 vero
2637 1154 2735 1206 per
2784 1138 3128 1192 cuneisiones
3179 1140 3416 1205 animam
3479 1147 3537 1192 et

1950 1237 2148 1292 corpus
2170 1224 2523 1293 intelligimus
2547 1243 2562 1291 ;
2589 1241 2712 1279 cum
2744 1227 2890 1280 enim
2922 1226 3085 1281 unius
3119 1228 3232 1282 sint
3256 1228 3529 1291 animalis,

1951 1315 2250 1368 secundum
2269 1314 2619 1386 operationes
2650 1318 2964 1384 passionum
3017 1318 3252 1372 invicem
3305 1318 3535 1384 sibiad-

1952 1413 2243 1459 versantur
2275 1419 2290 1467 ;
2318 1391 2455 1458 dicit
2493 1404 2640 1457 enim
2685 1405 2979 1474 Apostolus
3009 1424 3020 1458 :
3050 1405 3187 1460 Caro
3220 1407 3534 1475 concupiscit
3629 1426 3633 1433 τ

1951 1496 2200 1548 adversus
2237 1495 2504 1563 spiritum.
2567 1496 2787 1565 spiritus
2837 1497 3090 1549 adversus
3135 1512 3369 1550 carnem.
3410 1500 3538 1550 Htrc

1952 1587 2086 1639 enim
2111 1587 2328 1639 invicem
2348 1585 2446 1640 sibi
2475 1586 2826 1640 adversantur
2849 1587 2913 1640 ⁸ο.
2943 1587 3237 1656 Propterea
3262 1588 3536 1641 Abraham

1952 1693 2076 1732 cum
2110 1678 2334 1732 oderret
2366 1678 2696 1734 sacriﬁcium
2757 1679 2889 1743 Deo,
2923 1680 3176 1734 dividi-ns
3204 1696 3448 1744 vaccam,
3484 1689 3540 1735 et

1954 1786 2194 1839 capram,
2225 1777 2280 1824 et
2308 1770 2558 1837 arietem,
2587 1771 2888 1826 divisiones
2951 1781 3145 1827 contra
3177 1788 3237 1827 se
3283 1772 3539 1826 altrinse—

1953 1878 2051 1917 cus
2083 1861 2281 1928 posuit.
2319 1862 2501 1931 Caput
2537 1869 2723 1917 autem
2755 1863 2938 1918 omnis
2967 1865 3250 1920 rationalis
3278 1864 3539 1919 animalis

1952 1970 2110 2009 mens
2144 1954 2366 2020 dicitur,
2390 1961 2613 2023 propter
2634 1955 2779 2023 quod
2838 1954 3002 2011 Isaias
3029 1956 3166 2010 dixit
3192 1975 3206 2010 :
3249 1939 3538 2010 Omne'ca-

1951 2055 2046 2116 put
2068 2045 2411 2116 languidum,
2438 2055 2488 2099 et
2521 2061 2676 2099 onme
2708 2061 2797 2099 cor
2848 2061 3087 2111 atterens,
3116 2066 3147 2101 a
3179 2047 3366 2117 planta
3390 2048 3540 2118 pedis

1952 2152 2113 2207 usque
2146 2137 2217 2190 ad
2245 2137 2491 2190 uerticem
2514 2153 2614 2190 non
2641 2146 2719 2191 est
2756 2139 2814 2190 in
2864 2154 2924 2192 eo
2953 2139 3160 2193 sanitas
3189 2141 3255 2194 δ’.
3284 2139 3537 2209 Compati

1950 2229 2097 2281 enim
2124 2226 2228 2282 sibi
2259 2227 2424 2281 nimis
2453 2228 2571 2283 haec
2615 2227 2852 2284 invicem
2885 2230 3168 2298 dicuntur,
3191 2241 3249 2287 et
3271 2232 3540 2288 rationale

1949 2327 2220 2385 nostrum,
2251 2328 2444 2390 utpote
2470 2319 2526 2374 in
2557 2327 2790 2391 utroque
2820 2322 3095 2389 habitans,
3132 2324 3419 2395 utriusque
3452 2324 3538 2381 lo-

1951 2425 2111 2471 vetnr
2146 2417 2342 2473 salute.
2366 2416 2425 2471 lII
2451 2426 2680 2487 utroque
2702 2425 2883 2471 autem
2906 2416 3134 2480 habitat,
3162 2415 3219 2469 in
3237 2416 3400 2470 corde
3427 2415 3538 2470 sci-

1951 2507 2149 2563 liceth
2175 2510 2227 2563 in
2248 2509 2430 2564 cerebi
2444 2524 2497 2573 ο,
2524 2509 2648 2579 quia
2668 2525 2777 2563 non
2796 2517 3012 2578 oportet
3027 2517 3271 2563 mentem
3295 2507 3536 2563 sobriam

1948 2599 2153 2665 dividi,
2182 2601 2277 2656 sed
2310 2601 2483 2670 ipsam
2508 2618 2536 2654 a
2569 2617 2702 2671 pace
2735 2601 2831 2655 Dei
2871 2599 3201 2656 custoditam
3228 2639 3245 2665 ,
3279 2598 3424 2654 sicut
3461 2600 3540 2654 ait

1949 2692 2242 2759 Apostolus
2262 2707 2276 2744 :
2301 2690 2365 2743 Et
2379 2707 2489 2760 pax
2504 2691 2621 2756 Dei,
2641 2706 2757 2761 qua:
2778 2696 3059 2759 exsuperat
3078 2704 3283 2741 omnem
3303 2703 3534 2753 sensum,

1948 2783 2210 2836 custodiat
2226 2782 2383 2836 corda
2404 2792 2595 2846 vestra,
2615 2791 2666 2834 et
2688 2779 3060 2849 intelligentias
3084 2788 3281 2832 vestras
3298 2776 3367 2842 δ’,
3391 2777 3542 2835 tolli-

1947 2888 2076 2944 gere
2086 2881 2301 2941 oportet
2315 2873 2369 2925 in
2387 2888 2556 2926 unum
2575 2874 2821 2942 corporis
2838 2880 2892 2925 et
2904 2870 3099 2924 animae
3121 2868 3540 2937 motum.Adcps

1947 2971 2129 3018 autem
2150 2980 2180 3016 a
2202 2963 2565 3018 divisionibus
2589 2978 2699 3017 non
2731 2963 2852 3017 sine
2875 2975 3042 3017 causa
3069 2968 3379 3029 separatur,
3409 2973 3536 3013 cum

1958 3056 2226 3113 aestimari
2245 3066 2487 3127 oportet,
2513 3057 2664 3126 quia,
2689 3064 2879 3125 utpote
2911 3053 3004 3124 qui
3037 3053 3090 3106 in
3124 3052 3258 3123 ipsis
3283 3059 3388 3116 est,
3415 3066 3537 3104 cum

250 3153 452 3216 tesque
478 3151 665 3197 nostra
694 3144 1036 3200 conversatio
1072 3144 1423 3214 approbatur,
1453 3146 1582 3216 quia
1603 3156 1657 3201 et
1691 3148 1842 3201 Chri-
1874 3174 1916 3231 ε
1953 3149 2084 3219 ipsis
2111 3149 2336 3204 deberet
2363 3148 2589 3212 oll‘erri;
2620 3147 2714 3201 sed
2747 3146 2874 3216 quia
2908 3142 3268 3215 pinguisﬂma
3300 3157 3427 3212 pars
3482 3149 3540 3195 et

248 3247 397 3302 stus,
427 3236 574 3291 sicut
597 3235 673 3291 ait
700 3235 918 3303 Paulus,
943 3237 1228 3291 secundum
1248 3239 1605 3303 operationem
1632 3238 1684 3292 in
1704 3255 1845 3293 men-

248 3345 443 3382 suram
494 3329 907 3399 uniuscujusque
945 3329 1164 3383 membri
1229 3340 1572 3401 augmentum
1609 3331 1847 3400 corporis

250 3423 382 3491 facit
414 3421 477 3473 in
496 3421 898 3490 wdiﬁcationem
940 3421 1025 3475 sui
1053 3421 1107 3474 in
1150 3420 1488 3478 charitate“.
1530 3421 1685 3478 Tunc
1720 3438 1850 3495 ergo

252 3512 355 3565 ﬁlii
382 3514 572 3565 Aaron
594 3510 893 3564 sacerdotis
926 3509 1038 3582 (qui
1067 3519 1251 3566 autem
1285 3510 1342 3565 hi
1371 3513 1485 3567 sint
1514 3528 1679 3583 supra
1709 3512 1851 3568 dixi-

252 3604 411 3674 mus)
434 3603 716 3669 subjicient
751 3602 915 3657 altari
938 3605 1127 3673 ignem.
1166 3602 1364 3674 Utpote
1388 3598 1847 3661 ministrationem

252 3694 489 3763 spiritus
517 3693 834 3763 plenissime
862 3694 1108 3749 valentes
1124 3696 1448 3749 accendere.
1487 3697 1552 3751 Et
1573 3698 1849 3766 quomodo

255 3785 588 3841 habebimus
607 3785 786 3856 ignem
811 3785 904 3855 qui
926 3784 1150 3840 minime
1177 3786 1589 3856 exstinguatur?
1631 3786 1845 3843 Struem

253 3876 531 3948 lignorum
556 3886 967 3945 componentes,
999 3876 1209 3931 scilicet
1255 3886 1566 3932 sanctarum
1599 3878 1844 3949 Scriptu-

256 3984 448 4023 rarum
468 3968 852 4024 meditationes
885 3978 1069 4039 atque
1120 3970 1398 4024 doctrinas
1419 3987 1434 4029 :
1458 3971 1672 4041 perhas
1700 3973 1846 4027 enim

257 4063 506 4117 nutritur
527 4061 754 4132 spiritus
813 4061 926 4125 Dei,
981 4071 1037 4116 et
1083 4063 1343 4117 continue
1397 4065 1734 4131 accenditur,
1790 4078 1843 4120 ut

259 4155 578 4211 turbinibus
613 4154 964 4209 adversarum
1021 4162 1353 4223 potestatum
1421 4157 1691 4227 exstingui
1735 4173 1847 4211 nan

259 4246 464 4317 possit;
497 4255 720 4316 propter
751 4245 895 4315 quod
929 4253 984 4299 et
1015 4243 1214 4300 Paulus
1264 4245 1483 4301 dicebat
1517 4265 1531 4300 :
1585 4246 1847 4317 Spiritum

262 4345 421 4400 nolite
446 4344 798 4414 exstinguere,
826 4341 1128 4411 prop/totius
1171 4341 1331 4395 nolite
1362 4358 1608 4410 spernere
1633 4343 1699 4396 "'.
1736 4343 1848 4399 Nec

263 4437 573 4492 mirandqu
625 4445 728 4498 est,
781 4434 827 4489 si
881 4433 1022 4504 ligna
1066 4442 1381 4487 sanctarum
1436 4434 1843 4505 Scripturarum

1953 3240 2117 3296 nimis
2140 3241 2589 3296 crassioromnis
2620 3238 2875 3292 animalis
2907 3236 3077 3301 adeps
3120 3249 3248 3289 esse
3309 3232 3535 3295 dicitur,

1952 3348 2021 3388 ex
2047 3333 2165 3403 ipso
2195 3341 2382 3388 autem
2426 3330 2584 3386 nobis
2612 3328 3010 3384 desideriorum
3042 3332 3346 3395 exsurgunt
3374 3332 3541 3391 atque

1950 3434 2367 3480 commoventur
2396 3423 2712 3493 appetitus,
2787 3419 2935 3491 quod
2977 3418 3332 3473 manifestum
3367 3428 3445 3470 est
3471 3430 3539 3468 ex

1950 3533 2017 3573 eo
2068 3517 2212 3587 quod
2243 3516 2554 3586 superjacet
2581 3514 2807 3568 renibus
2864 3523 2922 3568 et
2944 3510 3282 3584 inguinibus,
3311 3524 3432 3579 quae
3450 3523 3540 3562 or-

1950 3622 2088 3678 gana
2134 3622 2234 3663 seu
2278 3607 2645 3660 instrumenaa
2703 3619 2828 3658 esse
2879 3604 3152 3657 seminum
3200 3599 3540 3656 commistio-

1949 3711 2190 3766 numque
2212 3705 2494 3765 putantur.
2510 3694 2712 3748 auferri
2741 3695 2888 3747 hunc
2912 3709 2941 3746 a
2965 3691 3330 3746 divisionibus
3349 3690 3539 3759 jussit,

1951 3805 2053 3845 nec
2076 3790 2223 3843 enim
2250 3789 2412 3842 aliter
2441 3796 2660 3858 poterat
2712 3786 2888 3840 solum
2944 3782 3151 3839 oderri.
3199 3781 3415 3836 Auferri
3443 3796 3541 3837 au-

1951 3892 2084 3947 tem,
2121 3890 2182 3935 ut
2213 3882 2492 3936 diseamus
2514 3878 2805 3934 desideriis
2830 3893 2942 3932 non
2978 3874 3335 3945 corporaliter
3362 3889 3541 3942 neque

1949 3972 2255 4027 aniIIIal'Iter
2281 3971 2383 4035 uti,
2413 3973 2511 4026 sed
2545 3970 2887 4040 spiritaliter,
2917 3978 2977 4023 ut
3001 3968 3113 4022 sola
3145 3965 3415 4037 spiritalia
3439 3967 3540 4019 dc-

1949 4062 2277 4124 sidcremus,
2304 4072 2359 4117 ct
2383 4079 2604 4118 onmem
2627 4061 2933 4132 appetitum
2966 4062 3022 4114 in
3050 4059 3131 4114 eis
3164 4067 3408 4127 ctusque
3472 4059 3538 4113 ad

1948 4159 2013 4214 ea
2061 4161 2441 4220 extendamus.
2493 4176 2620 4229 qua
2659 4169 2714 4213 ct
2747 4157 3002 4212 animalis
3048 4161 3202 4210 Itonia
3265 4171 3368 4208 non
3415 4166 3539 4224 ραν-λ

1952 4254 2087 4323 cipit
2137 4271 2199 4308 ea
2246 4270 2364 4325 quia
2401 4263 2522 4307 sunt
2541 4253 2780 4323 spiritus,
2827 4249 3054 4305 stultitia
3088 4257 3163 4303 est
3193 4247 3333 4302 enim
3360 4245 3440 4300 illi
3472 4247 3538 4299 ⁵³.
3603 4316 3612 4326 ,

1948 4345 2088 4417 Ergo
2112 4347 2404 4401 animalem
2432 4347 2615 4402 dicere
2647 4344 2849 4399 Paulus
2873 4343 3093 4398 videtur
3135 4357 3263 4396 cum
3314 4339 3410 4410 qui
3430 4354 3536 4394 non

1949 4439 2181 4494 multum
2211 4438 2279 4494 de
2303 4438 2619 4494 carnalibus
2640 4437 2847 4507 cogitat
2894 4434 2973 4507 (et
3004 4434 3127 4489 ideo
3156 4433 3390 4487 carnalis
3430 4447 3541 4486 non

263 4525 542 4582 doctrinas
571 4523 879 4588 docuimus,
917 4536 1041 4578 cum
1071 4521 1364 4593 legerimus
1415 4523 1467 4577 in
1488 4524 1729 4593 Epistula
1778 4526 1845 4580 ad
1881 4525 1922 4579 D
1951 4531 2405 4601 estappellatus),
2430 4531 2529 4587 sed
2557 4529 2804 4584 animum
2833 4542 2962 4599 erga
3005 4541 3148 4581 vana
3179 4523 3449 4580 desideria
3484 4530 3544 4581 et

264 4616 578 4671 Corinthios
614 4632 626 4669 :
661 4613 850 4686 Ligna,
882 4615 1082 4685 fenum,
1128 4613 1354 4683 stipulas
1379 4614 1443 4677 ",
1474 4616 1645 4670 malas
1674 4618 1849 4672 actio-

265 4725 358 4766 nes
406 4711 495 4765 vel
546 4710 825 4764 doctrinas
859 4706 1211 4778 signilicatas.
1274 4707 1381 4763 Sed
1417 4708 1687 4780 lignorum
1745 4711 1853 4765 alia

265 4803 482 4872 quidem
517 4810 646 4856 sunt
670 4801 971 4866 fructuosa,
1028 4817 1155 4855 nam
1203 4799 1473 4853 Jeremias
1525 4800 1594 4853 dc
1625 4815 1693 4854 eo
1756 4802 1850 4871 qui

264 4892 489 4948 conlidit
525 4890 581 4945 in
614 4891 724 4946 Deo
755 4889 927 4947 dixit:
957 4891 1025 4945 Et
1090 4891 1189 4944 erit
1238 4891 1392 4960 quasi
1443 4891 1644 4960 lignum
1711 4893 1851 4963 quod

236 4982 241 4987 ’
268 4985 690 5055 transplantatur
718 5001 875 5053 super
900 4990 1260 5055 aquam-quod
1299 4984 1370 5037 ad
1393 4985 1665 5039 humorem
1687 4987 1851 5039 mittit

269 5079 470 5132 radices
501 5094 626 5131 suas
652 5079 716 5131 ³⁷.
754 5078 909 5143 Quod
948 5086 1131 5131 autem
1196 5093 1295 5148 per
1351 5077 1496 5149 ligna
1542 5078 1848 5144 fructifera,

268 5181 412 5225 recte
435 5169 717 5225 meditatio
743 5184 1019 5224 sacrarum
1051 5169 1456 5239 Scripturarum
1490 5171 1849 5242 intelligatur,

268 5271 450 5331 aperte
484 5260 644 5315 nobis
665 5260 833 5315 David
855 5260 1193 5314 demonstrat
1237 5262 1337 5315 :de
1368 5277 1433 5314 eo
1462 5263 1629 5324 enim,
1667 5263 1756 5332 qui
1794 5264 1847 5317 in

270 5353 375 5421 lege
403 5351 616 5406 Domini
647 5352 935 5406 meditatur
968 5351 1054 5405 die
1085 5367 1147 5405 ac
1174 5363 1320 5405 nocte
1351 5352 1416 5417 ³⁸,
1447 5352 1586 5417 Erit,
1615 5355 1711 5417 ait,
1744 5356 1852 5410 sic-

270 5456 324 5503 ut
348 5445 550 5517 lignum
585 5436 722 5514 quod
751 5442 1053 5513 plantatum
1088 5452 1162 5496 est
1202 5459 1349 5498 secus
1402 5444 1651 5499 decursus
1681 5464 1856 5517 aqua-

1951 4624 2284 4694 quaestiones
2312 4631 2564 4693 occupat.
2599 4621 2753 4677 verbi
2790 4621 2984 4692 gratia,
3022 4619 3076 4673 in
3105 4616 3379 4673 mensuris
3393 4614 3541 4679 (εαξη,

1955 4727 2012 4772 et
2051 4725 2325 4791 astrorum
2371 4716 2648 4777 muneris,
2705 4719 2762 4767 et
2811 4711 3013 4766 similia
3070 4707 3540 4780 philosophantes,

1953 4810 2047 4879 qui
2076 4808 2381 4864 forinsecus
2407 4821 2664 4877 magnum
2714 4805 2972 4860 videntur
3006 4818 3134 4873 erga
3156 4803 3394 4854 animam
3426 4808 3543 4857 sut-

1954 4899 2453 4969 diumimpendere.
2485 4899 2712 4968 Propter
2741 4896 2889 4966 quod
2914 4902 2971 4949 et
2998 4910 3186 4949 eorum
3215 4890 3543 4961 sapientiam

1953 4992 2267 5055 animalem,
2308 4990 2655 5053 diabolicanI,
2713 4995 3010 5050 terrenam,
3064 5001 3177 5039 non
3245 4994 3429 5037 autem
3473 4979 3544 5034 de

1954 5081 2332 5152 superioribus
2360 5078 2806 5142 descendentem,
2865 5091 2934 5130 ex
2973 5076 3176 5145 quibus
3237 5070 3534 5128 descendit

1955 5176 2202 5245 spiritus,
2231 5172 2468 5228 lacubus
2496 5169 2810 5240 appellavit,
2852 5169 3055 5239 quibus
3092 5165 3322 5222 stultitia
3347 5173 3434 5219 est
3476 5178 3542 5218 ea

1957 5282 2078 5334 qua:
2098 5273 2227 5319 sunt
2246 5262 2504 5333 spiritus;
2538 5276 2646 5315 non
2675 5260 2825 5315 enim
2855 5275 2920 5315 ea
2959 5266 3190 5328 possunt
3215 5255 3541 5339 intelligere,

1960 5358 2085 5428 quia
2114 5355 2433 5426 spiritaliter
2458 5370 2569 5409 non
2598 5354 2937 5407 examinant.
2964 5349 3108 5420 Ergo
3138 5347 3541 5419 intelligibilem

1966 5448 2210 5518 adipem.
2246 5447 2299 5501 id
2323 5458 2428 5513 est,
2471 5461 2636 5502 omne
2664 5453 2916 5500 nostrum
2938 5441 3217 5498 desideria
3240 5458 3294 5504 ιι,
3322 5454 3420 5494 seu
3441 5454 3544 5508 ap-

3069 5669 3112 5701 ³’³
3144 5668 3345 5739 Ephcs.
3381 5682 3453 5739 Iv,
3484 5667 3536 5724 7.

359 5678 402 5709 ἐ
431 5676 593 5741 nam,
627 5676 716 5728 ~25.

3295 5740 3337 5769 ³⁰
3360 5738 3538 5805 Galat,

273 5749 315 5785 ”
341 5749 357 5803 Ι
382 5747 573 5802 Thess.
610 5764 660 5809 ν,
707 5747 788 5798 19.

277 5838 323 5889 r,
347 5821 425 5877 Π.
498 5817 545 5905 ξ’
574 5817 677 5874 lsa.
706 5832 745 5885 I,
774 5817 825 5871 6.

797 5674 840 5707 ³⁸
875 5672 1008 5729 Dan.
1069 5692 1132 5738 ιι,
1177 5677 1265 5731 3i.
1362 5676 1402 5708 ³¹
1442 5677 1546 5738 lsa,
1602 5691 1755 5743 LXIII,
1814 5678 1902 5732 l5.
1998 5678 2043 5712 ”
2077 5676 2245 5731 lCor.
2302 5695 2413 5741 va,
2466 5678 2518 5732 9.

869 5747 914 5777 ⁸⁸
950 5748 965 5800 l
995 5747 1122 5799 Cor.
1166 5763 1247 5808 III.
1282 5749 1355 5802 l2.
1439 5749 1481 5780 ³⁷
1509 5748 1713 5803 Μυκη.
1755 5765 1885 5812 xm,
1953 5750 2004 5803 8.
2099 5748 2141 5780 ⁸³
2179 5748 2320 5802 Psal.
2358 5765 2396 5815 I,
2428 5750 2483 5811 '2,
2512 5747 2563 5801 5.

945 5821 989 5899 ξ’
1027 5816 1140 5871 Ph-l
1168 5833 1256 5889 ΙΨ·
1288 5835 1360 5885 ιν,
1414 5820 1465 5876 7.
1562 5819 1660 5874 ⁵³1
1720 5817 1846 5874 Cor.
1912 5835 1971 5883 II,
2013 5819 2100 5873 li.

2624 5673 2668 5706 ³³
2713 5673 2814 5728 Job
2844 5688 2902 5736 II,
2928 5673 2978 5727 -t.

2661 5746 2702 5777 ³³
2735 5745 2878 5801 l’sal.
2934 5758 3054 5807 XCV,
3110 5742 3196 5796 12.
