3942 6428
292 372 401 439 799

1489 372 1854 434 HESYCHII
1904 373 2383 434 PRESBYTERI

2672 316 2797 327 __..-..-
2816 315 2847 325 ν.

3476 363 3586 429 εοο

295 485 525 557 petitum
548 498 746 540 vacare
767 484 913 541 circa
939 480 1191 553 spiritum
1242 481 1419 552 jubet,
1475 489 1532 537 et
1590 491 1879 553 propterea
1912 485 1953 542 Α
1987 481 2399 544 Verumtamen,
2426 496 2552 537 cum
2602 478 2787 534 ovium
2844 476 3164 531 memoriam
3210 475 3450 539 fecisset,
3508 476 3584 530 ait

294 593 408 633 non
438 592 562 632 cum
593 576 984 639 divisionibus,
1014 574 1110 630 sed
1168 589 1268 645 per
1301 588 1360 629 se
1391 573 1604 630 oﬁ'erri.
1647 575 1884 631 Verum-

296 677 480 723 tamen
504 675 562 723 et
575 666 895 731 divisiones,
930 672 987 720 et
1000 671 1185 735 caput,
1205 673 1262 719 et
1285 663 1526 734 adipem.
1550 679 1718 734 super
1738 665 1888 734 ligna

297 757 498 813 quibus
527 757 667 828 ignis
696 757 982 826 subjectus
1011 764 1117 821 est,
1174 769 1407 825 quasque
1453 764 1583 810 sunt
1614 770 1784 827 super
1811 757 1890 810 al-

302 857 438 910 tare,
463 850 748 918 imponere
768 849 948 919 jubet,
981 856 1041 902 ut
1067 861 1289 902 omnem
1327 855 1577 903 nostrum
1605 846 1889 902 hominem

299 941 591 1010 scripturis
649 940 1009 1010 spiritalibus,
1076 955 1201 1010 quae
1256 940 1326 995 de
1397 939 1729 1010 intelligibili
1802 941 1889 995 al-

299 1032 400 1086 tari
470 1032 718 1102 corporis
783 1030 999 1087 Domini
1066 1030 1227 1086 dictae
1299 1037 1462 1097 sunt,
1548 1039 1888 1100 coaptemus,

301 1126 601 1180 secundum
658 1124 781 1194 ejus
825 1123 1077 1179 viventes
1140 1137 1239 1179 seu
1307 1131 1706 1179 conversantes
1764 1122 1892 1177 imi-

301 1211 583 1272 tationem.

373 1308 646 1364 Intestinis
678 1314 857 1361 autem
892 1314 941 1360 et
973 1305 1190 1375 pedibus
1226 1306 1347 1360 lotis
1363 1323 1530 1378 aqua,
1569 1307 1714 1377 quod
1751 1306 1892 1362 LXX

303 1400 476 1455 edunt
500 1416 514 1452 :
545 1398 618 1454 Ea
631 1414 754 1470 quae
772 1408 897 1454 sunt
918 1398 973 1453 in
999 1408 1210 1464 ventre,
1245 1406 1301 1452 et
1324 1400 1493 1470 pedes
1517 1415 1655 1470 aqua
1685 1400 1891 1466 lavent,

304 1504 403 1560 per
431 1504 495 1543 ea
528 1503 652 1558 quae
683 1488 739 1542 in
774 1496 969 1544 ventre
1019 1495 1170 1552 sunt,
1219 1488 1436 1542 abditas
1458 1496 1514 1543 et
1549 1488 1782 1544 latentes
1801 1505 1897 1544 co-

305 1582 599 1653 gitationes
643 1579 1021 1652 signiﬁcantes
1083 1580 1136 1634 in
1212 1590 1406 1636 ventre
1469 1582 1711 1647 animm,
1768 1582 1895 1652 quia

305 1684 499 1728 venter
521 1672 718 1728 animae
742 1687 838 1726 cor
870 1682 974 1727 est.
1006 1671 1164 1728 Unde
1213 1682 1268 1728 et
1325 1673 1591 1729 Jeremias
1639 1674 1892 1729 diccbat:

313 1762 553 1817 Ventrem
589 1777 784 1827 meum,
810 1771 1040 1816 ventrem
1066 1779 1241 1816 meum
1269 1764 1417 1817 doleo
1436 1763 1501 1825 “.
1536 1780 1698 1833 quem
1757 1781 1892 1818 ven-

308 1862 448 1908 trem
472 1853 588 1923 ipse
620 1851 931 1907 subiul‘ert:
964 1852 1030 1905 Et
1051 1868 1234 1906 sensus
1252 1855 1426 1907 cordis
1459 1832 1565 1907 mei
1594 1855 1893 1908 conturbati
1929 1832 1965 1887 Β

307 1952 450 1995 sunt.
477 1939 651 1994 Pedes
678 1947 862 1994 autem
899 1939 1164 2004 actiones,
1195 1940 1321 2007 quia
1356 1944 1894 2012 prophetatprmsens

311 2031 575 2086 saeculum
610 2031 775 2086 vitam
798 2030 1071 2100 appellare
1100 2041 1524 2087 consueverunt.
1555 2033 1625 2085 i|n
1647 2041 1704 2085 at
1729 2034 1896 2086 David

311 2122 521 2178 diceret
553 2142 566 2177 :
601 2122 756 2176 Beati
797 2116 1130 2176 immaculali
1182 2122 1234 2174 in
1262 2122 1370 2187 via,
1404 2124 1492 2192 qui
1520 2123 1797 2176 ant-mlunt
1842 2124 1900 2175 in

315 2214 426 2286 lege
456 2214 670 2268 Domini
697 2215 766 2276 ‘5,
792 2214 844 2268 id
873 2224 977 2279 est,
1011 2215 1106 2285 qui
1150 2213 1204 2267 itt
1240 2214 1356 2284 lcge
1424 2215 1638 2269 Domini
1662 2231 1900 2285 operan—

316 2318 426 2361 tur.
459 2305 582 2360 Vult
610 2322 741 2372 ergo
769 2321 870 2361 nos
894 2307 1056 2361 simul
1098 2322 1224 2361 cuzu
1278 2307 1589 2362 actionibus
1647 2319 1704 2361 et
1758 2309 1904 2379 cogi-

317 2398 551 2453 tationes
566 2398 775 2453 diluere
803 2413 964 2468 aqua,
992 2399 1110 2454 sive
1142 2400 1421 2469 baptismi,
1446 2400 1561 2454 sive
1585 2399 1901 2469 ﬁetus.qnia

317 2496 375 2543 et
404 2490 473 2544 de
494 2490 915 2560 cegitationibus
941 2490 1021 2545 rei
1050 2490 1103 2544 in
1139 2490 1349 2560 judicio
1374 2501 1646 2546 tenemur.
1672 2493 1724 2545 Si
1758 2476 1904 2547 enim

318 2581 409 2651 qui
429 2583 681 2635 irascitur
703 2583 863 2650 fratri
878 2598 974 2635 suo
995 2582 1115 2636 sine
1140 2597 1302 2636 causa
1332 2599 1451 2635 reus
1470 2592 1543 2636 est
1576 2584 1822 2652 gc/tenme
1840 2586 1903 2649 ",

320 2673 398 2728 ira
422 2682 605 2728 autem
624 2675 823 2728 animre
844 2684 927 2729 est
954 2683 1158 2734 motus.
1189 2691 1299 2728 non
1334 2677 1498 2729 debet
1526 2677 1614 2730 hic
1644 2694 1705 2730 ex
1734 2678 1908 2732 actio-

318 2779 389 2817 ne
435 2763 861 2834 judiciunt?Sed
921 2782 1045 2821 cmn
1097 2775 1244 2820 tanta
1297 2767 1545 2831 dixisset,
1609 2768 1907 2839 legislatio-

320 2869 446 2908 nem
475 2869 626 2908 suam
665 2854 730 2909 ad
773 2871 938 2910 unmn
976 2856 1248 2926 breveque
1273 2858 1541 2911 conclusit
1569 2875 1584 2923 ;
1615 2858 1690 2912 ait
1718 2860 1864 2914 enim
1892 2880 1904 2914 :

395 2946 734 3017 Adolebilque
762 2964 824 3002 ea
864 2949 1108 3002 sacerdos
1129 2966 1287 3018 super
1319 2950 1492 3003 altare
1540 2950 1597 3003 in
1652 2952 1910 3006 holocau-

320 3047 481 3104 stum,
514 3047 563 3091 et
582 3055 802 3094 suavem
832 3040 1045 3093 odorem
1104 3040 1346 3094 Domino.
1399 3041 1542 3111 Ergo
1573 3043 1793 3111 quando
1818 3059 1910 3099 sa-

321 3130 587 3185 criﬁcium
614 3141 865 3185 nostrum
911 3132 1293 3187 holocaustum
1359 3135 1434 3195 lit,
1496 3142 1627 3188 tunc
1680 3135 1911 3190 Domino

321 3223 460 3276 odor
488 3222 1108 3279 suavitatisincenditur
1136 3242 1149 3277 :
1177 3239 1229 3280 et
1257 3226 1476 3296 quando
1498 3227 1681 3281 omnia
1741 3242 1911 3297 super

323 3311 664 3383 intelligihile
687 3313 858 3367 altare
901 3314 1283 3377 ohtulerimus,
1344 3315 1646 3369 imitatores
1705 3315 1911 3370 Christi

322 3405 625 3461 secundum
661 3406 1073 3475 possibilitatem
1104 3406 1309 3470 eﬁ‘ecti,
1334 3416 1390 3461 et
1418 3408 1485 3462 ad
1519 3407 1690 3478 ipsius
1722 3406 1910 3462 imita-

325 3496 531 3550 tionem
588 3505 829 3550 nostram
873 3499 1060 3561 vitam,
1120 3511 1219 3550 seu
1291 3494 1769 3551 conversationem
1815 3508 1911 3549 co-

324 3598 596 3660 aptantes.
627 3587 742 3644 Hoc
799 3591 943 3644 enim
982 3604 1105 3645 esse
1178 3587 1664 3659 altare~superius
1719 3597 1911 3643 osten-

326 3681 530 3736 dimus.

398 3771 763 3828 VsusJOvlS.
797 3794 814 3823 ι
846 3773 1000 3840 Quod
1030 3774 1073 3828 si
1104 3774 1171 3828 dc
1204 3774 1495 3844 pecoribus
1546 3774 1754 3830 oblatio
1799 3782 1906 3840 est,

326 3863 395 3916 de
419 3863 615 3917 ovibus
649 3864 763 3918 sive
793 3864 860 3918 de
890 3866 1070 3934 capris
1100 3864 1481 3919 holocaustum
1505 3880 1704 3935 agnum
1747 3863 1910 3917 anni-

327 3955 509 4009 culum
545 3964 596 4009 et
627 3956 834 4025 absque
858 3956 1071 4011 macula
1106 3956 1323 4021 offeret,
1364 3956 1780 4027 immolabitque
1838 3956 1905 4010 ad

328 4047 471 4101 latus
500 4047 708 4109 altaris,
735 4049 880 4117 quod
905 4049 1127 4119 respicit
1158 4049 1224 4104 ad
1251 4049 1563 4119 aquilonem
1587 4063 1774 4104 coram
1805 4048 1909 4100 Do—

329 4138 497 4194 mino.
525 4140 857 4209 Sanguinem
891 4156 1021 4196 vero
1050 4140 1196 4196 illius
1238 4141 1469 4197 fundent
1522 4157 1690 4210 super
1740 4140 1915 4193 altare

329 4230 425 4283 lilii
447 4231 625 4283 Aaron
650 4246 747 4300 per
767 4230 1079 4297 circuitum,
1111 4231 1471 4303 dividentque
1515 4233 1782 4293 membra,
1823 4244 1918 4283 ca-

329 4323 735 4391 put,etomnia
770 4339 892 4394 quae
946 4324 1231 4379 adhaerent
1292 4325 1566 4395 jecori,et
1629 4324 1913 4391 imponent

331 4427 497 4481 super
520 4412 678 4483 lignis
707 4413 906 4483 quibus
929 4414 1309 4485 subjiciendus
1342 4422 1429 4469 est
1478 4412 1651 4484 ignis;
1686 4412 1907 4466 intesti-

1990 576 2138 631 enim
2181 594 2194 629 :
2226 574 2285 630 Si
2314 582 2492 629 autem
2525 580 2590 627 de
2618 572 2800 627 ovibus
2848 579 2923 624 est
2964 569 3217 634 oblatio,
3287 568 3586 623 subintulit

1988 669 2132 723 aliud
2163 667 2385 731 animal,
2417 666 2471 720 id
2505 675 2592 721 est
2620 679 2910 734 caprarum
2937 680 2951 729 ;
2990 662 3122 718 dicit
3154 661 3302 716 enim
3333 661 3413 716 sic
3453 679 3467 715 :
3511 660 3585 714 De

1990 761 2170 816 ovibus
2195 769 2245 814 et
2279 760 2343 813 de
2373 759 2569 829 capris.
2622 756 2840 825 Quanta
2866 764 3049 809 autem
3108 755 3255 808 inter
3283 768 3478 823 capras
3528 762 3588 807 ct

1991 866 2122 906 oves
2160 848 2469 905 diﬁ‘ercntia
2500 848 2592 912 sit,
2613 844 2961 917 apertissime
2993 858 3095 898 nos
3130 841 3396 895 Dominus
3424 841 3587 896 Jesus

1993 945 2199 1015 docuit,
2243 944 2373 998 dum
2408 943 2478 998 de
2534 940 3015 998 consummatione
3062 938 3248 993 saeculi
3286 946 3584 992 narrart't:

1994 1036 2087 1107 qui
2114 1036 2245 1091 dum
2281 1050 2413 1090 oves
2461 1050 2490 1089 a
2537 1033 2750 1089 dextris
2792 1032 3103 1096 statuisset,
3140 1029 3585 1085 benedictionem

1994 1132 2076 1185 eis
2096 1131 2369 1201 justorum
2394 1127 2659 1187 subdidit,
2682 1125 2868 1181 haedos
2895 1134 3079 1180 autem
3111 1139 3139 1175 a
3172 1122 3430 1183 sinistris,
3449 1136 3587 1175 con-

1998 1232 2076 1276 tra
2100 1236 2238 1291 quos
2268 1221 2600 1276 sententiam
2657 1217 2803 1272 illam
2862 1214 3168 1270 terribilem
3224 1220 3585 1282 peccatorum

1997 1313 2221 1384 protulit
2245 1313 2310 1366 ⁸⁸.
2340 1311 2494 1367 Sicut
2515 1326 2647 1382 ergo
2672 1310 2927 1364 licetnon
2956 1306 3133 1362 solum
3162 1303 3468 1365 decvibus,
3488 1301 3587 1355 sed

1996 1416 2051 1462 et
2091 1408 2159 1462 de
2189 1405 2371 1475 capris
2387 1402 2593 1469 oﬁ‘erri,
2624 1410 2681 1457 et
2708 1400 2914 1456 oblatio
2940 1398 3008 1454 de
3027 1397 3322 1469 pecoribus
3350 1396 3591 1458 dicitur,

1997 1503 2078 1556 sic
2107 1510 2156 1554 et
2188 1515 2314 1553 cum
2345 1498 2437 1568 qui
2465 1513 2533 1551 cx
2576 1493 2965 1566 peccatoribus
3022 1501 3128 1555 est,
3189 1489 3455 1561 possibile
3503 1499 3590 1543 est

1998 1591 2334 1663 simplicitati
2371 1604 2591 1660 cperam
2648 1588 2802 1651 dare,
2833 1595 2889 1641 et
2927 1584 3085 1655 quasi
3134 1598 3293 1639 ovem
3358 1582 3590 1647 factum,

1997 1685 2472 1740 conversationem
2495 1695 2652 1736 suam
2684 1680 2739 1733 in
2795 1679 3179 1733 holocaustum
3200 1675 3401 1730 oﬁerre
3440 1675 3592 1729 Deo:

1998 1778 2125 1848 quia
2158 1775 2307 1830 enim
2335 1773 2470 1827 nihil
2498 1771 2723 1843 impedit
2745 1771 2812 1825 ad
2866 1767 3282 1839 adipiscendam
3314 1764 3594 1835 justiﬁra-

2001 1870 2200 1921 tionem
2231 1874 2580 1935 peccatorem
2615 1861 2933 1932 quempiam
2980 1859 3172 1921 fuisse,
3200 1855 3454 1925 quamvis
3484 1855 3594 1907 hoc

1997 1958 2168 2013 Judzei
2198 1972 2307 2009 non
2334 1962 2625 2022 putarent,
2658 1953 2783 2006 audi
2806 1950 2987 2022 qualia
3019 1966 3117 2020 per
3151 1947 3453 2002 Ezechielis
3469 1961 3600 2015 pro-

2002 2050 2240 2121 phctiam
2276 2047 2430 2102 dixit.
2462 2045 2599 2100 Cum
2630 2045 2858 2108 eaimin
2881 2043 3063 2096 multis
3094 2043 3346 2095 invertus
3388 2038 3593 2093 fuisset

2001 2151 2190 2200 eontra
2220 2141 2504 2209 injustum,
2536 2149 2591 2192 et
2623 2138 2874 2201 dixisset,
2905 2134 3076 2189 Morte
3128 2133 3412 2196 moriatur,
3463 2146 3597 2184 san-

2003 2237 2117 2307 guis
2163 2233 2275 2301 ejus
2300 2248 2456 2300 super
2483 2232 2657 2300 ipsum
2683 2229 2781 2281 erit
2816 2268 2829 2291 ,
2889 2227 3006 2280 bccc
3060 2224 3225 2279 etiam
3290 2221 3537 2277 subdidit
3581 2234 3596 2271 :

2005 2327 2157 2392 Quod
2190 2327 2235 2379 si
2260 2324 2497 2395 genuerit
2522 2321 2692 2392 filium
2737 2321 2827 2391 qui
2851 2360 2865 2384 ,
2891 2321 3070 2374 videns
3126 2318 3305 2371 Omnia
3373 2324 3596 2386 peccata

2005 2418 2173 2487 patris
2212 2416 2294 2469 sui
2322 2430 2439 2485 qua:
2487 2413 2630 2483 fecit,
2686 2427 2789 2464 non
2832 2410 3009 2481 fecerit
3063 2407 3235 2462 simile
3283 2407 3377 2466 eis,
3425 2420 3594 2475 super

2008 2520 2206 2565 montes
2230 2525 2331 2561 non
2361 2506 2660 2571 comederit,
2686 2514 2733 2557 et
2763 2503 2938 2557 oculos
2964 2518 3084 2556 suos
3123 2517 3227 2553 non
3249 2499 3504 2553 levaverit
3528 2497 3604 2550 ad

2008 2604 2149 2657 idola
2178 2608 2361 2655 domus
2394 2599 2584 2661 Israel,
2619 2609 2665 2652 et
2697 2614 2911 2651 uxorem
2943 2595 3170 2666 proximi
3191 2593 3273 2647 sui
3302 2608 3403 2646 non
3433 2590 3603 2645 riola-

2009 2699 2158 2762 verit,
2185 2705 2239 2750 et
2261 2695 2363 2749 alia
2393 2693 2477 2748 his
2503 2692 2721 2755 similia,
2755 2691 2808 2744 in
2832 2691 3034 2760 quibus
3067 2689 3229 2743 ﬁnem
3266 2687 3415 2741 hunc
3442 2684 3595 2739 addi—

2011 2793 2108 2857 dit,
2139 2790 2221 2844 Itic
2244 2805 2345 2841 non
2367 2788 2619 2840 morietur
2650 2786 2703 2839 in
2724 2786 3006 2856 iniquitate
3026 2784 3204 2865 patris
3230 2782 3334 2845 sui,
3374 2781 3464 2833 sed
3491 2780 3603 2833 vita

2011 2885 2164 2939 vivet.
2198 2881 2263 2935 lit
2293 2881 2466 2934 dicitis
2490 2894 2509 2933 :
2531 2877 2707 2944 Quare
2734 2894 2836 2931 non
2892 2876 3127 2946 portabit
3172 2875 3313 2945 ﬁlius
3338 2873 3603 2942 iniquita—

2015 2987 2117 3030 tem
2149 2975 2318 3044 patris
2342 2971 2425 3025 “‘2
2487 2970 2763 3025 SicJudtei
2792 2982 3019 3023 necesse
3040 2980 3161 3022 csae
3200 2966 3370 3020 ﬁlium
3397 3004 3413 3029 ,
3444 2962 3603 3033 quasi

2018 3063 2503 3132 haereditariojure
2523 3103 2537 3127 ,
2575 3063 2629 3115 in
2659 3060 2829 3132 patris
2860 3058 3161 3115 succedere
3193 3064 3424 3128 peccato
3453 3052 3604 3108 arbi-

1939 3173 1978 3228 ς
2015 3160 2317 3223 trahantur.
2348 3155 2453 3212 Sed
2473 3171 2634 3226 quam
2659 3155 2726 3209 ob
2755 3169 2870 3208 rem
2897 3167 3027 3207 oves
3066 3161 3122 3207 et
3151 3166 3345 3221 capras
3362 3149 3428 3204 ad
3460 3148 3605 3203 latus

2019 3252 2205 3307 altaris
2255 3250 2400 3320 quod
2424 3248 2648 3319 respicit
2683 3247 2750 3301 ad
2781 3246 3116 3316 aquilonem,
3149 3258 3331 3299 coram
3367 3242 3607 3297 Domino

2020 3345 2283 3416 prmerpit
2306 3342 2504 3406 occidi,
2528 3358 2652 3396 cum
2684 3355 2793 3394 non
2819 3339 2894 3393 ita
2925 3338 2991 3397 de
3020 3336 3198 3392 bobus
3227 3334 3607 3405 praecepisset,

2021 3436 2115 3493 sed
2149 3452 2333 3491 coram
2366 3434 2596 3489 Domino
2659 3433 2929 3487 sanxisset
2975 3428 3281 3484 immolari?
3340 3424 3610 3481 Videntur

2020 3531 2166 3587 enim
2193 3530 2355 3583 verba
2416 3528 2532 3597 ipsa
2570 3523 3014 3581 contrarietatem
3072 3520 3364 3592 quamdam
3406 3518 3609 3573 habere

2021 3631 2182 3693 atque
2212 3618 2578 3675 differentiam
2620 3633 2633 3668 :
2663 3615 2789 3685 quia
2834 3629 2961 3671 cum
2997 3611 3068 3666 sit
3102 3610 3425 3665 sacriﬁcium
3451 3609 3607 3664 holo-

2022 3716 2348 3770 cautomatis
2368 3719 2681 3780 utrumque,
2715 3706 3025 3762 diﬁerentia
3056 3704 3142 3758 his
3175 3702 3610 3758 distribuitloca.

2021 3805 2140 3860 Non
2167 3814 2249 3859 est
2275 3783 2404 3872 ergo
2455 3798 2814 3871 ignorandqu
2841 3795 2991 3865 quia,
3024 3801 3292 3864 quantum
3324 3792 3391 3847 ad
3411 3806 3611 3861 super’

2023 3895 2198 3951 ﬁcieut
2228 3895 2446 3970 litterae,
2483 3890 2737 3946 eumdem
2787 3888 2840 3942 in
2898 3887 3149 3956 utrisque
3169 3886 3349 3941 locum
3388 3884 3613 3955 legisla-

2025 3999 2110 4044 tor
2149 3984 2490 4059 signiﬁcavit.
2550 3981 3065 4036 llolocautoutatum
3095 3979 3242 4034 enim
3265 3978 3458 4040 altare,
3482 3986 3614 4031 ante

2024 4077 2436 4133 tabernaculum
2460 4073 2818 4129 constitutum
2880 4087 2942 4125 ex
2976 4071 3146 4126 latere
3188 4080 3303 4125 erat
3327 4071 3531 4138 jamne.
3556 4077 3618 4123 ut

2024 4186 2136 4227 non
2166 4176 2476 4224 sanctorum
2521 4165 2959 4221 ministrantibus
2995 4164 3377 4219 obstrucretur
3438 4161 3613 4215 intro—

2028 4263 2157 4329 itus,
2193 4260 2336 4314 sicut
2366 4259 2420 4313 in
2447 4258 2634 4313 Exodo
2659 4258 2727 4313 de
2763 4257 2956 4312 eodem
2981 4255 3181 4310 dicitur
3214 4254 3314 4309 :Et
3363 4254 3614 4324 imposuit

2026 4352 2398 4421 velumjanua:
2431 4348 2760 4404 tabernaculi
2798 4346 3105 4405 testimonii.
3161 4355 3209 4400 et
3256 4360 3412 4399 aram
3470 4314 3679 4460 ΙιοΙο-ἷ.

2139 4454 2150 4460 λ
2284 4454 2295 4460 -
2462 4458 2468 4460 Α
2521 4441 2614 4460 ,,_!.
2654 4441 2780 4460 __'____
2841 4438 3024 4460 __..'-._--
3073 4436 3405 4460 4,1.------_--I2
3474 4437 3591 4460 ο-..ιῖ

2029 4454 2392 4500 cautomatnm
2441 4441 2614 4513 posuit
2642 4441 2783 4494 circa
2832 4438 3028 4492 ostium
3071 4436 3405 4491 tabernaculi
3472 4437 3617 4489 testi-

332 4521 402 4602 m}
594 4516 648 4560 el
680 4506 847 4602 mea.”
876 4506 1206 4602 lambunt?"
1229 4524 1392 4602 a‘llfa’
1428 4515 1485 4602 ξπ
1507 4505 1695 4602 ξ¹ω³¹¹²
1728 4503 1913 4558 omnia
1952 4535 1992 4590 D
2024 4536 2188 4591 monii
2205 4534 2270 4588 5°.
2294 4503 2647 4602 Qumcttnque
2676 4545 2804 4599 ergo
2835 4529 2903 4584 ad
2934 4527 3263 4584 sacrificium
3306 4528 3619 4582 oﬁ'ereban—

332 4594 569 4650 adolebit
592 4595 848 4652 sacerdos
893 4611 1059 4666 super
1107 4596 1277 4651 altare
1320 4596 1374 4650 in
1431 4594 1814 4650 holocaustum
1863 4602 1920 4648 et

331 4691 554 4747 odorem
581 4690 967 4746 suavissimum
994 4692 1239 4747 Domino.
1283 4711 1302 4743 ι

407 4782 608 4836 Eadem
631 4783 963 4839 etiamnunc
991 4783 1180 4854 paucis
1240 4780 1544 4838 immutatis
1575 4780 1725 4834 dicit.
1783 4778 1922 4834 Illud

336 4884 520 4931 autem
545 4876 846 4948 intelligere
875 4888 1091 4947 Oportet
1130 4893 1256 4932 eum
1289 4877 1383 4946 qui
1412 4874 1698 4929 subtiliter
1754 4872 1922 4926 verba

338 4965 474 5033 lepis
503 4967 812 5037 investigat,
846 4968 973 5038 quia
1015 4983 1125 5021 non
1150 4967 1328 5021 solum
1346 4967 1414 5020 de
1445 4964 1642 5028 bobus,
1665 4963 1760 5017 sed
1780 4963 1922 5017 etde

340 5059 533 5114 ovibus
564 5061 821 5131 przeccpit
846 5060 1145 5115 lsraclitam
1168 5059 1366 5114 oﬁ'erre
1404 5057 1747 5113 holocausta.
1781 5056 1924 5126 Ergo

341 5167 450 5205 non
492 5154 666 5207 Solum
701 5153 791 5223 qui
827 5153 958 5224 legis
988 5151 1244 5206 mandata
1281 5159 1566 5221 operatur,
1602 5149 1750 5203 hunc
1775 5145 1928 5202 enim

338 5256 464 5298 esse
487 5244 703 5317 bovem,
743 5253 803 5298 ut
826 5254 955 5313 pote
975 5251 1319 5313 operatorem
1341 5240 1602 5304 diximus,
1622 5239 1716 5295 sed
1736 5238 1930 5309 etqui-

345 5335 477 5389 lihct
498 5336 732 5405 simplex
788 5347 845 5390 et
877 5336 997 5390 sine
1021 5334 1254 5400 malitia,
1292 5334 1381 5389 cui
1412 5342 1769 5413 comparath
1790 5330 1928 5396 ovis,

346 5428 562 5483 dicente
589 5426 824 5483 Jcremia
859 5446 872 5483 :
912 5427 1022 5497 Ego
1056 5428 1209 5499 quasi
1270 5443 1437 5499 agnus
1472 5435 1798 5490 mansuetus,
1841 5425 1932 5494 qui

346 5528 589 5582 portatur
615 5520 685 5572 ad
712 5519 999 5581 victimam,
1059 5528 1109 5573 et
1146 5534 1249 5573 non
1302 5517 1604 5589 cognovi”.
1671 5516 1813 5587 Ergo
1877 5523 1934 5570 ct

350 5613 466 5684 ipso
493 5618 849 5687 semetipsum
868 5618 1252 5675 holocaustum
1306 5617 1420 5672 Deo
1475 5614 1675 5671 oﬁ‘errc
1704 5615 1928 5687 poterit.

451 5756 494 5785 “
515 5761 720 5816 Jercm.
772 5779 843 5822 tv.
876 5765 958 5819 19.

1063 5765 1108 5799 ⁸⁸
1141 5765 1280 5819 Psal.
1329 5782 1514 5831 cxvm,
1558 5767 1605 5821 l.

380 5828 639 5891 "Ezcth.
674 5849 787 5897 xix,
830 5836 1015 5893 lii-l9.

1107 5838 1154 5869 ⁸ο
1188 5837 1358 5892 Exod.
1385 5854 1611 5903 sxxvnt,
1641 5836 1730 5892 26.

1713 5765 1757 5798 “
1803 5764 1993 5822 Matth.
2027 5782 2080 5831 γ,
2115 5764 2206 5819 22.

2022 4638 2135 4694 tur,
2163 4642 2227 4682 ex
2255 4627 2428 4681 latere
2451 4624 2638 4681 altaris
2670 4624 2738 4679 ab
2766 4622 3032 4693 aquilone
3059 4624 3301 4687 stabant,
3334 4631 3390 4677 ct
3425 4622 3505 4676 sic
3535 4636 3625 4676 co-

2023 4737 2138 4777 ram
2175 4719 2407 4774 Domino
2439 4716 2770 4773 sacriﬁcium
2792 4717 3197 4777 celebrabatur,
3240 4715 3293 4769 id
3315 4725 3401 4769 est
3422 4714 3477 4767 in
3497 4730 3624 4769 con-

2027 4818 2218 4883 spectu
2247 4819 2562 4865 sanctorum
2601 4827 2613 4862 :
2664 4807 2870 4863 faciem
2910 4809 3058 4863 enim
3109 4807 3322 4861 homini
3384 4807 3626 4877 appellat

2028 4904 2226 4957 Sancta
2250 4910 2585 4966 sanctorum,
2613 4901 2739 4971 quia
2762 4900 2817 4954 in
2841 4900 2975 4971 ipsis
2999 4899 3091 4953 Dei
3129 4898 3411 4953 habitabat
3428 4896 3627 4970 gloria.

2028 4994 2183 5051 Unde
2211 5010 2313 5049 nec
2340 4993 2658 5063 frequenter
2686 4993 2741 5047 in
2798 4992 2918 5063 ipsa
2979 4991 3188 5046 intrare
3247 4991 3618 5055 sacerdotem,

2028 5085 2132 5141 nisi
2165 5084 2334 5140 semel
2364 5084 2419 5138 in
2452 5100 2599 5139 anno
2628 5083 2873 5155 iubebat.
2896 5082 2991 5139 llis
3040 5099 3171 5154 ergo
3202 5083 3278 5137 ita
3312 5097 3373 5137 se
3408 5083 3626 5137 haben-

2032 5178 2197 5243 tibus,
2230 5177 2600 5232 diﬁcrentiam
2645 5176 2752 5231 dici
2782 5177 3099 5242 verborum,
3142 5176 3287 5231 sicut
3311 5175 3625 5232 neceSsaria

2033 5270 2479 5340 contemplationi
2509 5279 2648 5333 erat,
2678 5270 2940 5339 oportuit.
2963 5269 3101 5336 Quia
3119 5270 3265 5325 enim
3293 5271 3464 5323 altare
3481 5269 3626 5324 dixi-

2035 5379 2158 5418 mus
2181 5376 2303 5417 esse
2322 5362 2626 5426 Christum,
2656 5362 2841 5417 ovium
2865 5373 3045 5417 autem
3071 5362 3398 5418 sacriﬁcium
3419 5361 3628 5433 simpli-

2040 5452 2258 5508 citatem
2289 5453 2647 5517 studentiutn,
2673 5470 2782 5509 non
2806 5455 3054 5510 absolute
3072 5464 3253 5510 autem
3277 5454 3440 5509 etiam
3460 5452 3625 5524 justi-

2043 5547 2170 5601 tiam
2188 5547 2553 5617 operantium,
2568 5563 2677 5601 non
2691 5548 2746 5602 in
2759 5548 3026 5604 directum
3051 5548 3403 5620 intelligihilis
3420 5545 3626 5613 altaris,

2040 5639 2136 5694 sed
2165 5654 2230 5694 ex
2264 5639 2435 5694 latere
2463 5639 2712 5694 oﬁ'ertur.
2746 5641 2804 5694 lu
2852 5641 3121 5697 directum
3165 5648 3250 5695 est
3281 5639 3450 5705 enim,
3500 5638 3628 5708 quia

2303 5763 2346 5797 "
2371 5761 2571 5817 Jerem.
2604 5777 2682 5831 xl,
2716 5758 2800 5817 19.
2883 5758 2927 5791 ⁵⁸
2958 5758 3149 5814 Matth.
3181 5774 3310 5822 xxv,
3346 5756 3416 5812 35
3468 5770 3623 5826 seqq,

3636 4568 3659 4617 il
