3942 6424
317 369 414 439 861

1477 371 1557 431 ΙΝ
1597 371 2036 431 LEYlTiCUM.
2079 395 2144 406 --
2178 372 2325 432 LIB.
2372 372 2416 432 Ι.

3483 378 3592 443 M2

316 484 575 540 mandata
627 482 858 551 perlicit.
897 483 971 535 lix
1029 481 1196 535 latere
1242 491 1447 546 autem,
1481 482 1607 551 quia
1664 497 1693 535 a
1754 480 1908 534 malis
1940 487 1979 538 Α
2013 480 2194 533 antde
2226 481 2495 537 coltnnbis
2553 483 2745 540 oﬂ'erat
2794 500 2997 541 munus
3054 502 3236 553 suum,
3286 487 3339 543 id
3395 500 3499 557 est,
3529 492 3590 546 in

317 578 578 632 abstinet.
607 574 826 641 Quare?
861 576 987 645 quia
1017 576 1156 630 sicut
1193 578 1243 628 in
1278 577 1480 637 aulam,
1502 576 1651 629 verbi
1708 577 1902 646 gratia,

318 668 525 739 regiam
564 667 763 721 melius
792 676 876 720 est
905 667 1124 736 quidem
1186 683 1282 734 per
1310 667 1511 720 ostium
1559 674 1767 720 rectum
1818 665 1905 720 in-

315 759 492 829 gredi,
522 774 648 812 cum
681 767 863 812 autem
889 758 991 812 hoc
1034 774 1142 811 non
1198 767 1281 811 est
1343 757 1520 818 facile,
1576 756 1779 810 bonum
1836 756 1907 810 sit

316 850 481 905 etiam
516 866 613 919 per
645 850 776 903 illud
804 850 947 918 quod
980 865 1047 903 ex
1080 849 1249 905 latere
1280 861 1363 904 est
1394 850 1620 903 introire
1649 868 1661 902 :
1695 850 1906 903 sicme~

318 944 425 998 lius
448 954 532 1017 est
565 943 678 997 Deo
706 944 923 1012 quidem
957 959 1054 1013 per
1107 944 1482 997 mandatorum
1513 943 1693 997 oll'erri
1726 944 1906 1012 perfe-

232 1047 242 1057 '
317 1036 808 1098 ctionem,bonum
828 1043 912 1088 est
946 1043 1127 1088 tamen
1175 1044 1230 1089 et
1264 1035 1307 1087 si
1371 1051 1470 1104 per
1522 1036 1789 1089 malorum
1847 1050 1906 1089 se

319 1129 443 1199 quis
472 1128 669 1183 oﬂ‘erat
697 1129 1106 1192 abstinentiam,
1153 1130 1260 1183 Deo
1320 1131 1525 1198 quippe
1570 1129 1732 1182 modo
1766 1144 1902 1198 quo-

321 1220 456 1274 libet
489 1219 674 1274 oﬂ'erri
707 1220 915 1274 bonum
939 1230 1043 1273 est.
1075 1220 1156 1273 Ad
1196 1221 1340 1274 latus
1372 1230 1555 1274 autem
1597 1220 1783 1275 altaris
1838 1219 1904 1273 ad

322 1312 635 1382 aquilonem
667 1313 984 1368 necessario
1016 1313 1254 1379 addidit;
1307 1314 1571 1369 nebulosa
1588 1314 1734 1369 enim
1770 1328 1909 1382 pene

324 1419 541 1473 semper
570 1408 687 1459 lucc
707 1420 833 1474 pars
862 1414 947 1459 est
977 1424 990 1459 :
1019 1405 1339 1460 obtinentur
1383 1406 1652 1475 siquidem
1687 1405 1903 1471 nebula,

258 1565 282 1588 ς
326 1496 380 1551 id
403 1505 489 1550 est
523 1496 860 1566 ignorantia,
897 1496 953 1550 hi
984 1499 1074 1566 qui
1108 1512 1173 1550 ex
1202 1504 1314 1551 toto
1350 1513 1411 1552 se
1450 1499 1774 1552 innocentia:
1801 1507 1911 1550 tra-

322 1586 484 1647 dunt,
511 1594 801 1655 propterea
830 1595 884 1639 et
904 1585 1280 1641 holocaustum
1341 1586 1562 1653 dicitur,
1591 1588 1754 1642 etiam
1790 1588 1910 1643 sine

322 1677 645 1746 operatione
668 1677 913 1745 justitia’.

395 1769 562 1824 Vens.
604 1771 791 1824 14-17.
827 1788 846 1820 ι
907 1768 966 1823 Si
995 1778 1178 1823 autem
1235 1769 1303 1823 de
1367 1771 1559 1825 avibus
1604 1771 1905 1826 holocausti

321 1863 526 1918 oblatio
549 1862 716 1916 fuerit
751 1861 1004 1926 Domino,
1047 1862 1115 1916 de
1149 1863 1456 1917 turtnribus
1514 1872 1568 1917 et
1602 1864 1765 1934 pullis
1822 1880 1907 1919 co-
1940 1841 1979 1894 Β

320 1955 543 2021 tumbae,
562 1954 759 2010 offeret
779 1969 898 2009 eam
928 1953 1186 2009 sacerdos
1216 1955 1281 2008 ad
1318 1956 1508 2021 altare,
1531 1965 1584 2010 et
1614 1966 1818 2012 retorto
1838 1958 1905 2011 ad

321 2046 524 2102 collum
547 2046 748 2116 capite,
783 2062 848 2101 ac
879 2057 1042 2115 rupto
1066 2047 1308 2101 vulneris
1345 2048 1487 2103 loco.
1512 2048 1805 2103 decurrere
1829 2049 1908 2103 fa-

322 2141 431 2195 ciet
451 2139 775 2210 sanguinem
800 2153 966 2208 super
997 2139 1333 2208 crepidinem
1353 2140 1560 2195 altaris.
1598 2140 1904 2197 Vesiculam

319 2244 454 2286 vero
475 2230 712 2300 gutturis
740 2239 797 2284 et
827 2230 1042 2299 plumas
1078 2231 1332 2300 projicict
1361 2241 1583 2301 propter
1615 2233 1786 2287 altare
1836 2233 1904 2288 ad

321 2323 643 2378 orientalem
678 2323 893 2393 plagam
916 2363 932 2389 ,
972 2323 1026 2377 in
1084 2323 1204 2378 loco
1237 2323 1290 2376 in
1313 2339 1423 2393 quo
1456 2324 1670 2379 cineres
1700 2323 1905 2378 edundi

320 2416 523 2480 solent,
554 2414 969 2486 eonfringetque
996 2416 1225 2470 ascellas
1275 2417 1416 2499 ejus,
1448 2424 1503 2469 et
1532 2431 1643 2469 non
1674 2416 1902 2481 sccabit,

320 2523 426 2563 nec
448 2506 594 2562 ferro
622 2506 830 2561 dividet
845 2522 1000 2569 eam;
1033 2517 1088 2562 et
1114 2508 1531 2579 adolebitsuper
1560 2509 1729 2563 altare
1747 2509 1905 2580 lignis

323 2598 446 2667 igne
473 2597 771 2667 suppositis
805 2615 821 2654 :
855 2598 1233 2654 holocaustum
1255 2608 1340 2655 est
1372 2608 1427 2654 ct
1458 2599 1662 2655 oblatio
1685 2601 1901 2655 suavis-

321 2686 447 2741 simi
472 2684 658 2741 odoris
690 2684 943 2740 Domino.
982 2705 1001 2739 ι

391 2777 745 2832 Admirabilis
779 2789 863 2833 est
884 2778 1136 2851 legalium
1171 2779 1463 2835 verborum
1481 2780 1774 2847 subtilitas,
1793 2795 1905 2835 non

321 2869 502 2925 solum
526 2870 654 2940 quia
690 2869 1035 2925 differentias
1087 2874 1563 2927 conversationum
1625 2872 1901 2939 describit,

322 2962 418 3016 sed
441 2961 606 3016 etiam
638 2962 1098 3031 quemadmodum
1152 2965 1416 3033 quasdam
1456 2965 1907 3020 conversationes

321 3054 625 3109 secundum
660 3054 856 3124 legem,
879 3055 1143 3125 quasdam
1171 3070 1477 3126 verosuper
1507 3056 1702 3127 legem,
1733 3057 1903 3129 signi-

325 3145 468 3201 ﬁcet.
506 3145 818 3201 Secundum
845 3147 1017 3218 legem
1053 3147 1198 3201 enim
1240 3156 1368 3202 sunt
1403 3149 1567 3203 boum
1609 3157 1664 3203 et
1696 3150 1903 3214 ovium,

323 3238 452 3293 licet
476 3247 795 3309 spontancm
817 3239 1094 3294 dicuntur.
1141 3238 1457 3294 Secundum
1484 3239 1659 3313 legem
1696 3240 1908 3309 quare?

322 3330 463 3396 Quia
494 3330 595 3385 etsi
631 3332 831 3385 oﬂcrre
894 3345 1096 3384 munus
1130 3332 1184 3383 in
1232 3339 1559 3401 potestatem
1621 3328 1907 3385 offerentis

321 3421 497 3487 dedit,
526 3421 693 3475 nimis
713 3429 880 3481 recte,
906 3420 1061 3475 liberi
1088 3420 1291 3491 quippe
1318 3420 1528 3475 arbitrii
1562 3421 1704 3476 Deus
1726 3420 1908 3475 homi-

323 3527 453 3566 nem
484 3512 792 3575 constituit,
815 3519 996 3564 tamen
1035 3511 1196 3579 quale
1221 3509 1506 3573 oﬂeratur,
1530 3526 1642 3565 non
1678 3511 1791 3581 jam
1813 3525 1910 3564 vo-

325 3606 557 3659 luntatis
587 3612 784 3669 cst,ne
811 3604 951 3658 forte
979 3604 1120 3657 mala
1172 3604 1510 3659 offerantur:
1538 3619 1769 3659 necesse
1824 3614 1909 3658 est

323 3712 456 3767 ergo
477 3705 572 3750 aut
593 3697 786 3751 bovem
809 3695 994 3750 olIerri
1026 3703 1120 3749 aut
1148 3710 1331 3762 ovem,
1358 3696 1409 3750 id
1433 3705 1540 3762 est,
1571 3704 1666 3751 aut
1690 3697 1907 3771 operari

316 3789 614 3859 justitiam,
633 3796 728 3843 aut
768 3805 797 3844 a
829 3789 986 3844 malis
1013 3788 1310 3845 absdnere.
1334 3788 1481 3843 Dixit
1507 3789 1652 3844 enim
1678 3789 1733 3842 in
1750 3788 1908 3844 initio

324 3881 449 3936 libri
475 3897 489 3933 :
541 3881 709 3935 Homo
743 3882 833 3952 qui
862 3881 1108 3936 obtulerit
1136 3896 1202 3935 ea:
1226 3881 1368 3934 vobis
1390 3880 1619 3934 hostium
1658 3880 1904 3945 Domino,

323 3974 391 4028 de
416 3973 707 4040 pecoribus,
742 3972 795 4025 id
820 3983 894 4026 est
925 3972 989 4026 de
1005 3972 1161 4025 bobus
1184 3979 1233 4025 et
1256 3971 1433 4025 ovibus
1458 3972 1903 4041 oﬁ'eretvictimas.

325 4064 386 4118 ιιι
414 4064 518 4117 bac
545 4071 728 4116 autem
748 4062 1025 4118 oblatione
1059 4079 1168 4117 non
1202 4062 1298 4129 ita,
1335 4062 1607 4133 praedicta:
1640 4062 1908 4133 siquidem

323 4155 590 4211 oblationi
618 4155 929 4210 dilIerentia
950 4156 1255 4211 volatilium
1289 4170 1398 4211 non
1435 4165 1521 4213 est
1545 4171 1910 4212 connumera-

324 4257 405 4313 ta,
443 4255 502 4302 ut
525 4247 781 4302 videlicet
806 4248 1098 4318 perfectior
1163 4258 1220 4307 et
1271 4251 1467 4322 major,
1500 4251 1908 4323 multorumque

326 4337 745 4408 transgrediens
763 4339 1204 4407 possibilitatem.
1259 4339 1510 4397 Volatilia
1533 4343 1703 4408 enim,
1729 4344 1909 4399 homi-

322 4446 426 4486 nes
445 4440 575 4486 sunt
608 4432 1060 4513 contemplationi
1117 4443 1395 4498 vacantes,
1427 4437 1659 4491 terrenis
1683 4438 1910 4493 omnino

2007 572 2236 626 scientia
2270 582 2324 627 et
2344 578 2764 632 mansuetudine
2809 578 3063 648 spiritali,
3103 580 3207 634 hac
3252 580 3400 635 enim
3450 597 3593 652 opus

2009 663 2198 730 habet,
2231 674 2418 720 utnon
2448 668 2675 722 excedat
2728 669 2863 739 legis
2921 670 3287 724 consideratio
3339 670 3391 723 in
3440 673 3594 727 vanis

2007 768 2295 827 occupata.
2324 759 2442 814 Non
2468 761 2665 816 frustra
2722 772 2904 817 autem
2960 774 3227 818 turturem
3285 772 3341 817 et
3382 764 3586 819 colurn-

2007 847 2156 914 bam,
2182 850 2275 904 sed
2304 852 2370 906 ad
2395 852 2849 923 signiﬁcationem
2900 855 3280 924 praedictorum
3316 855 3593 925 legislatnr

2008 943 2306 1011 assumpsit
2332 959 2346 1008 ;
2383 954 2562 999 turtur
2598 946 2866 1014 siquidem
2888 989 2901 1006 .
2938 946 3063 1016 quia
3093 944 3458 1016 c0gnitionem
3488 946 3590 1000 ba-

2007 1032 2121 1098 bet,
2155 1032 2227 1087 ita
2262 1042 2319 1087 ut
2348 1035 2468 1103 ejus
2500 1036 2770 1105 exemplo,
2804 1037 3116 1091 Judmorum
3166 1037 3593 1108 exprobraretur

2007 1129 2262 1197 pepulus,
2317 1129 2584 1184 Jeremias
2654 1133 2892 1201 probat;
2944 1134 3018 1187 ait
3068 1149 3213 1187 enim
3249 1151 3263 1188 :
3304 1132 3499 1186 Turtur
3541 1140 3591 1185 ct

2008 1217 2236 1271 hirundo
2260 1228 2308 1272 et
2337 1220 2538 1273 ciconia
2570 1225 2925 1277 custodierunt
2961 1235 3163 1293 tempus
3195 1225 3448 1277 adventus
3474 1223 3559 1276 sui
3574 1238 3593 1282 .‘

2008 1315 2232 1385 papulas
2261 1324 2439 1369 autem
2458 1330 2603 1371 meus
2628 1330 2729 1367 non
2759 1317 2992 1385 cognovit
3011 1317 3276 1385 judicium
3300 1315 3509 1369 Domini
3522 1315 3589 1367 ⁵⁵.

2009 1405 2273 1460 Columba
2306 1414 2489 1461 autem
2518 1408 2723 1461 munda
2742 1414 2798 1460 et
2829 1407 3080 1480 simplex,
3110 1406 3593 1474 annuntiatrixque

2009 1497 2316 1567 praesentia:
2346 1499 2520 1552 sancti
2548 1498 2785 1567 Spiritus
2802 1505 2907 1563 est,
2963 1498 3152 1567 quales
3207 1505 3426 1566 oportet
3463 1509 3595 1551 esse

2010 1603 2106 1643 eos
2120 1592 2213 1658 qui
2249 1589 2391 1644 circa
2426 1590 2878 1659 contemplandas
2900 1589 3213 1659 Scripturas
3244 1589 3449 1642 habent
3476 1596 3595 1641 stu-

2010 1679 2183 1733 dium.
2221 1679 2449 1750 l‘repter
2482 1681 2626 1750 quod
2649 1688 2704 1734 et
2732 1681 3007 1750 apostolos
3041 1680 3318 1749 simplices
3347 1678 3594 1733 vultesse

2013 1771 2298 1836 Dominus,
2329 1781 2387 1827 ut
2429 1772 2774 1839 columbam;
2815 1771 2890 1825 ait
2942 1772 3086 1826 enim
3126 1789 3139 1825 :
3183 1770 3335 1824 Beati
3397 1771 3596 1823 mundo

2014 1862 2188 1926 corde,
2224 1862 2349 1932 quia
2395 1862 2496 1932 ipsi
2562 1862 2848 1916 Dominum
2903 1862 3148 1916 videbunt
3175 1863 3243 1915 “.
3303 1860 3410 1915 Sed
3439 1870 3495 1914 et
3524 1861 3594 1915 ad

2012 1951 2383 2006 meditandum
2412 1967 2605 2007 vacare
2630 1952 2850 2018 debent,
2875 1954 3019 2007 unde
3043 1951 3303 2006 Ezechias
3332 1950 3409 2006 ait
3441 1948 3595 2004 εκε-

2012 2042 2223 2097 ditabar
2250 2052 2306 2097 ut
2339 2044 2578 2099 columba
2604 2047 2670 2098 ⁸⁷.
2712 2045 2860 2100 llanc
2880 2045 3213 2101 oblationem
3246 2058 3390 2098 unus
3414 2057 3594 2097 sacer-

2011 2135 2112 2189 dos
2139 2135 2354 2199 oti‘eret,
2382 2152 2492 2191 non
2522 2137 2678 2190 multi
2698 2154 2715 2204 ;
2736 2151 2845 2191 non
2860 2137 3159 2207 estquippe
3174 2130 3597 2204 contemplativa

2013 2226 2125 2281 vita
2165 2227 2547 2297 plurimorum,
2583 2229 2635 2284 id
2656 2239 2760 2295 est,
2791 2238 2851 2283 ut
2884 2244 2953 2283 ex
2976 2238 3086 2284 tota
3124 2243 3185 2283 se
3240 2236 3426 2283 mente
3453 2226 3592 2282 oﬂc-

2012 2327 2140 2371 raut
2162 2317 2299 2383 Deo,
2333 2319 2583 2389 nihilque
2614 2320 2914 2375 humanum
2940 2319 3173 2374 ulterius
3197 2318 3459 2389 cogitent.
3493 2318 3590 2372 sed

2013 2411 2275 2466 continue
2295 2413 2738 2482 contemplentur
2764 2413 3026 2479 cmlestia,
3058 2421 3114 2467 et
3142 2426 3206 2465 ea
3230 2426 3354 2480 quas
3371 2424 3592 2465 sursum

2012 2508 2162 2566 sunt,
2196 2501 2431 2571 sapiant,
2467 2503 2553 2556 ubi
2589 2500 2829 2557 Christus
2878 2511 2976 2569 est,
3013 2502 3148 2556 sicut
3169 2501 3247 2555 ait
3274 2497 3590 2570 Apostolus.

2010 2588 2068 2640 in
2088 2595 2302 2643 dextera
2330 2589 2430 2644 Dei
2459 2591 2640 2645 sedens
2664 2590 2731 2658 ⁸⁸,
2758 2590 3011 2647 videlicet
3029 2589 3243 2655 Patris;
3269 2588 3394 2659 quia
3407 2597 3593 2643 autem

2012 2681 2119 2736 hoc
2156 2682 2321 2737 nimis
2344 2697 2530 2737 rarum
2553 2692 2658 2749 est,
2696 2683 2814 2753 ipse
2846 2682 3109 2738 Dominus
3144 2681 3213 2737 de
3245 2680 3444 2736 talibus
3462 2694 3595 2751 pro-

2013 2774 2194 2843 phetae
2223 2774 2495 2830 Ezechieli
2520 2774 2748 2845 loquens
2786 2774 3040 2830 edocuit:
3091 2772 3347 2829 Scrutare
3369 2772 3594 2827 Jerusa-

2013 2865 2135 2931 lem,
2166 2874 2216 2919 et
2245 2867 2360 2921 vide
2388 2881 2408 2921 :
2425 2867 2470 2919 si
2498 2867 2756 2920 inveneris
2781 2867 2951 2919 virum
2970 2866 3026 2919 in
3057 2880 3119 2917 ea
3143 2863 3354 2918 omnino
3368 2869 3597 2917 stantem

2012 2969 2136 3014 ante
2165 2960 2352 3031 faciem
2374 2975 2567 3025 meam,
2591 2959 2887 3028 propitiam
2915 2956 3241 3026 propitiabor
3261 2956 3309 3010 ei
3331 2953 3399 3009 5’.
3430 2952 3595 3024 Atqui

2012 3058 2172 3105 erant
2203 3048 2294 3103 lilii
2323 3047 2570 3104 Jonadab
2619 3061 2724 3101 nec
2748 3044 2936 3100 vinum
2965 3044 3237 3108 bibentes,
3268 3055 3374 3097 nec
3398 3039 3597 3095 domus

2016 3142 2303 3205 habentes,
2336 3154 2441 3195 nec
2468 3154 2629 3208 agros
2664 3138 2995 3208 plantantes.
3038 3135 3149 3191 Sed
3190 3133 3441 3190 absolute
3490 3131 3597 3187 ali-

2014 3215 2457 3306 rluidsublimius
2480 3230 2695 3303 quaerit,
2730 3229 2877 3284 unde
2926 3228 3018 3283 alii
3061 3227 3128 3282 ad
3180 3225 3595 3309 tabernaculum

2017 3324 2315 3382 testimonii
2332 3324 2663 3379 oblationem
2694 3319 2964 3386 oderunt;
2986 3320 3104 3374 haec
3124 3325 3307 3373 autem
3338 3315 3407 3371 ad
3426 3316 3600 3371 altare

2015 3418 2265 3482 oll’ertur,
2300 3417 2457 3486 cujus
2488 3414 2598 3471 vim
2628 3414 2684 3468 in
2732 3411 3176 3484 praecedentibus
3229 3408 3490 3474 didicisti,
3544 3408 3599 3464 id

2016 3511 2257 3581 estquia
2293 3509 2635 3564 Dominicum
2684 3504 2952 3575 signiﬁcet
2997 3518 3218 3574 corpus.
3271 3501 3383 3558 Sed
3409 3500 3601 3557 videa-

2018 3620 2139 3663 mus
2164 3618 2284 3673 qnae
2315 3602 2402 3657 bis
2435 3601 2819 3671 subjiciantur.

2090 3696 2158 3750 Et
2178 3704 2372 3749 retorto
2403 3694 2473 3747 ad
2499 3692 2688 3747 collum
2716 3691 2909 3761 capite,
2956 3706 3021 3744 ac
3045 3699 3199 3761 rupto
3215 3689 3596 3745 vulnerisloco.

2022 3785 2362 3854 Abrumpens
2390 3782 2643 3837 videlicet
2670 3796 2699 3835 a
2733 3780 2874 3851 pelle
2928 3794 3048 3849 qua:
3088 3780 3398 3849 superjacet
3434 3778 3596 3843 collo.

2018 3890 2125 3929 non
2163 3875 2315 3930 valde
2339 3874 2483 3927 illam
2505 3887 2768 3942 separatis
2799 3887 2830 3925 a
2869 3885 3120 3941 corpore,
3154 3879 3340 3926 utnec
3359 3870 3598 3941 dissipa-

2019 3974 2102 4020 ret
2123 3964 2275 4029 illud,
2300 3978 2403 4018 nec
2426 3962 2493 4017 eo
2532 3976 2721 4017 rursus
2764 3960 3114 4031 astringatur,
3142 3960 3289 4030 quod
3323 3959 3600 4032 signiﬁca-

2016 4067 2107 4113 tur
2124 4058 2360 4127 abrupto
2384 4055 2626 4109 vulneris
2651 4054 2792 4120 loco,
2817 4053 2924 4119 vel,
2955 4052 3101 4108 sicut
3124 4052 3266 4107 LXX
3293 4052 3487 4118 edunt,
3510 4067 3600 4108 re-

2018 4148 2283 4204 tractione
2309 4147 2524 4219 capitis.
2551 4147 2755 4202 Eodem
2788 4146 2992 4218 quippe
3006 4160 3262 4201 sermone
3298 4154 3354 4201 et
3377 4144 3597 4201 Samuel

2016 4238 2082 4293 ad
2110 4239 2328 4293 Saulem
2351 4251 2485 4293 usus
2507 4246 2609 4301 cst,
2661 4238 2884 4307 quando
2939 4236 2992 4292 ei
3018 4251 3232 4292 armum
3262 4236 3421 4302 dans,
3451 4237 3598 4292 idem

2015 4331 2314 4389 secundum
2347 4330 2490 4384 LXX
2509 4329 2645 4385 dixit
2675 4346 2688 4382 :
2715 4328 2958 4397 Comede,
3003 4331 3129 4400 quia
3158 4329 3215 4383 in
3244 4330 3599 4384 testimonium

2016 4443 2049 4480 a
2074 4424 2269 4496 populo
2294 4424 2521 4494 positum
2552 4431 2626 4477 est
2649 4423 2742 4477 tibi
2765 4422 2832 4477 ⁸⁸.
2867 4421 3138 4493 Refringe,
3166 4420 3220 4476 id
3247 4428 3335 4477 est
3353 4436 3452 4492 per
3469 4436 3598 4492 par-

322 4538 387 4577 se
417 4538 529 4577 non
556 4522 853 4579 miscentes
875 4524 1111 4595 negotiis
1141 4544 1153 4579 :
1186 4528 1328 4595 quod
1347 4536 1400 4582 et
1426 4528 1470 4582 si
1502 4528 1641 4584 forte
1667 4531 1908 4585 necessi-

2019 4528 2100 4573 tes
2129 4516 2441 4573 comminue
2472 4526 2528 4572 et
2548 4531 2833 4571 consume.
2862 4515 2931 4571 Et
2955 4515 3080 4571 ideo
3108 4514 3273 4570 etiam
3307 4529 3457 4570 nunc
3483 4529 3597 4569 non

324 4624 412 4668 tas
437 4615 699 4686 exegerit,
721 4631 847 4669 mox
874 4617 1121 4672 revolant
1133 4618 1206 4687 ad
1235 4619 1509 4687 sublimia,
1555 4630 1611 4676 et
1637 4622 1729 4677 illo
1750 4640 1920 4680 evan-

322 4704 503 4775 gelico
554 4705 815 4775 iuvantur
878 4706 1210 4772 testimonio,
1277 4711 1420 4779 quod
1486 4710 1748 4769 Dominus
1789 4717 1914 4771 ait:

323 4793 671 4850 Considerate
698 4797 939 4852 volatilia
980 4799 1113 4864 caeli,
1142 4800 1268 4870 quia
1318 4817 1422 4855 non
1446 4805 1709 4859 seminant
1752 4823 1918 4879 neque

325 4896 552 4952 metunt,
597 4897 644 4941 et
668 4886 830 4941 Pater
861 4898 1032 4942 vester
1054 4890 1273 4944 caelestis
1297 4903 1472 4960 pascet
1505 4893 1598 4947 illa
1638 4896 1775 4954 ""3.
1839 4896 1915 4953 De

322 4982 535 5037 eisdem
570 4980 836 5035 Dominus
859 4981 1113 5037 dicebat:
1160 4981 1347 5039 Simile
1376 4994 1451 5039 est
1504 5003 1720 5056 regnum
1758 4991 1914 5044 aela-

324 5090 449 5126 rum
472 5089 638 5142 grano
671 5073 895 5142 sinapis,
924 5076 1063 5143 quod
1115 5091 1235 5127 cum
1278 5076 1594 5142 seminatur,
1639 5080 1813 5135 minus
1841 5093 1913 5137 est

323 5163 569 5217 omnibus
620 5165 892 5230 oleribus;
955 5182 1074 5218 cum
1114 5178 1295 5219 autem
1322 5170 1558 5234 creterit,
1621 5171 1709 5239 ﬁet
1760 5174 1917 5227 arbor

324 5258 526 5329 major,
541 5262 616 5313 ita
648 5269 702 5312 ut
731 5259 964 5314 volucres
994 5259 1111 5314 caeli
1132 5260 1394 5313 venientes
1412 5260 1645 5315 habitent
1670 5264 1723 5315 in
1752 5265 1917 5317 ramis

325 5350 446 5419 ejus
476 5351 539 5404 ³³.
565 5350 1022 5420 Contemplationi
1049 5365 1176 5421 ergo
1227 5365 1449 5415 vacans,
1480 5360 1535 5405 et
1574 5351 1629 5406 in
1667 5353 1918 5423 superio-

327 5458 452 5495 rum
481 5441 982 5496 considcrationcm
1054 5440 1333 5511 perfectus
1368 5441 1531 5495 homo
1563 5459 1575 5493 :
1607 5443 1711 5498 hoc
1764 5445 1912 5499 enim

325 5546 453 5601 qua:
478 5530 735 5600 praedicta
762 5530 1237 5596 suutdocuerunt,
1298 5530 1345 5585 si
1409 5534 1911 5598 conversationem,

324 5620 449 5676 sive
488 5620 650 5674 vitam
669 5635 822 5674 suam
857 5619 1188 5674 oblationem
1221 5620 1435 5687 olieret,
1472 5622 1539 5676 de
1590 5624 1912 5685 turturibus,

402 5754 523 5786 ⁸¹·⁵¹
569 5753 755 5808 Matth.
792 5770 865 5816 vt,
899 5752 990 5806 26.
1066 5753 1111 5785 ⁸³
1141 5753 1333 5808 Matth.
1380 5770 1499 5817 xm,
1533 5755 1623 5817 3|,
1668 5756 1755 5810 59..
1808 5748 1819 5753 ’

326 5826 376 5858 ⁵⁸
394 5826 605 5882 Coloss.
635 5842 715 5890 ιιι,
752 5827 796 5879 l.
902 5824 944 5856 ³⁵
980 5825 1109 5892 Ιιιιο,
1140 5824 1344 5880 Jcrem.
1377 5841 1429 5891 v,
1459 5826 1507 5877 1.

1868 5755 1914 5788 ⁸⁵
1938 5756 2141 5813 Jercm.
2178 5773 2295 5825 vin,
2326 5759 2377 5811 7.

1612 5828 1656 5859 ⁶⁰
1688 5827 1707 5881 l
1734 5829 1867 5899 ilcg.
1908 5844 1983 5894 ιχ,
2012 5828 2103 5882 2-4.

2018 4618 2079 4666 ut
2105 4610 2388 4667 occidatur
2408 4610 2549 4672 avis,
2580 4609 2678 4665 sed
2704 4621 2763 4663 ut
2823 4609 3186 4679 abrumpatur
3213 4608 3298 4665 vel
3327 4607 3597 4682 refringa-

2017 4712 2106 4757 tur
2130 4701 2402 4770 lcgislator
2421 4699 2604 4771 jussit,
2630 4698 2930 4754 ostendens
2989 4698 3265 4768 quomodo
3293 4714 3394 4769 per
3414 4707 3598 4769 partes

2015 4803 2070 4849 et
2100 4793 2296 4848 leniter
2326 4807 2515 4847 verum
2548 4801 2733 4862 caput,
2780 4792 2832 4847 id
2878 4799 2965 4846 est
3017 4801 3257 4863 mentem
3310 4790 3517 4847 dividat
3564 4808 3596 4848 a

2016 4888 2175 4958 pelle,
2198 4886 2253 4940 id
2285 4893 2386 4946 est,
2412 4901 2441 4939 a
2468 4898 2663 4951 carne;
2684 4884 2830 4939 unde
2855 4899 2959 4939 nec
2989 4883 3225 4940 effundit
3249 4883 3596 4957 sanguinem,

2014 4980 2110 5034 sed
2134 4979 2427 5034 decurrere
2449 4976 2633 5042 faciet,
2658 4977 2743 5032 vel
2772 4976 3072 5033 secundum
3096 4977 3261 5043 LXX,
3290 4977 3521 5044 esculat,
3539 4986 3601 5033 ut

2015 5089 2112 5144 per
2143 5083 2326 5144 partes
2349 5081 2405 5126 et
2440 5071 2678 5141 perfecte
2705 5070 2971 5142 deSpiciat
2988 5071 3345 5140 praesentium
3364 5069 3598 5125 medita-

2017 5166 2220 5220 tionem
2252 5164 2337 5220 vel
2367 5164 2557 5229 vitam,
2585 5172 2776 5234 utpote
2805 5163 2895 5233 qui
2929 5172 3097 5218 totam
3158 5178 3312 5218 suam
3359 5162 3598 5216 animam

2016 5258 2211 5312 obtulit
2246 5258 2377 5312 Deo.
2420 5258 2534 5312 Hoc
2567 5257 2712 5310 enim
2748 5256 3021 5326 signiﬁcat
3058 5272 3073 5309 :
3113 5255 3182 5310 Et
3212 5254 3429 5325 sanguis
3454 5270 3603 5308 escu-

2018 5350 2159 5403 latus
2189 5351 2329 5403 circa
2363 5349 2533 5403 basim
2563 5347 2774 5411 altaris,
2805 5347 2947 5419 quod
2970 5354 3056 5402 est
3089 5346 3345 5402 Christus
3370 5344 3604 5401 :Christi

2024 5448 2208 5496 autem
2246 5441 2392 5496 basis
2421 5450 2506 5497 est
2529 5439 2906 5512 Evangelium,
2935 5439 2991 5493 in
3030 5454 3141 5508 quo
3168 5437 3403 5492 maxime
3435 5451 3604 5507 opor-

2026 5538 2142 5586 tere
2165 5546 2263 5587 nos
2293 5541 2618 5602 praesentem
2646 5532 2812 5586 vitam
2857 5532 3163 5601 despicere,
3193 5537 3383 5599 utpote
3434 5537 3605 5584 totam

2025 5625 2263 5678 animum
2293 5635 2539 5679 nostram
2580 5623 2692 5679 Deo
2722 5624 3040 5687 otl'erentes,
3074 5622 3386 5679 didicimus.
3445 5619 3604 5676 Vesi-

2475 5757 2519 5789 ⁵⁶
2554 5753 2743 5809 Matth.
2772 5773 2825 5823 v,
2858 5755 2912 5814 8.
3002 5752 3047 5790 ’τ
3093 5758 3194 5814 lsa.
3240 5744 3472 5817 xxivttt.
3516 5756 3603 5816 Li.
