3942 6420
442 359 555 427 803

452 472 630 531 titiam
656 477 840 531 autem
860 468 1097 544 gutturis
1144 476 1201 524 et
1249 467 1465 540 plumas
1511 465 1703 536 projici
1747 465 1931 535 jussit,
1990 465 2043 519 id
2073 475 2117 527 Α

451 570 558 627 est,
582 571 838 631 utroque,
872 570 930 616 et
970 559 1273 622 inﬂatione;
1299 567 1461 626 atque
1489 556 1892 635 superﬂuorum
1958 555 2046 609 in-

450 653 749 724 quisitione
781 668 907 708 eum
926 667 1135 716 carere,
1161 650 1527 719 mundarique
1546 648 1737 704 volens
1767 665 1779 701 :
1810 648 2046 702 maxime

452 744 600 799 enim
629 745 718 799 his
752 744 1117 815 passionibus,
1153 743 1206 797 hi
1237 744 1330 812 qui
1361 741 1603 795 uberiori
1626 741 1835 810 pollent
1864 741 2047 795 scien-

454 837 550 903 tia,
571 836 958 897 succumbunt,
991 843 1284 889 attestante
1309 833 1472 887 Paulo
1498 850 1511 884 :
1543 831 1777 887 Scientia
1802 832 1956 900 inﬂat
1974 833 2040 886 δι.

453 929 523 984 Et
545 943 783 983 rursus:
835 925 894 981 Si
931 928 1049 997 quis
1103 926 1312 979 videtur
1358 926 1493 979 scire
1545 923 1776 990 aliquid,
1823 925 2043 978 necdum

453 1019 693 1090 cognouit
715 1017 1157 1088 quemadmodum
1211 1026 1448 1086 oporteat
1478 1032 1600 1070 eum
1633 1016 1765 1069 scire
1790 1015 1857 1068 “.
1903 1015 2045 1069 Rur-

453 1126 546 1165 sus
576 1110 692 1180 ipse
714 1109 793 1163 ait
827 1126 839 1161 :
867 1106 1066 1177 Corpus
1111 1118 1292 1161 autem
1327 1106 1522 1163 Christi
1551 1122 1570 1161 :
1620 1123 1773 1161 nemo
1794 1122 1882 1160 vos
1911 1106 2046 1161 deci-

452 1202 589 1272 piat,
631 1199 808 1255 uolens
833 1201 887 1253 in
919 1199 1223 1254 humilitate
1259 1211 1308 1253 et
1332 1198 1584 1269 religione
1606 1198 2045 1270 angelorumque

453 1309 556 1349 non
589 1294 741 1357 vidit,
802 1292 1088 1348 ambulans
1138 1293 1341 1363 frustra
1384 1292 1606 1360 inﬂatus
1663 1308 1816 1346 sensu
1869 1294 2044 1347 carnis

447 1401 559 1440 ετιιε
584 1384 652 1438 ⁸³.
687 1384 826 1439 Nam
860 1383 1204 1439 Theodotion
1267 1382 1524 1439 similiter
1570 1382 1798 1437 uesicam
1827 1384 1998 1439 edidit
2027 1401 2041 1437 :

451 1476 640 1546 Aquila
668 1475 862 1548 σιτᾷον,
889 1475 944 1530 id
990 1482 1075 1529 est
1102 1474 1392 1539 cibarium,
1423 1473 1551 1543 quia
1578 1473 1632 1526 in
1658 1474 1852 1527 avibus
1884 1472 2041 1529 inﬂa-

454 1568 791 1637 tiouiaptum'
821 1582 917 1623 vas
941 1567 1361 1636 suscipiensque
1394 1564 1695 1634 superﬂua,
1720 1565 1901 1620 vesica
1935 1574 2039 1620 est.

451 1658 572 1713 Non
602 1674 734 1730 ergo
761 1660 1025 1728 permittit
1052 1657 1252 1721 inﬂari,
1286 1666 1343 1713 et
1389 1657 1510 1712 ideo
1538 1657 1742 1712 auferri
1786 1658 2044 1728 praeco-pit

453 1752 720 1808 vesicam.
751 1752 859 1806 Sed
893 1766 997 1808 nec
1024 1751 1231 1820 majora
1269 1750 1428 1806 nobis
1454 1766 1699 1820 qumrere
1729 1751 2037 1805 velaltiora.

453 1844 655 1899 Altiora
679 1844 824 1899 enim
853 1853 927 1905 te,
959 1843 1051 1907 ait,
1095 1859 1158 1896 ne
1217 1843 1509 1913 qnwsieris,
1543 1850 1594 1896 et
1623 1842 1935 1896 sublimiora
1988 1852 2038 1896 te

454 1952 520 1991 ne
545 1943 813 1991 scrutatus
845 1935 1008 2006 fueris
1029 1934 1095 1989 “.
1123 1932 1276 1989 Unde
1305 1943 1357 1988 et
1399 1935 1612 2005 plumas
1641 1933 1708 1988 ab
1741 1933 1917 1988 hostia
1950 1948 2040 1989 se-

453 2027 684 2097 paravit,
746 2033 802 2080 et
869 2025 1104 2096 projeeit
1173 2032 1397 2095 prapter
1461 2024 1630 2080 altare
1679 2024 1746 2079 ad
1822 2026 2036 2096 plagam

449 2118 796 2181 orientalem,
864 2118 923 2172 in
968 2117 1089 2173 loco
1128 2116 1185 2171 in
1231 2132 1342 2187 quo
1383 2116 1596 2172 cineres
1662 2115 1869 2172 eﬂ'undi
1944 2132 2037 2172 so-

451 2211 584 2267 lent.
608 2210 693 2265 Ad
720 2209 988 2266 orientem
1009 2207 1254 2279 quidem.
1279 2208 1405 2278 quia
1423 2208 1703 2278 inquisitio
1720 2209 2035 2265 sublimium

450 2317 634 2357 rerum
655 2301 875 2357 videtur
899 2314 1042 2356 esse.
1078 2300 1243 2354 Extra
1264 2300 1435 2357 altare
1485 2309 1690 2366 autem,
1740 2300 1871 2370 quia
1922 2316 2034 2356 non

450 2394 843 2457 necessariam,
875 2392 970 2449 sed
995 2390 1326 2463 superﬂuam
1357 2401 1522 2461 atque
1571 2392 1790 2447 noxiam
1822 2401 2038 2447 scruta-

450 2486 658 2543 tionem
687 2485 954 2556 possidet.
1003 2485 1066 2540 ln
1126 2484 1308 2541 locum
1334 2494 1520 2541 autem
1558 2483 1718 2555 jubet
1759 2484 2035 2547 cinerum,

450 2587 676 2651 propter
692 2586 972 2642 naturam,
1005 2576 1074 2632 de
1097 2590 1205 2645 qua
1235 2576 1511 2630 Abraham
1557 2575 1729 2631 dicit:
1760 2573 1874 2645 Ego
1918 2590 2037 2628 sum

449 2671 620 2740 puluis
631 2681 679 2725 et
691 2670 899 2726 ciuis“.
915 2668 1055 2739 Ergo
1067 2683 1161 2739 per
1177 2668 1358 2724 locum
1375 2669 1621 2723 cinerum
1634 2669 1947 2737 praedictam
1960 2668 2035 2722 inc

449 2761 731 2819 ﬂationem
741 2760 1023 2831 redarguit
1037 2758 1334 2830 legislator,
1355 2767 1545 2829 utpote
1561 2774 1682 2828 qua:
1696 2758 1859 2830 digna
1873 2762 1945 2814 sit
1958 2759 2037 2814 ci-

451 2869 604 2921 nere;
623 2854 767 2925 quod
784 2861 966 2909 autem
980 2852 1166 2907 cinere
1180 2852 1403 2922 dignum
1424 2860 1533 2917 est,
1544 2851 1798 2909 deorsum
1819 2851 1873 2906 in
1891 2861 2033 2907 terra

450 2954 656 3013 manet,
678 2954 735 2999 et
749 2944 803 2998 in
821 2943 1019 2999 coelqu
1036 2942 1329 2996 ascendere
1343 2957 1450 3001 non
1465 2950 1662 3012 potest.
1689 2940 1892 2996 Deinde
1913 2942 1991 2996 ait
2014 2960 2030 2997 :

518 3034 930 3107 .Confriugetque
978 3032 1203 3087 ascellas
1252 3032 1387 3103 ejus,
1443 3043 1494 3087 et
1548 3049 1653 3087 non
1695 3034 1914 3100 secabit,
1940 3050 2034 3087 nec

448 3127 818 3199 ferrodividet.
848 3124 1175 3180 Necessarie
1189 3122 1520 3195 praecipiens
1551 3134 1845 3196 utrumque
1864 3143 1875 3175 :
1892 3141 2031 3181 con-

360 3218 363 3219 ⁷
442 3213 699 3286 fringens
732 3214 1027 3284 siquidem,
1062 3213 1188 3285 quia
1210 3221 1427 3283 oportet
1456 3215 1698 3270 membra
1744 3223 2030 3273 conterere

442 3309 613 3373 atque
635 3302 872 3373 aﬂligere
887 3316 1013 3357 eum
1067 3302 1159 3372 qui
1211 3300 1667 3367 Deosacriﬁcium
1692 3303 1808 3358 ﬁeri
1858 3303 2026 3374 cupit.

448 3393 571 3451 Non
601 3392 1047 3458 secabitautem,
1091 3406 1195 3448 nec
1247 3393 1398 3451 ferro
1462 3393 1689 3461 dividet,
1713 3410 1819 3450 nec
1868 3395 2031 3451 faciet

444 3498 605 3541 avem
648 3485 792 3540 sicut
851 3483 1048 3539 bovem
1101 3490 1371 3545 autovem
1413 3498 1513 3554 per
1567 3483 1882 3551 divisiones.
1914 3483 2030 3541 Hoc

444 3574 650 3647 quippe
671 3583 725 3630 ct
775 3574 1050 3630 Abraham
1120 3574 1176 3629 in
1234 3589 1337 3630 suo
1397 3574 1666 3632 sacriﬁcio
1708 3577 2026 3644 custodivit,

444 3667 663 3738 quando
696 3666 1057 3735 Deojubente
1111 3682 1334 3723 vaccam
1362 3667 1600 3733 trimam,
1661 3668 1918 3725 similiter
1971 3680 2029 3726 et

442 3773 683 3830 capram,
705 3767 763 3812 et
785 3758 1011 3814 arietem
1034 3758 1329 3825 triennem,
1351 3767 1410 3815 et
1433 3767 1705 3816 turturem
1732 3770 1789 3816 et
1813 3761 2027 3817 colum-

443 3849 828 3916 bamobtulit';
856 3848 933 3915 ait
963 3849 1110 3906 enim
1144 3849 1401 3918 :_Accepit
1419 3850 1518 3905 sibi
1560 3851 1671 3906 hac
1719 3853 1922 3917 omnia,
1976 3862 2027 3906 et

440 3941 617 4003 diuisit
645 3956 708 3994 ea
732 3956 826 4009 per
845 3939 1077 4003 medium
1121 3938 1454 4005 altrinsecus,
1478 3950 1527 3994 et
1576 3950 1756 3996 contra
1783 3958 1838 3996 se
1865 3959 2026 4013 expc.

439 4034 565 4099 suit,
596 4042 922 4099 auesautem
950 4049 1053 4095 non
1069 4033 1243 4088 divisit
1268 4034 1334 4087 °°.
1382 4032 1685 4089 Prudenter
1707 4044 1889 4091 autem
1920 4038 2026 4092 hoc

439 4126 756 4190 custodivit,
813 4133 976 4195 atque
1023 4126 1330 4191 secundum
1382 4126 1717 4191 intellectum
1767 4130 2021 4198 pracepti

439 4216 671 4283 nuncin
702 4216 876 4287 legem
901 4217 1013 4271 dat.
1061 4216 1522 4288 Contemplationi
1578 4219 1724 4273 enim
1750 4219 2026 4276 inhiamus

442 4306 630 4371 homo,
664 4307 911 4378 nihilque
948 4309 1159 4375 habens
1223 4320 1531 4371 terrenum,
1563 4311 1661 4366 sed
1719 4311 1815 4380 qui
1878 4322 2023 4368 totus

434 4396 757 4467 jamdudum
772 4397 1011 4455 caelestis
1040 4405 1142 4458 est,
1161 4398 1461 4465 adversans
1486 4397 1684 4451 animae
1713 4413 1823 4452 non
1858 4399 2024 4454 habet

1641 356 2005 417 HESYCHII
2042 356 2497 419 PRESBYTER]

3562 375 3697 436 κιαι

2767 529 3000 586 CAPUT
3044 531 3112 586 ll.

2221 642 2386 696 Vens.
2420 641 2538 695 1-5.
2595 659 2615 696 t
2674 642 2869 697 Anima
2918 659 3044 700 cum
3074 643 3331 702 obtulerit
3397 649 3702 714 oblationem

2142 734 2393 789 sacriﬁcii
2427 733 2678 796 Domino,
2708 733 2885 789 simila
2901 735 3004 790 erit
3032 736 3151 805 ejus
3172 720 3392 802 oblatio,
3428 740 3706 815 fttntlclque

2143 837 2312 893 super
2334 839 2455 879 eam
2481 822 2686 886 oleum,
2716 836 2773 878 et
2793 832 2962 894 ponet
2993 826 3140 892 thus,
3170 841 3233 882 ac
3260 829 3469 885 deferet
3493 816 3558 887 ad
3583 836 3708 894 ﬁlios

2143 916 2325 970 Aaron
2378 917 2702 972 sacerdotis.
2764 918 3011 983 Quorum
3056 933 3199 973 unus
3248 920 3398 976 tollet
3460 925 3705 996 pugillnm

2145 1006 2365 1077 plenum
2399 1007 2589 1061 similae
2613 1015 2670 1062 et
2696 1007 2801 1061 olei
2830 1023 2895 1062 ac
2932 1014 3113 1062 totum
3139 1008 3288 1073 thus,
3320 1021 3376 1065 et
3405 1025 3568 1081 penei
3600 1032 3707 1071 me-

2144 1099 2372 1153 moriale
2394 1114 2562 1169 super
2590 1100 2761 1154 altare
2811 1099 2864 1153 in
2926 1100 3151 1154 odorem
3192 1103 3570 1159 suavissimum
3611 1106 3708 1162 Do-

2143 1187 2316 1241 mino.
2347 1185 2502 1252 Quod
2525 1196 2715 1241 autern
2742 1187 3012 1256 reliquum
3043 1188 3206 1242 fuerit
3231 1189 3299 1243 de
3323 1190 3601 1257 sacriﬁcio,
3615 1197 3711 1250 erit

2140 1274 2322 1331 Aaron
2342 1286 2397 1332 et
2416 1276 2651 1331 ﬁliorum
2681 1276 2802 1346 ejus
2847 1278 3107 1332 Sanctum
3147 1291 3458 1336 sanctorum
3482 1283 3545 1337 de
3570 1285 3708 1338 obla-

2143 1368 2386 1423 tionibus
2410 1368 2646 1424 Domini.
2680 1389 2697 1420 s

2213 1459 2351 1527 Quia
2380 1462 2618 1516 animam
2650 1471 2823 1518 totum
2856 1462 3137 1517 hominem
3176 1463 3433 1533 appellat,
3495 1482 3612 1521 tuan
3637 1467 3707 1521 fe-

2141 1560 2285 1606 stum
2314 1561 2401 1607 est
2432 1567 2496 1607 ex
2525 1553 2630 1609 hoc
2646 1553 2792 1623 quod
2832 1554 2909 1609 ait
2939 1573 2950 1607 :
2989 1552 3180 1609 Simila
3211 1555 3310 1608 erit
3349 1556 3462 1624 ejus
3493 1557 3707 1612 oblatio:

2143 1644 2199 1698 in
2223 1654 2395 1701 totum
2421 1647 2661 1702 animam
2705 1648 2905 1703 iterare
2929 1648 3120 1703 volens
3151 1648 3256 1702 hoc
3284 1650 3430 1718 quod
3454 1698 3460 1703 .
3484 1648 3705 1703 ﬂendum

2142 1746 2282 1803 erat,
2316 1738 2517 1794 deinde
2542 1748 2598 1794 et
2624 1739 2859 1794 similam
2893 1739 3078 1794 oll‘crri
3113 1740 3378 1811 praecipit.
3406 1738 3589 1794 Anima
3615 1757 3705 1794 au-

2073 1825 2112 1879 Β
2143 1836 2251 1883 tem
2282 1828 2399 1899 ipsa
2428 1844 2612 1899 perse
2638 1832 2913 1901 quomodo
2938 1832 3540 1899 deierretoblationem,
3558 1847 3705 1902 quam

2139 1934 2364 1975 necesse
2392 1921 2628 1977 habebat
2652 1923 2977 1993 deprecans,
3029 1932 3085 1979 et
3123 1924 3192 1978 ad
3253 1925 3360 1979 hoc
3388 1925 3570 1993 utique
3616 1939 3700 1977 ne-

2137 2009 2437 2065 cessarium
2469 2011 2698 2066 haberet
2728 2014 3099 2070 ministerium
3132 2014 3420 2086 corporis?
3479 2014 3582 2069 Sed
3612 2029 3697 2068 au-

2139 2101 2290 2156 ribus
2305 2118 2426 2171 qua:
2456 2102 2657 2158 divinis
2687 2114 2815 2159 sunt
2858 2105 3176 2162 assuefactus
3235 2107 3547 2176 Scripturis,
3582 2105 3703 2160 nihil

2139 2193 2397 2248 novitatis
2428 2194 2514 2250 hic
2547 2197 2742 2251 asserit
2763 2212 2966 2253 sermo.
3021 2198 3154 2253 Nam
3196 2207 3256 2254 et
3311 2199 3460 2265 alibi,
3482 2199 3701 2253 animam

2138 2300 2237 2355 per
2263 2300 2340 2353 se,
2375 2301 2555 2342 mores
2586 2304 2715 2343 vero
2734 2299 2906 2346 totum
2939 2292 3222 2349 hominem
3246 2292 3569 2364 appellavit;
3596 2291 3700 2346 vel-

2140 2378 2217 2431 uti
2252 2393 2376 2433 cum
2403 2395 2593 2436 eorum
2635 2383 2729 2452 qui
2760 2384 2815 2438 in
2882 2383 3115 2458 Egypto
3166 2386 3565 2443 descenderunt
3607 2399 3700 2438 nu-

2138 2486 2349 2526 merum
2377 2472 2651 2543 digerens,
2678 2476 2756 2531 ait
2780 2494 2793 2529 :
2817 2474 3032 2532 Curione
3077 2480 3279 2534 animm
3316 2495 3432 2550 quae
3473 2478 3701 2547 ingressa

2136 2572 2257 2616 sunt
2281 2580 2398 2618 cum
2418 2563 2586 2620 Jacob
2616 2568 2670 2620 in
2693 2568 3008 2639 JEgypmm,
3041 2581 3090 2625 et
3112 2573 3316 2642 egressi
3339 2572 3402 2624 de
3434 2568 3696 2645 [sutoribus

2136 2654 2273 2724 ejus,
2301 2657 2500 2728 absque
2525 2659 2776 2714 umoribus
2791 2662 3047 2726 ﬁliorum,
3078 2666 3420 2736 septuaginta
3445 2663 3508 2717 “.
3529 2660 3626 2716 Sed
3650 2666 3699 2712 et

2135 2746 2334 2812 Lucas,
2364 2764 2489 2804 cum
2517 2751 2667 2807 Pauli
2702 2753 2973 2825 navigium
2998 2753 3232 2811 Romam
3282 2755 3467 2812 euntis
3506 2750 3697 2808 descri-

2135 2837 2312 2901 beret.
2341 2839 2417 2894 ait
2449 2858 2462 2894 :
2501 2840 2733 2899 Eramus
2755 2854 2933 2899 autem
2960 2863 3138 2903 omnes
3174 2850 3376 2903 anima:
3396 2848 3461 2903 in.
3480 2844 3696 2900 uvidu-

2135 2928 2270 2981 ccnti
2295 2930 2630 3000 septuaginta
2658 2942 2708 2986 et
2734 2921 2846 2987 sex.
2873 2934 2942 2988 ".
2982 2933 3314 2992 Intuendum
3390 2944 3476 2991 est
3527 2939 3693 2988 autem

2134 3034 2204 3073 ne
2237 3019 2461 3075 forsitan
2479 3022 2718 3080 animam
2768 3025 2825 3080 in
2884 3026 2989 3083 hoc
3024 3027 3149 3084 loco
3203 3028 3461 3101 gentileru
3490 3024 3696 3085 dixisset

2138 3110 2457 3169 hominem:
2485 3118 2612 3185 quia
2647 3117 2793 3172 enim
2839 3119 3094 3188 superius
3151 3120 3280 3179 ﬁliis
3312 3118 3474 3177 Israel
3501 3132 3562 3175 ea
3587 3127 3696 3185 qua

2135 3211 2267 3257 sunt
2315 3203 2368 3256 in
2409 3206 2675 3276 sanguine
2726 3209 2993 3264 sacriﬁcia
3043 3210 3184 3266 dixit
3231 3230 3245 3266 :
3301 3211 3551 3282 Loquere.
3607 3203 3692 3266 θίίο

2129 3292 2257 3361 ﬁliis
2293 3293 2518 3351 Israel:
2580 3300 2755 3353 Homo
2804 3302 2896 3371 qui
2924 3302 3169 3358 obtulerit
3206 3322 3276 3360 ex
3301 3303 3442 3359 vobis
3489 3297 3696 3354 hostium

2127 3384 2378 3455 Domino,
2407 3390 2471 3444 de
2499 3393 2796 3460 pecoribus,
2825 3395 2880 3449 id
2909 3404 2985 3449 est
3017 3396 3084 3451 de
3102 3397 3275 3454 bobus
3308 3406 3357 3453 et
3382 3395 3554 3451 ovibus
3581 3390 3700 3458 olfe-

2129 3491 2205 3535 rel
2224 3481 2616 3548 victimas;hic
2639 3484 2771 3540 illud
2813 3488 2959 3557 quod
3022 3497 3176 3545 extra
3224 3488 3555 3560 sanguinem
3604 3471 3717 3545 αἴν’

2127 3570 2456 3627 sacriﬁcium
2481 3573 2679 3630 similae
2708 3576 3032 3648 praecipiens
3067 3579 3412 3643 necessarie,
3438 3590 3543 3635 non
3556 3568 3694 3634 dixit}

2129 3661 2305 3717 Homo
2326 3665 2587 3736 exyobis,
2601 3667 2721 3735 sed,
2739 3668 2934 3722 Anima
2957 3685 3077 3723 cum
3095 3670 3354 3727 obtulerit
3376 3666 3695 3725 oblationem

2126 3754 2363 3809 aniiuam
2393 3756 2650 3827 gentilem
2676 3758 2991 3825 nominans,
3039 3761 3165 3831 quia
3230 3761 3504 3819 animales
3555 3758 3698 3811 erant

2126 3845 2301 3916 prius,
2334 3848 2500 3918 etqui
2524 3864 2636 3905 non
2658 3851 2971 3920 potuissent
3008 3852 3322 3926 intelligere
3350 3869 3414 3911 ea
3445 3865 3561 3922 quae
3581 3850 3699 3901 sunt

2126 3938 2372 4008 spiritus;
2393 3948 2767 3997 verumtamen
2780 3952 3045 4001 vocantur
3063 3946 3130 4001 ad
3156 3947 3513 4007 oblationem.
3532 3940 3696 3998 mise-

2125 4038 2281 4089 rante
2336 4047 2434 4087 eos
2454 4032 2604 4102 justo
2640 4033 2775 4096 Deo,
2829 4045 2995 4107 atque
3039 4054 3140 4109 per
3182 4034 3694 4097 condescensione!!!

2125 4123 2395 4179 salvante.
2422 4123 2499 4179 De
2521 4140 2631 4195 quo
2657 4135 2715 4181 et
2749 4126 3007 4185 Salomon
3038 4130 3183 4187 [dicit
3239 4132 3302 4188 in
3352 4122 3693 4185 Proverbiis:

2121 4208 2305 4265 Justus
2342 4213 2619 4268 miseretur
2644 4215 3226 4287 animasjumentorum
3250 4235 3475 4276 suorum
3499 4216 3565 4266 "-
3590 4210 3694 4266 li!"
3735 4268 3737 4272 λ

2118 4300 2210 4371 jus
2242 4317 2370 4374 ergo
2400 4304 2489 4373 qui
2516 4316 2639 4376 eget
2670 4308 2878 4364 divitiis
2928 4327 3052 4380 quae
3101 4325 3233 4370 sunt
3281 4319 3570 4370 virtutum,
3599 4299 3699 4357 θτίτ

2122 4393 2326 4449 oblatio
2357 4396 2556 4452 simila.
2584 4399 2748 4454 Paulo
2762 4410 2884 4471 post
2899 4402 3069 4469 enim,
3092 4421 3220 4462 cum
3238 4423 3339 4478 pro
3359 4399 3596 4477 peccatis
3612 4407 3711 4483 εισι

402 4554 409 4557 ¹
437 4504 639 4560 corpus
674 4507 689 4544 :
722 4490 991 4562 integrum
1026 4489 1228 4559 quippe
1251 4490 1372 4559 ejus
1400 4504 1600 4559 corpus
1625 4497 1680 4543 et
1700 4490 1878 4544 anima
1910 4499 2014 4551 est,
2051 4495 2093 4549 ι)
2121 4486 2324 4542 ei'iﬁcia
2346 4490 2609 4560 dispertit,
2638 4508 2764 4547 eum
2799 4495 2892 4565 qui
2939 4512 3044 4552 nec
3071 4492 3247 4556 ovem'
3280 4501 3448 4558 habet
3469 4507 3571 4553 nec
3609 4500 3708 4564 ω’,

432 4582 531 4651 sed
563 4589 620 4637 et
648 4581 897 4650 spiritus,
929 4585 1230 4639 secundum
1257 4581 1399 4652 quod
1435 4581 1569 4637 dixit
1625 4581 1822 4637 Paulus
1851 4599 1865 4636 :
1896 4582 2024 4637 Sine

437 4672 649 4744 querela
666 4673 723 4727 in
738 4673 1020 4728 aduentum
1048 4673 1259 4731 Domini
1280 4673 1571 4727 custoditur
1585 4672 1652 4725 ⁸⁷.
1676 4672 1743 4727 Et
1773 4683 2022 4743 propter-

416 4806 423 4836 ι
435 4781 500 4820 ea
534 4763 813 4837 superﬂua
861 4767 919 4821 in
957 4766 1042 4821 eis
1097 4767 1470 4825 membrorum
1513 4765 1714 4821 divisio
1742 4775 1847 4826 est.
1880 4765 2023 4821 inte-

435 4872 591 4927 grum
620 4856 769 4913 enim
795 4871 965 4928 super
994 4857 1335 4929 intelligibile
1372 4857 1565 4922 altare,
1590 4865 1646 4912 et
1673 4873 1841 4928 super
1872 4858 2020 4929 ligna

388 4946 403 5028 ξ
434 4948 636 5017 quibus
671 4947 965 5018 subjicitur
993 4945 1157 5019 ignis,
1190 4947 1419 5003 offertur
1441 4963 1454 5000 :
1480 4962 1659 5017 neque
1684 4949 1828 5003 enim
1859 4949 2017 5004 aliter

432 5038 767 5109 sacriﬁcium
815 5038 1152 5109 acceptabile
1202 5036 1454 5103 edicitur,
1504 5037 1610 5092 nisi
1666 5038 2015 5094 meditatione

431 5130 873 5203 spiritalislegis,
905 5137 963 5186 et
996 5139 1128 5185 tunc
1171 5126 1552 5187 holocaustum
1580 5138 1636 5185 et
1660 5129 1860 5186 oblatio
1886 5146 2016 5185 sua-

431 5216 639 5279 vissimi
661 5219 845 5289 odoris
871 5218 1107 5281 Domino
1148 5219 1420 5290 reperitur
1459 5220 1553 5290 qui
1580 5235 1796 5290 semper
1817 5221 2016 5281 odora-

432 5320 523 5367 tur
536 5309 870 5381 sacriﬁcium
892 5318 1165 5377 nostrum,
1186 5317 1241 5364 et
1291 5306 1726 5380 uniuscujusque
1763 5320 2012 5369 nostrum

429 5401 600 5457 vitam
631 5401 749 5457 sive
796 5399 1268 5473 conversationem
1302 5439 1317 5462 ,
1372 5416 1442 5455 an
1493 5401 1793 5457 secundum
1839 5402 2011 5473 legem

427 5507 550 5561 quae
580 5492 743 5555 abeo
770 5492 895 5559 data
911 5501 1017 5558 est,
1041 5491 1322 5549 oneratur.

520 5715 1003 5776 “lCor.vtu,i.
1111 5720 1155 5750 θ’
1192 5718 1328 5773 ibid.
1365 5697 1430 5773 ‘2.
1506 5717 1972 5777 ⁶³Ο‹ιιοες.ιι,4.

2121 4594 2561 4653 pram,turturcs
2591 4598 2647 4643 ct
2693 4590 2869 4659 pullos
2918 4593 3297 4653 columbarum
3324 4594 3546 4651 .oﬂ'erre
3564 4598 3694 4657 μηδ’

2118 4675 2265 4746 (epit
2291 4692 2310 4742 ς
2340 4678 2433 4746 qui
2467 4689 2652 4735 autem
2685 4696 2787 4735 nec
2818 4683 2922 4738 hoc
2952 4684 3139 4745 habet,
3175 4688 3411 4744 similam
3439 4694 3563 4738 eum
3581 4687 3693 4731 san-

2117 4770 2192 4822 cit
2217 4767 2436 4824 oﬂ‘erre.
2466 4769 2587 4825 Non
2617 4773 2762 4829 enim
2782 4775 2895 4843 jam
2922 4792 2986 4832 ex
3006 4780 3304 4848 .Operibus,
3339 4784 3531 4848 utpote
3562 4778 3693 4839 Ρ³ί¹⁴

2118 4872 2216 4926 per
2243 4859 2553 4925 virtutibus,
2583 4861 2677 4916 sed
2732 4865 2845 4919 sola
2898 4865 2992 4920 Dei
3052 4868 3367 4941 cognitione
3408 4862 3639 4919 solvatur
3673 4862 3687 4900 ι

2117 4964 2240 5019 quae
2261 4948 2316 5002 in
2361 4949 2481 5022 lege
2508 4953 2683 5008 simila
2705 4998 2724 5019 ,
2756 4955 2811 5010 in
2869 4954 3163 5029 Evangelia
3190 4971 3373 5017 autem
3401 4951 3572 5011 farina
3598 4954 3691 4997 n0“

2113 5042 2391 5109 minatur;
2421 5043 2495 5098 ait
2518 5045 2665 5100 enim
2696 5046 2962 5105 Dominus
2995 5067 3009 5104 :
3039 5050 3227 5107 Simile
3256 5062 3332 5108 est
3359 5054 3578 5116 regum”
3593 5046 3691 5089 ⁸⁸³⁸

2116 5127 2284 5184 lorum
2315 5133 2588 5203 termento.
2620 5138 2759 5202 quod
2783 5138 2977 5210 accipit
3030 5141 3241 5206 mulier,
3275 5151 3326 5196 et
3348 5124 3612 5193 abscondit
3638 5116 3689 5210 tu

2113 5223 2435 5294 farintesata
2467 5227 2595 5287 tria,
2627 5244 2790 5299 usque
2821 5208 2950 5284 dum
2993 5232 3405 5301 fer-metuantur
3433 5228 3597 5278 totum
3621 5208 3685 5272 ⁷¹ρ

2114 5313 2413 5370 Ecclesiam
2445 5316 2776 5387 signiﬁcans,
2828 5322 3035 5391 quaein
3099 5320 3385 5381 Trinitatis
3407 5302 3689 5375 verbm"

2116 5413 2324 5460 mental
2347 5407 2629 5479 theologia:
2653 5410 2991 5478 mysterium.
3031 5411 3154 5469 ll.ec
3199 5413 3373 5470 simila
3391 5392 3685 5464 secundum

2114 5495 2289 5568 legem
2320 5498 2539 5562 dicitur,
2577 5501 2720 5556 unde
2750 5509 2806 5556 et
2845 5511 2956 5559 tres
3001 5505 3243 5564 decimas
3263 5501 3457 5564 similae
3497 5487 3686 5548 οσθπθ

2076 5718 2122 5791 ἥδ
2152 5718 2322 5776 Eccli.
2355 5737 2438 5787 ιιι,
2466 5723 2557 5777 ἓεὶ.
2632 5724 2680 5791 9'
2703 5723 2838 5780 Gen.
2874 5741 3029 5791 xvm,
3061 5727 3153 5783 ετ.
3231 5729 3275 5760 ⁸·
3305 5725 3444 5781 Gen.
3480 5727 3565 5777 XV.
3596 5700 3695 5760 ίθοι

423 5782 513 5877 “il
543 5783 810 5853 Ἤιδειν,
840 5787 934 5842 25.
1012 5788 1056 5821 ⁸⁸
1077 5787 1247 5844 Exod.
1277 5788 1382 5855 ηδ.
1461 5789 1503 5820 ⁸ο
1539 5791 1661 5842 Art.
1698 5804 1866 5855 xxvii,
1894 5789 1986 5843 ‘57.

2143 5791 2303 5847 Prov.
2338 5782 2435 5859 an,
2476 5795 2559 5847 to.
2629 5790 2671 5823 "
2696 5796 2884 5851 Matth.
2912 5782 3030 5865 xui;
3058 5782 3147 5855 33.
