3942 6418
263 351 368 419 805

1429 350 1506 411 IN
1545 349 1984 413 LEVITICUM.
2031 375 2099 386 -
2140 352 2287 411 LIB.
2324 351 2372 414 Ι.

3418 356 3528 420 8ηὸ

262 465 327 517 ad
348 461 716 531 expiationem
748 461 935 531 lepra,
962 462 1014 517 id
1037 469 1121 517 est
1164 462 1230 516 ad
1284 462 1663 518 remissionem
1712 478 1844 534 pec-
1874 472 1915 523 Α
1951 461 2107 523 LXX,
2137 478 2243 517 non
2277 463 2478 519 dicitur
2518 471 2576 517 ut
2619 462 2868 518 absolute
2898 460 3219 519 oﬁerentcm
3248 465 3528 538 signiﬁca-

261 553 387 619 cali,
415 553 558 608 Deus
594 551 760 624 Moysi
795 554 1071 623 praecepit.
1126 552 1197 609 Ut
1228 569 1358 624 ergo
1377 555 1557 609 adhuc
1582 556 1838 620 crassior,

256 654 452 714 etquae
504 645 741 698 necdum
766 644 925 714 plena
957 644 1010 698 in
1057 645 1174 716 lege
1229 646 1412 700 divina
1465 646 1701 717 cognitio
1744 660 1842 700 ne-

258 735 688 790 cessariesimila
716 738 1041 806 appellatur,
1068 738 1122 791 in
1178 738 1488 808 Evangeliis
1529 749 1714 793 autem
1763 740 1843 794 fa-

262 826 484 889 rina,'ut
511 826 828 882 subtiliores
869 828 1125 883 videlicet
1174 828 1596 883 etsublimiores
1645 844 1676 883 a
1721 829 1840 900 lege

257 917 568 974 intellectus
596 918 805 973 habens
827 958 842 982 ,
882 919 987 974 hnc
1029 919 1238 990 Moyses
1275 919 1509 975 innuens
1541 921 1689 993 (quia
1729 929 1839 975 tam

257 1010 434 1066 farina
473 1025 639 1078 quam
668 1010 868 1072 simila,
903 1021 1129 1080 prepter
1158 1012 1444 1081 praedictas
1509 1028 1704 1069 causas
1752 1014 1836 1069 di-

255 1098 381 1151 vina
439 1099 672 1152 scientia
729 1109 945 1169 poterat
1000 1098 1151 1172 dici.)
1185 1116 1309 1156 cum
1376 1112 1673 1173 apparente
1727 1103 1838 1158 Deo

255 1189 486 1244 Abrahae
515 1192 582 1246 ad
616 1192 796 1246 ilicem
823 1191 1101 1257 Mambrae,
1160 1193 1449 1250 Trinitatis
1514 1197 1836 1267 mysterium

255 1282 606 1353 signiﬁcaret,
634 1284 1035 1339 describiteum
1089 1284 1238 1341 Sane
1265 1286 1538 1342 dicentem
1574 1307 1588 1342 :
1621 1289 1835 1345 Festina

256 1381 302 1426 et
322 1374 601 1426 commisce
624 1376 728 1428 tria
757 1386 875 1428 sala
898 1378 1087 1431 simin
1123 1379 1189 1431 ⁷³.
1218 1378 1368 1434 Licet
1396 1389 1578 1434 autem
1608 1380 1700 1434 Dei
1738 1396 1835 1436 co-

253 1464 427 1536 gnitio
458 1465 653 1519 salutis
682 1467 923 1536 gentium
954 1469 1283 1540 principium
1309 1471 1398 1533 sit,
1437 1471 1834 1542 superfundere

254 1574 432 1619 tamen
466 1565 657 1620 similae
681 1566 860 1622 oleum
887 1612 901 1634 ,
937 1577 993 1623 et
1028 1570 1150 1624 thus
1178 1586 1545 1640 superponere
1571 1582 1711 1641 Opus
1733 1573 1831 1627 ha-

251 1656 465 1715 bemus,
510 1667 571 1711 ut
628 1658 855 1727 gratiam
918 1659 1012 1713 Dei
1083 1661 1443 1734 elecmosynis
1492 1666 1832 1734 orationique

246 1748 705 1804 commisceamus
734 1766 751 1802 :
786 1750 902 1805 haec
928 1751 1075 1805 enim
1116 1754 1277 1809 nobis
1302 1765 1537 1824 possunt
1584 1756 1653 1810 de
1692 1759 1830 1811 ccelo

245 1834 342 1890 Dei
374 1838 659 1892 scientiam
690 1837 998 1911 proﬂigare.
1067 1839 1163 1896 His
1194 1852 1376 1898 autem
1410 1846 1565 1900 testis
1584 1854 1668 1900 est
1697 1845 1832 1901 Cor-

245 1927 448 1991 nelius,
474 1928 553 1991 ad,
570 1944 731 1998 quem
762 1930 1106 1986 descendens
1145 1932 1213 1989 de
1240 1934 1378 1989 ctelo
1402 1935 1627 2006 angelus
1649 1936 1783 1991 dixit
1810 1954 1823 1988 :

243 2015 480 2082 Corneli,
512 2021 776 2074 orationes
804 2030 910 2076 tua:
933 2030 984 2075 et
1022 2022 1362 2095 eleemosyna'
1378 2027 1723 2082 ascenderunt
1758 2028 1831 2081 ad

246 2107 552 2177 Dominum,
585 2124 635 2164 et
656 2128 793 2165 nunc
820 2114 967 2167 mitte
985 2115 1124 2168 viros
1154 2115 1209 2168 in
1227 2115 1413 2185 loppe,
1447 2121 1647 2173 accersi
1677 2119 1749 2174 ad
1782 2128 1830 2174 te

239 2195 528 2263 Simonem,
559 2202 649 2270 qui
677 2204 1080 2273 cognominatur
1100 2204 1373 2261 Petrus".
1404 2207 1522 2277 ipse
1555 2210 1701 2264 enim
1733 2225 1830 2265 ve.

241 2305 354 2344 ram
376 2290 667 2347 scientiam
720 2295 976 2351 Cornelio
1022 2298 1323 2354 traditurus
1347 2308 1486 2355 erat.
1546 2300 1831 2367 Quomodo

236 2394 421 2436 autem
446 2382 501 2437 in
535 2384 695 2439 thure
711 2386 1006 2455 accipiatur
1035 2389 1232 2455 oratio,
1261 2406 1516 2460 quaerens
1549 2394 1668 2462 ejus
1718 2396 1826 2450 vim

239 2484 723 2546 perscrutansque,
753 2479 1057 2549 cognoscis.
1094 2479 1178 2535 Uti
1213 2482 1415 2552 quippe
1442 2498 1507 2538 eo
1531 2495 1721 2540 contra
1752 2486 1832 2540 in-

236 2566 473 2622 teriores
490 2568 773 2638 passiones
804 2570 1003 2626 medici
1024 2571 1229 2639 solent,
1256 2576 1650 2646 oculorumque
1669 2579 1827 2649 azgri-

236 2659 446 2714 tudinis
473 2676 666 2717 curare
703 2663 952 2728 vulnera,
987 2672 1045 2720 et
1081 2665 1262 2736 siquis
1289 2667 1591 2724 incendens
1620 2670 1829 2726 fumum

234 2752 358 2821 ejus
392 2754 676 2824 suscipiat,
715 2756 994 2827 restringit
1047 2759 1454 2815 accedentesex
1511 2762 1829 2819 inﬁrmitate

235 2841 512 2916 lacrymas
545 2862 561 2899 :
604 2845 708 2901 hoc
740 2845 934 2900 eodem
967 2848 1131 2903 modo
1159 2850 1336 2905 oratio
1358 2867 1576 2921 quoque
1600 2854 1829 2923 plurima

236 2945 502 3001 operatur
535 2952 550 2989 :
587 2936 702 2992 haec
733 2936 938 3006 quippe
971 2939 1206 2993 maxime
1235 2940 1431 2997 animae
1449 2943 1730 3012 passiones
1744 2961 1832 3003 sa-

234 3039 349 3097 nat,
444 3031 566 3086 haec
615 3031 781 3085 etiam
828 3031 1251 3100 intelligibilium
1322 3036 1604 3091 oculorum
1673 3049 1830 3094 curat

237 3124 491 3191 vulnera,
517 3125 811 3182 absolvens
845 3127 914 3181 ab
968 3126 1274 3198 ignorantia
1307 3138 1471 3198 atque
1487 3144 1552 3184 ex
1580 3146 1643 3185 ea
1703 3148 1823 3203 qua:
1852 3145 1895 3202 (ς,

235 3229 369 3269 vere
392 3223 480 3271 est
505 3214 790 3287 aegritudo,
824 3216 879 3271 id
907 3225 991 3271 est
1022 3232 1090 3272 ex
1110 3229 1335 3288 peccato
1363 3219 1628 3291 lacrymas
1651 3236 1818 3278 acce—

233 3306 430 3360 dentes
456 3307 651 3361 salvat.
673 3306 988 3377 Inﬁrmatur
1046 3309 1191 3364 enim
1250 3311 1367 3380 quis
1418 3310 1475 3364 in
1538 3311 1701 3379 vobis,
1743 3317 1821 3370 ait

231 3395 494 3461 Jacobus,
526 3408 764 3452 convocet
800 3400 1149 3472 presbyteros,
1202 3410 1251 3455 et
1276 3412 1424 3457 orent
1474 3419 1635 3473 super
1675 3421 1815 3472 eum,

232 3498 486 3559 uagantes
516 3507 633 3544 eum
677 3489 789 3543 oleo
816 3491 873 3545 in
901 3493 1111 3546 nomine
1148 3492 1396 3559 Domini;
1426 3505 1474 3548 et
1502 3497 1673 3550 oratio
1696 3497 1819 3565 ﬁdei

231 3582 460 3634 salvabit
487 3582 778 3649 inﬁrmum,
803 3593 852 3636 et
882 3583 1129 3638 alleuabit
1155 3602 1273 3639 eum
1325 3585 1601 3651 Dominus,
1624 3598 1672 3640 et
1692 3589 1739 3641 si
1765 3590 1819 3642 in

231 3678 465 3745 peccatis
491 3679 581 3742 sit,
602 3680 937 3733 remittemur
960 3680 1011 3733 ei
1043 3681 1106 3734 ⁷⁸.
1159 3679 1289 3735 Post
1320 3682 1454 3747 luce,
1482 3683 1683 3753 pugillo
1714 3684 1819 3738 tol-

232 3767 346 3823 lere
380 3770 539 3839 jubet
574 3770 827 3834 similam,
865 3771 917 3825 id
948 3781 1033 3826 est
1094 3773 1197 3826 ﬁde
1230 3766 1520 3828 scientiam
1559 3774 1647 3828 llei
1676 3790 1820 3829 com-

234 3862 609 3929 prehendere;
660 3878 756 3931 per
778 3864 1035 3933 pugillum
1086 3865 1233 3918 enim
1269 3864 1356 3918 hic
1415 3864 1575 3919 ﬁdem
1609 3866 1818 3936 signiﬁ-

233 3961 338 4014 cat,
360 3961 659 4024 aperteque
682 3954 919 4008 ostendit
951 3954 1095 4008 illam
1146 3955 1430 4010 scientiam
1460 3995 1475 4020 ,
1503 3957 1616 4011 sive
1632 3959 1817 4028 cogni-

234 4043 441 4097 tionem
472 4043 564 4097 Dei
605 4043 833 4098 Domiuo
871 4056 1176 4115 acceptam,
1221 4063 1383 4116 quam
1408 4049 1539 4103 ﬁdes
1566 4064 1819 4120 compre-

235 4130 481 4186 hendere
512 4140 735 4203 potest;
770 4144 825 4188 et
854 4136 1317 4204 quemadmodum
1352 4138 1443 4208 qui
1477 4140 1678 4210 pugillo
1696 4141 1816 4211 plus

234 4223 349 4277 vult
396 4224 889 4293 comprehendere,
938 4225 1073 4280 nihil
1128 4228 1362 4296 proﬁcit,
1410 4238 1582 4286 totum
1613 4233 1815 4304 quippe

234 4313 481 4369 decurrit
506 4324 557 4368 et
590 4315 754 4379 cadit,
792 4324 955 4385 atque
1007 4316 1274 4372 inutiliter
1299 4318 1527 4384 laborat,
1551 4320 1630 4377 sic
1659 4338 1814 4376 men-

234 4419 361 4460 sura
394 4403 489 4458 Dei
513 4405 757 4461 scientiae
796 4407 930 4462 ﬁdes
980 4418 1086 4462 cst.
1135 4406 1357 4463 Credere
1403 4411 1544 4465 enim
1588 4422 1809 4481 oportet,

1945 560 2047 603 ret.
2079 550 2134 604 Si
2158 554 2305 606 enim
2335 552 2403 606 de
2428 552 2713 606 sacerdote
2742 552 2989 615 dixisset,
3020 552 3180 624 plane
3204 554 3308 610 hoc
3338 560 3528 627 utique

1943 642 2084 697 sicut
2113 644 2167 696 in
2195 643 2484 706 sacriﬁcio,
2507 645 2575 698 de
2596 652 2820 712 peccato
2881 645 3149 700 sancitum
3177 657 3341 713 esset,
3380 651 3528 718 quod

1942 743 1997 787 et
2021 733 2197 802 ipsum
2230 734 2298 789 de
2340 734 2517 789 simila
2541 733 2722 796 ﬁebat,
2749 737 2996 793 adderet.
3028 738 3104 792 Ibi
3136 739 3283 792 enim
3314 754 3528 794 memo-

1941 822 2073 879 riale
2104 841 2225 881 esse
2246 826 2360 880 vult
2398 825 2502 881 hoc
2521 829 2667 896 quod
2699 828 2759 881 in
2820 829 3022 898 pugillo
3050 831 3346 885 sacerdotis
3367 830 3530 886 offer-

1944 926 2031 970 tur
2060 917 2168 971 Deo
2207 916 2393 972 :aliud
2433 920 2715 988 quidpiam
2740 919 2996 974 sanciens
3041 929 3196 975 extra
3220 922 3327 977 hoc
3377 922 3527 993 quod

1938 1024 2086 1062 nunc
2118 1009 2342 1071 dicitur,
2378 1011 2518 1065 sicut
2551 1013 2716 1081 paulo
2744 1012 3017 1083 posterius
3038 1016 3528 1073 ostendemus.l|ic

1942 1116 2073 1155 vero
2102 1117 2212 1155 non
2244 1101 2316 1156 ita
2340 1143 2355 1169 ,
2388 1104 2483 1157 scd
2534 1112 2772 1173 sumpto,
2806 1107 3109 1161 secundum
3139 1109 3284 1178 quod
3317 1109 3524 1165 dictum

1941 1202 2043 1257 est,
2080 1208 2147 1249 eo
2216 1196 2362 1263 quod
2414 1195 2607 1251 oﬁeret
2658 1198 2913 1252 sacerdos
2940 1200 3082 1269 (esse
3132 1210 3314 1257 autem
3378 1201 3525 1257 hunc

1936 1281 2122 1337 Jesum
2157 1284 2440 1354 didicisti),
2474 1286 2728 1339 sacriﬁcii
2750 1290 3063 1344 mcmoriale
3089 1291 3143 1344 in
3160 1292 3370 1348 coclesti
3395 1294 3526 1348 olle-

1936 1384 2020 1428 ret
2046 1372 2224 1428 altari.
2256 1373 2572 1430 Memoriale
2624 1386 2809 1430 autem
2841 1381 3173 1448 cognitionis
3205 1383 3299 1436 Dei
3342 1384 3522 1452 perle-

1935 1475 2020 1520 cta
2078 1467 2309 1521 scientia
2369 1476 2473 1532 est,
2507 1468 2666 1537 cujus
2717 1484 2935 1541 semper
2975 1488 3245 1527 memores
3294 1476 3518 1539 erimus,

1933 1550 2151 1627 quando
2179 1560 2297 1629 ejus
2320 1574 2547 1629 capaces
2570 1560 2855 1627 fuerimus,
2912 1579 3035 1633 quae
3094 1580 3372 1633 nunquam
3428 1567 3522 1621 de-

1934 1649 2185 1716 struitur,
2210 1666 2331 1720 quae
2356 1666 2474 1705 eam
2518 1667 2641 1721 quas
2655 1668 2804 1709 nunc
2817 1663 2921 1719 est,
2967 1670 3081 1710 non
3111 1665 3171 1710 ut
3190 1658 3519 1712 contrariam

1933 1739 2187 1803 destruit,
2213 1743 2313 1796 sed
2344 1751 2555 1811 partem
2582 1759 2703 1798 eam
2754 1745 3033 1800 minimam
3077 1762 3198 1802 esse
3247 1765 3341 1817 per
3364 1763 3519 1803 suam

1933 1830 2323 1899 plenitudinem
2350 1841 2640 1896 monstrat,
2662 1834 2965 1889 secundum
2994 1836 3140 1905 quod
3167 1837 3378 1892 dierum
3396 1846 3514 1893 est:

1932 1921 2018 1975 Ea:
2049 1933 2200 1994 parte
2223 1925 2598 1995 cognoscimus,
2634 1934 2683 1980 et
2712 1942 2777 1981 ea:
2804 1938 2957 1994 parte
2979 1929 3368 1998 prophetamus.
3386 1930 3521 1999 Cum

1931 2025 2109 2070 autent
2134 2017 2329 2070 venerit
2361 2018 2499 2088 quod
2522 2019 2809 2088 perfectum
2855 2030 2952 2085 est,
3006 2021 3347 2076 evacuabitur
3375 2026 3517 2091 quod

1930 2123 1995 2160 ex
2018 2118 2170 2176 parte
2191 2117 2264 2162 est
2283 2109 2347 2164 ‘°.
2383 2109 2447 2163 Et
2480 2110 2757 2178 quomodo
2794 2111 3194 2182 tevaeuabitur,
3226 2116 3371 2167 clare
3394 2127 3516 2191 ma-

1929 2200 2462 2255 nilestatsululens:
2501 2202 2743 2255 Videmus
2782 2218 2921 2256 nunc
2982 2220 3077 2272 per
3131 2204 3404 2275 speculum
3454 2206 3515 2260 in

1933 2292 2236 2361 wnigmate,
2266 2300 2390 2345 tunc
2418 2302 2596 2347 autent
2630 2294 2768 2365 facie
2798 2293 2870 2346 ad
2898 2294 3111 2364 faciem.
3152 2294 3517 2368 Nunccogno-

1929 2399 2015 2436 sco
2043 2400 2106 2436 ea:
2124 2393 2296 2452 parte,
2328 2394 2451 2436 tunc
2481 2400 2788 2455 cognoscam
2815 2385 2952 2439 sicut
2982 2393 3029 2439 et
3049 2387 3285 2457 cognitus
3314 2388 3514 2444 sum".

1932 2472 2046 2530 lloc
2077 2476 2406 2530 sacriﬁcium
2456 2476 2684 2532 odorem
2752 2476 3142 2531 suavissimum
3202 2479 3517 2535 necessarie

1929 2566 2162 2621 Domino
2187 2567 2461 2638 lgislator
2493 2567 2803 2637 appellavit.
2830 2567 3063 2622 Odorem
3100 2569 3156 2623 in
3176 2569 3406 2625 Domino
3430 2579 3517 2625 est

1930 2658 2192 2727 cognitio,
2214 2658 2331 2711 sive
2360 2658 2590 2713 scientia
2613 2658 2766 2728 ejus;
2794 2666 2845 2712 et
2877 2673 2945 2712 ne
2962 2658 3067 2713 hoc
3086 2659 3323 2725 dubites,
3346 2660 3521 2716 habes

1928 2749 1995 2801 ad
2023 2746 2125 2802 hoc
2157 2762 2373 2817 quoque
2398 2746 2627 2803 Paulum
2674 2748 3087 2803 veracissimam
3122 2759 3315 2804 testem
3352 2767 3367 2804 :
3405 2751 3517 2806 Deo

1930 2839 2069 2892 enim
2107 2840 2332 2909 gratias,
2365 2839 2561 2910 inquit,
2591 2842 2682 2912 qui
2727 2856 2931 2908 semper
2953 2842 3243 2910 triumphat
3280 2859 3374 2911 per
3423 2859 3519 2899 nos

1929 2931 1986 2983 in
2014 2929 2222 2984 Christo
2245 2929 2390 2996 Jesu,
2413 2941 2462 2983 et
2493 2922 2701 2985 odorem
2728 2932 2927 2984 notitia:
2951 2947 3063 2985 sua:
3086 2933 3390 3004 manifestat
3422 2948 3519 3002 per

1930 3036 2023 3074 nos
2057 3020 2111 3074 in
2132 3023 2274 3075 omni
2316 3021 2426 3075 loco
2450 3022 2516 3075 ⁸⁸.
2542 3022 2679 3077 Ecce
2713 3021 2929 3078 interim
2961 3024 3257 3094 cognovisti
3286 3023 3513 3081 odorem

1929 3115 2157 3169 notitiae.
2182 3112 2288 3175 Sed
2309 3121 2365 3168 et
2398 3115 2600 3170 bonum
2656 3116 2880 3170 odorem
2937 3115 2992 3169 in
3054 3116 3517 3186 subsequentibus

1927 3205 2053 3260 audi
2099 3203 2274 3270 :Quia
2303 3203 2497 3261 Christi
2560 3206 2724 3259 bonus
2753 3208 2882 3259 odor
2944 3221 3148 3271 sumus,
3178 3205 3234 3259 in
3285 3205 3368 3261 Itis
3424 3207 3518 3277 qui

1925 3298 2060 3352 salvi
2078 3308 2221 3363 sunt,
2245 3306 2294 3352 et
2323 3298 2379 3352 in
2402 3298 2483 3352 Itis
2516 3298 2607 3368 qui
2643 3309 2861 3367 pereunt
2888 3298 2955 3352 ⁸³.
3023 3296 3231 3354 Deinde
3270 3298 3403 3356 dicit
3433 3298 3511 3357 le-

1925 3393 2147 3464 gislator
2179 3408 2197 3446 :

1996 3482 2147 3547 Quod
2180 3492 2357 3536 autent
2390 3482 2649 3552 reliquum
2673 3483 2832 3553 fuerit
2854 3483 2918 3537 de
2944 3482 3205 3552 sacri/icio
3221 3483 3513 3545 eritAareu

1926 3585 1975 3628 et
2007 3575 2238 3644 ﬁliorum
2260 3576 2396 3643 ejus,
2445 3584 2685 3628 sanctum
2731 3584 3035 3627 sanctorum
3076 3582 3139 3629 de
3160 3574 3514 3636 oblationibu;

1928 3668 2160 3722 Domini.
2206 3668 2492 3737 Reliquum
2515 3668 2590 3720 ait
2618 3666 2687 3721 de
2736 3666 2823 3720 illa
2882 3665 3145 3735 perfecta,
3171 3676 3228 3721 et
3252 3668 3309 3722 in
3356 3668 3515 3725 caelis

1925 3759 2248 3814 abscondita
2271 3769 2433 3827 atque
2473 3759 2709 3828 reposita
2761 3758 2816 3811 in
2848 3758 3068 3815 Christo
3129 3759 3360 3814 scientia
3394 3759 3513 3816 sive

1924 3850 2137 3905 notitia.
2157 3850 2219 3905 In
2249 3852 2361 3920 ipso
2394 3850 2531 3904 enim
2550 3859 2671 3904 sunt
2705 3849 2940 3904 thesauri
2956 3851 3232 3918 sapientia
3259 3861 3310 3904 et
3337 3853 3509 3907 scien-

1925 3945 2012 3997 tia:
2036 3944 2323 3998 absconditi
2352 3943 2419 3997 ⁸⁵.
2456 3941 2721 4005 δθηοιιιιιι
2746 3953 3059 3997 sanctorum
3080 3951 3163 3996 est
3188 3942 3257 3997 de
3275 3942 3508 3998 oblatic-

1923 4036 2087 4091 nibus
2120 4034 2356 4099 Domini,
2384 4034 2594 4106 partilis
2614 4033 2761 4088 enim
2783 4040 2869 4088 est
2902 4032 3130 4088 scientia
3155 4048 3276 4104 quae
3300 4035 3506 4105 reliqua

1923 4134 2030 4193 est,
2054 4141 2247 4182 omnes
2281 4136 2463 4181 tamen
2489 4125 2623 4180 alias
2675 4140 2961 4197 superans,
3003 4134 3058 4180 et
3083 4126 3392 4196 perducens
3437 4129 3503 4184 ad

1921 4219 2338 4292 perfectionem.
2363 4218 2544 4275 Aaron
2600 4234 2735 4291 ergo
2771 4226 2825 4273 et
2898 4216 3134 4273 ﬁliorum
3192 4216 3314 4296 ejus
3377 4216 3504 4271 erit.

1921 4313 2103 4368 Aaron
2132 4322 2311 4367 autem
2346 4328 2475 4365 arca
2536 4311 2623 4366 vel
2665 4320 2947 4365 montanus
2997 4311 3411 4379 interpretatur,
3452 4309 3504 4366 id

1928 4414 2033 4470 est,
2052 4405 2162 4457 alta
2195 4404 2262 4459 de
2288 4403 2398 4458 Deo
2434 4402 2769 4472 intelligens.
2796 4402 2921 4473 quia
2943 4412 2999 4457 et
3024 4417 3173 4467 area,
3197 4410 3385 4472 utpote
3406 4404 3496 4457 lia-

186 4485 196 4504 '
234 4495 380 4550 sicut
394 4495 609 4569 faulus
633 4497 727 4561 ait,
759 4498 850 4568 qui
879 4500 1082 4552 accedit
1125 4507 1196 4552 ad
1244 4500 1435 4566 Deum,
1491 4502 1615 4573 quia
1644 4513 1718 4557 est
1750 4505 1815 4557 ⁷⁸.
1850 4500 1899 4561 ι)
1925 4498 2064 4553 hens
2091 4498 2147 4552 in
2177 4512 2239 4551 se
2266 4495 2441 4567 legem
2473 4494 2569 4549 Dei
2587 4502 2641 4549 et
2690 4495 2926 4565 eloquia,
2960 4493 3158 4550 oll‘erre
3185 4493 3504 4564 praedictum

236 4587 300 4643 Et
324 4605 525 4644 rursus
549 4608 561 4642 :
586 4588 712 4645 Sine
739 4592 842 4661 ﬁde
876 4594 1197 4663 impossibile
1235 4604 1312 4649 est
1349 4596 1560 4666 placere
1614 4597 1720 4653 Deo
1751 4601 1818 4655 ".

236 4682 297 4736 Et
321 4691 383 4736 ut
412 4682 660 4738 dicamus
691 4684 1132 4750 breviter,omne
1164 4688 1303 4757 quod
1350 4703 1453 4741 non
1511 4698 1589 4743 est
1625 4704 1691 4742 ex
1719 4689 1823 4758 ﬁde

232 4782 513 4840 peccatum
551 4781 625 4825 est
651 4812 667 4837 ,
700 4771 841 4828 sicut
872 4773 1015 4829 idem
1064 4777 1131 4829 ad
1190 4774 1467 4831 Romanos
1505 4778 1818 4847 scripsit".

236 4859 378 4932 Ergo
403 4875 514 4914 non
550 4869 732 4929 potest
752 4875 875 4916 esse
924 4862 1243 4932 gloriﬁcatio
1285 4864 1340 4917 in
1373 4864 1709 4920 inﬁdelitate.
1734 4866 1823 4920 ln-

236 4948 401 5003 tende
432 4957 617 5002 autem
637 4948 762 5017 quia
793 4966 918 5004 cum
956 4949 1080 5004 oleo
1131 4951 1291 5021 jubet
1336 4951 1573 5007 similam
1625 4953 1820 5024 accipi,

232 5038 583 5109 apertissime
614 5039 1017 5110 elcemosynam
1066 5057 1169 5095 nos
1218 5040 1397 5098 facere
1436 5043 1643 5099 volens.
1694 5043 1827 5099 Date

231 5132 383 5185 enim
416 5130 821 5204 elecmosynam,
861 5132 1038 5201 inquit
1068 5132 1352 5196 Dominus,
1377 5146 1424 5191 et
1484 5152 1597 5194 ecce
1644 5137 1822 5213 omnia

232 5224 437 5276 munda
466 5224 863 5279 eruntvobis'“.
923 5223 1084 5279 Jubet
1131 5234 1313 5287 autem
1367 5243 1530 5282 omne
1580 5228 1706 5283 thus
1764 5229 1819 5282 in

232 5314 443 5387 pugillo
460 5316 633 5370 sumi:
659 5331 842 5381 omne,
861 5317 1063 5385 quare?
1076 5319 1213 5389 quia
1235 5334 1451 5389 semper
1466 5297 1679 5388 opoitct
1700 5335 1819 5374 ora-

235 5420 292 5458 re
316 5445 332 5469 ,
367 5415 421 5459 et
459 5406 583 5460 sine
604 5408 1010 5463 intermissione
1035 5410 1239 5480 gratias
1259 5425 1439 5481 agerc,
1455 5412 1598 5465 sicut
1616 5410 1817 5468 Paulus

234 5495 311 5552 ait
329 5497 400 5552 τ’.
422 5499 529 5554 Sed
552 5500 678 5569 quis
707 5512 791 5556 est
814 5502 905 5571 qui
941 5502 998 5555 in
1044 5502 1246 5573 pugillo
1288 5503 1465 5556 tollit?
1515 5504 1815 5559 secundum

304 5717 353 5749 τ’
382 5716 518 5772 Gen.
552 5733 704 5784 xvtu,
738 5700 805 5773 δέ
868 5720 915 5751 ⁷³
945 5726 1064 5774 Act.
1103 5736 1157 5774 ι.
1186 5720 1237 5781 4,
1270 5722 1321 5776 5.

240 5804 315 5853 ιι,
345 5788 434 5843 Li.
513 5791 558 5822 ⁷³
598 5788 617 5843 1
656 5790 855 5845 Thess.
878 5809 931 5857 v,
962 5791 1045 5849 l7.

1920 4590 2248 4646 sacriﬁcium
2275 4597 2477 4659 potest.

1990 4682 2157 4737 Vsus.
2199 4678 2253 4732 4.
2287 4698 2306 4730 ι
2344 4679 2482 4733 Cum
2536 4687 2720 4734 autem
2750 4676 3019 4733 obtuleris
3054 4675 3380 4733 sacriﬁcium
3408 4692 3504 4733 eo.

1923 4784 2072 4828 ctum
2103 4772 2159 4826 in
2189 4771 2406 4826 clibano
2451 4771 2520 4826 de
2565 4770 2765 4835 simila,
2819 4783 2989 4839 panes
3038 4768 3247 4832 scilicet
3276 4767 3502 4838 ,ahsque

1920 4868 2229 4934 fermento,
2291 4879 2619 4934 conspersos
2652 4864 2809 4929 oleo,
2828 4871 2915 4918 -ct
2947 4862 3140 4934 lagana
3174 4875 3362 4934 azyma
3381 4861 3503 4917 oleo

1921 4960 2037 5019 lita.
2068 4979 2089 5013 ι

1991 5048 2348 5108 Admirabilis
2382 5058 2469 5105 est
2499 5047 2829 5119 lcgislatoris
2870 5047 3130 5109 intentio,
3167 5061 3269 5118 per
3318 5044 3501 5115 omnia

1924 5137 2202 5194 subtiliter
2229 5137 2493 5192 incedens
2524 5152 2541 5190 :
2571 5134 2700 5206 quia
2728 5135 2877 5191 enim
2923 5134 3172 5199 scientia
3215 5133 3335 5200 Dei,
3386 5132 3500 5189 sive

1920 5232 2133 5303 notitiae
2164 5229 2423 5300 superius
2455 5229 2801 5287 mentionem.
2824 5227 2973 5293 fecit,
2994 5242 3066 5283 ne
3090 5225 3237 5282 forte
3291 5223 3496 5296 putaris

1918 5331 2077 5391 extra
2107 5337 2227 5377 eam
2258 5337 2381 5379 esse
2411 5321 2837 5391 dispensationis
2852 5319 3142 5385 Dominicis:
3160 5312 3509 5389 mysterium,

1924 5414 2053 5469 vide
2083 5413 2360 5484 quomodo
2407 5429 2508 5484 per
2550 5412 2850 5484 aenigmata
2909 5410 3154 5481 exponit,
3204 5405 3502 5483 nativitatis

1926 5508 2066 5576 ejus,
2134 5507 2317 5561 erucis
2364 5516 2420 5561 et
2468 5504 2886 5567 resurrectionis
2924 5503 3116 5558 volens
3156 5499 3507 5579 introducere

1406 5722 1451 5753 7‘
1480 5722 1595 5775 Jac.
1630 5740 1681 5788 v,
1706 5722 1792 5783 ιι,
1826 5723 1913 5777 l5.
1980 5721 2209 5777 "Hebr.
2246 5740 2322 5781 xi.
2367 5724 2420 5786 6,
2495 5724 2691 5780 "ibid.
2740 5726 2783 5757 ’⁷
2815 5723 2967 5777 Rom.
2997 5720 3220 5783 xm?!»
3297 5718 3339 5751 ἴ·
3369 5715 3498 5788 late.

1122 5791 1169 5822 '°
1198 5792 1215 5845 Ι
1247 5793 1372 5846 Cor.
1406 5791 1542 5858 Xlll,
1570 5794 1620 5847 9‘.
1699 5792 1742 5825 ⁸⁸
1775 5794 1908 5850 ibid.
1945 5794 2029 5848 12.
2107 5794 2153 5825 ⁸³
2185 5794 2228 5848 ll
2255 5795 2381 5850 Cor.
2404 5810 2462 5862 tt,
2498 5793 2583 5850 Η.

2662 5796 2707 5826 ⁸³
2731 5795 2860 5849 ibid.
2888 5795 2970 5849 lii.
3046 5792 3313 5847 “Coloss.
3333 5803 3393 5857 tt,
3410 5785 3462 5840 ὅ.
3500 5811 3510 5853 ι
