3942 6428
475 346 586 414 807

1672 344 2033 406 HESYCHII
2092 341 2560 403 PRESBYTERI
3639 349 3729 413 898

484 461 870 516 narrationem.
898 458 1234 514 Sacriﬁcium
1293 467 1530 525 coctum,
1571 457 1771 512 Christi
1822 455 2061 526 appellat
2090 462 2134 515 Α
2163 451 2324 507 oﬂert
2354 469 2366 506 :
2395 450 2625 521 Effundit
2655 467 2812 521 super
2849 467 2966 504 eam
3001 449 3168 503 oleum
3206 465 3225 512 ;
3266 449 3350 508 hic
3383 461 3580 515 autem,
3618 458 3727 525 quia

482 552 933 614 incarnationem,
967 552 1032 606 ad
1067 552 1171 604 hoc
1219 551 1362 603 enim
1396 550 1712 605 incarnatus
1756 558 1841 602 est
1876 557 1935 601 ut
1958 546 2061 600 im-

482 645 799 698 molaretur.
830 644 1054 713 Propter
1075 643 1220 712 quod
1249 656 1396 707 cum,
1432 642 1645 713 Agnum
1674 640 1769 695 Dei
1804 642 1895 710 qui
1925 639 2061 693 tollit

481 744 699 804 peccata
728 735 908 788 θηταιάὶ
923 734 990 796 ⁸⁵,
1019 734 1262 788 Joannes
1292 733 1532 803 Baptista
1559 732 1874 802 appellavit.
1895 731 2061 785 Recte

480 843 611 898 ergo
640 825 962 882 sacrificium
992 826 1045 878 in
1097 825 1201 879 hoc
1234 826 1372 887 loco,
1407 831 1466 878 ut
1489 823 1841 877 denuntiaret
1861 821 2061 876 nativi-

482 924 649 971 tatem
678 918 815 986 ejus,
844 915 1043 970 dicitur
1066 923 1281 968 coctum
1312 914 1365 967 in
1385 913 1620 974 clibano,
1656 913 1747 966 Dei
1766 911 2061 967 Genitricis

484 1006 734 1060 videlicet
761 1013 938 1059 utero.
979 1003 1071 1056 llla
1103 1004 1249 1057 enim
1314 1004 1564 1058 clibanus
1614 1002 1924 1057 necessarie
1964 1017 2062 1056 no-

481 1096 736 1160 minatur,
774 1097 898 1165 quia
931 1103 985 1150 et
1022 1110 1189 1165 panes
1241 1096 1529 1165 ignemque
1550 1096 1785 1164 desuper
1813 1093 2061 1147 clibanus

477 1189 728 1258 suscipit,
752 1189 894 1243 sicut
915 1196 969 1242 et
996 1188 1086 1242 Dei
1122 1186 1399 1249 Genitrix,
1433 1188 1670 1257 desuper
1691 1186 1813 1242 vita).
1839 1201 2057 1256 panem,

480 1281 575 1336 Dei
609 1281 859 1336 videlicet
882 1280 1117 1334 Verbum
1150 1279 1205 1333 in
1228 1294 1329 1333 suo
1347 1287 1522 1345 utero,
1554 1279 1845 1349 ignemque
1873 1293 2061 1333 susce-

478 1372 559 1441 pit
588 1371 891 1440 praasentiae
916 1369 1174 1438 Spiritus.
1229 1368 1459 1438 Spiritus
1491 1369 1657 1434 enim,
1692 1369 1888 1438 inquit,
1942 1384 2062 1422 san-

474 1472 593 1516 ctus
626 1462 950 1529 superveniet
974 1462 1023 1514 in
1050 1469 1119 1525 te,
1156 1470 1205 1514 et
1229 1461 1394 1513 uirtus
1449 1459 1707 1513 Altissimi
1730 1458 2058 1512 obumbrabit

476 1556 576 1609 tibi
605 1555 673 1608 “.
699 1554 857 1609 llunc
889 1553 1119 1625 Moyses,
1143 1553 1362 1623 quando
1378 1554 1521 1606 Deus
1550 1553 1619 1607 ad
1647 1553 1917 1606 Abraham
1949 1551 2060 1605 dis-

478 1647 663 1716 posuit
709 1645 933 1701 seminis
965 1653 1370 1709 testamentum,
1400 1644 1671 1698 clibanum
1704 1642 2057 1699 commenda-

481 1738 588 1803 vit;
607 1738 683 1791 ait
702 1738 873 1799 enim,
897 1735 1023 1804 quia
1054 1735 1309 1789 veniente
1331 1735 1445 1789 sole
1468 1735 1535 1789 ad
1562 1749 1838 1799 occasum,
1865 1733 2057 1803 (signi-

2166 545 2431 598 lncarnati
2491 544 2750 612 pietatem
2809 542 3098 614 signiﬁcat,
3174 559 3291 597 non
3351 546 3446 608 ait,
3516 545 3727 604 eliuutlit

2162 634 2362 697 oleum,
2402 634 2520 700 sed,
2556 633 2731 687 Panes
2756 634 2811 686 in
2849 633 2961 687 oleo
3025 649 3333 703 conspersos
3374 638 3599 705 exponit.
3646 639 3726 694 llis

2162 724 2306 777 enim
2339 724 2522 778 verbis
2550 723 2874 796 signiﬁcavit
2924 724 3140 778 Domini
3205 725 3562 781 nativitatem.
3604 731 3725 785 Sub-

2161 815 2518 883 scquentibus
2539 823 2723 869 autem
2758 824 2813 868 et
2842 815 3153 884 passionem
3174 815 3468 887 signiﬁcat.

2231 907 2395 963 Vsus.
2436 909 2489 974 5,
2522 908 2574 963 6.
2622 927 2640 960 ι
2681 907 2739 963 Si
2779 909 2982 963 oblatio
3023 917 3116 963 tua
3158 907 3329 963 fuerit
3371 911 3437 964 de
3477 912 3727 985 sartagine

2161 1001 2353 1056 similae
2394 1017 2703 1072 conspersae
2747 1000 2888 1067 oleo,
2926 1010 2983 1056 et
3025 1001 3233 1071 absque
3285 1001 3574 1069 fermento,
3607 1006 3729 1060 divi-

2160 1091 2255 1147 des
2284 1108 2401 1147 cam
2435 1092 2767 1155 minutatim,
2799 1092 3165 1164 eﬂ'undesque
3198 1110 3366 1164 supra
3399 1095 3595 1152 oleum.
3630 1118 3648 1149 ι
3742 1080 3755 1095 λ

2234 1183 2572 1239 Sacriﬁcium
2590 1184 2656 1239 de
2687 1186 2963 1256 sartagine
2980 1185 3448 1255 dispensationem
3482 1189 3731 1257 passionis

2160 1276 2396 1345 appellat
2425 1275 2727 1346 Unigeniti:
2760 1291 2977 1331 crucem
3011 1276 3299 1331 assimilari
3334 1279 3588 1349 sartagini
3618 1296 3730 1349 pro-

2161 1378 2345 1438 pterea
2367 1369 2776 1439 judicans,quia
2802 1380 3018 1439 sartago
3039 1369 3098 1424 in
3136 1378 3349 1423 tantum
3382 1378 3465 1424 est
3487 1370 3659 1438 fortis,
3683 1383 3730 1428 ut

2161 1459 2502 1538 superposita
2536 1458 2801 1529 igni,ipsa
2838 1459 3057 1529 quidem
3088 1475 3199 1514 non
3244 1470 3618 1526 consumatur,
3642 1479 3732 1517 nec

2160 1552 2395 1622 aliquam
2415 1551 2822 1622 corruptionem
2848 1551 3117 1606 sustineat
3142 1559 3236 1606 aut
3255 1550 3689 1608 imminutionem
3717 1595 3730 1618 ,

2160 1643 2533 1715 superpositos
2547 1652 2728 1699 autem
2744 1643 2897 1698 cibos
2915 1659 3037 1698 mox
3055 1653 3115 1698 ut
3134 1644 3317 1715 ignem
3337 1644 3630 1715 tetigerint,
3658 1648 3733 1700 vel

2161 1735 2207 1792 si
2233 1737 2483 1792 duriores
2507 1734 2729 1800 iuerint,
2753 1750 2863 1789 non
2881 1734 3044 1806 longo
3082 1734 3378 1789 intervallo
3426 1744 3583 1804 aptos
3623 1738 3731 1792 esui

483 1828 608 1883 ﬁeat
633 1827 721 1881 hic
740 1826 900 1881 ﬁnem
937 1824 1152 1895 mundi)
1178 1824 1393 1879 ﬂamma
1414 1825 1552 1879 facta
1586 1833 1687 1889 est,
1721 1831 1777 1878 et
1810 1839 1937 1879 ecce
1962 1839 2060 1894 ap-
2091 1806 2133 1864 Β
2164 1828 2359 1884 reddit.
2411 1827 2504 1884 Sic
2550 1837 2606 1883 et
2637 1826 2841 1882 Christi
2876 1838 3029 1892 crux,
3070 1823 3228 1880 fortis
3261 1825 3486 1896 quidem
3537 1837 3730 1883 tantum

483 1919 661 1989 paruit
682 1918 928 1973 clibanus
954 1917 1155 1971 ardens
1174 1916 1242 1972 ⁸⁷.
1291 1916 1359 1971 Et
1402 1916 1533 1986 quid
1574 1923 1659 1971 est
1694 1914 1829 1969 hoc?
1852 1915 2063 1969 addidit

479 2021 537 2066 et
559 2010 850 2081 fumigans,
870 2018 926 2064 et
950 2008 1199 2064 translrit
1228 2025 1326 2080 per
1348 2009 1585 2064 medium
1606 2008 1963 2064 divisionum.
1997 2007 2058 2062 In

478 2102 570 2156 die
629 2100 714 2157 illa
748 2090 985 2172 'pepigit
1027 2100 1288 2155 Dominus
1353 2101 1527 2156 imdus
1578 2115 1702 2154 cum
1762 2099 2055 2155 Abraham.

475 2192 710 2259 Quando
734 2193 879 2247 enim
926 2182 1163 2247 cmlestis
1191 2191 1350 2262 ignis,
1420 2190 1655 2261 Spiritus
1692 2191 1968 2258 videlicet,
2003 2190 2060 2244 in

476 2285 693 2339 clibano
717 2283 856 2338 uteri
885 2282 1180 2339 Genitricis
1207 2282 1304 2338 Dei
1332 2286 1503 2350 venit,
1537 2296 1598 2339 ut
1624 2280 1765 2339 totas
1787 2284 2057 2341 accende-

480 2382 566 2429 ret
597 2373 784 2428 mundi
814 2382 1018 2443 partes,
1053 2379 1185 2427 tunc
1234 2381 1623 2429 testamentum
1687 2375 1832 2430 Deus
1884 2375 2059 2430 Abra-

481 2465 628 2529 ham,
648 2463 701 2518 id
727 2473 811 2519 est
843 2463 1094 2535 gentibus
1116 2463 1383 2534 disposuit
1422 2483 1436 2518 :
1469 2466 1743 2520 Abraham
1771 2464 1916 2521 enim
1959 2482 2059 2535 pa-

476 2566 561 2611 ter
589 2557 821 2629 gentium
871 2555 1213 2611 nominatur.
1241 2556 1298 2610 Si
1353 2571 1482 2629 ergo
1510 2573 1714 2613 munus
1743 2557 1944 2614 oﬂeres
1972 2559 2059 2613 in~

476 2647 816 2702 carnatiouis
833 2645 1131 2718 Unigeniti,
1175 2663 1298 2718 qua;
1325 2648 1383 2702 in
1427 2658 1619 2705 ventre
1653 2649 1892 2722 Virginis
1918 2649 2060 2706 facta

477 2748 586 2803 est,
619 2754 728 2793 non
758 2737 916 2792 aliter
937 2744 1225 2807 acceptum
1254 2747 1340 2793 est
1370 2736 1500 2803 Deo,
1543 2739 1646 2794 nisi
1709 2749 1927 2797 coctum
1991 2740 2060 2795 de

476 2829 678 2897 simila,
706 2829 758 2884 id
785 2846 851 2884 ex
891 2828 984 2884 Dei
1007 2830 1234 2885 scientia
1264 2831 1351 2886 vel
1382 2832 1577 2887 notitia
1603 2832 1715 2888 ﬂat.
1739 2832 1894 2890 Unde
1912 2834 2058 2889 enim

480 2921 701 2976 aliunde
731 2921 799 2977 de
821 2922 923 2977 hac
958 2936 1019 2976 re
1048 2921 1403 2990 locutionem,
1466 2922 1569 2979 nisi
1595 2924 1663 2979 ab
1694 2924 1956 2995 apostolis
2005 2933 2061 2981 et

481 3012 764 3084 prophetis
827 3015 1198 3084 sumpsimus?
1246 3016 1424 3072 Verba
1481 3030 1612 3087 ergo
1685 3015 2055 3087 apostolorum

440 3180 447 3188 .
478 3122 652 3183 panes
686 3107 892 3177 accipe,
918 3108 1310 3178 prophetarum
1361 3125 1494 3165 vero
1524 3109 1714 3182 lagana
1744 3126 1757 3163 :
1791 3118 2055 3180 quantum
2085 3144 2128 3203 ο

481 3199 626 3253 enim
659 3214 828 3269 panes
856 3214 886 3254 a
916 3198 1126 3271 laganis
1186 3200 1253 3255 ad
1286 3200 1635 3256 nutriendum
1694 3209 1823 3256 sunt
1878 3201 2057 3271 aptio-

481 3305 592 3357 res,
631 3299 840 3346 tantum
856 3293 1021 3347 verba
1051 3293 1418 3362 apostolorum
1438 3293 1618 3348 verbis
1643 3295 2057 3364 prophetarum;

481 3383 698 3452 utrique
714 3391 894 3438 autem
919 3383 1125 3455 azymi,
1155 3385 1281 3454 quia
1314 3400 1378 3440 ex
1413 3385 1515 3439 alia
1545 3384 1789 3440 doctrina
1816 3384 2060 3439 fermen-

445 3487 453 3491 '
482 3482 596 3527 tum
632 3489 744 3528 non
778 3474 1003 3540 habent,
1029 3476 1180 3530 verbi
1230 3475 1401 3547 gratia
1460 3476 1739 3546 sapientiae
1756 3475 2059 3540 sacularis,

481 3564 627 3632 quod
668 3564 1211 3621 luereticisconvenit
1247 3567 1530 3645 accedere.
1568 3566 1636 3621 Hi
1680 3566 1884 3637 quippe
1930 3582 2059 3622 cum

480 3652 750 3709 exteriora
779 3655 1133 3712 interioribus
1165 3658 1507 3729 conjungere
1533 3658 1807 3723 nituntur,
1836 3668 1891 3712 et
1943 3657 2063 3713 haec

481 3745 652 3817 magis
673 3745 779 3801 illis
812 3747 1083 3817 subjicere
1112 3756 1167 3804 et
1226 3747 1580 3813 fermentare,
1636 3765 1758 3820 quae
1832 3749 2065 3804 fermen-

483 3835 582 3889 tari
606 3836 915 3891 nullatenus
932 3847 1179 3907 possunt,
1209 3839 1278 3894 ab
1298 3839 1502 3911 azymis
1533 3841 1880 3896 sermonibus
1911 3838 2062 3896 exci-

478 3926 680 3982 derunt
710 3945 725 3995 ;
753 3928 849 3984 sed
907 3943 1037 3984 ecce
1087 3931 1457 4001 apostolorum
1510 3947 1681 4002 panes
1716 3932 1770 3987 in
1797 3932 1939 3998 oleo,
2008 3940 2080 3987 et'

479 4019 874 4088 prophetarum
905 4020 1098 4092 lagana
1130 4023 1186 4077 in
1213 4023 1334 4078 oleo
1359 4022 1497 4079 ﬁunt
1524 4020 1897 4080 :con'corditer
1914 4024 2059 4079 enim

478 4122 535 4166 et
567 4113 637 4167 ab
667 4113 794 4179 illis,
822 4122 877 4169 et
901 4114 970 4168 ab
1025 4115 1149 4171 istis
1175 4117 1440 4187 scriptum
1473 4125 1577 4182 est,
1609 4118 1737 4187 quia
1765 4133 1866 4172 nos
1893 4117 2062 4172 mise-

481 4216 609 4259 rans
636 4202 888 4260 Christus
930 4205 1156 4261 advenit
1187 4223 1202 4274 ;
1265 4208 1361 4263 sed
1395 4208 1624 4278 apostoli
1690 4209 1907 4280 planius
1939 4227 1954 4277 ;
1986 4209 2064 4264 ait

478 4294 629 4348 enim
656 4294 855 4350 Paulus
889 4293 1381 4360 :Quemadmodum
1410 4299 1551 4352 enim
1606 4315 1696 4353 vos
1755 4302 1903 4370 prius
1962 4318 2065 4356 non

477 4385 776 4439 credidistis
798 4385 926 4449 Deo,
962 4401 1100 4438 nunc
1128 4394 1307 4439 autem
1341 4389 1757 4442 misericordiam
1802 4391 2063 4443 consecuti

2165 1921 2286 1987 fuit,
2324 1929 2378 1975 ut
2428 1935 2650 1975 omnem
2702 1926 3007 1974 creaturam
3066 1918 3370 1989 subjiceret
3416 1916 3729 1976 Cruciﬁxo:

2163 2026 2382 2067 carnem
2429 2020 2609 2066 autem
2659 2012 2796 2083 ejus,
2839 2027 2961 2082 quae
3002 2011 3069 2066 ad
3111 2011 3516 2066 comedendum
3563 2011 3730 2083 inepta

2159 2112 2434 2158 eratante
2479 2104 2810 2172 passionem,
2852 2103 2997 2175 (quis
3037 2102 3184 2157 enim
3214 2102 3507 2157 comedere
3555 2102 3729 2174 cupie-

2161 2195 2258 2250 bat
2286 2210 2506 2250 carnem
2536 2192 2696 2265 Dei?)
2732 2204 2913 2264 aptam
2948 2194 3071 2249 cibo
3090 2202 3212 2264 post
3230 2193 3542 2265 passionem
3572 2193 3726 2250 fecit:

2160 2282 2203 2336 si
2239 2280 2384 2335 enim
2432 2296 2543 2335 non
2590 2281 2784 2336 fuisset
2823 2282 3138 2348 cruciﬁxus,
3177 2282 3508 2339 sacriﬁcium
3545 2298 3726 2354 corpo-

2160 2373 2237 2427 ris
2268 2372 2388 2444 ejus
2419 2372 2642 2429 minime
2681 2373 3117 2429 comederemus.
3163 2373 3521 2431 Comedimus
3559 2383 3727 2429 autem

2159 2480 2308 2522 nunc
2350 2466 2557 2531 cibum,
2591 2474 2871 2521 sumentes
2917 2466 3037 2537 ejus
3083 2467 3410 2524 memoriam
3455 2467 3722 2537 passionis.

2162 2554 2312 2611 llanc
2345 2556 2679 2626 sartaginem
2715 2557 2858 2626 apud
2898 2556 3244 2612 Ezechielem
3276 2556 3540 2613 Dominus
3570 2557 3725 2629 signi-

2160 2646 2330 2701 ﬁcans
2359 2647 2434 2701 ait
2469 2665 2481 2700 :
2513 2646 2578 2701 Et
2615 2655 2692 2710 tu,
2730 2663 2877 2713 sume
2919 2648 3012 2702 tibi
3034 2649 3365 2718 sartaginem
3407 2650 3644 2721 ferream,
3678 2656 3723 2701 et

2160 2753 2320 2808 pones
2347 2753 2465 2792 eam
2497 2754 2708 2792 murum
2739 2741 2967 2810 ferreum
3012 2739 3151 2794 inter
3192 2750 3245 2794 te
3289 2751 3337 2795 et
3375 2742 3629 2796 civitatem
3660 2740 3722 2793 ".

2163 2828 2418 2884 Ferream
2462 2829 2682 2899 quidem
2726 2845 2845 2885 eam
2884 2838 3107 2901 propter
3144 2832 3463 2902 praedictam
3502 2832 3722 2903 appella-

2160 2921 2240 2977 vit
2278 2920 2674 2977 fortitudinem.
2722 2922 2872 2976 lnter
2904 2929 2957 2977 te
2990 2931 3171 2977 autem
3218 2934 3277 2979 et
3318 2924 3605 2989 civitatem,
3637 2922 3720 2986 ait,

2161 3010 2216 3067 id
2261 3020 2347 3066 est
2387 3009 2689 3067 Jerusalem
2723 3013 2890 3083 :quia
2925 3014 3163 3069 maxime
3205 3015 3312 3085 ipsi
3354 3017 3407 3071 in
3447 3030 3601 3071 cruce
3629 3013 3722 3069 Do-

2162 3102 2320 3169 mini,
2351 3101 2694 3158 otl‘endentes
2725 3111 2781 3158 et
2812 3103 2977 3158 illatis
2996 3105 3350 3175 passionibus
3378 3106 3445 3160 ab
3475 3105 3586 3175 ejus
3609 3110 3722 3159 sunt

2162 3194 2391 3255 scientia
2445 3194 2703 3265 separati.
2758 3194 3075 3261 Mysterium
3131 3211 3267 3267 ergo
3322 3196 3625 3267 passionum
3671 3193 3717 3248 iu

2160 3287 2282 3341 oleo
2332 3287 2731 3358 conspergitur,
2779 3285 2906 3356 quia
2952 3287 3225 3343 miserans
3276 3303 3401 3353 nos,
3446 3301 3543 3358 pro
3583 3283 3725 3339 nobis

2160 3377 2425 3433 sustinuit
2465 3386 2720 3433 mortem.
2756 3376 2914 3444 Quod
2948 3385 3003 3433 et
3034 3376 3156 3433 sine
3199 3377 3485 3434 fermento
3520 3388 3651 3443 esse,
3682 3373 3727 3428 id

2160 3479 2245 3526 est
2282 3470 2548 3525 mundum
2597 3469 2667 3526 ab
2716 3469 2975 3526 exteriori
3019 3469 3138 3525 vult
3178 3486 3317 3527 esse
3356 3470 3613 3527 doctrina.
3650 3467 3728 3522 Ait

2160 3570 2341 3617 autem
2379 3579 2393 3616 :

2234 3655 2442 3710 Divides
2480 3672 2542 3710 ea
2586 3655 2913 3710 minutatim.
2944 3651 3016 3710 Ut
3044 3654 3097 3709 in
3128 3655 3425 3725 passiones
3462 3657 3594 3727 ejus,
3619 3667 3725 3723 quae

2159 3761 2258 3817 per
2312 3756 2494 3816 partes
2543 3755 2973 3817 processerunt,
3027 3761 3351 3803 sermonem
3410 3747 3723 3808 dividamus,

2158 3837 2329 3893 veluti
2382 3837 2588 3909 alapis,
2637 3837 2904 3909 colaphis,
2938 3838 3151 3908 sputis,
3202 3840 3619 3910 conﬁxioneque
3657 3835 3726 3890 la—

2164 3929 2316 3985 teris.

2232 4021 2483 4093 Etruriae:
2531 4037 2695 4091 supra
2745 4021 2936 4076 oleum.
2988 4019 3095 4076 Sed
3147 4021 3605 4092 quemadmodum
3647 4016 3722 4072 ille

2160 4113 2593 4171 miscricordiam
2641 4113 2694 4167 in
2738 4114 2899 4169 nobis
2946 4113 3176 4179 habens,
3213 4131 3319 4185 pro
3354 4116 3507 4171 nobis
3542 4117 3722 4168 semet-

2161 4206 2341 4277 ipsum
2379 4204 2617 4260 tradidit
2646 4205 2908 4275 passioni,
2955 4205 3035 4260 sic
3077 4215 3302 4276 oportet
3341 4215 3397 4263 et
3432 4221 3530 4261 nos
3559 4199 3723 4276 proxi-

2124 4330 2131 4333 -
2163 4299 2270 4354 mis
2312 4297 2586 4363 misereri,
2622 4294 2932 4368 passionem
2972 4296 3316 4353 Dominicam
3355 4299 3420 4353 ad
3452 4297 3606 4366 hujus
3640 4306 3721 4346 ac-

2164 4390 2436 4461 cipientes
2451 4389 2669 4460 pietatis
2681 4388 3013 4459 exemplum,
3031 4388 3177 4443 unde
3199 4389 3277 4443 ait
3297 4409 3310 4444 :
3333 4388 3721 4460 Eﬂ'undessupra

477 4477 601 4528 estis
632 4491 727 4544 per
755 4476 976 4528 istorum
1006 4475 1431 4543 inobedientiam,
1454 4479 1530 4532 sic
1556 4489 1603 4532 et
1631 4480 1721 4533 isti
1759 4496 1861 4534 non
1887 4482 2057 4535 credi-
2091 4479 2135 4535 D
2164 4485 2358 4551 oleum,
2387 4493 2447 4539 ut
2463 4493 2521 4538 et
2536 4482 2852 4538 nosviscera
2871 4481 3260 4537 misericordia:
3292 4475 3722 4537 Dominisemulc-

478 4567 665 4620 derunt
689 4566 747 4618 in
771 4575 942 4619 vestra
964 4566 1345 4635 misericordia,
1375 4578 1493 4623 utet
1508 4571 1609 4640 ipsi
1638 4572 2059 4627 misericordiam

478 4667 882 4728 consequantur.
938 4658 1207 4736 Conclusit
1261 4662 1400 4717 enim
1462 4662 1602 4718 Deus
1635 4665 1814 4719 omnia
1839 4664 1932 4719 sub
1950 4682 2062 4735 pec-

438 4772 442 4787 ι
477 4755 616 4813 cato,
640 4755 698 4800 ut
727 4749 965 4804 omnibus
989 4750 1306 4807 misereatur
1348 4754 1417 4808 ⁸³.
1469 4752 1900 4811 Misericordiam
1933 4757 2060 4812 ubi-

441 4851 585 4920 ﬁque
605 4837 841 4908 appellat
890 4841 1158 4898 adventus
1205 4842 1409 4899 Christi
1441 4848 1779 4915 mysterium,
1836 4858 2063 4920 propter

432 4918 624 5007 jquod
654 4942 824 4997 panes
878 4930 1099 5000 quidem
1154 4932 1210 4987 in
1275 4934 1398 4990 oleo
1436 4938 1720 5007 conspersi
1778 4918 2058 4994 dii-untur.

428 5010 439 5029 '
472 5017 762 5090 Propheta:
786 5029 969 5079 autem
992 5039 1099 5080 non
1123 5025 1221 5090 sic,
1247 5027 1343 5082 sed
1374 5017 1522 5084 velut
1542 5028 1597 5107 in
1627 5029 1913 5101 aenigmate
1937 5047 1951 5097 ;
1976 5031 2061 5086 di-

474 5109 552 5164 cit
579 5112 726 5167 enim
754 5113 925 5171 David
959 5131 975 5172 :
1004 5115 1367 5173 Misericordia
1396 5130 1447 5173 et
1496 5121 1693 5175 ueritas
1722 5116 2060 5177 obviaverurit

474 5201 651 5259 sibi".
678 5202 740 5260 Et
768 5220 958 5262 rursus
990 5224 1002 5261 :
1028 5207 1253 5264 Ostende
1287 5210 1453 5273 nobis,
1485 5211 1730 5277 Domine,
1755 5213 2058 5267 misericor-

475 5291 622 5347 diam
647 5302 797 5350 tuam
824 5306 873 5351 et
893 5299 1135 5354 salutare
1164 5310 1314 5356 tuum
1345 5303 1415 5359 da
1466 5303 1613 5358 nobis
1642 5304 1708 5357 “.
1760 5304 2053 5374 Propterea

470 5392 585 5436 non
606 5396 923 5456 conspersa,
952 5390 1046 5445 sed
1065 5389 1158 5445 lita
1180 5391 1302 5448 oleo
1328 5394 1521 5464 lagana
1552 5395 1912 5465 appellantur.
1946 5396 2051 5451 Sed

475 5473 694 5533 etillam
721 5480 931 5535 custodi
971 5482 1262 5539 verborum
1337 5486 1715 5551 subtilitatem,
1754 5489 2050 5559 quomodo,

476 5567 693 5630 quando
725 5571 840 5625 vult
870 5581 929 5628 ut
957 5589 1057 5630 nos
1083 5575 1460 5645 misereantur,
1523 5579 1656 5635 dicit
1709 5581 1778 5637 de
1839 5596 1907 5636 eo
1959 5580 2051 5649 qui

536 5698 590 5773 ’ξ
625 5700 783 5773 Joan.
826 5724 863 5773 ι,
898 5710 987 5765 29.

482 5769 525 5805 ⁸³
552 5770 749 5828 Etet-it.
786 5769 857 5842 tv,
880 5779 932 5833 5.
1008 5782 1052 5813 ⁹¹
1081 5782 1210 5837 Luc.
1240 5800 1312 5853 vt,
1343 5769 1429 5839 36.

2159 4592 2321 4639 mur;
2353 4574 2430 4630 ait
2455 4573 2659 4645 quippe
2697 4592 2712 4629 :
2742 4573 2923 4628 Estote
2972 4573 3339 4628 misericordes
3364 4573 3560 4627 sirutet
3579 4568 3723 4623 Pater

2157 4677 2326 4723 vester
2354 4665 2652 4720 misericors
2681 4672 2756 4718 est
2781 4664 2850 4719 ".
2882 4661 3019 4730 Quia
3051 4663 3196 4717 enim
3236 4663 3343 4720 hoc
3371 4664 3436 4719 de
3464 4655 3720 4715 Dominica

2157 4758 2507 4831 proposuerit
2567 4755 2823 4827 passione
2878 4753 3176 4825 capitulum
3202 4795 3220 4822 ,
3280 4750 3582 4825 designatio
3634 4746 3721 4799 de-

2159 4858 2430 4904 monstrat
2482 4848 2597 4917 ipsa
2652 4862 2989 4903 sermonum.
3046 4847 3202 4913 Quod
3246 4848 3392 4901 enim
3443 4836 3720 4899 secundum

2161 4939 2303 4997 LXX
2331 4940 2559 5004 addidit,
2590 4937 2925 5010 Sacriﬁcium
2971 4948 3046 4994 est
3090 4938 3333 5005 Domino,
3366 4938 3468 4993 hoc
3512 4932 3594 4988 hic
3638 4924 3722 4982 ad-

2158 5031 2296 5085 dens
2330 5030 2690 5100 pmcipuum,
2735 5030 2880 5101 quod
2912 5046 3180 5102 nusquam
3215 5031 3271 5086 in
3332 5029 3719 5086 ltolocautoma-

2159 5122 2230 5177 tis
2272 5121 2574 5192 inscripsit,
2611 5129 2707 5176 aut
2739 5121 2795 5176 in
2835 5122 2958 5177 aliis
2989 5138 3110 5192 qua:
3145 5122 3406 5194 praecepit
3437 5115 3675 5188 superius
3703 5124 3714 5159 :

2156 5212 2249 5268 hic
2291 5220 2473 5267 autem
2521 5212 2779 5268 addidit:
2816 5213 2945 5282 quia
2983 5212 3259 5286 Unigeniti
3306 5212 3484 5285 passio
3528 5201 3717 5262 sacriﬁ-

2161 5302 2305 5358 cium
2359 5303 2471 5358 Deo
2517 5301 2662 5359 Patri
2715 5303 2896 5359 oblata
2947 5314 3066 5371 est,
3119 5305 3468 5376 semetipsum
3498 5294 3715 5354 Christo,

2162 5396 2622 5465 quemadmodum
2674 5397 2751 5452 ait
2806 5396 3040 5464 Paulus,
3086 5395 3354 5453 oﬁ‘erente
3381 5413 3394 5450 :
3425 5393 3497 5448 ait
3540 5385 3713 5443 enim:

2163 5485 2222 5541 Si
2248 5487 2387 5541 enim
2415 5488 2634 5558 sanguis
2680 5495 2957 5543 taurorum
3011 5498 3058 5544 et
3090 5490 3373 5550 hircorum,
3404 5494 3452 5540 et
3490 5479 3613 5536 ciuis
3646 5487 3716 5527 vt-

2162 5579 2290 5635 tulte
2312 5596 2558 5649 aspersus
2586 5580 2952 5651 coinquinatae
2983 5582 3280 5650 sanctiﬁcat
3309 5579 3380 5634 ad
3402 5567 3711 5631 emundatio'

1083 5712 1129 5790 f‘
1177 5713 1307 5769 Luc.
1344 5717 1523 5790 1.53.
1598 5717 1641 5750 ⁸⁷
1665 5716 1802 5774 Gen.
1834 5734 1928 5785 xv,
1974 5718 2059 5773 i7.

2199 5716 2358 5773 Rom.
2391 5719 2690 5785 xt,50°59..
2768 5720 2816 5754 θ’
2841 5719 2985 5777 Psal.
3048 5737 3271 5790 currv,
3327 5718 3380 5775 8.
3454 5712 3498 5746 ”
3521 5704 3640 5764 ibid.
3661 5699 3708 5753 8.
