  <div class='ocr_page' id='page_1' title='image "/cluster/home/n/w/nwhite01/storage/ocr_20150623/93/coo.31924054869973/416.png"; bbox 0 0 3942 6430; ppageno 0'>
   <div class='ocr_carea' id='block_1_1' title="bbox 225 358 333 428">
    <p class='ocr_par' dir='ltr' id='par_1_1' title="bbox 225 358 333 428">
     <span class='ocr_line' id='line_1_1' title="bbox 225 358 333 428; baseline -0.019 0"><span class='ocrx_word' id='word_1_1' title='bbox 225 358 333 428; x_wconf 62' lang='grc' dir='ltr'><strong>Βῡθ</strong></span> 
     </span>
    </p>
   </div>
   <div class='ocr_carea' id='block_1_2' title="bbox 1349 364 2348 426">
    <p class='ocr_par' dir='ltr' id='par_1_2' title="bbox 1349 364 2348 426">
     <span class='ocr_line' id='line_1_2' title="bbox 1349 364 2348 426; baseline 0 -4"><span class='ocrx_word' id='word_1_2' title='bbox 1349 394 1354 400; x_wconf 96' lang='grc'><strong>-</strong></span> <span class='ocrx_word' id='word_1_3' title='bbox 1399 365 1477 422; x_wconf 71' lang='lat' dir='ltr'><strong>l.‘i</strong></span> <span class='ocrx_word' id='word_1_4' title='bbox 1521 365 1960 424; x_wconf 68' lang='lat' dir='ltr'><strong>LEYI&#39;l&#39;ltlUM.</strong></span> <span class='ocrx_word' id='word_1_5' title='bbox 2005 391 2067 398; x_wconf 58' lang='grc' dir='ltr'><strong>ὀ-</strong></span> <span class='ocrx_word' id='word_1_6' title='bbox 2113 367 2256 426; x_wconf 76' lang='lat' dir='ltr'><strong>LIB.</strong></span> <span class='ocrx_word' id='word_1_7' title='bbox 2300 364 2348 424; x_wconf 91' lang='grc' dir='ltr'>Ι.</span> 
     </span>
    </p>
   </div>
   <div class='ocr_carea' id='block_1_3' title="bbox 3405 369 3526 433">
    <p class='ocr_par' dir='ltr' id='par_1_3' title="bbox 3405 369 3526 433">
     <span class='ocr_line' id='line_1_3' title="bbox 3405 369 3526 433; baseline 0.008 -1"><span class='ocrx_word' id='word_1_8' title='bbox 3405 369 3526 433; x_wconf 71' lang='grc' dir='ltr'><strong>81το-</strong></span> 
     </span>
    </p>
   </div>
   <div class='ocr_carea' id='block_1_4' title="bbox 231 467 3513 547">
    <p class='ocr_par' dir='ltr' id='par_1_4' title="bbox 231 467 3513 547">
     <span class='ocr_line' id='line_1_4' title="bbox 231 467 3513 547; baseline 0.002 -23"><span class='ocrx_word' id='word_1_9' title='bbox 231 470 784 537; x_wconf 57' lang='lat' dir='ltr'><strong>uemcarnis.&#39;quanto</strong></span> <span class='ocrx_word' id='word_1_10' title='bbox 807 470 972 538; x_wconf 76' lang='lat' dir='ltr'><strong>magis</strong></span> <span class='ocrx_word' id='word_1_11' title='bbox 987 471 1201 538; x_wconf 75' lang='lat' dir='ltr'><strong>sanguis</strong></span> <span class='ocrx_word' id='word_1_12' title='bbox 1227 469 1442 533; x_wconf 72' lang='lat' dir='ltr'><strong>Christi,</strong></span> <span class='ocrx_word' id='word_1_13' title='bbox 1469 471 1557 539; x_wconf 83' lang='lat' dir='ltr'><strong>qui</strong></span> <span class='ocrx_word' id='word_1_14' title='bbox 1584 486 1675 537; x_wconf 78' lang='lat' dir='ltr'><strong>per</strong></span> <span class='ocrx_word' id='word_1_15' title='bbox 1701 467 1822 538; x_wconf 84' lang='lat' dir='ltr'><strong>Spi-</strong></span> <span class='ocrx_word' id='word_1_16' title='bbox 1857 483 1895 531; x_wconf 74' lang='grc' dir='ltr'><strong>Α</strong></span> <span class='ocrx_word' id='word_1_17' title='bbox 1932 478 1986 521; x_wconf 82' lang='lat' dir='ltr'><strong>et</strong></span> <span class='ocrx_word' id='word_1_18' title='bbox 2021 471 2240 524; x_wconf 86' lang='lat' dir='ltr'><strong>dedisse</strong></span> <span class='ocrx_word' id='word_1_19' title='bbox 2272 471 2390 523; x_wconf 78' lang='lat' dir='ltr'><strong>\‘ltU</strong></span> <span class='ocrx_word' id='word_1_20' title='bbox 2430 471 2520 540; x_wconf 85' lang='lat' dir='ltr'><strong>qui</strong></span> <span class='ocrx_word' id='word_1_21' title='bbox 2551 471 2781 528; x_wconf 82' lang='lat' dir='ltr'><strong>vestitus</strong></span> <span class='ocrx_word' id='word_1_22' title='bbox 2811 483 2928 528; x_wconf 83' lang='lat' dir='ltr'><strong>erat</strong></span> <span class='ocrx_word' id='word_1_23' title='bbox 2965 475 3146 540; x_wconf 90' lang='lat' dir='ltr'><strong>lineis,</strong></span> <span class='ocrx_word' id='word_1_24' title='bbox 3178 478 3352 547; x_wconf 83' lang='lat' dir='ltr'><strong>ipsum</strong></span> <span class='ocrx_word' id='word_1_25' title='bbox 3384 497 3513 536; x_wconf 81' lang='lat' dir='ltr'><strong>vero</strong></span> 
     </span>
    </p>
   </div>
   <div class='ocr_carea' id='block_1_5' title="bbox 233 559 1822 621">
    <p class='ocr_par' dir='ltr' id='par_1_5' title="bbox 233 559 1822 621">
     <span class='ocr_line' id='line_1_5' title="bbox 233 559 1822 621; baseline 0 -9"><span class='ocrx_word' id='word_1_26' title='bbox 233 565 390 613; x_wconf 84' lang='lat' dir='ltr'><strong>ritum</strong></span> <span class='ocrx_word' id='word_1_27' title='bbox 409 570 647 613; x_wconf 83' lang='lat' dir='ltr'><strong>sanctum</strong></span> <span class='ocrx_word' id='word_1_28' title='bbox 665 560 998 621; x_wconf 79' lang='lat' dir='ltr'><strong>semetipsum</strong></span> <span class='ocrx_word' id='word_1_29' title='bbox 1021 559 1201 612; x_wconf 88' lang='lat' dir='ltr'><strong>obtulit</strong></span> <span class='ocrx_word' id='word_1_30' title='bbox 1218 559 1619 612; x_wconf 82' lang='lat' dir='ltr'><strong>immaculatum</strong></span> <span class='ocrx_word' id='word_1_31' title='bbox 1635 560 1822 612; x_wconf 74' lang='lat' dir='ltr'><strong>Deo”?</strong></span> 
     </span>
    </p>
   </div>
   <div class='ocr_carea' id='block_1_6' title="bbox 309 646 1824 701">
    <p class='ocr_par' dir='ltr' id='par_1_6' title="bbox 309 646 1824 701">
     <span class='ocr_line' id='line_1_6' title="bbox 309 646 1824 701; baseline -0.001 0"><span class='ocrx_word' id='word_1_32' title='bbox 309 649 469 701; x_wconf 71' lang='lat' dir='ltr'><strong>Vnus.</strong></span> <span class='ocrx_word' id='word_1_33' title='bbox 514 648 666 700; x_wconf 78' lang='grc' dir='ltr'><strong>Ἱ-ιυ.</strong></span> <span class='ocrx_word' id='word_1_34' title='bbox 707 665 724 696; x_wconf 79' lang='lat' dir='ltr'><strong>t</strong></span> <span class='ocrx_word' id='word_1_35' title='bbox 759 646 857 700; x_wconf 83' lang='lat' dir='ltr'><strong>Sin</strong></span> <span class='ocrx_word' id='word_1_36' title='bbox 888 657 1069 700; x_wconf 90' lang='lat' dir='ltr'><strong>autem</strong></span> <span class='ocrx_word' id='word_1_37' title='bbox 1114 647 1181 700; x_wconf 89' lang='lat' dir='ltr'><strong>de</strong></span> <span class='ocrx_word' id='word_1_38' title='bbox 1225 647 1485 701; x_wconf 84' lang='lat' dir='ltr'><strong>craticula</strong></span> <span class='ocrx_word' id='word_1_39' title='bbox 1529 646 1692 701; x_wconf 87' lang='lat' dir='ltr'><strong>fuerit</strong></span> <span class='ocrx_word' id='word_1_40' title='bbox 1738 661 1824 699; x_wconf 85' lang='lat' dir='ltr'><strong>sa-</strong></span> 
     </span>
    </p>
   </div>
   <div class='ocr_carea' id='block_1_7' title="bbox 233 738 1823 809">
    <p class='ocr_par' dir='ltr' id='par_1_7' title="bbox 233 738 1823 809">
     <span class='ocr_line' id='line_1_7' title="bbox 233 738 1823 809; baseline -0.001 -15"><span class='ocrx_word' id='word_1_41' title='bbox 233 741 543 802; x_wconf 72' lang='lat' dir='ltr'><strong>erilit-ittttt,</strong></span> <span class='ocrx_word' id='word_1_42' title='bbox 594 754 749 809; x_wconf 73' lang='lat' dir='ltr'><strong>a-qtte</strong></span> <span class='ocrx_word' id='word_1_43' title='bbox 801 739 978 792; x_wconf 80' lang='lat' dir='ltr'><strong>simila</strong></span> <span class='ocrx_word' id='word_1_44' title='bbox 1037 738 1158 792; x_wconf 87' lang='lat' dir='ltr'><strong>oleo</strong></span> <span class='ocrx_word' id='word_1_45' title='bbox 1215 748 1627 809; x_wconf 70' lang='lat' dir='ltr'><strong>consliergetur,</strong></span> <span class='ocrx_word' id='word_1_46' title='bbox 1657 753 1823 808; x_wconf 80' lang='lat' dir='ltr'><strong>quam</strong></span> 
     </span>
    </p>
   </div>
   <div class='ocr_carea' id='block_1_8' title="bbox 225 830 1823 901">
    <p class='ocr_par' dir='ltr' id='par_1_8' title="bbox 225 830 1823 901">
     <span class='ocr_line' id='line_1_8' title="bbox 225 830 1823 901; baseline -0.001 -16"><span class='ocrx_word' id='word_1_47' title='bbox 225 833 472 885; x_wconf 78' lang='lat' dir='ltr'><strong>otl‘erens</strong></span> <span class='ocrx_word' id='word_1_48' title='bbox 525 831 759 885; x_wconf 90' lang='lat' dir='ltr'><strong>Domino</strong></span> <span class='ocrx_word' id='word_1_49' title='bbox 812 830 989 884; x_wconf 96' lang='lat' dir='ltr'><strong>tradet</strong></span> <span class='ocrx_word' id='word_1_50' title='bbox 1040 831 1294 884; x_wconf 89' lang='lat' dir='ltr'><strong>manibus</strong></span> <span class='ocrx_word' id='word_1_51' title='bbox 1339 831 1638 885; x_wconf 89' lang='lat' dir='ltr'><strong>sacerdotis</strong></span> <span class='ocrx_word' id='word_1_52' title='bbox 1682 850 1694 885; x_wconf 92' lang='lat'>:</span> <span class='ocrx_word' id='word_1_53' title='bbox 1731 831 1823 901; x_wconf 88' lang='lat' dir='ltr'><strong>qui</strong></span> 
     </span>
    </p>
   </div>
   <div class='ocr_carea' id='block_1_9' title="bbox 234 923 1822 987">
    <p class='ocr_par' dir='ltr' id='par_1_9' title="bbox 234 923 1822 987">
     <span class='ocr_line' id='line_1_9' title="bbox 234 923 1822 987; baseline 0.003 -13"><span class='ocrx_word' id='word_1_54' title='bbox 234 941 358 977; x_wconf 80' lang='lat' dir='ltr'><strong>cum</strong></span> <span class='ocrx_word' id='word_1_55' title='bbox 399 923 662 978; x_wconf 91' lang='lat' dir='ltr'><strong>obtulerit</strong></span> <span class='ocrx_word' id='word_1_56' title='bbox 704 939 850 984; x_wconf 89' lang='lat' dir='ltr'><strong>eam,</strong></span> <span class='ocrx_word' id='word_1_57' title='bbox 890 923 1043 977; x_wconf 92' lang='lat' dir='ltr'><strong>tollet</strong></span> <span class='ocrx_word' id='word_1_58' title='bbox 1085 924 1401 978; x_wconf 86' lang='lat' dir='ltr'><strong>memoriale</strong></span> <span class='ocrx_word' id='word_1_59' title='bbox 1433 924 1500 978; x_wconf 90' lang='lat' dir='ltr'><strong>de</strong></span> <span class='ocrx_word' id='word_1_60' title='bbox 1535 923 1822 987; x_wconf 78' lang='lat' dir='ltr'><strong>sacriﬁcio,</strong></span> 
     </span>
    </p>
   </div>
   <div class='ocr_carea' id='block_1_10' title="bbox 227 1015 1824 1086">
    <p class='ocr_par' dir='ltr' id='par_1_10' title="bbox 227 1015 1824 1086">
     <span class='ocr_line' id='line_1_10' title="bbox 227 1015 1824 1086; baseline -0.001 -16"><span class='ocrx_word' id='word_1_61' title='bbox 227 1028 289 1071; x_wconf 77' lang='lat' dir='ltr'><strong>et</strong></span> <span class='ocrx_word' id='word_1_62' title='bbox 326 1017 570 1070; x_wconf 80' lang='lat' dir='ltr'><strong>adolebit</strong></span> <span class='ocrx_word' id='word_1_63' title='bbox 615 1031 769 1086; x_wconf 62' lang='lat' dir='ltr'><strong>super</strong></span> <span class='ocrx_word' id='word_1_64' title='bbox 825 1016 998 1070; x_wconf 86' lang='lat' dir='ltr'><strong>altare</strong></span> <span class='ocrx_word' id='word_1_65' title='bbox 1031 1019 1085 1068; x_wconf 85' lang='lat' dir='ltr'><strong>in</strong></span> <span class='ocrx_word' id='word_1_66' title='bbox 1123 1016 1348 1071; x_wconf 83' lang='lat' dir='ltr'><strong>odorem</strong></span> <span class='ocrx_word' id='word_1_67' title='bbox 1388 1017 1674 1072; x_wconf 84' lang='lat' dir='ltr'><strong>suavitatis</strong></span> <span class='ocrx_word' id='word_1_68' title='bbox 1711 1015 1824 1069; x_wconf 84' lang='lat' dir='ltr'><strong>De-</strong></span> 
     </span>
    </p>
   </div>
   <div class='ocr_carea' id='block_1_11' title="bbox 236 1106 1821 1177">
    <p class='ocr_par' dir='ltr' id='par_1_11' title="bbox 236 1106 1821 1177">
     <span class='ocr_line' id='line_1_11' title="bbox 236 1106 1821 1177; baseline 0 -15"><span class='ocrx_word' id='word_1_69' title='bbox 236 1107 406 1162; x_wconf 84' lang='lat' dir='ltr'><strong>iuino.</strong></span> <span class='ocrx_word' id='word_1_70' title='bbox 461 1106 737 1176; x_wconf 81' lang='lat' dir='ltr'><strong>Quidquid</strong></span> <span class='ocrx_word' id='word_1_71' title='bbox 788 1115 971 1162; x_wconf 86' lang='lat' dir='ltr'><strong>autem</strong></span> <span class='ocrx_word' id='word_1_72' title='bbox 1023 1107 1294 1177; x_wconf 88' lang='lat' dir='ltr'><strong>reliquum</strong></span> <span class='ocrx_word' id='word_1_73' title='bbox 1347 1117 1450 1170; x_wconf 88' lang='lat' dir='ltr'><strong>est,</strong></span> <span class='ocrx_word' id='word_1_74' title='bbox 1493 1110 1598 1163; x_wconf 88' lang='lat' dir='ltr'><strong>erit</strong></span> <span class='ocrx_word' id='word_1_75' title='bbox 1641 1111 1821 1162; x_wconf 85' lang='lat' dir='ltr'><strong>Aaron</strong></span> 
     </span>
    </p>
   </div>
   <div class='ocr_carea' id='block_1_12' title="bbox 236 1187 1824 1270">
    <p class='ocr_par' dir='ltr' id='par_1_12' title="bbox 236 1187 1824 1270">
     <span class='ocr_line' id='line_1_12' title="bbox 236 1187 1824 1270; baseline 0.003 -18"><span class='ocrx_word' id='word_1_76' title='bbox 236 1210 291 1253; x_wconf 89' lang='lat' dir='ltr'><strong>et</strong></span> <span class='ocrx_word' id='word_1_77' title='bbox 325 1199 562 1252; x_wconf 87' lang='lat' dir='ltr'><strong>ﬁliorum</strong></span> <span class='ocrx_word' id='word_1_78' title='bbox 606 1199 748 1270; x_wconf 83' lang='lat' dir='ltr'><strong>ejus,</strong></span> <span class='ocrx_word' id='word_1_79' title='bbox 791 1209 1041 1254; x_wconf 89' lang='lat' dir='ltr'><strong>sanetum</strong></span> <span class='ocrx_word' id='word_1_80' title='bbox 1085 1187 1399 1256; x_wconf 82' lang='lat' dir='ltr'><strong>sanctorum</strong></span> <span class='ocrx_word' id='word_1_81' title='bbox 1437 1203 1505 1257; x_wconf 90' lang='lat' dir='ltr'><strong>de</strong></span> <span class='ocrx_word' id='word_1_82' title='bbox 1531 1200 1824 1256; x_wconf 86' lang='lat' dir='ltr'><strong>oblationi-</strong></span> 
     </span>
    </p>
   </div>
   <div class='ocr_carea' id='block_1_13' title="bbox 237 1289 1084 1366">
    <p class='ocr_par' dir='ltr' id='par_1_13' title="bbox 237 1289 1084 1366">
     <span class='ocr_line' id='line_1_13' title="bbox 237 1289 1084 1366; baseline -0.002 -22"><span class='ocrx_word' id='word_1_83' title='bbox 237 1292 338 1345; x_wconf 85' lang='lat' dir='ltr'><strong>bus</strong></span> <span class='ocrx_word' id='word_1_84' title='bbox 367 1289 606 1344; x_wconf 85' lang='lat' dir='ltr'><strong>Domini.</strong></span> <span class='ocrx_word' id='word_1_85' title='bbox 639 1309 660 1341; x_wconf 74' lang='grc' dir='ltr'><strong><em>ι</em></strong></span> <span class='ocrx_word' id='word_1_86' title='bbox 1079 1359 1084 1366; x_wconf 83' lang='lat'><em>_</em></span> 
     </span>
    </p>
   </div>
   <div class='ocr_carea' id='block_1_14' title="bbox 303 1379 1824 1451">
    <p class='ocr_par' dir='ltr' id='par_1_14' title="bbox 303 1379 1824 1451">
     <span class='ocr_line' id='line_1_14' title="bbox 303 1379 1824 1451; baseline -0.001 -16"><span class='ocrx_word' id='word_1_87' title='bbox 303 1379 524 1435; x_wconf 84' lang='lat' dir='ltr'><strong>Similia</strong></span> <span class='ocrx_word' id='word_1_88' title='bbox 555 1381 838 1449; x_wconf 89' lang='lat' dir='ltr'><strong>disputare</strong></span> <span class='ocrx_word' id='word_1_89' title='bbox 880 1388 935 1434; x_wconf 90' lang='lat' dir='ltr'><strong>et</strong></span> <span class='ocrx_word' id='word_1_90' title='bbox 971 1379 1035 1434; x_wconf 84' lang='lat' dir='ltr'><strong>de</strong></span> <span class='ocrx_word' id='word_1_91' title='bbox 1071 1379 1476 1436; x_wconf 83' lang='lat' dir='ltr'><strong>resurrectione</strong></span> <span class='ocrx_word' id='word_1_92' title='bbox 1513 1380 1824 1451; x_wconf 87' lang='lat' dir='ltr'><strong>disceptan-</strong></span> 
     </span>
    </p>
   </div>
   <div class='ocr_carea' id='block_1_15' title="bbox 225 1469 1823 1540">
    <p class='ocr_par' dir='ltr' id='par_1_15' title="bbox 225 1469 1823 1540">
     <span class='ocr_line' id='line_1_15' title="bbox 225 1469 1823 1540; baseline 0.001 -17"><span class='ocrx_word' id='word_1_93' title='bbox 225 1469 344 1524; x_wconf 74' lang='lat' dir='ltr'><strong>‘ttm</strong></span> <span class='ocrx_word' id='word_1_94' title='bbox 390 1470 525 1536; x_wconf 90' lang='lat' dir='ltr'><strong>vult,</strong></span> <span class='ocrx_word' id='word_1_95' title='bbox 557 1471 717 1539; x_wconf 86' lang='lat' dir='ltr'><strong>cujus</strong></span> <span class='ocrx_word' id='word_1_96' title='bbox 747 1469 1068 1540; x_wconf 77' lang='lat' dir='ltr'><strong>mysterium</strong></span> <span class='ocrx_word' id='word_1_97' title='bbox 1113 1470 1430 1525; x_wconf 84' lang='lat' dir='ltr'><strong>craticulam</strong></span> <span class='ocrx_word' id='word_1_98' title='bbox 1479 1485 1588 1524; x_wconf 92' lang='lat' dir='ltr'><strong>non</strong></span> <span class='ocrx_word' id='word_1_99' title='bbox 1625 1471 1823 1526; x_wconf 84' lang='lat' dir='ltr'><strong>frustra</strong></span> 
     </span>
    </p>
   </div>
   <div class='ocr_carea' id='block_1_16' title="bbox 232 1560 1822 1632">
    <p class='ocr_par' dir='ltr' id='par_1_16' title="bbox 232 1560 1822 1632">
     <span class='ocr_line' id='line_1_16' title="bbox 232 1560 1822 1632; baseline 0.003 -18"><span class='ocrx_word' id='word_1_100' title='bbox 232 1562 549 1631; x_wconf 78' lang='lat' dir='ltr'><strong>appellavit,</strong></span> <span class='ocrx_word' id='word_1_101' title='bbox 585 1562 680 1617; x_wconf 89' lang='lat' dir='ltr'><strong>sed</strong></span> <span class='ocrx_word' id='word_1_102' title='bbox 715 1577 813 1630; x_wconf 91' lang='lat' dir='ltr'><strong>per</strong></span> <span class='ocrx_word' id='word_1_103' title='bbox 843 1560 1162 1615; x_wconf 83' lang='lat' dir='ltr'><strong>craticulam</strong></span> <span class='ocrx_word' id='word_1_104' title='bbox 1202 1572 1437 1616; x_wconf 89' lang='lat' dir='ltr'><strong>mortem</strong></span> <span class='ocrx_word' id='word_1_105' title='bbox 1476 1562 1822 1632; x_wconf 65' lang='lat' dir='ltr'><strong>signiﬁcavit.</strong></span> 
     </span>
    </p>
   </div>
   <div class='ocr_carea' id='block_1_17' title="bbox 235 1653 1822 1723">
    <p class='ocr_par' dir='ltr' id='par_1_17' title="bbox 235 1653 1822 1723">
     <span class='ocr_line' id='line_1_17' title="bbox 235 1653 1822 1723; baseline 0.003 -16"><span class='ocrx_word' id='word_1_106' title='bbox 235 1654 392 1709; x_wconf 71' lang='lat' dir='ltr'><strong>Sicut</strong></span> <span class='ocrx_word' id='word_1_107' title='bbox 441 1666 626 1709; x_wconf 88' lang='lat' dir='ltr'><strong>autem</strong></span> <span class='ocrx_word' id='word_1_108' title='bbox 673 1655 728 1708; x_wconf 93' lang='lat' dir='ltr'><strong>in</strong></span> <span class='ocrx_word' id='word_1_109' title='bbox 778 1653 1052 1723; x_wconf 77' lang='lat' dir='ltr'><strong>sartagine</strong></span> <span class='ocrx_word' id='word_1_110' title='bbox 1097 1654 1435 1708; x_wconf 89' lang='lat' dir='ltr'><strong>Dominicam</strong></span> <span class='ocrx_word' id='word_1_111' title='bbox 1469 1670 1688 1712; x_wconf 89' lang='lat' dir='ltr'><strong>erucem</strong></span> <span class='ocrx_word' id='word_1_112' title='bbox 1729 1672 1822 1711; x_wconf 90' lang='lat' dir='ltr'><strong>su-</strong></span> 
     </span>
    </p>
   </div>
   <div class='ocr_carea' id='block_1_18' title="bbox 228 1746 1820 1818">
    <p class='ocr_par' dir='ltr' id='par_1_18' title="bbox 228 1746 1820 1818">
     <span class='ocr_line' id='line_1_18' title="bbox 228 1746 1820 1818; baseline 0.003 -19"><span class='ocrx_word' id='word_1_113' title='bbox 228 1763 330 1818; x_wconf 87' lang='lat' dir='ltr'><strong>pra</strong></span> <span class='ocrx_word' id='word_1_114' title='bbox 366 1747 706 1817; x_wconf 85' lang='lat' dir='ltr'><strong>accepimus,</strong></span> <span class='ocrx_word' id='word_1_115' title='bbox 739 1747 810 1800; x_wconf 90' lang='lat' dir='ltr'><strong>ita</strong></span> <span class='ocrx_word' id='word_1_116' title='bbox 845 1746 901 1800; x_wconf 91' lang='lat' dir='ltr'><strong>in</strong></span> <span class='ocrx_word' id='word_1_117' title='bbox 940 1746 1199 1800; x_wconf 87' lang='lat' dir='ltr'><strong>craticula</strong></span> <span class='ocrx_word' id='word_1_118' title='bbox 1242 1756 1496 1813; x_wconf 87' lang='lat' dir='ltr'><strong>mortem,</strong></span> <span class='ocrx_word' id='word_1_119' title='bbox 1527 1749 1622 1802; x_wconf 89' lang='lat' dir='ltr'><strong>sed</strong></span> <span class='ocrx_word' id='word_1_120' title='bbox 1656 1757 1710 1802; x_wconf 81' lang='lat' dir='ltr'><strong>et</strong></span> <span class='ocrx_word' id='word_1_121' title='bbox 1737 1763 1820 1804; x_wconf 72' lang='grc' dir='ltr'><strong>εθ-</strong></span> 
     </span>
    </p>
   </div>
   <div class='ocr_carea' id='block_1_19' title="bbox 1929 557 3490 642">
    <p class='ocr_par' dir='ltr' id='par_1_19' title="bbox 1929 557 3490 642">
     <span class='ocr_line' id='line_1_19' title="bbox 1929 557 3490 642; baseline 0.012 -34"><span class='ocrx_word' id='word_1_122' title='bbox 1929 557 2257 625; x_wconf 76' lang='lat' dir='ltr'><strong>dispersisse</strong></span> <span class='ocrx_word' id='word_1_123' title='bbox 2290 560 2600 614; x_wconf 70' lang='lat' dir='ltr'><strong>incendium</strong></span> <span class='ocrx_word' id='word_1_124' title='bbox 2639 564 2702 611; x_wconf 72' lang='lat'><strong>9‘.</strong></span> <span class='ocrx_word' id='word_1_125' title='bbox 2738 561 2944 619; x_wconf 86' lang='lat' dir='ltr'><strong>Docere</strong></span> <span class='ocrx_word' id='word_1_126' title='bbox 2981 575 3163 620; x_wconf 84' lang='lat' dir='ltr'><strong>autem</strong></span> <span class='ocrx_word' id='word_1_127' title='bbox 3213 585 3318 624; x_wconf 88' lang='lat' dir='ltr'><strong>nos</strong></span> <span class='ocrx_word' id='word_1_128' title='bbox 3358 571 3490 642; x_wconf 79' lang='lat' dir='ltr'><strong>legis</strong></span> 
     </span>
    </p>
   </div>
   <div class='ocr_carea' id='block_1_20' title="bbox 1927 649 3514 728">
    <p class='ocr_par' dir='ltr' id='par_1_20' title="bbox 1927 649 3514 728">
     <span class='ocr_line' id='line_1_20' title="bbox 1927 649 3514 728; baseline 0.01 -26"><span class='ocrx_word' id='word_1_129' title='bbox 1927 649 2066 702; x_wconf 87' lang='lat' dir='ltr'><strong>lator</strong></span> <span class='ocrx_word' id='word_1_130' title='bbox 2094 653 2286 707; x_wconf 87' lang='lat' dir='ltr'><strong>volens</strong></span> <span class='ocrx_word' id='word_1_131' title='bbox 2305 653 2356 707; x_wconf 93' lang='lat' dir='ltr'><strong>in</strong></span> <span class='ocrx_word' id='word_1_132' title='bbox 2379 654 2572 723; x_wconf 80' lang='lat' dir='ltr'><strong>aliquo</strong></span> <span class='ocrx_word' id='word_1_133' title='bbox 2611 657 2868 724; x_wconf 76' lang='lat' dir='ltr'><strong>pra-dicta</strong></span> <span class='ocrx_word' id='word_1_134' title='bbox 2893 660 3174 728; x_wconf 82' lang='lat' dir='ltr'><strong>mysteria,</strong></span> <span class='ocrx_word' id='word_1_135' title='bbox 3195 665 3514 718; x_wconf 85' lang='lat' dir='ltr'><strong>eorumdent</strong></span> 
     </span>
    </p>
   </div>
   <div class='ocr_carea' id='block_1_21' title="bbox 1928 743 3513 820">
    <p class='ocr_par' dir='ltr' id='par_1_21' title="bbox 1928 743 3513 820">
     <span class='ocr_line' id='line_1_21' title="bbox 1928 743 3513 820; baseline 0.008 -25"><span class='ocrx_word' id='word_1_136' title='bbox 1928 743 2195 797; x_wconf 83' lang='lat' dir='ltr'><strong>rationein</strong></span> <span class='ocrx_word' id='word_1_137' title='bbox 2229 746 2621 802; x_wconf 78' lang='lat' dir='ltr'><strong>sacriﬁciorum</strong></span> <span class='ocrx_word' id='word_1_138' title='bbox 2652 749 2736 802; x_wconf 85' lang='lat' dir='ltr'><strong>his</strong></span> <span class='ocrx_word' id='word_1_139' title='bbox 2761 751 3084 819; x_wconf 81' lang='lat' dir='ltr'><strong>recapitulat</strong></span> <span class='ocrx_word' id='word_1_140' title='bbox 3116 754 3317 820; x_wconf 84' lang='lat' dir='ltr'><strong>verbis,</strong></span> <span class='ocrx_word' id='word_1_141' title='bbox 3344 754 3513 820; x_wconf 83' lang='lat' dir='ltr'><strong>Quam</strong></span> 
     </span>
    </p>
   </div>
   <div class='ocr_carea' id='block_1_22' title="bbox 1924 835 3516 910">
    <p class='ocr_par' dir='ltr' id='par_1_22' title="bbox 1924 835 3516 910">
     <span class='ocr_line' id='line_1_22' title="bbox 1924 835 3516 910; baseline 0.009 -22"><span class='ocrx_word' id='word_1_142' title='bbox 1924 836 2108 904; x_wconf 58' lang='lat' dir='ltr'><strong>offeres</strong></span> <span class='ocrx_word' id='word_1_143' title='bbox 2146 835 2393 902; x_wconf 85' lang='lat' dir='ltr'><strong>Domino,</strong></span> <span class='ocrx_word' id='word_1_144' title='bbox 2425 856 2586 909; x_wconf 60' lang='lat' dir='ltr'><strong>tinam</strong></span> <span class='ocrx_word' id='word_1_145' title='bbox 2627 842 2814 910; x_wconf 85' lang='lat' dir='ltr'><strong>utique</strong></span> <span class='ocrx_word' id='word_1_146' title='bbox 2849 843 2916 898; x_wconf 89' lang='lat' dir='ltr'><strong>de</strong></span> <span class='ocrx_word' id='word_1_147' title='bbox 2944 840 3182 907; x_wconf 82' lang='lat' dir='ltr'><strong>clibano,</strong></span> <span class='ocrx_word' id='word_1_148' title='bbox 3218 849 3368 901; x_wconf 84' lang='lat' dir='ltr'><strong>etde</strong></span> <span class='ocrx_word' id='word_1_149' title='bbox 3397 864 3516 903; x_wconf 86' lang='lat' dir='ltr'><strong>sar-</strong></span> 
     </span>
    </p>
   </div>
   <div class='ocr_carea' id='block_1_23' title="bbox 1930 923 3513 998">
    <p class='ocr_par' dir='ltr' id='par_1_23' title="bbox 1930 923 3513 998">
     <span class='ocr_line' id='line_1_23' title="bbox 1930 923 3513 998; baseline 0.009 -22"><span class='ocrx_word' id='word_1_150' title='bbox 1930 923 2131 992; x_wconf 80' lang='lat' dir='ltr'><strong>tagine,</strong></span> <span class='ocrx_word' id='word_1_151' title='bbox 2166 933 2220 977; x_wconf 87' lang='lat' dir='ltr'><strong>et</strong></span> <span class='ocrx_word' id='word_1_152' title='bbox 2252 925 2319 979; x_wconf 85' lang='lat' dir='ltr'><strong>de</strong></span> <span class='ocrx_word' id='word_1_153' title='bbox 2367 928 2646 993; x_wconf 90' lang='lat' dir='ltr'><strong>craticula,</strong></span> <span class='ocrx_word' id='word_1_154' title='bbox 2689 930 2741 984; x_wconf 91' lang='lat' dir='ltr'><strong>id</strong></span> <span class='ocrx_word' id='word_1_155' title='bbox 2789 940 2875 985; x_wconf 88' lang='lat' dir='ltr'><strong>est</strong></span> <span class='ocrx_word' id='word_1_156' title='bbox 2925 934 3227 989; x_wconf 77' lang='lat' dir='ltr'><strong>nativitatis</strong></span> <span class='ocrx_word' id='word_1_157' title='bbox 3273 934 3513 998; x_wconf 85' lang='lat' dir='ltr'><strong>Domini,</strong></span> 
     </span>
    </p>
   </div>
   <div class='ocr_carea' id='block_1_24' title="bbox 1927 1015 3514 1097">
    <p class='ocr_par' dir='ltr' id='par_1_24' title="bbox 1927 1015 3514 1097">
     <span class='ocr_line' id='line_1_24' title="bbox 1927 1015 3514 1097; baseline 0.011 -33"><span class='ocrx_word' id='word_1_158' title='bbox 1927 1022 1983 1065; x_wconf 91' lang='lat' dir='ltr'><strong>et</strong></span> <span class='ocrx_word' id='word_1_159' title='bbox 2009 1015 2308 1082; x_wconf 80' lang='lat' dir='ltr'><strong>passionis,</strong></span> <span class='ocrx_word' id='word_1_160' title='bbox 2337 1025 2395 1070; x_wconf 89' lang='lat' dir='ltr'><strong>et</strong></span> <span class='ocrx_word' id='word_1_161' title='bbox 2436 1019 2626 1074; x_wconf 89' lang='lat' dir='ltr'><strong>mortis</strong></span> <span class='ocrx_word' id='word_1_162' title='bbox 2657 1037 2670 1073; x_wconf 86' lang='lat'><strong>:</strong></span> <span class='ocrx_word' id='word_1_163' title='bbox 2707 1019 2762 1074; x_wconf 91' lang='lat' dir='ltr'><strong>in</strong></span> <span class='ocrx_word' id='word_1_164' title='bbox 2791 1021 2878 1076; x_wconf 84' lang='lat' dir='ltr'><strong>his</strong></span> <span class='ocrx_word' id='word_1_165' title='bbox 2904 1024 3050 1078; x_wconf 88' lang='lat' dir='ltr'><strong>enim</strong></span> <span class='ocrx_word' id='word_1_166' title='bbox 3095 1027 3263 1080; x_wconf 88' lang='lat' dir='ltr'><strong>totius</strong></span> <span class='ocrx_word' id='word_1_167' title='bbox 3289 1028 3514 1097; x_wconf 84' lang='lat' dir='ltr'><strong>dispen-</strong></span> 
     </span>
    </p>
   </div>
   <div class='ocr_carea' id='block_1_25' title="bbox 1926 1105 3516 1182">
    <p class='ocr_par' dir='ltr' id='par_1_25' title="bbox 1926 1105 3516 1182">
     <span class='ocr_line' id='line_1_25' title="bbox 1926 1105 3516 1182; baseline 0.012 -25"><span class='ocrx_word' id='word_1_168' title='bbox 1926 1105 2156 1160; x_wconf 83' lang='lat' dir='ltr'><strong>sationis</strong></span> <span class='ocrx_word' id='word_1_169' title='bbox 2202 1109 2321 1177; x_wconf 83' lang='lat' dir='ltr'><strong>ejus</strong></span> <span class='ocrx_word' id='word_1_170' title='bbox 2368 1125 2550 1166; x_wconf 82' lang='lat' dir='ltr'><strong>sermo</strong></span> <span class='ocrx_word' id='word_1_171' title='bbox 2591 1114 2842 1182; x_wconf 75' lang='lat' dir='ltr'><strong>expletus</strong></span> <span class='ocrx_word' id='word_1_172' title='bbox 2866 1125 2996 1171; x_wconf 84' lang='lat' dir='ltr'><strong>est:</strong></span> <span class='ocrx_word' id='word_1_173' title='bbox 3035 1117 3088 1171; x_wconf 92' lang='lat' dir='ltr'><strong>in</strong></span> <span class='ocrx_word' id='word_1_174' title='bbox 3127 1119 3224 1174; x_wconf 66' lang='lat' dir='ltr'><strong>his</strong></span> <span class='ocrx_word' id='word_1_175' title='bbox 3270 1137 3516 1176; x_wconf 78' lang='lat' dir='ltr'><strong>resurre-</strong></span> 
     </span>
    </p>
   </div>
   <div class='ocr_carea' id='block_1_26' title="bbox 1917 1199 3512 1284">
    <p class='ocr_par' dir='ltr' id='par_1_26' title="bbox 1917 1199 3512 1284">
     <span class='ocr_line' id='line_1_26' title="bbox 1917 1199 3512 1284; baseline 0.011 -32"><span class='ocrx_word' id='word_1_176' title='bbox 1917 1199 2130 1262; x_wconf 76' lang='lat' dir='ltr'><strong>ctionis</strong></span> <span class='ocrx_word' id='word_1_177' title='bbox 2178 1216 2394 1271; x_wconf 87' lang='lat' dir='ltr'><strong>quoque</strong></span> <span class='ocrx_word' id='word_1_178' title='bbox 2453 1204 2572 1272; x_wconf 87' lang='lat' dir='ltr'><strong>ejus</strong></span> <span class='ocrx_word' id='word_1_179' title='bbox 2634 1206 2774 1261; x_wconf 90' lang='lat' dir='ltr'><strong>ratio</strong></span> <span class='ocrx_word' id='word_1_180' title='bbox 2837 1210 3176 1273; x_wconf 86' lang='lat' dir='ltr'><strong>continetur,</strong></span> <span class='ocrx_word' id='word_1_181' title='bbox 3233 1214 3360 1282; x_wconf 84' lang='lat' dir='ltr'><strong>quia</strong></span> <span class='ocrx_word' id='word_1_182' title='bbox 3420 1217 3512 1284; x_wconf 85' lang='lat' dir='ltr'><strong>qui</strong></span> 
     </span>
    </p>
   </div>
   <div class='ocr_carea' id='block_1_27' title="bbox 1926 1288 3514 1374">
    <p class='ocr_par' dir='ltr' id='par_1_27' title="bbox 1926 1288 3514 1374">
     <span class='ocr_line' id='line_1_27' title="bbox 1926 1288 3514 1374; baseline 0.01 -31"><span class='ocrx_word' id='word_1_183' title='bbox 1926 1288 2232 1354; x_wconf 88' lang='lat' dir='ltr'><strong>descendit,</strong></span> <span class='ocrx_word' id='word_1_184' title='bbox 2269 1292 2386 1360; x_wconf 86' lang='lat' dir='ltr'><strong>ipse</strong></span> <span class='ocrx_word' id='word_1_185' title='bbox 2434 1304 2539 1358; x_wconf 90' lang='lat' dir='ltr'><strong>est,</strong></span> <span class='ocrx_word' id='word_1_186' title='bbox 2585 1305 2640 1350; x_wconf 91' lang='lat' dir='ltr'><strong>et</strong></span> <span class='ocrx_word' id='word_1_187' title='bbox 2683 1299 2774 1366; x_wconf 92' lang='lat' dir='ltr'><strong>qui</strong></span> <span class='ocrx_word' id='word_1_188' title='bbox 2825 1301 3068 1356; x_wconf 91' lang='lat' dir='ltr'><strong>ascendit</strong></span> <span class='ocrx_word' id='word_1_189' title='bbox 3112 1317 3278 1374; x_wconf 85' lang='lat' dir='ltr'><strong>super</strong></span> <span class='ocrx_word' id='word_1_190' title='bbox 3319 1321 3514 1360; x_wconf 81' lang='lat' dir='ltr'><strong>omnes</strong></span> 
     </span>
    </p>
   </div>
   <div class='ocr_carea' id='block_1_28' title="bbox 1927 1383 2806 1454">
    <p class='ocr_par' dir='ltr' id='par_1_28' title="bbox 1927 1383 2806 1454">
     <span class='ocr_line' id='line_1_28' title="bbox 1927 1383 2806 1454; baseline 0.011 -18"><span class='ocrx_word' id='word_1_191' title='bbox 1927 1383 2116 1448; x_wconf 61' lang='lat' dir='ltr'><strong>caelos,</strong></span> <span class='ocrx_word' id='word_1_192' title='bbox 2151 1395 2211 1439; x_wconf 90' lang='lat' dir='ltr'><strong>ut</strong></span> <span class='ocrx_word' id='word_1_193' title='bbox 2245 1386 2498 1454; x_wconf 79' lang='lat' dir='ltr'><strong>impleret</strong></span> <span class='ocrx_word' id='word_1_194' title='bbox 2525 1391 2706 1445; x_wconf 88' lang='lat' dir='ltr'><strong>omnia</strong></span> <span class='ocrx_word' id='word_1_195' title='bbox 2737 1393 2806 1446; x_wconf 69' lang='lat'><strong>99.</strong></span> 
     </span>
    </p>
   </div>
   <div class='ocr_carea' id='block_1_29' title="bbox 2003 1471 3512 1555">
    <p class='ocr_par' dir='ltr' id='par_1_29' title="bbox 2003 1471 3512 1555">
     <span class='ocr_line' id='line_1_29' title="bbox 2003 1471 3512 1555; baseline 0.013 -30"><span class='ocrx_word' id='word_1_196' title='bbox 2003 1471 2201 1528; x_wconf 70' lang='lat' dir='ltr'><strong>Tradat</strong></span> <span class='ocrx_word' id='word_1_197' title='bbox 2238 1476 2294 1528; x_wconf 86' lang='lat' dir='ltr'><strong>in</strong></span> <span class='ocrx_word' id='word_1_198' title='bbox 2331 1479 2570 1531; x_wconf 85' lang='lat' dir='ltr'><strong>manibus</strong></span> <span class='ocrx_word' id='word_1_199' title='bbox 2597 1483 2904 1537; x_wconf 75' lang='lat' dir='ltr'><strong>sacerdotis.</strong></span> <span class='ocrx_word' id='word_1_200' title='bbox 2932 1485 2956 1538; x_wconf 74' lang='lat' dir='ltr'><strong>&#39;l</strong></span> <span class='ocrx_word' id='word_1_201' title='bbox 2966 1486 3046 1555; x_wconf 91' lang='lat' dir='ltr'><strong>psi</strong></span> <span class='ocrx_word' id='word_1_202' title='bbox 3076 1487 3328 1544; x_wconf 75' lang='lat' dir='ltr'><strong>videlicet</strong></span> <span class='ocrx_word' id='word_1_203' title='bbox 3355 1491 3512 1546; x_wconf 84' lang='lat' dir='ltr'><strong>Chri-</strong></span> 
     </span>
    </p>
   </div>
   <div class='ocr_carea' id='block_1_30' title="bbox 1928 1564 3511 1650">
    <p class='ocr_par' dir='ltr' id='par_1_30' title="bbox 1928 1564 3511 1650">
     <span class='ocr_line' id='line_1_30' title="bbox 1928 1564 3511 1650; baseline 0.011 -35"><span class='ocrx_word' id='word_1_204' title='bbox 1928 1570 2033 1627; x_wconf 89' lang='lat' dir='ltr'><strong>sto,</strong></span> <span class='ocrx_word' id='word_1_205' title='bbox 2066 1564 2160 1634; x_wconf 90' lang='lat' dir='ltr'><strong>qui</strong></span> <span class='ocrx_word' id='word_1_206' title='bbox 2211 1577 2498 1637; x_wconf 82' lang='lat' dir='ltr'><strong>postquam</strong></span> <span class='ocrx_word' id='word_1_207' title='bbox 2555 1572 3015 1643; x_wconf 75' lang='lat' dir='ltr'><strong>appropinquavit</strong></span> <span class='ocrx_word' id='word_1_208' title='bbox 3062 1578 3220 1632; x_wconf 85' lang='lat' dir='ltr'><strong>altari</strong></span> <span class='ocrx_word' id='word_1_209' title='bbox 3260 1582 3404 1650; x_wconf 87' lang='lat' dir='ltr'><strong>quod</strong></span> <span class='ocrx_word' id='word_1_210' title='bbox 3460 1584 3511 1633; x_wconf 91' lang='lat' dir='ltr'><strong>in</strong></span> 
     </span>
    </p>
   </div>
   <div class='ocr_carea' id='block_1_31' title="bbox 1927 1656 3511 1741">
    <p class='ocr_par' dir='ltr' id='par_1_31' title="bbox 1927 1656 3511 1741">
     <span class='ocr_line' id='line_1_31' title="bbox 1927 1656 3511 1741; baseline 0.011 -34"><span class='ocrx_word' id='word_1_211' title='bbox 1927 1656 2080 1709; x_wconf 66' lang='lat' dir='ltr'><strong>castis</strong></span> <span class='ocrx_word' id='word_1_212' title='bbox 2108 1667 2211 1723; x_wconf 81' lang='lat' dir='ltr'><strong>est,</strong></span> <span class='ocrx_word' id='word_1_213' title='bbox 2245 1661 2703 1730; x_wconf 80' lang='lat' dir='ltr'><strong>appropinquavit</strong></span> <span class='ocrx_word' id='word_1_214' title='bbox 2745 1673 2929 1720; x_wconf 88' lang='lat' dir='ltr'><strong>autem</strong></span> <span class='ocrx_word' id='word_1_215' title='bbox 2971 1683 3138 1724; x_wconf 86' lang='lat' dir='ltr'><strong>carne</strong></span> <span class='ocrx_word' id='word_1_216' title='bbox 3181 1687 3280 1741; x_wconf 87' lang='lat' dir='ltr'><strong>per</strong></span> <span class='ocrx_word' id='word_1_217' title='bbox 3314 1687 3511 1727; x_wconf 79' lang='lat' dir='ltr'><strong>ascea-</strong></span> 
     </span>
    </p>
   </div>
   <div class='ocr_carea' id='block_1_32' title="bbox 1931 1743 3372 1824">
    <p class='ocr_par' dir='ltr' id='par_1_32' title="bbox 1931 1743 3372 1824">
     <span class='ocr_line' id='line_1_32' title="bbox 1931 1743 3372 1824; baseline 0.014 -28"><span class='ocrx_word' id='word_1_218' title='bbox 1931 1743 2138 1796; x_wconf 90' lang='lat' dir='ltr'><strong>sionem</strong></span> <span class='ocrx_word' id='word_1_219' title='bbox 2167 1763 2181 1800; x_wconf 88' lang='lat'><strong>:</strong></span> <span class='ocrx_word' id='word_1_220' title='bbox 2213 1762 2494 1816; x_wconf 86' lang='lat' dir='ltr'><strong>nunquam</strong></span> <span class='ocrx_word' id='word_1_221' title='bbox 2523 1751 2668 1816; x_wconf 80' lang='lat' dir='ltr'><strong>enim</strong></span> <span class='ocrx_word' id='word_1_222' title='bbox 2699 1765 2985 1824; x_wconf 86' lang='lat' dir='ltr'><strong>separatur</strong></span> <span class='ocrx_word' id='word_1_223' title='bbox 3009 1773 3039 1811; x_wconf 92' lang='lat' dir='ltr'><strong>a</strong></span> <span class='ocrx_word' id='word_1_224' title='bbox 3067 1759 3372 1816; x_wconf 65' lang='lat' dir='ltr'><strong>divini-tate.</strong></span> 
     </span>
    </p>
   </div>
   <div class='ocr_carea' id='block_1_33' title="bbox 219 1831 3511 1915">
    <p class='ocr_par' dir='ltr' id='par_1_33' title="bbox 219 1831 3511 1915">
     <span class='ocr_line' id='line_1_33' title="bbox 219 1831 3511 1915; baseline 0.008 -32"><span class='ocrx_word' id='word_1_225' title='bbox 219 1839 514 1909; x_wconf 61' lang='lat' dir='ltr'><strong>ipulturam</strong></span> <span class='ocrx_word' id='word_1_226' title='bbox 563 1839 914 1908; x_wconf 66' lang='lat' dir='ltr'><strong>accipiamus,</strong></span> <span class='ocrx_word' id='word_1_227' title='bbox 950 1838 1082 1904; x_wconf 66' lang='lat' dir='ltr'><strong>Qum</strong></span> <span class='ocrx_word' id='word_1_228' title='bbox 1125 1839 1272 1892; x_wconf 70' lang='lat' dir='ltr'><strong>enim</strong></span> <span class='ocrx_word' id='word_1_229' title='bbox 1321 1838 1464 1892; x_wconf 61' lang='lat' dir='ltr'><strong>inter</strong></span> <span class='ocrx_word' id='word_1_230' title='bbox 1509 1840 1820 1896; x_wconf 68' lang='lat' dir='ltr'><strong>craticulam</strong></span> <span class='ocrx_word' id='word_1_231' title='bbox 1857 1831 1896 1894; x_wconf 75' lang='grc' dir='ltr'>β</span> <span class='ocrx_word' id='word_1_232' title='bbox 2000 1835 2160 1890; x_wconf 74' lang='lat' dir='ltr'><strong>Tolle!</strong></span> <span class='ocrx_word' id='word_1_233' title='bbox 2184 1841 2490 1894; x_wconf 78' lang='lat' dir='ltr'><strong>mentoriale</strong></span> <span class='ocrx_word' id='word_1_234' title='bbox 2512 1843 2576 1895; x_wconf 77' lang='lat' dir='ltr'><strong>(lc</strong></span> <span class='ocrx_word' id='word_1_235' title='bbox 2600 1847 2882 1915; x_wconf 77' lang='lat' dir='ltr'><strong>sacriﬁcio.</strong></span> <span class='ocrx_word' id='word_1_236' title='bbox 2908 1847 3317 1908; x_wconf 79' lang='lat' dir='ltr'><strong>Abundantium</strong></span> <span class='ocrx_word' id='word_1_237' title='bbox 3342 1855 3511 1909; x_wconf 86' lang='lat' dir='ltr'><strong>scien-</strong></span> 
     </span>
    </p>
   </div>
   <div class='ocr_carea' id='block_1_34' title="bbox 231 1931 1825 2004">
    <p class='ocr_par' dir='ltr' id='par_1_34' title="bbox 231 1931 1825 2004">
     <span class='ocr_line' id='line_1_34' title="bbox 231 1931 1825 2004; baseline 0.002 -20"><span class='ocrx_word' id='word_1_238' title='bbox 231 1942 286 1986; x_wconf 88' lang='lat' dir='ltr'><strong>et</strong></span> <span class='ocrx_word' id='word_1_239' title='bbox 324 1933 661 2003; x_wconf 79' lang='lat' dir='ltr'><strong>sartaginem</strong></span> <span class='ocrx_word' id='word_1_240' title='bbox 689 1931 995 1987; x_wconf 84' lang='lat' dir='ltr'><strong>diﬂ&#39;erentia</strong></span> <span class='ocrx_word' id='word_1_241' title='bbox 1027 1931 1116 1994; x_wconf 87' lang='lat' dir='ltr'><strong>sit,</strong></span> <span class='ocrx_word' id='word_1_242' title='bbox 1146 1931 1278 1988; x_wconf 88' lang='lat' dir='ltr'><strong>nulli</strong></span> <span class='ocrx_word' id='word_1_243' title='bbox 1308 1933 1531 2001; x_wconf 88' lang='lat' dir='ltr'><strong>penitus</strong></span> <span class='ocrx_word' id='word_1_244' title='bbox 1561 1941 1648 1986; x_wconf 88' lang='lat' dir='ltr'><strong>est</strong></span> <span class='ocrx_word' id='word_1_245' title='bbox 1675 1933 1825 2004; x_wconf 79' lang='lat' dir='ltr'><strong>igno-</strong></span> 
     </span>
    </p>
   </div>
   <div class='ocr_carea' id='block_1_35' title="bbox 227 2021 1825 2096">
    <p class='ocr_par' dir='ltr' id='par_1_35' title="bbox 227 2021 1825 2096">
     <span class='ocr_line' id='line_1_35' title="bbox 227 2021 1825 2096; baseline 0.001 -19"><span class='ocrx_word' id='word_1_246' title='bbox 227 2021 347 2077; x_wconf 76' lang='lat' dir='ltr'><strong>tum</strong></span> <span class='ocrx_word' id='word_1_247' title='bbox 387 2043 400 2078; x_wconf 89' lang='lat'><strong>:</strong></span> <span class='ocrx_word' id='word_1_248' title='bbox 435 2025 564 2096; x_wconf 90' lang='lat' dir='ltr'><strong>quia</strong></span> <span class='ocrx_word' id='word_1_249' title='bbox 597 2033 814 2094; x_wconf 81' lang='lat' dir='ltr'><strong>sartago</strong></span> <span class='ocrx_word' id='word_1_250' title='bbox 846 2041 1012 2096; x_wconf 88' lang='lat' dir='ltr'><strong>super</strong></span> <span class='ocrx_word' id='word_1_251' title='bbox 1052 2025 1230 2095; x_wconf 82' lang='lat' dir='ltr'><strong>ignem</strong></span> <span class='ocrx_word' id='word_1_252' title='bbox 1263 2040 1418 2078; x_wconf 83' lang='lat' dir='ltr'><strong>nunc</strong></span> <span class='ocrx_word' id='word_1_253' title='bbox 1459 2026 1825 2084; x_wconf 82' lang='lat' dir='ltr'><strong>exardescen-</strong></span> 
     </span>
    </p>
   </div>
   <div class='ocr_carea' id='block_1_36' title="bbox 233 2114 1826 2180">
    <p class='ocr_par' dir='ltr' id='par_1_36' title="bbox 233 2114 1826 2180">
     <span class='ocr_line' id='line_1_36' title="bbox 233 2114 1826 2180; baseline 0.001 -12"><span class='ocrx_word' id='word_1_254' title='bbox 233 2126 341 2168; x_wconf 89' lang='lat' dir='ltr'><strong>tem</strong></span> <span class='ocrx_word' id='word_1_255' title='bbox 383 2125 438 2180; x_wconf 81' lang='lat' dir='ltr'><strong>et</strong></span> <span class='ocrx_word' id='word_1_256' title='bbox 481 2129 828 2180; x_wconf 82' lang='lat' dir='ltr'><strong>succensum,</strong></span> <span class='ocrx_word' id='word_1_257' title='bbox 861 2114 1124 2170; x_wconf 80' lang='lat' dir='ltr'><strong>craticula</strong></span> <span class='ocrx_word' id='word_1_258' title='bbox 1163 2123 1346 2168; x_wconf 89' lang='lat' dir='ltr'><strong>autem</strong></span> <span class='ocrx_word' id='word_1_259' title='bbox 1401 2115 1451 2167; x_wconf 90' lang='lat' dir='ltr'><strong>in</strong></span> <span class='ocrx_word' id='word_1_260' title='bbox 1499 2115 1826 2169; x_wconf 79' lang='lat' dir='ltr'><strong>carbonibus</strong></span> 
     </span>
    </p>
   </div>
   <div class='ocr_carea' id='block_1_37' title="bbox 221 2191 1826 2276">
    <p class='ocr_par' dir='ltr' id='par_1_37' title="bbox 221 2191 1826 2276">
     <span class='ocr_line' id='line_1_37' title="bbox 221 2191 1826 2276; baseline -0.001 -15"><span class='ocrx_word' id='word_1_261' title='bbox 221 2209 559 2261; x_wconf 68' lang='lat' dir='ltr'><strong>ardentibus</strong></span> <span class='ocrx_word' id='word_1_262' title='bbox 611 2215 666 2260; x_wconf 89' lang='lat' dir='ltr'><strong>et</strong></span> <span class='ocrx_word' id='word_1_263' title='bbox 696 2207 827 2259; x_wconf 91' lang='lat' dir='ltr'><strong>olim</strong></span> <span class='ocrx_word' id='word_1_264' title='bbox 855 2207 1104 2260; x_wconf 87' lang='lat' dir='ltr'><strong>accensis</strong></span> <span class='ocrx_word' id='word_1_265' title='bbox 1127 2205 1378 2275; x_wconf 82' lang='lat' dir='ltr'><strong>ponitur.</strong></span> <span class='ocrx_word' id='word_1_266' title='bbox 1411 2191 1565 2276; x_wconf 66' lang='lat' dir='ltr'><strong>Sient</strong></span> <span class='ocrx_word' id='word_1_267' title='bbox 1593 2215 1646 2260; x_wconf 70' lang='lat' dir='ltr'><strong>tit</strong></span> <span class='ocrx_word' id='word_1_268' title='bbox 1679 2224 1826 2260; x_wconf 87' lang='lat' dir='ltr'><strong>mors</strong></span> 
     </span>
    </p>
   </div>
   <div class='ocr_carea' id='block_1_38' title="bbox 237 2281 1826 2368">
    <p class='ocr_par' dir='ltr' id='par_1_38' title="bbox 237 2281 1826 2368">
     <span class='ocr_line' id='line_1_38' title="bbox 237 2281 1826 2368; baseline -0.001 -16"><span class='ocrx_word' id='word_1_269' title='bbox 237 2300 450 2354; x_wconf 79' lang='lat' dir='ltr'><strong>Dtmtlni</strong></span> <span class='ocrx_word' id='word_1_270' title='bbox 484 2316 590 2352; x_wconf 85' lang='lat' dir='ltr'><strong>non</strong></span> <span class='ocrx_word' id='word_1_271' title='bbox 621 2299 722 2352; x_wconf 81' lang='lat' dir='ltr'><strong>fuit</strong></span> <span class='ocrx_word' id='word_1_272' title='bbox 758 2299 976 2352; x_wconf 88' lang='lat' dir='ltr'><strong>initium</strong></span> <span class='ocrx_word' id='word_1_273' title='bbox 1005 2299 1222 2368; x_wconf 85' lang='lat' dir='ltr'><strong>aliquod</strong></span> <span class='ocrx_word' id='word_1_274' title='bbox 1249 2281 1543 2366; x_wconf 86' lang='lat' dir='ltr'><strong>passionis,</strong></span> <span class='ocrx_word' id='word_1_275' title='bbox 1579 2298 1670 2350; x_wconf 86' lang='lat' dir='ltr'><strong>sed</strong></span> <span class='ocrx_word' id='word_1_276' title='bbox 1706 2314 1826 2365; x_wconf 80' lang='lat' dir='ltr'><strong>pas—</strong></span> 
     </span>
    </p>
   </div>
   <div class='ocr_carea' id='block_1_39' title="bbox 230 2387 1824 2460">
    <p class='ocr_par' dir='ltr' id='par_1_39' title="bbox 230 2387 1824 2460">
     <span class='ocr_line' id='line_1_39' title="bbox 230 2387 1824 2460; baseline -0.003 -13"><span class='ocrx_word' id='word_1_277' title='bbox 230 2393 474 2455; x_wconf 74' lang='lat' dir='ltr'><strong>sianum,</strong></span> <span class='ocrx_word' id='word_1_278' title='bbox 500 2387 626 2460; x_wconf 70' lang='lat' dir='ltr'><strong>qua:</strong></span> <span class='ocrx_word' id='word_1_279' title='bbox 664 2390 872 2460; x_wconf 81' lang='lat' dir='ltr'><strong>pridem</strong></span> <span class='ocrx_word' id='word_1_280' title='bbox 917 2392 970 2444; x_wconf 92' lang='lat' dir='ltr'><strong>in</strong></span> <span class='ocrx_word' id='word_1_281' title='bbox 1011 2406 1077 2445; x_wconf 85' lang='lat' dir='ltr'><strong>eo</strong></span> <span class='ocrx_word' id='word_1_282' title='bbox 1117 2398 1358 2458; x_wconf 68' lang='lat' dir='ltr'><strong>operata:</strong></span> <span class='ocrx_word' id='word_1_283' title='bbox 1389 2397 1538 2454; x_wconf 87' lang='lat' dir='ltr'><strong>sunt,</strong></span> <span class='ocrx_word' id='word_1_284' title='bbox 1569 2388 1668 2441; x_wconf 90' lang='lat' dir='ltr'><strong>fttit</strong></span> <span class='ocrx_word' id='word_1_285' title='bbox 1693 2389 1824 2442; x_wconf 86' lang='lat' dir='ltr'><strong>sub-</strong></span> 
     </span>
    </p>
   </div>
   <div class='ocr_carea' id='block_1_40' title="bbox 227 2480 1823 2551">
    <p class='ocr_par' dir='ltr' id='par_1_40' title="bbox 227 2480 1823 2551">
     <span class='ocr_line' id='line_1_40' title="bbox 227 2480 1823 2551; baseline -0.001 -14"><span class='ocrx_word' id='word_1_286' title='bbox 227 2484 509 2537; x_wconf 60' lang='lat' dir='ltr'><strong>SlSlCi-llﬂ.</strong></span> <span class='ocrx_word' id='word_1_287' title='bbox 548 2483 613 2540; x_wconf 76' lang='lat' dir='ltr'><strong>Et</strong></span> <span class='ocrx_word' id='word_1_288' title='bbox 640 2483 804 2551; x_wconf 85' lang='lat' dir='ltr'><strong>hujus</strong></span> <span class='ocrx_word' id='word_1_289' title='bbox 841 2497 973 2550; x_wconf 50' lang='lat' dir='ltr'><strong>eruo</strong></span> <span class='ocrx_word' id='word_1_290' title='bbox 1001 2497 1200 2534; x_wconf 86' lang='lat' dir='ltr'><strong>munus</strong></span> <span class='ocrx_word' id='word_1_291' title='bbox 1232 2497 1295 2533; x_wconf 82' lang='lat' dir='ltr'><strong>ex</strong></span> <span class='ocrx_word' id='word_1_292' title='bbox 1328 2480 1528 2540; x_wconf 82' lang='lat' dir='ltr'><strong>simila.</strong></span> <span class='ocrx_word' id='word_1_293' title='bbox 1564 2481 1614 2535; x_wconf 82' lang='lat' dir='ltr'><strong>id</strong></span> <span class='ocrx_word' id='word_1_294' title='bbox 1650 2493 1726 2533; x_wconf 81' lang='lat' dir='ltr'><strong>est</strong></span> <span class='ocrx_word' id='word_1_295' title='bbox 1758 2497 1823 2534; x_wconf 82' lang='lat' dir='ltr'><strong>ex</strong></span> 
     </span>
    </p>
   </div>
   <div class='ocr_carea' id='block_1_41' title="bbox 229 2573 1824 2644">
    <p class='ocr_par' dir='ltr' id='par_1_41' title="bbox 229 2573 1824 2644">
     <span class='ocr_line' id='line_1_41' title="bbox 229 2573 1824 2644; baseline -0.002 -15"><span class='ocrx_word' id='word_1_296' title='bbox 229 2576 329 2629; x_wconf 87' lang='lat' dir='ltr'><strong>Dei</strong></span> <span class='ocrx_word' id='word_1_297' title='bbox 373 2575 708 2644; x_wconf 78' lang='lat' dir='ltr'><strong>tognitione,</strong></span> <span class='ocrx_word' id='word_1_298' title='bbox 745 2573 859 2628; x_wconf 88' lang='lat' dir='ltr'><strong>sive</strong></span> <span class='ocrx_word' id='word_1_299' title='bbox 885 2573 1136 2636; x_wconf 87' lang='lat' dir='ltr'><strong>scientia,</strong></span> <span class='ocrx_word' id='word_1_300' title='bbox 1165 2588 1284 2642; x_wconf 63' lang='lat' dir='ltr'><strong>quas</strong></span> <span class='ocrx_word' id='word_1_301' title='bbox 1319 2573 1386 2627; x_wconf 89' lang='lat' dir='ltr'><strong>de</strong></span> <span class='ocrx_word' id='word_1_302' title='bbox 1420 2581 1594 2626; x_wconf 87' lang='lat' dir='ltr'><strong>morte</strong></span> <span class='ocrx_word' id='word_1_303' title='bbox 1637 2573 1824 2626; x_wconf 85' lang='lat' dir='ltr'><strong>Domi-</strong></span> 
     </span>
    </p>
   </div>
   <div class='ocr_carea' id='block_1_42' title="bbox 220 2665 1822 2736">
    <p class='ocr_par' dir='ltr' id='par_1_42' title="bbox 220 2665 1822 2736">
     <span class='ocr_line' id='line_1_42' title="bbox 220 2665 1822 2736; baseline -0.002 -16"><span class='ocrx_word' id='word_1_304' title='bbox 220 2667 356 2721; x_wconf 75' lang='lat' dir='ltr'><strong>~nica</strong></span> <span class='ocrx_word' id='word_1_305' title='bbox 391 2679 499 2729; x_wconf 80' lang='lat' dir='ltr'><strong>cst,</strong></span> <span class='ocrx_word' id='word_1_306' title='bbox 540 2665 822 2736; x_wconf 89' lang='lat' dir='ltr'><strong>perﬁcitur</strong></span> <span class='ocrx_word' id='word_1_307' title='bbox 853 2683 864 2717; x_wconf 93' lang='lat'>:</span> <span class='ocrx_word' id='word_1_308' title='bbox 898 2673 1116 2734; x_wconf 84' lang='lat' dir='ltr'><strong>Oportet</strong></span> <span class='ocrx_word' id='word_1_309' title='bbox 1164 2666 1310 2718; x_wconf 91' lang='lat' dir='ltr'><strong>enim</strong></span> <span class='ocrx_word' id='word_1_310' title='bbox 1343 2665 1627 2719; x_wconf 81' lang='lat' dir='ltr'><strong>Christum</strong></span> <span class='ocrx_word' id='word_1_311' title='bbox 1673 2674 1727 2718; x_wconf 88' lang='lat' dir='ltr'><strong>et</strong></span> <span class='ocrx_word' id='word_1_312' title='bbox 1769 2665 1822 2716; x_wconf 90' lang='lat' dir='ltr'><strong>in</strong></span> 
     </span>
    </p>
   </div>
   <div class='ocr_carea' id='block_1_43' title="bbox 229 2755 1821 2826">
    <p class='ocr_par' dir='ltr' id='par_1_43' title="bbox 229 2755 1821 2826">
     <span class='ocr_line' id='line_1_43' title="bbox 229 2755 1821 2826; baseline -0.002 -15"><span class='ocrx_word' id='word_1_313' title='bbox 229 2769 411 2811; x_wconf 84' lang='lat' dir='ltr'><strong>morte</strong></span> <span class='ocrx_word' id='word_1_314' title='bbox 455 2758 626 2811; x_wconf 88' lang='lat' dir='ltr'><strong>Deum</strong></span> <span class='ocrx_word' id='word_1_315' title='bbox 657 2757 784 2821; x_wconf 92' lang='lat' dir='ltr'><strong>dici,</strong></span> <span class='ocrx_word' id='word_1_316' title='bbox 817 2755 1178 2810; x_wconf 89' lang='lat' dir='ltr'><strong>nihilominus</strong></span> <span class='ocrx_word' id='word_1_317' title='bbox 1221 2756 1580 2812; x_wconf 85' lang='lat' dir='ltr'><strong>immortalem</strong></span> <span class='ocrx_word' id='word_1_318' title='bbox 1623 2757 1821 2826; x_wconf 60' lang='lat' dir='ltr'><strong>praedi-</strong></span> 
     </span>
    </p>
   </div>
   <div class='ocr_carea' id='block_1_44' title="bbox 225 2846 1824 2916">
    <p class='ocr_par' dir='ltr' id='par_1_44' title="bbox 225 2846 1824 2916">
     <span class='ocr_line' id='line_1_44' title="bbox 225 2846 1824 2916; baseline 0.001 -17"><span class='ocrx_word' id='word_1_319' title='bbox 225 2863 356 2899; x_wconf 91' lang='lat' dir='ltr'><strong>care</strong></span> <span class='ocrx_word' id='word_1_320' title='bbox 394 2862 523 2899; x_wconf 89' lang='lat' dir='ltr'><strong>eum</strong></span> <span class='ocrx_word' id='word_1_321' title='bbox 574 2847 666 2915; x_wconf 89' lang='lat' dir='ltr'><strong>qui</strong></span> <span class='ocrx_word' id='word_1_322' title='bbox 714 2858 938 2916; x_wconf 65' lang='lat' dir='ltr'><strong>propter</strong></span> <span class='ocrx_word' id='word_1_323' title='bbox 979 2846 1263 2900; x_wconf 86' lang='lat' dir='ltr'><strong>mortalem</strong></span> <span class='ocrx_word' id='word_1_324' title='bbox 1308 2863 1526 2900; x_wconf 86' lang='lat' dir='ltr'><strong>carnem</strong></span> <span class='ocrx_word' id='word_1_325' title='bbox 1578 2858 1824 2901; x_wconf 88' lang='lat' dir='ltr'><strong>mortuus</strong></span> 
     </span>
    </p>
   </div>
   <div class='ocr_carea' id='block_1_45' title="bbox 227 2934 1822 3006">
    <p class='ocr_par' dir='ltr' id='par_1_45' title="bbox 227 2934 1822 3006">
     <span class='ocr_line' id='line_1_45' title="bbox 227 2934 1822 3006; baseline 0.001 -18"><span class='ocrx_word' id='word_1_326' title='bbox 227 2945 335 2988; x_wconf 88' lang='lat' dir='ltr'><strong>est.</strong></span> <span class='ocrx_word' id='word_1_327' title='bbox 381 2935 437 2987; x_wconf 92' lang='lat' dir='ltr'><strong>ln</strong></span> <span class='ocrx_word' id='word_1_328' title='bbox 483 2935 604 2988; x_wconf 93' lang='lat' dir='ltr'><strong>oleo</strong></span> <span class='ocrx_word' id='word_1_329' title='bbox 641 2947 820 2988; x_wconf 88' lang='lat' dir='ltr'><strong>tamen</strong></span> <span class='ocrx_word' id='word_1_330' title='bbox 865 2951 1067 2988; x_wconf 86' lang='lat' dir='ltr'><strong>munus</strong></span> <span class='ocrx_word' id='word_1_331' title='bbox 1100 2937 1204 2988; x_wconf 87' lang='lat' dir='ltr'><strong>ﬁet.</strong></span> <span class='ocrx_word' id='word_1_332' title='bbox 1256 2934 1484 3005; x_wconf 85' lang='lat' dir='ltr'><strong>Oportet</strong></span> <span class='ocrx_word' id='word_1_333' title='bbox 1511 2936 1711 3006; x_wconf 88' lang='lat' dir='ltr'><strong>quippe</strong></span> <span class='ocrx_word' id='word_1_334' title='bbox 1754 2939 1822 2990; x_wconf 85' lang='lat' dir='ltr'><strong>de</strong></span> 
     </span>
    </p>
   </div>
   <div class='ocr_carea' id='block_1_46' title="bbox 228 3027 1821 3098">
    <p class='ocr_par' dir='ltr' id='par_1_46' title="bbox 228 3027 1821 3098">
     <span class='ocr_line' id='line_1_46' title="bbox 228 3027 1821 3098; baseline 0.001 -18"><span class='ocrx_word' id='word_1_335' title='bbox 228 3027 522 3081; x_wconf 83' lang='lat' dir='ltr'><strong>Dominica</strong></span> <span class='ocrx_word' id='word_1_336' title='bbox 560 3038 733 3082; x_wconf 86' lang='lat' dir='ltr'><strong>morte</strong></span> <span class='ocrx_word' id='word_1_337' title='bbox 776 3037 830 3082; x_wconf 92' lang='lat' dir='ltr'><strong>ct</strong></span> <span class='ocrx_word' id='word_1_338' title='bbox 861 3029 1262 3083; x_wconf 84' lang='lat' dir='ltr'><strong>resurrectione</strong></span> <span class='ocrx_word' id='word_1_339' title='bbox 1296 3029 1686 3098; x_wconf 87' lang='lat' dir='ltr'><strong>disputantem,</strong></span> <span class='ocrx_word' id='word_1_340' title='bbox 1717 3033 1821 3082; x_wconf 84' lang='lat' dir='ltr'><strong>titi-</strong></span> 
     </span>
    </p>
   </div>
   <div class='ocr_carea' id='block_1_47' title="bbox 219 3119 1820 3191">
    <p class='ocr_par' dir='ltr' id='par_1_47' title="bbox 219 3119 1820 3191">
     <span class='ocr_line' id='line_1_47' title="bbox 219 3119 1820 3191; baseline -0.002 -16"><span class='ocrx_word' id='word_1_341' title='bbox 219 3122 592 3175; x_wconf 73' lang='lat' dir='ltr'><strong>Scrieordiam</strong></span> <span class='ocrx_word' id='word_1_342' title='bbox 627 3135 845 3190; x_wconf 85' lang='lat' dir='ltr'><strong>quoque</strong></span> <span class='ocrx_word' id='word_1_343' title='bbox 891 3119 981 3172; x_wconf 89' lang='lat' dir='ltr'><strong>Dei</strong></span> <span class='ocrx_word' id='word_1_344' title='bbox 1022 3121 1222 3174; x_wconf 88' lang='lat' dir='ltr'><strong>addere</strong></span> <span class='ocrx_word' id='word_1_345' title='bbox 1267 3121 1553 3182; x_wconf 89' lang='lat' dir='ltr'><strong>rationem,</strong></span> <span class='ocrx_word' id='word_1_346' title='bbox 1587 3137 1707 3191; x_wconf 64' lang='lat' dir='ltr'><strong>qua:</strong></span> <span class='ocrx_word' id='word_1_347' title='bbox 1737 3129 1820 3176; x_wconf 87' lang='lat' dir='ltr'><strong>est</strong></span> 
     </span>
    </p>
   </div>
   <div class='ocr_carea' id='block_1_48' title="bbox 225 3179 1893 3284">
    <p class='ocr_par' dir='ltr' id='par_1_48' title="bbox 225 3179 1893 3284">
     <span class='ocr_line' id='line_1_48' title="bbox 225 3179 1893 3284; baseline -0.001 -17"><span class='ocrx_word' id='word_1_348' title='bbox 225 3214 436 3267; x_wconf 85' lang='lat' dir='ltr'><strong>oleum.</strong></span> <span class='ocrx_word' id='word_1_349' title='bbox 479 3212 739 3267; x_wconf 82' lang='lat' dir='ltr'><strong>‘lliserans</strong></span> <span class='ocrx_word' id='word_1_350' title='bbox 762 3213 1030 3282; x_wconf 88' lang='lat' dir='ltr'><strong>siquidem</strong></span> <span class='ocrx_word' id='word_1_351' title='bbox 1064 3227 1236 3284; x_wconf 72' lang='lat' dir='ltr'><strong>genus</strong></span> <span class='ocrx_word' id='word_1_352' title='bbox 1254 3213 1572 3280; x_wconf 86' lang='lat' dir='ltr'><strong>humanum,</strong></span> <span class='ocrx_word' id='word_1_353' title='bbox 1591 3224 1644 3268; x_wconf 89' lang='lat' dir='ltr'><strong>et</strong></span> <span class='ocrx_word' id='word_1_354' title='bbox 1674 3231 1823 3268; x_wconf 87' lang='lat' dir='ltr'><strong>mor-</strong></span> <span class='ocrx_word' id='word_1_355' title='bbox 1845 3179 1893 3236; x_wconf 61' lang='grc' dir='ltr'><strong>ς·</strong></span> 
     </span>
    </p>
   </div>
   <div class='ocr_carea' id='block_1_49' title="bbox 227 3306 1824 3375">
    <p class='ocr_par' dir='ltr' id='par_1_49' title="bbox 227 3306 1824 3375">
     <span class='ocr_line' id='line_1_49' title="bbox 227 3306 1824 3375; baseline -0.003 -14"><span class='ocrx_word' id='word_1_356' title='bbox 227 3317 340 3361; x_wconf 89' lang='lat' dir='ltr'><strong>tem</strong></span> <span class='ocrx_word' id='word_1_357' title='bbox 385 3307 668 3370; x_wconf 85' lang='lat' dir='ltr'><strong>sustinuit,</strong></span> <span class='ocrx_word' id='word_1_358' title='bbox 700 3316 754 3359; x_wconf 91' lang='lat' dir='ltr'><strong>et</strong></span> <span class='ocrx_word' id='word_1_359' title='bbox 795 3307 1252 3359; x_wconf 83' lang='lat' dir='ltr'><strong>resurrectionem</strong></span> <span class='ocrx_word' id='word_1_360' title='bbox 1284 3321 1314 3358; x_wconf 88' lang='lat' dir='ltr'><strong>a</strong></span> <span class='ocrx_word' id='word_1_361' title='bbox 1343 3307 1574 3358; x_wconf 85' lang='lat' dir='ltr'><strong>mortuis</strong></span> <span class='ocrx_word' id='word_1_362' title='bbox 1605 3306 1824 3375; x_wconf 56' lang='lat' dir='ltr'><strong>dispen-</strong></span> 
     </span>
    </p>
   </div>
   <div class='ocr_carea' id='block_1_50' title="bbox 221 3397 1822 3468">
    <p class='ocr_par' dir='ltr' id='par_1_50' title="bbox 221 3397 1822 3468">
     <span class='ocr_line' id='line_1_50' title="bbox 221 3397 1822 3468; baseline -0.002 -14"><span class='ocrx_word' id='word_1_363' title='bbox 221 3400 395 3454; x_wconf 83' lang='lat' dir='ltr'><strong>savit.</strong></span> <span class='ocrx_word' id='word_1_364' title='bbox 429 3399 485 3453; x_wconf 88' lang='lat' dir='ltr'><strong>Si</strong></span> <span class='ocrx_word' id='word_1_365' title='bbox 519 3409 700 3453; x_wconf 84' lang='lat' dir='ltr'><strong>autem</strong></span> <span class='ocrx_word' id='word_1_366' title='bbox 735 3399 914 3465; x_wconf 77' lang='lat' dir='ltr'><strong>ignem</strong></span> <span class='ocrx_word' id='word_1_367' title='bbox 949 3398 1040 3468; x_wconf 86' lang='lat' dir='ltr'><strong>qui</strong></span> <span class='ocrx_word' id='word_1_368' title='bbox 1072 3413 1237 3467; x_wconf 86' lang='lat' dir='ltr'><strong>super</strong></span> <span class='ocrx_word' id='word_1_369' title='bbox 1267 3397 1542 3451; x_wconf 86' lang='lat' dir='ltr'><strong>clibanum</strong></span> <span class='ocrx_word' id='word_1_370' title='bbox 1568 3407 1671 3462; x_wconf 86' lang='lat' dir='ltr'><strong>est,</strong></span> <span class='ocrx_word' id='word_1_371' title='bbox 1694 3414 1822 3452; x_wconf 87' lang='lat' dir='ltr'><strong>sau-</strong></span> 
     </span>
    </p>
   </div>
   <div class='ocr_carea' id='block_1_51' title="bbox 213 3477 1822 3559">
    <p class='ocr_par' dir='ltr' id='par_1_51' title="bbox 213 3477 1822 3559">
     <span class='ocr_line' id='line_1_51' title="bbox 213 3477 1822 3559; baseline -0.001 -15"><span class='ocrx_word' id='word_1_372' title='bbox 213 3502 380 3544; x_wconf 66' lang='lat' dir='ltr'><strong>ctum</strong></span> <span class='ocrx_word' id='word_1_373' title='bbox 434 3477 556 3544; x_wconf 75' lang='lat' dir='ltr'><strong>esse</strong></span> <span class='ocrx_word' id='word_1_374' title='bbox 597 3489 886 3559; x_wconf 85' lang='lat' dir='ltr'><strong>Spiritum,</strong></span> <span class='ocrx_word' id='word_1_375' title='bbox 916 3503 971 3543; x_wconf 87' lang='lat' dir='ltr'><strong>et</strong></span> <span class='ocrx_word' id='word_1_376' title='bbox 1000 3489 1122 3542; x_wconf 82' lang='lat' dir='ltr'><strong>ideo</strong></span> <span class='ocrx_word' id='word_1_377' title='bbox 1153 3499 1365 3547; x_wconf 83' lang='lat' dir='ltr'><strong>uterum</strong></span> <span class='ocrx_word' id='word_1_378' title='bbox 1398 3489 1690 3544; x_wconf 78' lang='lat' dir='ltr'><strong>Genitricis</strong></span> <span class='ocrx_word' id='word_1_379' title='bbox 1731 3487 1822 3543; x_wconf 86' lang='lat' dir='ltr'><strong>Dei</strong></span> 
     </span>
    </p>
   </div>
   <div class='ocr_carea' id='block_1_52' title="bbox 227 3583 1821 3655">
    <p class='ocr_par' dir='ltr' id='par_1_52' title="bbox 227 3583 1821 3655">
     <span class='ocr_line' id='line_1_52' title="bbox 227 3583 1821 3655; baseline -0.001 -17"><span class='ocrx_word' id='word_1_380' title='bbox 227 3586 519 3638; x_wconf 75' lang='lat' dir='ltr'><strong>t-libauntu</strong></span> <span class='ocrx_word' id='word_1_381' title='bbox 550 3585 882 3655; x_wconf 76' lang='lat' dir='ltr'><strong>signiﬁcasse</strong></span> <span class='ocrx_word' id='word_1_382' title='bbox 917 3584 1174 3648; x_wconf 77' lang='lat' dir='ltr'><strong>diximus,</strong></span> <span class='ocrx_word' id='word_1_383' title='bbox 1209 3583 1261 3634; x_wconf 89' lang='lat' dir='ltr'><strong>in</strong></span> <span class='ocrx_word' id='word_1_384' title='bbox 1295 3583 1569 3652; x_wconf 76' lang='lat' dir='ltr'><strong>sartagine</strong></span> <span class='ocrx_word' id='word_1_385' title='bbox 1616 3592 1821 3647; x_wconf 90' lang='lat' dir='ltr'><strong>autctn,</strong></span> 
     </span>
    </p>
   </div>
   <div class='ocr_carea' id='block_1_53' title="bbox 221 3674 1821 3752">
    <p class='ocr_par' dir='ltr' id='par_1_53' title="bbox 221 3674 1821 3752">
     <span class='ocr_line' id='line_1_53' title="bbox 221 3674 1821 3752; baseline -0.003 -22"><span class='ocrx_word' id='word_1_386' title='bbox 221 3687 285 3730; x_wconf 87' lang='lat' dir='ltr'><strong>et</strong></span> <span class='ocrx_word' id='word_1_387' title='bbox 328 3679 594 3730; x_wconf 83' lang='lat' dir='ltr'><strong>craticula</strong></span> <span class='ocrx_word' id='word_1_388' title='bbox 639 3678 689 3730; x_wconf 92' lang='lat' dir='ltr'><strong>in</strong></span> <span class='ocrx_word' id='word_1_389' title='bbox 739 3677 861 3748; x_wconf 69' lang='lat' dir='ltr'><strong>igne</strong></span> <span class='ocrx_word' id='word_1_390' title='bbox 898 3692 1087 3729; x_wconf 81' lang='lat' dir='ltr'><strong>rursus</strong></span> <span class='ocrx_word' id='word_1_391' title='bbox 1121 3674 1435 3744; x_wconf 73' lang='lat' dir='ltr'><strong>passionem</strong></span> <span class='ocrx_word' id='word_1_392' title='bbox 1484 3684 1541 3728; x_wconf 89' lang='lat' dir='ltr'><strong>et</strong></span> <span class='ocrx_word' id='word_1_393' title='bbox 1592 3682 1821 3752; x_wconf 84' lang='lat' dir='ltr'><strong>mortem</strong></span> 
     </span>
    </p>
   </div>
   <div class='ocr_carea' id='block_1_54' title="bbox 221 3764 1823 3838">
    <p class='ocr_par' dir='ltr' id='par_1_54' title="bbox 221 3764 1823 3838">
     <span class='ocr_line' id='line_1_54' title="bbox 221 3764 1823 3838; baseline -0.001 -17"><span class='ocrx_word' id='word_1_394' title='bbox 221 3768 583 3838; x_wconf 74' lang='lat' dir='ltr'><strong>interpretati</strong></span> <span class='ocrx_word' id='word_1_395' title='bbox 628 3783 839 3833; x_wconf 86' lang='lat' dir='ltr'><strong>sumus,</strong></span> <span class='ocrx_word' id='word_1_396' title='bbox 870 3767 1187 3820; x_wconf 88' lang='lat' dir='ltr'><strong>nullatenus</strong></span> <span class='ocrx_word' id='word_1_397' title='bbox 1219 3767 1336 3819; x_wconf 74' lang='lat' dir='ltr'><strong>han:</strong></span> <span class='ocrx_word' id='word_1_398' title='bbox 1365 3764 1662 3829; x_wconf 86' lang='lat' dir='ltr'><strong>discredas,</strong></span> <span class='ocrx_word' id='word_1_399' title='bbox 1706 3765 1823 3835; x_wconf 86' lang='lat' dir='ltr'><strong>ipsa</strong></span> 
     </span>
    </p>
   </div>
   <div class='ocr_carea' id='block_1_55' title="bbox 221 3858 1818 3929">
    <p class='ocr_par' dir='ltr' id='par_1_55' title="bbox 221 3858 1818 3929">
     <span class='ocr_line' id='line_1_55' title="bbox 221 3858 1818 3929; baseline -0.003 -14"><span class='ocrx_word' id='word_1_400' title='bbox 221 3862 380 3916; x_wconf 83' lang='lat' dir='ltr'><strong>enim</strong></span> <span class='ocrx_word' id='word_1_401' title='bbox 441 3861 537 3916; x_wconf 86' lang='lat' dir='ltr'><strong>tibi</strong></span> <span class='ocrx_word' id='word_1_402' title='bbox 596 3860 934 3924; x_wconf 79' lang='lat' dir='ltr'><strong>satisfacere,</strong></span> <span class='ocrx_word' id='word_1_403' title='bbox 981 3875 1102 3929; x_wconf 67' lang='lat' dir='ltr'><strong>quae</strong></span> <span class='ocrx_word' id='word_1_404' title='bbox 1139 3861 1204 3910; x_wconf 82' lang='lat' dir='ltr'><strong>de</strong></span> <span class='ocrx_word' id='word_1_405' title='bbox 1249 3858 1493 3928; x_wconf 85' lang='lat' dir='ltr'><strong>utrisque</strong></span> <span class='ocrx_word' id='word_1_406' title='bbox 1541 3859 1818 3923; x_wconf 87' lang='lat' dir='ltr'><strong>dicuntur,</strong></span> 
     </span>
    </p>
   </div>
   <div class='ocr_carea' id='block_1_56' title="bbox 211 3948 1824 4026">
    <p class='ocr_par' dir='ltr' id='par_1_56' title="bbox 211 3948 1824 4026">
     <span class='ocr_line' id='line_1_56' title="bbox 211 3948 1824 4026; baseline -0.004 -20"><span class='ocrx_word' id='word_1_407' title='bbox 211 3961 490 4026; x_wconf 68' lang='lat' dir='ltr'><strong>possunt.</strong></span> <span class='ocrx_word' id='word_1_408' title='bbox 558 3953 696 4018; x_wconf 85' lang='lat' dir='ltr'><strong>Quia</strong></span> <span class='ocrx_word' id='word_1_409' title='bbox 750 3953 802 4005; x_wconf 86' lang='lat' dir='ltr'><strong>in</strong></span> <span class='ocrx_word' id='word_1_410' title='bbox 857 3951 1073 4006; x_wconf 87' lang='lat' dir='ltr'><strong>clibano</strong></span> <span class='ocrx_word' id='word_1_411' title='bbox 1127 3949 1346 4019; x_wconf 88' lang='lat' dir='ltr'><strong>quidem</strong></span> <span class='ocrx_word' id='word_1_412' title='bbox 1398 3949 1540 4019; x_wconf 68' lang='lat' dir='ltr'><strong>ignis</strong></span> <span class='ocrx_word' id='word_1_413' title='bbox 1588 3948 1824 4018; x_wconf 87' lang='lat' dir='ltr'><strong>desuper</strong></span> 
     </span>
    </p>
   </div>
   <div class='ocr_carea' id='block_1_57' title="bbox 223 4042 1820 4114">
    <p class='ocr_par' dir='ltr' id='par_1_57' title="bbox 223 4042 1820 4114">
     <span class='ocr_line' id='line_1_57' title="bbox 223 4042 1820 4114; baseline -0.005 -12"><span class='ocrx_word' id='word_1_414' title='bbox 223 4049 498 4107; x_wconf 80' lang='lat' dir='ltr'><strong>mittitur.</strong></span> <span class='ocrx_word' id='word_1_415' title='bbox 528 4047 595 4100; x_wconf 89' lang='lat' dir='ltr'><strong>de</strong></span> <span class='ocrx_word' id='word_1_416' title='bbox 629 4046 766 4100; x_wconf 69' lang='lat' dir='ltr'><strong>c0310</strong></span> <span class='ocrx_word' id='word_1_417' title='bbox 807 4059 1045 4114; x_wconf 87' lang='lat' dir='ltr'><strong>namque</strong></span> <span class='ocrx_word' id='word_1_418' title='bbox 1089 4043 1421 4096; x_wconf 83' lang='lat' dir='ltr'><strong>ministratio</strong></span> <span class='ocrx_word' id='word_1_419' title='bbox 1451 4042 1677 4112; x_wconf 84' lang='lat' dir='ltr'><strong>spiritus</strong></span> <span class='ocrx_word' id='word_1_420' title='bbox 1716 4051 1820 4106; x_wconf 85' lang='lat' dir='ltr'><strong>est,</strong></span> 
     </span>
    </p>
   </div>
   <div class='ocr_carea' id='block_1_58' title="bbox 221 4135 1822 4209">
    <p class='ocr_par' dir='ltr' id='par_1_58' title="bbox 221 4135 1822 4209">
     <span class='ocr_line' id='line_1_58' title="bbox 221 4135 1822 4209; baseline -0.007 -14"><span class='ocrx_word' id='word_1_421' title='bbox 221 4144 294 4195; x_wconf 86' lang='lat' dir='ltr'><strong>de</strong></span> <span class='ocrx_word' id='word_1_422' title='bbox 342 4157 458 4209; x_wconf 82' lang='lat' dir='ltr'><strong>quo</strong></span> <span class='ocrx_word' id='word_1_423' title='bbox 505 4139 768 4191; x_wconf 87' lang='lat' dir='ltr'><strong>Dominus</strong></span> <span class='ocrx_word' id='word_1_424' title='bbox 823 4138 1037 4190; x_wconf 79' lang='lat' dir='ltr'><strong>dicebat</strong></span> <span class='ocrx_word' id='word_1_425' title='bbox 1071 4154 1084 4189; x_wconf 91' lang='lat'><strong>:</strong></span> <span class='ocrx_word' id='word_1_426' title='bbox 1120 4136 1302 4205; x_wconf 81' lang='lat' dir='ltr'><strong>Ignem</strong></span> <span class='ocrx_word' id='word_1_427' title='bbox 1353 4136 1467 4187; x_wconf 82' lang='lat' dir='ltr'><strong>ueni</strong></span> <span class='ocrx_word' id='word_1_428' title='bbox 1516 4135 1721 4186; x_wconf 84' lang='lat' dir='ltr'><strong>mittere</strong></span> <span class='ocrx_word' id='word_1_429' title='bbox 1768 4135 1822 4185; x_wconf 89' lang='lat' dir='ltr'><strong>in</strong></span> 
     </span>
    </p>
   </div>
   <div class='ocr_carea' id='block_1_59' title="bbox 226 4223 1820 4294">
    <p class='ocr_par' dir='ltr' id='par_1_59' title="bbox 226 4223 1820 4294">
     <span class='ocr_line' id='line_1_59' title="bbox 226 4223 1820 4294; baseline -0.006 -10"><span class='ocrx_word' id='word_1_430' title='bbox 226 4243 435 4287; x_wconf 80' lang='lat' dir='ltr'><strong>terram</strong></span> <span class='ocrx_word' id='word_1_431' title='bbox 468 4229 536 4282; x_wconf 58' lang='grc' dir='ltr'>Μ.</span> <span class='ocrx_word' id='word_1_432' title='bbox 570 4229 636 4282; x_wconf 81' lang='lat' dir='ltr'><strong>Et</strong></span> <span class='ocrx_word' id='word_1_433' title='bbox 662 4228 905 4282; x_wconf 82' lang='lat' dir='ltr'><strong>Joannes</strong></span> <span class='ocrx_word' id='word_1_434' title='bbox 933 4229 999 4282; x_wconf 88' lang='lat' dir='ltr'><strong>de</strong></span> <span class='ocrx_word' id='word_1_435' title='bbox 1027 4227 1286 4279; x_wconf 82' lang='lat' dir='ltr'><strong>Dontiuo:</strong></span> <span class='ocrx_word' id='word_1_436' title='bbox 1324 4223 1444 4294; x_wconf 83' lang='lat' dir='ltr'><strong>Ipse</strong></span> <span class='ocrx_word' id='word_1_437' title='bbox 1474 4241 1558 4277; x_wconf 84' lang='lat' dir='ltr'><strong>vos</strong></span> <span class='ocrx_word' id='word_1_438' title='bbox 1581 4225 1820 4288; x_wconf 69' lang='lat' dir='ltr'><strong>baptiza-</strong></span> 
     </span>
    </p>
   </div>
   <div class='ocr_carea' id='block_1_60' title="bbox 212 4317 1823 4390">
    <p class='ocr_par' dir='ltr' id='par_1_60' title="bbox 212 4317 1823 4390">
     <span class='ocr_line' id='line_1_60' title="bbox 212 4317 1823 4390; baseline -0.004 -14"><span class='ocrx_word' id='word_1_439' title='bbox 212 4325 294 4376; x_wconf 65' lang='lat' dir='ltr'><strong>‘lrit</strong></span> <span class='ocrx_word' id='word_1_440' title='bbox 331 4325 390 4374; x_wconf 84' lang='lat' dir='ltr'><strong>in</strong></span> <span class='ocrx_word' id='word_1_441' title='bbox 415 4320 622 4390; x_wconf 77' lang='lat' dir='ltr'><strong>Spiritu</strong></span> <span class='ocrx_word' id='word_1_442' title='bbox 653 4330 836 4373; x_wconf 85' lang='lat' dir='ltr'><strong>sancto</strong></span> <span class='ocrx_word' id='word_1_443' title='bbox 862 4330 908 4372; x_wconf 87' lang='lat' dir='ltr'><strong>et</strong></span> <span class='ocrx_word' id='word_1_444' title='bbox 943 4320 1054 4389; x_wconf 85' lang='lat' dir='ltr'><strong>igni</strong></span> <span class='ocrx_word' id='word_1_445' title='bbox 1076 4320 1143 4372; x_wconf 75' lang='lat'><strong>9&#39;.</strong></span> <span class='ocrx_word' id='word_1_446' title='bbox 1178 4317 1235 4370; x_wconf 87' lang='lat' dir='ltr'><strong>ltt</strong></span> <span class='ocrx_word' id='word_1_447' title='bbox 1263 4318 1533 4387; x_wconf 79' lang='lat' dir='ltr'><strong>sartagine</strong></span> <span class='ocrx_word' id='word_1_448' title='bbox 1556 4326 1735 4369; x_wconf 87' lang='lat' dir='ltr'><strong>autent</strong></span> <span class='ocrx_word' id='word_1_449' title='bbox 1767 4325 1823 4370; x_wconf 87' lang='lat' dir='ltr'><strong>ct</strong></span> 
     </span>
    </p>
   </div>
   <div class='ocr_carea' id='block_1_61' title="bbox 223 4409 1822 4484">
    <p class='ocr_par' dir='ltr' id='par_1_61' title="bbox 223 4409 1822 4484">
     <span class='ocr_line' id='line_1_61' title="bbox 223 4409 1822 4484; baseline -0.004 -16"><span class='ocrx_word' id='word_1_450' title='bbox 223 4416 492 4470; x_wconf 60' lang='lat' dir='ltr'><strong>craticula</strong></span> <span class='ocrx_word' id='word_1_451' title='bbox 549 4414 686 4484; x_wconf 74' lang='lat' dir='ltr'><strong>ignis</strong></span> <span class='ocrx_word' id='word_1_452' title='bbox 743 4415 811 4466; x_wconf 87' lang='lat' dir='ltr'><strong>ab</strong></span> <span class='ocrx_word' id='word_1_453' title='bbox 850 4411 1209 4465; x_wconf 87' lang='lat' dir='ltr'><strong>inferioribus</strong></span> <span class='ocrx_word' id='word_1_454' title='bbox 1266 4423 1520 4472; x_wconf 73' lang='lat' dir='ltr'><strong>sumitur,</strong></span> <span class='ocrx_word' id='word_1_455' title='bbox 1575 4409 1698 4477; x_wconf 81' lang='lat' dir='ltr'><strong>quia</strong></span> <span class='ocrx_word' id='word_1_456' title='bbox 1753 4409 1822 4461; x_wconf 85' lang='lat' dir='ltr'><strong>ab</strong></span> 
     </span>
    </p>
   </div>
   <div class='ocr_carea' id='block_1_62' title="bbox 1933 1925 3511 2011">
    <p class='ocr_par' dir='ltr' id='par_1_62' title="bbox 1933 1925 3511 2011">
     <span class='ocr_line' id='line_1_62' title="bbox 1933 1925 3511 2011; baseline 0.013 -31"><span class='ocrx_word' id='word_1_457' title='bbox 1933 1925 2040 1991; x_wconf 66' lang='lat' dir='ltr'><strong>tiae,</strong></span> <span class='ocrx_word' id='word_1_458' title='bbox 2085 1927 2200 1983; x_wconf 88' lang='lat' dir='ltr'><strong>sive</strong></span> <span class='ocrx_word' id='word_1_459' title='bbox 2239 1931 2596 2000; x_wconf 75' lang='lat' dir='ltr'><strong>cognitionis,</strong></span> <span class='ocrx_word' id='word_1_460' title='bbox 2644 1935 2785 1990; x_wconf 82' lang='lat' dir='ltr'><strong>sient</strong></span> <span class='ocrx_word' id='word_1_461' title='bbox 2825 1939 2937 2007; x_wconf 82' lang='lat' dir='ltr'><strong>jam</strong></span> <span class='ocrx_word' id='word_1_462' title='bbox 2985 1956 3150 2011; x_wconf 90' lang='lat' dir='ltr'><strong>supra</strong></span> <span class='ocrx_word' id='word_1_463' title='bbox 3201 1944 3511 2009; x_wconf 69' lang='lat' dir='ltr'><strong>docuimus,</strong></span> 
     </span>
    </p>
   </div>
   <div class='ocr_carea' id='block_1_63' title="bbox 1927 2017 3511 2098">
    <p class='ocr_par' dir='ltr' id='par_1_63' title="bbox 1927 2017 3511 2098">
     <span class='ocr_line' id='line_1_63' title="bbox 1927 2017 3511 2098; baseline 0.012 -30"><span class='ocrx_word' id='word_1_464' title='bbox 1927 2017 2075 2086; x_wconf 88' lang='lat' dir='ltr'><strong>quod</strong></span> <span class='ocrx_word' id='word_1_465' title='bbox 2135 2034 2304 2090; x_wconf 85' lang='lat' dir='ltr'><strong>super</strong></span> <span class='ocrx_word' id='word_1_466' title='bbox 2353 2021 2524 2075; x_wconf 87' lang='lat' dir='ltr'><strong>altare</strong></span> <span class='ocrx_word' id='word_1_467' title='bbox 2578 2025 2816 2082; x_wconf 88' lang='lat' dir='ltr'><strong>adolebit</strong></span> <span class='ocrx_word' id='word_1_468' title='bbox 2867 2031 3011 2098; x_wconf 88' lang='lat' dir='ltr'><strong>apud</strong></span> <span class='ocrx_word' id='word_1_469' title='bbox 3064 2046 3143 2094; x_wconf 84' lang='lat' dir='ltr'><strong>se,</strong></span> <span class='ocrx_word' id='word_1_470' title='bbox 3198 2034 3511 2088; x_wconf 83' lang='lat' dir='ltr'><strong>custodiens</strong></span> 
     </span>
    </p>
   </div>
   <div class='ocr_carea' id='block_1_64' title="bbox 1929 2108 2734 2168">
    <p class='ocr_par' dir='ltr' id='par_1_64' title="bbox 1929 2108 2734 2168">
     <span class='ocr_line' id='line_1_64' title="bbox 1929 2108 2734 2168; baseline 0.011 -9"><span class='ocrx_word' id='word_1_471' title='bbox 1929 2108 2060 2162; x_wconf 86' lang='lat' dir='ltr'><strong>illud</strong></span> <span class='ocrx_word' id='word_1_472' title='bbox 2093 2108 2148 2162; x_wconf 91' lang='lat' dir='ltr'><strong>in</strong></span> <span class='ocrx_word' id='word_1_473' title='bbox 2179 2111 2436 2166; x_wconf 71' lang='lat' dir='ltr'><strong>sacculum</strong></span> <span class='ocrx_word' id='word_1_474' title='bbox 2469 2113 2734 2168; x_wconf 80' lang='lat' dir='ltr'><strong>futurum.</strong></span> 
     </span>
    </p>
   </div>
   <div class='ocr_carea' id='block_1_65' title="bbox 1998 2200 3512 2286">
    <p class='ocr_par' dir='ltr' id='par_1_65' title="bbox 1998 2200 3512 2286">
     <span class='ocr_line' id='line_1_65' title="bbox 1998 2200 3512 2286; baseline 0.012 -33"><span class='ocrx_word' id='word_1_475' title='bbox 1998 2200 2270 2272; x_wconf 78' lang='lat' dir='ltr'><strong>Quidquid</strong></span> <span class='ocrx_word' id='word_1_476' title='bbox 2328 2213 2506 2258; x_wconf 80' lang='lat' dir='ltr'><strong>autem</strong></span> <span class='ocrx_word' id='word_1_477' title='bbox 2559 2207 2818 2278; x_wconf 69' lang='lat' dir='ltr'><strong>reliquum</strong></span> <span class='ocrx_word' id='word_1_478' title='bbox 2866 2221 2960 2265; x_wconf 83' lang='lat' dir='ltr'><strong>est.</strong></span> <span class='ocrx_word' id='word_1_479' title='bbox 3015 2211 3071 2266; x_wconf 83' lang='lat' dir='ltr'><strong>Id</strong></span> <span class='ocrx_word' id='word_1_480' title='bbox 3115 2222 3220 2279; x_wconf 85' lang='lat' dir='ltr'><strong>est,</strong></span> <span class='ocrx_word' id='word_1_481' title='bbox 3251 2228 3512 2286; x_wconf 78' lang='lat' dir='ltr'><strong>quantum</strong></span> 
     </span>
    </p>
   </div>
   <div class='ocr_carea' id='block_1_66' title="bbox 1926 2291 2962 2370">
    <p class='ocr_par' dir='ltr' id='par_1_66' title="bbox 1926 2291 2962 2370">
     <span class='ocr_line' id='line_1_66' title="bbox 1926 2291 2962 2370; baseline 0.013 -27"><span class='ocrx_word' id='word_1_482' title='bbox 1926 2291 2070 2346; x_wconf 85' lang='lat' dir='ltr'><strong>scire</strong></span> <span class='ocrx_word' id='word_1_483' title='bbox 2099 2308 2201 2347; x_wconf 90' lang='lat' dir='ltr'><strong>nos</strong></span> <span class='ocrx_word' id='word_1_484' title='bbox 2231 2302 2288 2348; x_wconf 90' lang='lat' dir='ltr'><strong>et</strong></span> <span class='ocrx_word' id='word_1_485' title='bbox 2314 2298 2646 2365; x_wconf 86' lang='lat' dir='ltr'><strong>perscrutari</strong></span> <span class='ocrx_word' id='word_1_486' title='bbox 2684 2304 2962 2370; x_wconf 57' lang='lat' dir='ltr'><strong>pra‘cepit.</strong></span> 
     </span>
    </p>
   </div>
   <div class='ocr_carea' id='block_1_67' title="bbox 2001 2382 3508 2468">
    <p class='ocr_par' dir='ltr' id='par_1_67' title="bbox 2001 2382 3508 2468">
     <span class='ocr_line' id='line_1_67' title="bbox 2001 2382 3508 2468; baseline 0.011 -33"><span class='ocrx_word' id='word_1_487' title='bbox 2001 2382 2116 2437; x_wconf 82' lang='lat' dir='ltr'><strong>Hoc</strong></span> <span class='ocrx_word' id='word_1_488' title='bbox 2149 2386 2331 2439; x_wconf 75' lang='lat' dir='ltr'><strong>Aaron</strong></span> <span class='ocrx_word' id='word_1_489' title='bbox 2366 2388 2465 2440; x_wconf 79' lang='lat' dir='ltr'><strong>erit</strong></span> <span class='ocrx_word' id='word_1_490' title='bbox 2492 2389 2798 2456; x_wconf 66' lang='lat' dir='ltr'><strong>etﬂliorum</strong></span> <span class='ocrx_word' id='word_1_491' title='bbox 2830 2392 2964 2460; x_wconf 79' lang='lat' dir='ltr'><strong>ejus.</strong></span> <span class='ocrx_word' id='word_1_492' title='bbox 2993 2393 3048 2448; x_wconf 90' lang='lat' dir='ltr'><strong>ld</strong></span> <span class='ocrx_word' id='word_1_493' title='bbox 3080 2404 3182 2461; x_wconf 90' lang='lat' dir='ltr'><strong>est,</strong></span> <span class='ocrx_word' id='word_1_494' title='bbox 3211 2406 3266 2454; x_wconf 76' lang='lat' dir='ltr'><strong>et</strong></span> <span class='ocrx_word' id='word_1_495' title='bbox 3300 2398 3384 2452; x_wconf 89' lang='lat' dir='ltr'><strong>bis</strong></span> <span class='ocrx_word' id='word_1_496' title='bbox 3419 2401 3508 2468; x_wconf 78' lang='lat' dir='ltr'><strong>qui</strong></span> 
     </span>
    </p>
   </div>
   <div class='ocr_carea' id='block_1_68' title="bbox 1926 2476 3510 2558">
    <p class='ocr_par' dir='ltr' id='par_1_68' title="bbox 1926 2476 3510 2558">
     <span class='ocr_line' id='line_1_68' title="bbox 1926 2476 3510 2558; baseline 0.013 -32"><span class='ocrx_word' id='word_1_497' title='bbox 1926 2476 2178 2530; x_wconf 83' lang='lat' dir='ltr'><strong>sublimia</strong></span> <span class='ocrx_word' id='word_1_498' title='bbox 2209 2478 2279 2532; x_wconf 88' lang='lat' dir='ltr'><strong>de</strong></span> <span class='ocrx_word' id='word_1_499' title='bbox 2307 2478 2416 2533; x_wconf 85' lang='lat' dir='ltr'><strong>Deo</strong></span> <span class='ocrx_word' id='word_1_500' title='bbox 2436 2480 2684 2549; x_wconf 63' lang='lat' dir='ltr'><strong>cegitare</strong></span> <span class='ocrx_word' id='word_1_501' title='bbox 2717 2493 2772 2536; x_wconf 89' lang='lat' dir='ltr'><strong>et</strong></span> <span class='ocrx_word' id='word_1_502' title='bbox 2809 2487 3014 2540; x_wconf 86' lang='lat' dir='ltr'><strong>sentire</strong></span> <span class='ocrx_word' id='word_1_503' title='bbox 3053 2499 3304 2558; x_wconf 86' lang='lat' dir='ltr'><strong>possunt,</strong></span> <span class='ocrx_word' id='word_1_504' title='bbox 3341 2494 3510 2547; x_wconf 86' lang='lat' dir='ltr'><strong>tradi-</strong></span> 
     </span>
    </p>
   </div>
   <div class='ocr_carea' id='block_1_69' title="bbox 1926 2566 3122 2642">
    <p class='ocr_par' dir='ltr' id='par_1_69' title="bbox 1926 2566 3122 2642">
     <span class='ocr_line' id='line_1_69' title="bbox 1926 2566 3122 2642; baseline 0.013 -24"><span class='ocrx_word' id='word_1_505' title='bbox 1926 2566 2024 2629; x_wconf 87' lang='lat' dir='ltr'><strong>dit,</strong></span> <span class='ocrx_word' id='word_1_506' title='bbox 2057 2583 2194 2634; x_wconf 86' lang='lat' dir='ltr'><strong>quos</strong></span> <span class='ocrx_word' id='word_1_507' title='bbox 2222 2570 2361 2623; x_wconf 89' lang='lat' dir='ltr'><strong>ﬁlios</strong></span> <span class='ocrx_word' id='word_1_508' title='bbox 2389 2570 2571 2625; x_wconf 71' lang='lat' dir='ltr'><strong>Aaron</strong></span> <span class='ocrx_word' id='word_1_509' title='bbox 2597 2587 2718 2626; x_wconf 88' lang='lat' dir='ltr'><strong>esse</strong></span> <span class='ocrx_word' id='word_1_510' title='bbox 2741 2575 3122 2642; x_wconf 82' lang='lat' dir='ltr'><strong>praediximus.</strong></span> 
     </span>
    </p>
   </div>
   <div class='ocr_carea' id='block_1_70' title="bbox 1998 2659 3508 2731">
    <p class='ocr_par' dir='ltr' id='par_1_70' title="bbox 1998 2659 3508 2731">
     <span class='ocr_line' id='line_1_70' title="bbox 1998 2659 3508 2731; baseline 0.013 -18"><span class='ocrx_word' id='word_1_511' title='bbox 1998 2659 2252 2714; x_wconf 83' lang='lat' dir='ltr'><strong>Sanctum</strong></span> <span class='ocrx_word' id='word_1_512' title='bbox 2292 2673 2601 2717; x_wconf 82' lang='lat' dir='ltr'><strong>sanctorum</strong></span> <span class='ocrx_word' id='word_1_513' title='bbox 2640 2666 2705 2719; x_wconf 90' lang='lat' dir='ltr'><strong>de</strong></span> <span class='ocrx_word' id='word_1_514' title='bbox 2741 2666 3093 2725; x_wconf 79' lang='lat' dir='ltr'><strong>oblationibus</strong></span> <span class='ocrx_word' id='word_1_515' title='bbox 3131 2673 3360 2730; x_wconf 80' lang='lat' dir='ltr'><strong>Domini.</strong></span> <span class='ocrx_word' id='word_1_516' title='bbox 3399 2677 3508 2731; x_wconf 67' lang='lat' dir='ltr'><strong>lla-</strong></span> 
     </span>
    </p>
   </div>
   <div class='ocr_carea' id='block_1_71' title="bbox 1923 2752 3511 2839">
    <p class='ocr_par' dir='ltr' id='par_1_71' title="bbox 1923 2752 3511 2839">
     <span class='ocr_line' id='line_1_71' title="bbox 1923 2752 3511 2839; baseline 0.013 -36"><span class='ocrx_word' id='word_1_517' title='bbox 1923 2753 2007 2822; x_wconf 79' lang='lat' dir='ltr'><strong>gis</strong></span> <span class='ocrx_word' id='word_1_518' title='bbox 2063 2752 2299 2823; x_wconf 87' lang='lat' dir='ltr'><strong>idipsutu</strong></span> <span class='ocrx_word' id='word_1_519' title='bbox 2361 2755 2695 2812; x_wconf 85' lang='lat' dir='ltr'><strong>conﬁrmans</strong></span> <span class='ocrx_word' id='word_1_520' title='bbox 2745 2758 2859 2814; x_wconf 49' lang='lat' dir='ltr'><strong>vltoc</strong></span> <span class='ocrx_word' id='word_1_521' title='bbox 2920 2761 3198 2831; x_wconf 80' lang='lat' dir='ltr'><strong>legislator</strong></span> <span class='ocrx_word' id='word_1_522' title='bbox 3258 2769 3511 2839; x_wconf 87' lang='lat' dir='ltr'><strong>scripsit;</strong></span> 
     </span>
    </p>
   </div>
   <div class='ocr_carea' id='block_1_72' title="bbox 1927 2845 3510 2922">
    <p class='ocr_par' dir='ltr' id='par_1_72' title="bbox 1927 2845 3510 2922">
     <span class='ocr_line' id='line_1_72' title="bbox 1927 2845 3510 2922; baseline 0.014 -29"><span class='ocrx_word' id='word_1_523' title='bbox 1927 2852 2112 2896; x_wconf 84' lang='lat' dir='ltr'><strong>sancta</strong></span> <span class='ocrx_word' id='word_1_524' title='bbox 2143 2845 2346 2912; x_wconf 67' lang='lat' dir='ltr'><strong>quippe</strong></span> <span class='ocrx_word' id='word_1_525' title='bbox 2375 2857 2458 2900; x_wconf 89' lang='lat' dir='ltr'><strong>est</strong></span> <span class='ocrx_word' id='word_1_526' title='bbox 2485 2848 2667 2902; x_wconf 91' lang='lat' dir='ltr'><strong>omnis</strong></span> <span class='ocrx_word' id='word_1_527' title='bbox 2696 2849 2847 2904; x_wconf 87' lang='lat' dir='ltr'><strong>bona</strong></span> <span class='ocrx_word' id='word_1_528' title='bbox 2897 2853 3146 2922; x_wconf 87' lang='lat' dir='ltr'><strong>scientia,</strong></span> <span class='ocrx_word' id='word_1_529' title='bbox 3187 2859 3282 2913; x_wconf 90' lang='lat' dir='ltr'><strong>sed</strong></span> <span class='ocrx_word' id='word_1_530' title='bbox 3312 2857 3510 2915; x_wconf 87' lang='lat' dir='ltr'><strong>Sancta</strong></span> 
     </span>
    </p>
   </div>
   <div class='ocr_carea' id='block_1_73' title="bbox 1926 2937 3511 3020">
    <p class='ocr_par' dir='ltr' id='par_1_73' title="bbox 1926 2937 3511 3020">
     <span class='ocr_line' id='line_1_73' title="bbox 1926 2937 3511 3020; baseline 0.015 -36"><span class='ocrx_word' id='word_1_531' title='bbox 1926 2945 2238 2988; x_wconf 86' lang='lat' dir='ltr'><strong>sanctorum</strong></span> <span class='ocrx_word' id='word_1_532' title='bbox 2284 2951 2404 3004; x_wconf 82' lang='lat' dir='ltr'><strong>quae</strong></span> <span class='ocrx_word' id='word_1_533' title='bbox 2439 2937 2506 2992; x_wconf 90' lang='lat' dir='ltr'><strong>de</strong></span> <span class='ocrx_word' id='word_1_534' title='bbox 2539 2938 2632 2993; x_wconf 85' lang='lat' dir='ltr'><strong>Dei</strong></span> <span class='ocrx_word' id='word_1_535' title='bbox 2679 2941 2932 3011; x_wconf 87' lang='lat' dir='ltr'><strong>scientia,</strong></span> <span class='ocrx_word' id='word_1_536' title='bbox 2964 2946 3108 3002; x_wconf 89' lang='lat' dir='ltr'><strong>sicut</strong></span> <span class='ocrx_word' id='word_1_537' title='bbox 3135 2960 3370 3020; x_wconf 83' lang='lat' dir='ltr'><strong>oportet,</strong></span> <span class='ocrx_word' id='word_1_538' title='bbox 3397 2953 3511 3008; x_wconf 84' lang='lat' dir='ltr'><strong>dis-</strong></span> 
     </span>
    </p>
   </div>
   <div class='ocr_carea' id='block_1_74' title="bbox 1919 3034 2354 3093">
    <p class='ocr_par' dir='ltr' id='par_1_74' title="bbox 1919 3034 2354 3093">
     <span class='ocr_line' id='line_1_74' title="bbox 1919 3034 2354 3093; baseline 0.011 -18"><span class='ocrx_word' id='word_1_539' title='bbox 1919 3034 2119 3093; x_wconf 81' lang='lat' dir='ltr'><strong>putare</strong></span> <span class='ocrx_word' id='word_1_540' title='bbox 2156 3036 2354 3093; x_wconf 80' lang='lat' dir='ltr'><strong>potest.</strong></span> 
     </span>
    </p>
   </div>
   <div class='ocr_carea' id='block_1_75' title="bbox 2004 3115 3512 3198">
    <p class='ocr_par' dir='ltr' id='par_1_75' title="bbox 2004 3115 3512 3198">
     <span class='ocr_line' id='line_1_75' title="bbox 2004 3115 3512 3198; baseline 0.013 -29"><span class='ocrx_word' id='word_1_541' title='bbox 2004 3115 2162 3170; x_wconf 77' lang='lat' dir='ltr'><strong>V&#39;tzns.</strong></span> <span class='ocrx_word' id='word_1_542' title='bbox 2200 3119 2285 3184; x_wconf 81' lang='lat' dir='ltr'><strong>ll,</strong></span> <span class='ocrx_word' id='word_1_543' title='bbox 2322 3119 2406 3172; x_wconf 73' lang='lat' dir='ltr'><strong>l2.</strong></span> <span class='ocrx_word' id='word_1_544' title='bbox 2457 3140 2476 3172; x_wconf 87' lang='grc'><em>‹</em></span> <span class='ocrx_word' id='word_1_545' title='bbox 2506 3121 2697 3178; x_wconf 86' lang='lat' dir='ltr'><strong>Omnis</strong></span> <span class='ocrx_word' id='word_1_546' title='bbox 2743 3125 2948 3190; x_wconf 87' lang='lat' dir='ltr'><strong>oblatio</strong></span> <span class='ocrx_word' id='word_1_547' title='bbox 2982 3145 3103 3198; x_wconf 62' lang='lat' dir='ltr'><strong>quae</strong></span> <span class='ocrx_word' id='word_1_548' title='bbox 3144 3132 3371 3188; x_wconf 69' lang='lat' dir='ltr'><strong>offertur</strong></span> <span class='ocrx_word' id='word_1_549' title='bbox 3401 3135 3512 3189; x_wconf 86' lang='lat' dir='ltr'><strong>Do-</strong></span> 
     </span>
    </p>
   </div>
   <div class='ocr_carea' id='block_1_76' title="bbox 1928 3208 3510 3292">
    <p class='ocr_par' dir='ltr' id='par_1_76' title="bbox 1928 3208 3510 3292">
     <span class='ocr_line' id='line_1_76' title="bbox 1928 3208 3510 3292; baseline 0.014 -33"><span class='ocrx_word' id='word_1_550' title='bbox 1928 3208 2078 3261; x_wconf 88' lang='lat' dir='ltr'><strong>ntino</strong></span> <span class='ocrx_word' id='word_1_551' title='bbox 2107 3211 2314 3279; x_wconf 64' lang='lat' dir='ltr'><strong>absque</strong></span> <span class='ocrx_word' id='word_1_552' title='bbox 2347 3212 2618 3269; x_wconf 86' lang='lat' dir='ltr'><strong>fermento</strong></span> <span class='ocrx_word' id='word_1_553' title='bbox 2647 3217 2763 3282; x_wconf 88' lang='lat' dir='ltr'><strong>ﬁet,</strong></span> <span class='ocrx_word' id='word_1_554' title='bbox 2795 3235 2897 3274; x_wconf 91' lang='lat' dir='ltr'><strong>nec</strong></span> <span class='ocrx_word' id='word_1_555' title='bbox 2929 3222 3224 3292; x_wconf 81' lang='lat' dir='ltr'><strong>quidquam</strong></span> <span class='ocrx_word' id='word_1_556' title='bbox 3256 3225 3510 3288; x_wconf 83' lang='lat' dir='ltr'><strong>fermenti</strong></span> 
     </span>
    </p>
   </div>
   <div class='ocr_carea' id='block_1_77' title="bbox 1927 3302 3512 3381">
    <p class='ocr_par' dir='ltr' id='par_1_77' title="bbox 1927 3302 3512 3381">
     <span class='ocr_line' id='line_1_77' title="bbox 1927 3302 3512 3381; baseline 0.013 -28"><span class='ocrx_word' id='word_1_557' title='bbox 1927 3315 1990 3353; x_wconf 87' lang='lat' dir='ltr'><strong>ac</strong></span> <span class='ocrx_word' id='word_1_558' title='bbox 2021 3302 2195 3381; x_wconf 86' lang='lat' dir='ltr'><strong>mellis</strong></span> <span class='ocrx_word' id='word_1_559' title='bbox 2221 3303 2532 3360; x_wconf 84' lang='lat' dir='ltr'><strong>adolebitur</strong></span> <span class='ocrx_word' id='word_1_560' title='bbox 2563 3307 2618 3360; x_wconf 89' lang='lat' dir='ltr'><strong>in</strong></span> <span class='ocrx_word' id='word_1_561' title='bbox 2660 3311 2986 3367; x_wconf 85' lang='lat' dir='ltr'><strong>sacrificium</strong></span> <span class='ocrx_word' id='word_1_562' title='bbox 3025 3314 3276 3372; x_wconf 85' lang='lat' dir='ltr'><strong>Domino.</strong></span> <span class='ocrx_word' id='word_1_563' title='bbox 3312 3319 3512 3378; x_wconf 77' lang='lat' dir='ltr'><strong>Primi-</strong></span> 
     </span>
    </p>
   </div>
   <div class='ocr_carea' id='block_1_78' title="bbox 1928 3394 3510 3480">
    <p class='ocr_par' dir='ltr' id='par_1_78' title="bbox 1928 3394 3510 3480">
     <span class='ocr_line' id='line_1_78' title="bbox 1928 3394 3510 3480; baseline 0.013 -35"><span class='ocrx_word' id='word_1_564' title='bbox 1928 3394 2031 3446; x_wconf 88' lang='lat' dir='ltr'><strong>tias</strong></span> <span class='ocrx_word' id='word_1_565' title='bbox 2079 3404 2286 3450; x_wconf 89' lang='lat' dir='ltr'><strong>tantum</strong></span> <span class='ocrx_word' id='word_1_566' title='bbox 2332 3414 2520 3453; x_wconf 80' lang='lat' dir='ltr'><strong>eorum</strong></span> <span class='ocrx_word' id='word_1_567' title='bbox 2561 3403 2803 3458; x_wconf 82' lang='lat' dir='ltr'><strong>oll&#39;eretis</strong></span> <span class='ocrx_word' id='word_1_568' title='bbox 2847 3420 2911 3460; x_wconf 89' lang='lat' dir='ltr'><strong>ac</strong></span> <span class='ocrx_word' id='word_1_569' title='bbox 2952 3423 3201 3473; x_wconf 73' lang='lat' dir='ltr'><strong>munera,</strong></span> <span class='ocrx_word' id='word_1_570' title='bbox 3233 3425 3399 3480; x_wconf 88' lang='lat' dir='ltr'><strong>super</strong></span> <span class='ocrx_word' id='word_1_571' title='bbox 3431 3415 3510 3465; x_wconf 81' lang='lat' dir='ltr'><strong>al-</strong></span> 
     </span>
    </p>
   </div>
   <div class='ocr_carea' id='block_1_79' title="bbox 1929 3497 3364 3561">
    <p class='ocr_par' dir='ltr' id='par_1_79' title="bbox 1929 3497 3364 3561">
     <span class='ocr_line' id='line_1_79' title="bbox 1929 3497 3364 3561; baseline 0.013 -22"><span class='ocrx_word' id='word_1_572' title='bbox 1929 3497 2042 3542; x_wconf 88' lang='lat' dir='ltr'><strong>tare</strong></span> <span class='ocrx_word' id='word_1_573' title='bbox 2074 3506 2202 3542; x_wconf 88' lang='lat' dir='ltr'><strong>veto</strong></span> <span class='ocrx_word' id='word_1_574' title='bbox 2226 3506 2336 3556; x_wconf 86' lang='lat' dir='ltr'><strong>non</strong></span> <span class='ocrx_word' id='word_1_575' title='bbox 2365 3504 2643 3561; x_wconf 87' lang='lat' dir='ltr'><strong>ponentur</strong></span> <span class='ocrx_word' id='word_1_576' title='bbox 2669 3497 2724 3550; x_wconf 82' lang='lat' dir='ltr'><strong>in</strong></span> <span class='ocrx_word' id='word_1_577' title='bbox 2753 3498 2976 3554; x_wconf 60' lang='lat' dir='ltr'><strong>odorem</strong></span> <span class='ocrx_word' id='word_1_578' title='bbox 3009 3503 3310 3560; x_wconf 84' lang='lat' dir='ltr'><strong>suavitatis.</strong></span> <span class='ocrx_word' id='word_1_579' title='bbox 3335 3525 3364 3557; x_wconf 66' lang='grc'><strong>4</strong></span> 
     </span>
    </p>
   </div>
   <div class='ocr_carea' id='block_1_80' title="bbox 1998 3577 3509 3653">
    <p class='ocr_par' dir='ltr' id='par_1_80' title="bbox 1998 3577 3509 3653">
     <span class='ocr_line' id='line_1_80' title="bbox 1998 3577 3509 3653; baseline 0.014 -23"><span class='ocrx_word' id='word_1_580' title='bbox 1998 3577 2145 3633; x_wconf 66' lang='lat' dir='ltr'><strong>Nihil</strong></span> <span class='ocrx_word' id='word_1_581' title='bbox 2196 3585 2600 3640; x_wconf 83' lang='lat' dir='ltr'><strong>communionis</strong></span> <span class='ocrx_word' id='word_1_582' title='bbox 2651 3589 2765 3642; x_wconf 89' lang='lat' dir='ltr'><strong>vult</strong></span> <span class='ocrx_word' id='word_1_583' title='bbox 2815 3591 3018 3647; x_wconf 84' lang='lat' dir='ltr'><strong>habere</strong></span> <span class='ocrx_word' id='word_1_584' title='bbox 3063 3595 3370 3651; x_wconf 79' lang='lat' dir='ltr'><strong>doctrinam</strong></span> <span class='ocrx_word' id='word_1_585' title='bbox 3409 3598 3509 3653; x_wconf 78' lang='lat' dir='ltr'><strong>Dei</strong></span> 
     </span>
    </p>
   </div>
   <div class='ocr_carea' id='block_1_81' title="bbox 1925 3669 3512 3744">
    <p class='ocr_par' dir='ltr' id='par_1_81' title="bbox 1925 3669 3512 3744">
     <span class='ocr_line' id='line_1_81' title="bbox 1925 3669 3512 3744; baseline 0.013 -25"><span class='ocrx_word' id='word_1_586' title='bbox 1925 3681 2048 3719; x_wconf 87' lang='lat' dir='ltr'><strong>cum</strong></span> <span class='ocrx_word' id='word_1_587' title='bbox 2083 3669 2340 3723; x_wconf 75' lang='lat' dir='ltr'><strong>exteriori</strong></span> <span class='ocrx_word' id='word_1_588' title='bbox 2369 3671 2618 3726; x_wconf 84' lang='lat' dir='ltr'><strong>scientia.</strong></span> <span class='ocrx_word' id='word_1_589' title='bbox 2649 3673 2805 3744; x_wconf 84' lang='lat' dir='ltr'><strong>Quod</strong></span> <span class='ocrx_word' id='word_1_590' title='bbox 2835 3679 2980 3732; x_wconf 89' lang='lat' dir='ltr'><strong>enim</strong></span> <span class='ocrx_word' id='word_1_591' title='bbox 3018 3679 3344 3738; x_wconf 74' lang='lat' dir='ltr'><strong>fermentum</strong></span> <span class='ocrx_word' id='word_1_592' title='bbox 3377 3685 3512 3740; x_wconf 85' lang='lat' dir='ltr'><strong>alic—</strong></span> 
     </span>
    </p>
   </div>
   <div class='ocr_carea' id='block_1_82' title="bbox 1925 3761 3510 3842">
    <p class='ocr_par' dir='ltr' id='par_1_82' title="bbox 1925 3761 3510 3842">
     <span class='ocr_line' id='line_1_82' title="bbox 1925 3761 3510 3842; baseline 0.012 -28"><span class='ocrx_word' id='word_1_593' title='bbox 1925 3775 2051 3814; x_wconf 85' lang='lat' dir='ltr'><strong>naiu</strong></span> <span class='ocrx_word' id='word_1_594' title='bbox 2106 3761 2411 3816; x_wconf 88' lang='lat' dir='ltr'><strong>doctrinam</strong></span> <span class='ocrx_word' id='word_1_595' title='bbox 2479 3767 2757 3836; x_wconf 75' lang='lat' dir='ltr'><strong>appellat.</strong></span> <span class='ocrx_word' id='word_1_596' title='bbox 2820 3779 3011 3838; x_wconf 71' lang='lat' dir='ltr'><strong>aperte</strong></span> <span class='ocrx_word' id='word_1_597' title='bbox 3070 3773 3192 3842; x_wconf 78' lang='lat' dir='ltr'><strong>ipse</strong></span> <span class='ocrx_word' id='word_1_598' title='bbox 3247 3775 3510 3832; x_wconf 82' lang='lat' dir='ltr'><strong>Dominus</strong></span> 
     </span>
    </p>
   </div>
   <div class='ocr_carea' id='block_1_83' title="bbox 1927 3853 3508 3936">
    <p class='ocr_par' dir='ltr' id='par_1_83' title="bbox 1927 3853 3508 3936">
     <span class='ocr_line' id='line_1_83' title="bbox 1927 3853 3508 3936; baseline 0.011 -32"><span class='ocrx_word' id='word_1_599' title='bbox 1927 3853 2133 3916; x_wconf 89' lang='lat' dir='ltr'><strong>docuit,</strong></span> <span class='ocrx_word' id='word_1_600' title='bbox 2162 3853 2351 3910; x_wconf 73' lang='lat' dir='ltr'><strong>dicens</strong></span> <span class='ocrx_word' id='word_1_601' title='bbox 2391 3855 2671 3932; x_wconf 88' lang='lat' dir='ltr'><strong>discipulis</strong></span> <span class='ocrx_word' id='word_1_602' title='bbox 2708 3860 2822 3914; x_wconf 90' lang='lat' dir='ltr'><strong>suis</strong></span> <span class='ocrx_word' id='word_1_603' title='bbox 2849 3878 2862 3913; x_wconf 87' lang='lat'><strong>:</strong></span> <span class='ocrx_word' id='word_1_604' title='bbox 2893 3861 3162 3930; x_wconf 74' lang='lat' dir='ltr'><strong>Attendite</strong></span> <span class='ocrx_word' id='word_1_605' title='bbox 3189 3882 3222 3916; x_wconf 89' lang='lat' dir='ltr'><strong>a</strong></span> <span class='ocrx_word' id='word_1_606' title='bbox 3244 3867 3508 3936; x_wconf 69' lang='lat' dir='ltr'><strong>fermento</strong></span> 
     </span>
    </p>
   </div>
   <div class='ocr_carea' id='block_1_84' title="bbox 1927 3943 3507 4027">
    <p class='ocr_par' dir='ltr' id='par_1_84' title="bbox 1927 3943 3507 4027">
     <span class='ocr_line' id='line_1_84' title="bbox 1927 3943 3507 4027; baseline 0.009 -31"><span class='ocrx_word' id='word_1_607' title='bbox 1927 3943 2319 3998; x_wconf 65' lang='lat' dir='ltr'><strong>Pharisa’ornm</strong></span> <span class='ocrx_word' id='word_1_608' title='bbox 2360 3956 2415 3998; x_wconf 76' lang='lat' dir='ltr'><strong>et</strong></span> <span class='ocrx_word' id='word_1_609' title='bbox 2443 3945 2864 4003; x_wconf 64' lang='lat' dir='ltr'><strong>Sadduca’orum</strong></span> <span class='ocrx_word' id='word_1_610' title='bbox 2895 3953 2933 4003; x_wconf 74' lang='grc' dir='ltr'>ί.</span> <span class='ocrx_word' id='word_1_611' title='bbox 2979 3952 3114 4021; x_wconf 86' lang='lat' dir='ltr'><strong>Ipsis</strong></span> <span class='ocrx_word' id='word_1_612' title='bbox 3143 3963 3325 4009; x_wconf 85' lang='lat' dir='ltr'><strong>autem</strong></span> <span class='ocrx_word' id='word_1_613' title='bbox 3364 3957 3507 4027; x_wconf 83' lang='lat' dir='ltr'><strong>igno-</strong></span> 
     </span>
    </p>
   </div>
   <div class='ocr_carea' id='block_1_85' title="bbox 1928 4035 3508 4107">
    <p class='ocr_par' dir='ltr' id='par_1_85' title="bbox 1928 4035 3508 4107">
     <span class='ocr_line' id='line_1_85' title="bbox 1928 4035 3508 4107; baseline 0.009 -19"><span class='ocrx_word' id='word_1_614' title='bbox 1928 4035 2175 4089; x_wconf 88' lang='lat' dir='ltr'><strong>rautibtts</strong></span> <span class='ocrx_word' id='word_1_615' title='bbox 2219 4052 2339 4105; x_wconf 69' lang='lat' dir='ltr'><strong>quae</strong></span> <span class='ocrx_word' id='word_1_616' title='bbox 2383 4037 2728 4107; x_wconf 80' lang='lat' dir='ltr'><strong>dicebantur,</strong></span> <span class='ocrx_word' id='word_1_617' title='bbox 2759 4041 3010 4097; x_wconf 89' lang='lat' dir='ltr'><strong>addidit:</strong></span> <span class='ocrx_word' id='word_1_618' title='bbox 3041 4042 3277 4098; x_wconf 79' lang='lat' dir='ltr'><strong>Necdum</strong></span> <span class='ocrx_word' id='word_1_619' title='bbox 3318 4048 3508 4102; x_wconf 85' lang='lat' dir='ltr'><strong>intelli-</strong></span> 
     </span>
    </p>
   </div>
   <div class='ocr_carea' id='block_1_86' title="bbox 1924 4129 3506 4208">
    <p class='ocr_par' dir='ltr' id='par_1_86' title="bbox 1924 4129 3506 4208">
     <span class='ocr_line' id='line_1_86' title="bbox 1924 4129 3506 4208; baseline 0.009 -28"><span class='ocrx_word' id='word_1_620' title='bbox 1924 4129 2067 4198; x_wconf 78' lang='lat' dir='ltr'><strong>gitis,</strong></span> <span class='ocrx_word' id='word_1_621' title='bbox 2119 4146 2281 4200; x_wconf 59' lang='lat' dir='ltr'><strong>neque</strong></span> <span class='ocrx_word' id='word_1_622' title='bbox 2339 4133 2647 4201; x_wconf 82' lang='lat' dir='ltr'><strong>cognoscitis</strong></span> <span class='ocrx_word' id='word_1_623' title='bbox 2677 4135 2802 4203; x_wconf 87' lang='lat' dir='ltr'><strong>quia</strong></span> <span class='ocrx_word' id='word_1_624' title='bbox 2854 4151 2957 4190; x_wconf 87' lang='lat' dir='ltr'><strong>non</strong></span> <span class='ocrx_word' id='word_1_625' title='bbox 3009 4139 3074 4192; x_wconf 90' lang='lat' dir='ltr'><strong>de</strong></span> <span class='ocrx_word' id='word_1_626' title='bbox 3121 4141 3344 4208; x_wconf 74' lang='lat' dir='ltr'><strong>panibus</strong></span> <span class='ocrx_word' id='word_1_627' title='bbox 3396 4142 3506 4195; x_wconf 63' lang='lat' dir='ltr'><strong>diri</strong></span> 
     </span>
    </p>
   </div>
   <div class='ocr_carea' id='block_1_87' title="bbox 1923 4223 3507 4298">
    <p class='ocr_par' dir='ltr' id='par_1_87' title="bbox 1923 4223 3507 4298">
     <span class='ocr_line' id='line_1_87' title="bbox 1923 4223 3507 4298; baseline 0.008 -24"><span class='ocrx_word' id='word_1_628' title='bbox 1923 4223 2063 4275; x_wconf 54' lang='lat' dir='ltr'><strong>vobis</strong></span> <span class='ocrx_word' id='word_1_629' title='bbox 2108 4225 2149 4275; x_wconf 77' lang='grc'>³.</span> <span class='ocrx_word' id='word_1_630' title='bbox 2198 4223 2269 4276; x_wconf 67' lang='lat' dir='ltr'><strong>Et</strong></span> <span class='ocrx_word' id='word_1_631' title='bbox 2325 4231 2454 4278; x_wconf 91' lang='lat' dir='ltr'><strong>tunc</strong></span> <span class='ocrx_word' id='word_1_632' title='bbox 2535 4239 2910 4296; x_wconf 79' lang='lat' dir='ltr'><strong>cognoverunt</strong></span> <span class='ocrx_word' id='word_1_633' title='bbox 2963 4229 3088 4298; x_wconf 88' lang='lat' dir='ltr'><strong>quia</strong></span> <span class='ocrx_word' id='word_1_634' title='bbox 3138 4231 3206 4297; x_wconf 87' lang='lat' dir='ltr'><strong>de</strong></span> <span class='ocrx_word' id='word_1_635' title='bbox 3259 4233 3507 4297; x_wconf 75' lang='lat' dir='ltr'><strong>doctrina</strong></span> 
     </span>
    </p>
   </div>
   <div class='ocr_carea' id='block_1_88' title="bbox 1925 4313 3506 4395">
    <p class='ocr_par' dir='ltr' id='par_1_88' title="bbox 1925 4313 3506 4395">
     <span class='ocr_line' id='line_1_88' title="bbox 1925 4313 3506 4395; baseline 0.007 -27"><span class='ocrx_word' id='word_1_636' title='bbox 1925 4313 2240 4369; x_wconf 78' lang='lat' dir='ltr'><strong>Scribarum</strong></span> <span class='ocrx_word' id='word_1_637' title='bbox 2274 4327 2336 4371; x_wconf 87' lang='lat' dir='ltr'><strong>et</strong></span> <span class='ocrx_word' id='word_1_638' title='bbox 2380 4317 2778 4373; x_wconf 73' lang='lat' dir='ltr'><strong>Pharisaeorum</strong></span> <span class='ocrx_word' id='word_1_639' title='bbox 2813 4321 3060 4378; x_wconf 82' lang='lat' dir='ltr'><strong>dixisset.</strong></span> <span class='ocrx_word' id='word_1_640' title='bbox 3104 4323 3208 4381; x_wconf 74' lang='lat' dir='ltr'><strong>Mcl</strong></span> <span class='ocrx_word' id='word_1_641' title='bbox 3240 4343 3367 4381; x_wconf 83' lang='lat' dir='ltr'><strong>vero</strong></span> <span class='ocrx_word' id='word_1_642' title='bbox 3409 4343 3506 4395; x_wconf 75' lang='lat' dir='ltr'><strong>pa~</strong></span> 
     </span>
    </p>
   </div>
   <div class='ocr_carea' id='block_1_89' title="bbox 1917 4410 3503 4486">
    <p class='ocr_par' dir='ltr' id='par_1_89' title="bbox 1917 4410 3503 4486">
     <span class='ocr_line' id='line_1_89' title="bbox 1917 4410 3503 4486; baseline 0.011 -29"><span class='ocrx_word' id='word_1_643' title='bbox 1917 4423 2192 4478; x_wconf 34' lang='lat' dir='ltr'><strong>.ganorum</strong></span> <span class='ocrx_word' id='word_1_644' title='bbox 2238 4410 2540 4463; x_wconf 84' lang='lat' dir='ltr'><strong>doctrinam</strong></span> <span class='ocrx_word' id='word_1_645' title='bbox 2597 4411 2853 4483; x_wconf 79' lang='lat' dir='ltr'><strong>intelligi,</strong></span> <span class='ocrx_word' id='word_1_646' title='bbox 2900 4426 3128 4486; x_wconf 79' lang='lat' dir='ltr'><strong>propter</strong></span> <span class='ocrx_word' id='word_1_647' title='bbox 3183 4421 3503 4478; x_wconf 74' lang='lat' dir='ltr'><strong>suavitatem</strong></span> 
     </span>
    </p>
   </div>
   <div class='ocr_carea' id='block_1_90' title="bbox 227 4493 3502 4575">
    <p class='ocr_par' dir='ltr' id='par_1_90' title="bbox 227 4493 3502 4575">
     <span class='ocr_line' id='line_1_90' title="bbox 227 4493 3502 4575; baseline -0.003 -13"><span class='ocrx_word' id='word_1_648' title='bbox 227 4508 551 4565; x_wconf 76' lang='lat' dir='ltr'><strong>lminiuibus</strong></span> <span class='ocrx_word' id='word_1_649' title='bbox 601 4507 692 4574; x_wconf 90' lang='lat' dir='ltr'><strong>qui</strong></span> <span class='ocrx_word' id='word_1_650' title='bbox 751 4515 932 4558; x_wconf 86' lang='lat' dir='ltr'><strong>mente</strong></span> <span class='ocrx_word' id='word_1_651' title='bbox 985 4503 1039 4556; x_wconf 90' lang='lat' dir='ltr'><strong>in</strong></span> <span class='ocrx_word' id='word_1_652' title='bbox 1087 4501 1287 4555; x_wconf 83' lang='lat' dir='ltr'><strong>infimis</strong></span> <span class='ocrx_word' id='word_1_653' title='bbox 1330 4501 1536 4570; x_wconf 89' lang='lat' dir='ltr'><strong>jaccnt,</strong></span> <span class='ocrx_word' id='word_1_654' title='bbox 1565 4493 1820 4568; x_wconf 84' lang='lat' dir='ltr'><strong>provenit</strong></span> <span class='ocrx_word' id='word_1_655' title='bbox 1848 4522 1896 4575; x_wconf 54' lang='grc' dir='ltr'><strong>τ)</strong></span> <span class='ocrx_word' id='word_1_656' title='bbox 1929 4499 2240 4563; x_wconf 87' lang='lat' dir='ltr'><strong>verborum,</strong></span> <span class='ocrx_word' id='word_1_657' title='bbox 2275 4509 2328 4553; x_wconf 87' lang='lat' dir='ltr'><strong>et</strong></span> <span class='ocrx_word' id='word_1_658' title='bbox 2362 4501 2708 4556; x_wconf 88' lang='lat' dir='ltr'><strong>dulcedinem</strong></span> <span class='ocrx_word' id='word_1_659' title='bbox 2748 4505 2972 4573; x_wconf 81' lang='lat' dir='ltr'><strong>eloquii,</strong></span> <span class='ocrx_word' id='word_1_660' title='bbox 3001 4507 3258 4562; x_wconf 80' lang='lat' dir='ltr'><strong>Salomon</strong></span> <span class='ocrx_word' id='word_1_661' title='bbox 3289 4510 3340 4562; x_wconf 91' lang='lat' dir='ltr'><strong>in</strong></span> <span class='ocrx_word' id='word_1_662' title='bbox 3376 4511 3502 4564; x_wconf 76' lang='lat' dir='ltr'><strong>l’rn-</strong></span> 
     </span>
    </p>
   </div>
   <div class='ocr_carea' id='block_1_91' title="bbox 227 4592 1822 4668">
    <p class='ocr_par' dir='ltr' id='par_1_91' title="bbox 227 4592 1822 4668">
     <span class='ocr_line' id='line_1_91' title="bbox 227 4592 1822 4668; baseline -0.006 -17"><span class='ocrx_word' id='word_1_663' title='bbox 227 4595 563 4668; x_wconf 73' lang='lat' dir='ltr'><strong>prtepatatio</strong></span> <span class='ocrx_word' id='word_1_664' title='bbox 601 4593 901 4662; x_wconf 81' lang='lat' dir='ltr'><strong>passionis.</strong></span> <span class='ocrx_word' id='word_1_665' title='bbox 949 4593 1104 4656; x_wconf 87' lang='lat' dir='ltr'><strong>Quod</strong></span> <span class='ocrx_word' id='word_1_666' title='bbox 1151 4601 1333 4643; x_wconf 86' lang='lat' dir='ltr'><strong>autem</strong></span> <span class='ocrx_word' id='word_1_667' title='bbox 1373 4592 1510 4660; x_wconf 72' lang='lat' dir='ltr'><strong>ignis</strong></span> <span class='ocrx_word' id='word_1_668' title='bbox 1549 4607 1647 4658; x_wconf 86' lang='lat' dir='ltr'><strong>pro</strong></span> <span class='ocrx_word' id='word_1_669' title='bbox 1695 4606 1822 4659; x_wconf 82' lang='lat' dir='ltr'><strong>pas-</strong></span> 
     </span>
    </p>
   </div>
   <div class='ocr_carea' id='block_1_92' title="bbox 225 4682 1822 4755">
    <p class='ocr_par' dir='ltr' id='par_1_92' title="bbox 225 4682 1822 4755">
     <span class='ocr_line' id='line_1_92' title="bbox 225 4682 1822 4755; baseline -0.005 -15"><span class='ocrx_word' id='word_1_670' title='bbox 225 4686 688 4755; x_wconf 72' lang='lat' dir='ltr'><strong>sioticaCt-ipitur,</strong></span> <span class='ocrx_word' id='word_1_671' title='bbox 716 4686 839 4739; x_wconf 88' lang='lat' dir='ltr'><strong>audi</strong></span> <span class='ocrx_word' id='word_1_672' title='bbox 864 4682 1156 4737; x_wconf 80' lang='lat' dir='ltr'><strong>.lercmiam</strong></span> <span class='ocrx_word' id='word_1_673' title='bbox 1186 4683 1456 4736; x_wconf 84' lang='lat' dir='ltr'><strong>dicentem</strong></span> <span class='ocrx_word' id='word_1_674' title='bbox 1484 4699 1496 4732; x_wconf 87' lang='lat'><strong>:</strong></span> <span class='ocrx_word' id='word_1_675' title='bbox 1529 4682 1591 4733; x_wconf 62' lang='lat' dir='ltr'><strong>lat</strong></span> <span class='ocrx_word' id='word_1_676' title='bbox 1623 4682 1822 4751; x_wconf 80' lang='lat' dir='ltr'><strong>factum</strong></span> 
     </span>
    </p>
   </div>
   <div class='ocr_carea' id='block_1_93' title="bbox 223 4759 1821 4847">
    <p class='ocr_par' dir='ltr' id='par_1_93' title="bbox 223 4772 1821 4847">
     <span class='ocr_line' id='line_1_93' title="bbox 223 4772 1821 4847; baseline -0.004 -17"><span class='ocrx_word' id='word_1_677' title='bbox 223 4789 296 4830; x_wconf 76' lang='lat' dir='ltr'><strong>est</strong></span> <span class='ocrx_word' id='word_1_678' title='bbox 334 4777 494 4847; x_wconf 78' lang='lat' dir='ltr'><strong>quasi</strong></span> <span class='ocrx_word' id='word_1_679' title='bbox 546 4776 682 4846; x_wconf 74' lang='lat' dir='ltr'><strong>ignis</strong></span> <span class='ocrx_word' id='word_1_680' title='bbox 733 4781 945 4835; x_wconf 79' lang='lat' dir='ltr'><strong>ardens,</strong></span> <span class='ocrx_word' id='word_1_681' title='bbox 991 4783 1037 4826; x_wconf 83' lang='lat' dir='ltr'><strong>et</strong></span> <span class='ocrx_word' id='word_1_682' title='bbox 1064 4787 1298 4824; x_wconf 57' lang='lat' dir='ltr'><strong>a&#39;stuans</strong></span> <span class='ocrx_word' id='word_1_683' title='bbox 1318 4773 1370 4823; x_wconf 80' lang='lat' dir='ltr'><strong>in</strong></span> <span class='ocrx_word' id='word_1_684' title='bbox 1388 4773 1584 4825; x_wconf 79' lang='lat' dir='ltr'><strong>ossibus</strong></span> <span class='ocrx_word' id='word_1_685' title='bbox 1605 4774 1731 4824; x_wconf 85' lang='lat' dir='ltr'><strong>meis</strong></span> <span class='ocrx_word' id='word_1_686' title='bbox 1757 4772 1821 4824; x_wconf 69' lang='grc'><strong>³⁸.</strong></span> 
     </span>
    </p>
   </div>
   <div class='ocr_carea' id='block_1_94' title="bbox 227 4865 1824 4943">
    <p class='ocr_par' dir='ltr' id='par_1_94' title="bbox 227 4865 1824 4943">
     <span class='ocr_line' id='line_1_94' title="bbox 227 4865 1824 4943; baseline -0.004 -20"><span class='ocrx_word' id='word_1_687' title='bbox 227 4873 292 4925; x_wconf 65' lang='lat' dir='ltr'><strong>lit</strong></span> <span class='ocrx_word' id='word_1_688' title='bbox 351 4884 547 4920; x_wconf 80' lang='lat' dir='ltr'><strong>rursus</strong></span> <span class='ocrx_word' id='word_1_689' title='bbox 601 4867 811 4920; x_wconf 82' lang='lat' dir='ltr'><strong>David:</strong></span> <span class='ocrx_word' id='word_1_690' title='bbox 851 4866 1105 4943; x_wconf 57' lang='lat' dir='ltr'><strong>youtinns</strong></span> <span class='ocrx_word' id='word_1_691' title='bbox 1147 4865 1202 4916; x_wconf 88' lang='lat' dir='ltr'><strong>in</strong></span> <span class='ocrx_word' id='word_1_692' title='bbox 1243 4865 1325 4916; x_wconf 87' lang='lat' dir='ltr'><strong>ira</strong></span> <span class='ocrx_word' id='word_1_693' title='bbox 1368 4881 1463 4917; x_wconf 85' lang='lat' dir='ltr'><strong>sua</strong></span> <span class='ocrx_word' id='word_1_694' title='bbox 1498 4865 1824 4917; x_wconf 80' lang='lat' dir='ltr'><strong>conturbabit</strong></span> 
     </span>
    </p>
   </div>
   <div class='ocr_carea' id='block_1_95' title="bbox 225 4957 1823 5028">
    <p class='ocr_par' dir='ltr' id='par_1_95' title="bbox 225 4957 1823 5028">
     <span class='ocr_line' id='line_1_95' title="bbox 225 4957 1823 5028; baseline -0.004 -14"><span class='ocrx_word' id='word_1_695' title='bbox 225 4980 334 5024; x_wconf 77' lang='lat' dir='ltr'><strong>cos,</strong></span> <span class='ocrx_word' id='word_1_696' title='bbox 371 4971 419 5012; x_wconf 75' lang='lat' dir='ltr'><strong>cl</strong></span> <span class='ocrx_word' id='word_1_697' title='bbox 464 4961 731 5013; x_wconf 75' lang='lat' dir='ltr'><strong>det-orabit</strong></span> <span class='ocrx_word' id='word_1_698' title='bbox 777 4976 860 5012; x_wconf 76' lang='lat' dir='ltr'><strong>eos</strong></span> <span class='ocrx_word' id='word_1_699' title='bbox 900 4959 1035 5028; x_wconf 84' lang='lat' dir='ltr'><strong>ignis</strong></span> <span class='ocrx_word' id='word_1_700' title='bbox 1065 4959 1132 5007; x_wconf 70' lang='grc'><strong>⁸⁷.</strong></span> <span class='ocrx_word' id='word_1_701' title='bbox 1167 4957 1391 5009; x_wconf 74' lang='lat' dir='ltr'><strong>.‘llortcnt</strong></span> <span class='ocrx_word' id='word_1_702' title='bbox 1420 4957 1628 5019; x_wconf 76' lang='lat' dir='ltr'><strong>dicens,</strong></span> <span class='ocrx_word' id='word_1_703' title='bbox 1661 4972 1823 5025; x_wconf 86' lang='lat' dir='ltr'><strong>quam</strong></span> 
     </span>
    </p>
   </div>
   <div class='ocr_carea' id='block_1_96' title="bbox 227 5048 1824 5122">
    <p class='ocr_par' dir='ltr' id='par_1_96' title="bbox 227 5048 1824 5122">
     <span class='ocr_line' id='line_1_96' title="bbox 227 5048 1824 5122; baseline -0.003 -16"><span class='ocrx_word' id='word_1_704' title='bbox 227 5054 620 5122; x_wconf 52' lang='lat' dir='ltr'><strong>peccatoribus</strong></span> <span class='ocrx_word' id='word_1_705' title='bbox 662 5052 912 5104; x_wconf 88' lang='lat' dir='ltr'><strong>illaturus</strong></span> <span class='ocrx_word' id='word_1_706' title='bbox 939 5059 1077 5103; x_wconf 89' lang='lat' dir='ltr'><strong>erat.</strong></span> <span class='ocrx_word' id='word_1_707' title='bbox 1110 5048 1227 5102; x_wconf 77' lang='lat' dir='ltr'><strong>Non</strong></span> <span class='ocrx_word' id='word_1_708' title='bbox 1261 5058 1344 5102; x_wconf 86' lang='lat' dir='ltr'><strong>est</strong></span> <span class='ocrx_word' id='word_1_709' title='bbox 1375 5057 1554 5101; x_wconf 82' lang='lat' dir='ltr'><strong>autem</strong></span> <span class='ocrx_word' id='word_1_710' title='bbox 1587 5049 1824 5102; x_wconf 87' lang='lat' dir='ltr'><strong>admira-</strong></span> 
     </span>
    </p>
   </div>
   <div class='ocr_carea' id='block_1_97' title="bbox 227 5141 1826 5213">
    <p class='ocr_par' dir='ltr' id='par_1_97' title="bbox 227 5141 1826 5213">
     <span class='ocr_line' id='line_1_97' title="bbox 227 5141 1826 5213; baseline -0.002 -15"><span class='ocrx_word' id='word_1_711' title='bbox 227 5149 358 5207; x_wconf 81' lang='lat' dir='ltr'><strong>bile,</strong></span> <span class='ocrx_word' id='word_1_712' title='bbox 392 5147 665 5199; x_wconf 74' lang='lat' dir='ltr'><strong>carbones</strong></span> <span class='ocrx_word' id='word_1_713' title='bbox 697 5144 898 5213; x_wconf 86' lang='lat' dir='ltr'><strong>quippe</strong></span> <span class='ocrx_word' id='word_1_714' title='bbox 927 5142 1156 5211; x_wconf 87' lang='lat' dir='ltr'><strong>spiritali</strong></span> <span class='ocrx_word' id='word_1_715' title='bbox 1193 5141 1482 5195; x_wconf 85' lang='lat' dir='ltr'><strong>traditione</strong></span> <span class='ocrx_word' id='word_1_716' title='bbox 1511 5156 1606 5193; x_wconf 86' lang='lat' dir='ltr'><strong>eos</strong></span> <span class='ocrx_word' id='word_1_717' title='bbox 1658 5157 1826 5210; x_wconf 84' lang='lat' dir='ltr'><strong>panes</strong></span> 
     </span>
    </p>
   </div>
   <div class='ocr_carea' id='block_1_98' title="bbox 225 5233 1821 5308">
    <p class='ocr_par' dir='ltr' id='par_1_98' title="bbox 225 5233 1821 5308">
     <span class='ocr_line' id='line_1_98' title="bbox 225 5233 1821 5308; baseline -0.003 -20"><span class='ocrx_word' id='word_1_718' title='bbox 225 5240 318 5308; x_wconf 80' lang='lat' dir='ltr'><strong>qui</strong></span> <span class='ocrx_word' id='word_1_719' title='bbox 364 5253 542 5290; x_wconf 75' lang='lat' dir='ltr'><strong>causa</strong></span> <span class='ocrx_word' id='word_1_720' title='bbox 588 5246 718 5289; x_wconf 84' lang='lat' dir='ltr'><strong>sunt</strong></span> <span class='ocrx_word' id='word_1_721' title='bbox 770 5235 993 5288; x_wconf 77' lang='lat' dir='ltr'><strong>luminis</strong></span> <span class='ocrx_word' id='word_1_722' title='bbox 1050 5241 1102 5285; x_wconf 81' lang='lat' dir='ltr'><strong>ct</strong></span> <span class='ocrx_word' id='word_1_723' title='bbox 1149 5233 1467 5302; x_wconf 86' lang='lat' dir='ltr'><strong>perditionis</strong></span> <span class='ocrx_word' id='word_1_724' title='bbox 1505 5233 1821 5300; x_wconf 78' lang='lat' dir='ltr'><strong>accipimus.</strong></span> 
     </span>
    </p>
   </div>
   <div class='ocr_carea' id='block_1_99' title="bbox 223 5325 1822 5384">
    <p class='ocr_par' dir='ltr' id='par_1_99' title="bbox 223 5325 1822 5384">
     <span class='ocr_line' id='line_1_99' title="bbox 223 5325 1822 5384; baseline -0.005 -1"><span class='ocrx_word' id='word_1_725' title='bbox 223 5329 402 5384; x_wconf 82' lang='lat' dir='ltr'><strong>ls‘aias</strong></span> <span class='ocrx_word' id='word_1_726' title='bbox 456 5329 659 5383; x_wconf 80' lang='lat' dir='ltr'><strong>ctenim</strong></span> <span class='ocrx_word' id='word_1_727' title='bbox 716 5344 883 5379; x_wconf 82' lang='lat' dir='ltr'><strong>unum</strong></span> <span class='ocrx_word' id='word_1_728' title='bbox 929 5331 995 5380; x_wconf 72' lang='lat' dir='ltr'><strong>de</strong></span> <span class='ocrx_word' id='word_1_729' title='bbox 1037 5325 1330 5378; x_wconf 64' lang='lat' dir='ltr'><strong>(Iberubint</strong></span> <span class='ocrx_word' id='word_1_730' title='bbox 1367 5326 1615 5383; x_wconf 81' lang='lat' dir='ltr'><strong>missum,</strong></span> <span class='ocrx_word' id='word_1_731' title='bbox 1663 5339 1822 5376; x_wconf 85' lang='lat' dir='ltr'><strong>arce-</strong></span> 
     </span>
    </p>
   </div>
   <div class='ocr_carea' id='block_1_100' title="bbox 231 5416 1822 5493">
    <p class='ocr_par' dir='ltr' id='par_1_100' title="bbox 231 5416 1822 5493">
     <span class='ocr_line' id='line_1_100' title="bbox 231 5416 1822 5493; baseline -0.006 -18"><span class='ocrx_word' id='word_1_732' title='bbox 231 5423 380 5493; x_wconf 86' lang='lat' dir='ltr'><strong>pisse</strong></span> <span class='ocrx_word' id='word_1_733' title='bbox 428 5424 724 5476; x_wconf 84' lang='lat' dir='ltr'><strong>carbonem</strong></span> <span class='ocrx_word' id='word_1_734' title='bbox 774 5421 841 5488; x_wconf 87' lang='lat' dir='ltr'><strong>de</strong></span> <span class='ocrx_word' id='word_1_735' title='bbox 894 5417 1071 5479; x_wconf 80' lang='lat' dir='ltr'><strong>altari,</strong></span> <span class='ocrx_word' id='word_1_736' title='bbox 1114 5427 1168 5469; x_wconf 88' lang='lat' dir='ltr'><strong>et</strong></span> <span class='ocrx_word' id='word_1_737' title='bbox 1207 5416 1504 5469; x_wconf 81' lang='lat' dir='ltr'><strong>tutmdassc</strong></span> <span class='ocrx_word' id='word_1_738' title='bbox 1555 5431 1712 5467; x_wconf 85' lang='lat' dir='ltr'><strong>suum</strong></span> <span class='ocrx_word' id='word_1_739' title='bbox 1761 5430 1822 5466; x_wconf 89' lang='lat' dir='ltr'><strong>os</strong></span> 
     </span>
    </p>
   </div>
   <div class='ocr_carea' id='block_1_101' title="bbox 230 5495 1820 5584">
    <p class='ocr_par' dir='ltr' id='par_1_101' title="bbox 230 5495 1820 5584">
     <span class='ocr_line' id='line_1_101' title="bbox 230 5495 1820 5584; baseline -0.008 -14"><span class='ocrx_word' id='word_1_740' title='bbox 230 5515 388 5572; x_wconf 77' lang='lat' dir='ltr'><strong>dixit.</strong></span> <span class='ocrx_word' id='word_1_741' title='bbox 439 5495 698 5584; x_wconf 71' lang='lat' dir='ltr'><strong>Ezechiel</strong></span> <span class='ocrx_word' id='word_1_742' title='bbox 745 5512 909 5567; x_wconf 79' lang='lat' dir='ltr'><strong>etiam</strong></span> <span class='ocrx_word' id='word_1_743' title='bbox 958 5511 1034 5565; x_wconf 81' lang='lat' dir='ltr'><strong>de</strong></span> <span class='ocrx_word' id='word_1_744' title='bbox 1069 5511 1290 5582; x_wconf 74' lang='lat' dir='ltr'><strong>eisdem</strong></span> <span class='ocrx_word' id='word_1_745' title='bbox 1350 5508 1682 5562; x_wconf 84' lang='lat' dir='ltr'><strong>carbonibus</strong></span> <span class='ocrx_word' id='word_1_746' title='bbox 1729 5506 1820 5575; x_wconf 88' lang='lat' dir='ltr'><strong>qui</strong></span> 
     </span>
    </p>
   </div>
   <div class='ocr_carea' id='block_1_102' title="bbox 233 5583 1818 5680">
    <p class='ocr_par' dir='ltr' id='par_1_102' title="bbox 233 5583 1818 5680">
     <span class='ocr_line' id='line_1_102' title="bbox 233 5583 1818 5680; baseline -0.008 -18"><span class='ocrx_word' id='word_1_747' title='bbox 233 5616 391 5662; x_wconf 76' lang='lat' dir='ltr'><strong>erant</strong></span> <span class='ocrx_word' id='word_1_748' title='bbox 541 5583 726 5680; x_wconf 82' lang='lat' dir='ltr'><strong>medio</strong></span> <span class='ocrx_word' id='word_1_749' title='bbox 772 5603 1095 5674; x_wconf 79' lang='lat' dir='ltr'><strong>Cherubim,</strong></span> <span class='ocrx_word' id='word_1_750' title='bbox 1149 5602 1339 5658; x_wconf 84' lang='lat' dir='ltr'><strong>tulisse</strong></span> <span class='ocrx_word' id='word_1_751' title='bbox 1395 5602 1531 5654; x_wconf 90' lang='lat' dir='ltr'><strong>dixit</strong></span> <span class='ocrx_word' id='word_1_752' title='bbox 1577 5599 1818 5662; x_wconf 75' lang='lat' dir='ltr'><strong>Cherttb,</strong></span> 
     </span>
    </p>
   </div>
   <div class='ocr_carea' id='block_1_103' title="bbox 303 5736 1422 5803">
    <p class='ocr_par' dir='ltr' id='par_1_103' title="bbox 303 5736 1422 5803">
     <span class='ocr_line' id='line_1_103' title="bbox 303 5736 1422 5803; baseline -0.01 -4"><span class='ocrx_word' id='word_1_753' title='bbox 303 5745 352 5776; x_wconf 80' lang='grc'><em>’³</em></span> <span class='ocrx_word' id='word_1_754' title='bbox 379 5743 541 5800; x_wconf 86' lang='lat' dir='ltr'><strong>llebr.</strong></span> <span class='ocrx_word' id='word_1_755' title='bbox 574 5758 648 5803; x_wconf 67' lang='grc' dir='ltr'><strong>ιχ.</strong></span> <span class='ocrx_word' id='word_1_756' title='bbox 687 5742 767 5802; x_wconf 77' lang='grc'><strong>15,</strong></span> <span class='ocrx_word' id='word_1_757' title='bbox 797 5740 884 5793; x_wconf 71' lang='grc' dir='ltr'>Μ.</span> <span class='ocrx_word' id='word_1_758' title='bbox 962 5738 1008 5770; x_wconf 62' lang='grc'><strong>⁸⁸</strong></span> <span class='ocrx_word' id='word_1_759' title='bbox 1033 5739 1166 5793; x_wconf 89' lang='lat' dir='ltr'><strong>Luc.</strong></span> <span class='ocrx_word' id='word_1_760' title='bbox 1203 5754 1302 5798; x_wconf 83' lang='lat' dir='ltr'><strong>xu.</strong></span> <span class='ocrx_word' id='word_1_761' title='bbox 1333 5736 1422 5791; x_wconf 63' lang='lat'><strong>49.</strong></span> 
     </span>
    </p>
   </div>
   <div class='ocr_carea' id='block_1_104' title="bbox 243 5806 1633 5883">
    <p class='ocr_par' dir='ltr' id='par_1_104' title="bbox 243 5806 1633 5883">
     <span class='ocr_line' id='line_1_104' title="bbox 243 5806 1633 5883; baseline -0.012 -12"><span class='ocrx_word' id='word_1_762' title='bbox 243 5831 296 5880; x_wconf 69' lang='grc' dir='ltr'><strong>τ,</strong></span> <span class='ocrx_word' id='word_1_763' title='bbox 322 5817 376 5869; x_wconf 87' lang='lat'><strong>7.</strong></span> <span class='ocrx_word' id='word_1_764' title='bbox 473 5816 516 5847; x_wconf 80' lang='grc'><strong>⁹⁹</strong></span> <span class='ocrx_word' id='word_1_765' title='bbox 554 5813 751 5883; x_wconf 74' lang='lat' dir='ltr'><strong>Ephes.</strong></span> <span class='ocrx_word' id='word_1_766' title='bbox 787 5829 862 5878; x_wconf 82' lang='lat' dir='ltr'><strong>tv,</strong></span> <span class='ocrx_word' id='word_1_767' title='bbox 892 5811 1061 5872; x_wconf 74' lang='lat'><strong>9,10.</strong></span> <span class='ocrx_word' id='word_1_768' title='bbox 1090 5825 1102 5837; x_wconf 86' lang='grc'><strong>·</strong></span> <span class='ocrx_word' id='word_1_769' title='bbox 1162 5812 1175 5838; x_wconf 87' lang='grc'>¹</span> <span class='ocrx_word' id='word_1_770' title='bbox 1219 5809 1409 5860; x_wconf 84' lang='lat' dir='ltr'><strong>Matth.</strong></span> <span class='ocrx_word' id='word_1_771' title='bbox 1441 5823 1552 5870; x_wconf 81' lang='lat' dir='ltr'><strong>xvi,</strong></span> <span class='ocrx_word' id='word_1_772' title='bbox 1581 5806 1633 5856; x_wconf 79' lang='lat' dir='ltr'><strong>ﬁ.</strong></span> 
     </span>
    </p>
   </div>
   <div class='ocr_carea' id='block_1_105' title="bbox 431 5907 1116 5972">
    <p class='ocr_par' dir='ltr' id='par_1_105' title="bbox 431 5907 1116 5972">
     <span class='ocr_line' id='line_1_105' title="bbox 431 5907 1116 5972; baseline -0.012 -2"><span class='ocrx_word' id='word_1_773' title='bbox 431 5910 704 5972; x_wconf 70' lang='grc' dir='ltr'><strong>ΡΑῑιιοι..</strong></span> <span class='ocrx_word' id='word_1_774' title='bbox 749 5909 864 5967; x_wconf 77' lang='lat' dir='ltr'><strong>Gn.</strong></span> <span class='ocrx_word' id='word_1_775' title='bbox 912 5907 1116 5966; x_wconf 79' lang='lat' dir='ltr'><strong>XCIII.</strong></span> 
     </span>
    </p>
   </div>
   <div class='ocr_carea' id='block_1_106' title="bbox 1501 5732 1996 5788">
    <p class='ocr_par' dir='ltr' id='par_1_106' title="bbox 1501 5732 1996 5788">
     <span class='ocr_line' id='line_1_106' title="bbox 1501 5732 1996 5788; baseline 0 -3"><span class='ocrx_word' id='word_1_776' title='bbox 1501 5735 1546 5765; x_wconf 68' lang='lat'><strong>95</strong></span> <span class='ocrx_word' id='word_1_777' title='bbox 1573 5733 1762 5788; x_wconf 74' lang='lat' dir='ltr'><strong>Matth.</strong></span> <span class='ocrx_word' id='word_1_778' title='bbox 1803 5750 1882 5788; x_wconf 89' lang='lat' dir='ltr'><strong>III.</strong></span> <span class='ocrx_word' id='word_1_779' title='bbox 1912 5732 1996 5785; x_wconf 86' lang='grc' dir='ltr'>Η.</span> 
     </span>
    </p>
   </div>
   <div class='ocr_carea' id='block_1_107' title="bbox 1735 5804 1919 5857">
    <p class='ocr_par' dir='ltr' id='par_1_107' title="bbox 1735 5804 1919 5857">
     <span class='ocr_line' id='line_1_107' title="bbox 1735 5804 1919 5857; baseline -0.011 0"><span class='ocrx_word' id='word_1_780' title='bbox 1735 5807 1753 5834; x_wconf 84' lang='grc'>²</span> <span class='ocrx_word' id='word_1_781' title='bbox 1787 5804 1919 5857; x_wconf 81' lang='lat' dir='ltr'><strong>ibid.</strong></span> 
     </span>
    </p>
   </div>
   <div class='ocr_carea' id='block_1_108' title="bbox 1929 4590 3503 4667">
    <p class='ocr_par' dir='ltr' id='par_1_108' title="bbox 1929 4590 3503 4667">
     <span class='ocr_line' id='line_1_108' title="bbox 1929 4590 3503 4667; baseline 0.009 -25"><span class='ocrx_word' id='word_1_782' title='bbox 1929 4590 2129 4644; x_wconf 87' lang='lat' dir='ltr'><strong>verbiis</strong></span> <span class='ocrx_word' id='word_1_783' title='bbox 2167 4591 2347 4653; x_wconf 85' lang='lat' dir='ltr'><strong>docet,</strong></span> <span class='ocrx_word' id='word_1_784' title='bbox 2389 4593 2578 4648; x_wconf 83' lang='lat' dir='ltr'><strong>dicens</strong></span> <span class='ocrx_word' id='word_1_785' title='bbox 2625 4613 2637 4647; x_wconf 89' lang='lat'><strong>:</strong></span> <span class='ocrx_word' id='word_1_786' title='bbox 2679 4594 2800 4648; x_wconf 76' lang='lat' dir='ltr'><strong>Non</strong></span> <span class='ocrx_word' id='word_1_787' title='bbox 2842 4600 3083 4667; x_wconf 78' lang='lat' dir='ltr'><strong>respicies</strong></span> <span class='ocrx_word' id='word_1_788' title='bbox 3127 4601 3197 4654; x_wconf 86' lang='lat' dir='ltr'><strong>ad</strong></span> <span class='ocrx_word' id='word_1_789' title='bbox 3231 4603 3503 4656; x_wconf 75' lang='lat' dir='ltr'><strong>mulierem</strong></span> 
     </span>
    </p>
   </div>
   <div class='ocr_carea' id='block_1_109' title="bbox 1928 4683 3504 4754">
    <p class='ocr_par' dir='ltr' id='par_1_109' title="bbox 1928 4683 3504 4754">
     <span class='ocr_line' id='line_1_109' title="bbox 1928 4683 3504 4754; baseline 0.008 -20"><span class='ocrx_word' id='word_1_790' title='bbox 1928 4683 2249 4734; x_wconf 71' lang='lat' dir='ltr'><strong>meretricem</strong></span> <span class='ocrx_word' id='word_1_791' title='bbox 2284 4699 2302 4735; x_wconf 93' lang='lat'><em>:</em></span> <span class='ocrx_word' id='word_1_792' title='bbox 2331 4685 2488 4754; x_wconf 68' lang='lat' dir='ltr'><strong>{auus</strong></span> <span class='ocrx_word' id='word_1_793' title='bbox 2536 4687 2674 4738; x_wconf 82' lang='lat' dir='ltr'><strong>cuitu</strong></span> <span class='ocrx_word' id='word_1_794' title='bbox 2707 4685 2972 4742; x_wconf 76' lang='lat' dir='ltr'><strong>distilluns</strong></span> <span class='ocrx_word' id='word_1_795' title='bbox 3014 4690 3156 4744; x_wconf 76' lang='lat' dir='ltr'><strong>labia</strong></span> <span class='ocrx_word' id='word_1_796' title='bbox 3201 4693 3504 4754; x_wconf 79' lang='lat' dir='ltr'><strong>meretricis,</strong></span> 
     </span>
    </p>
   </div>
   <div class='ocr_carea' id='block_1_110' title="bbox 1927 4775 3506 4846">
    <p class='ocr_par' dir='ltr' id='par_1_110' title="bbox 1927 4775 3506 4846">
     <span class='ocr_line' id='line_1_110' title="bbox 1927 4775 3506 4846; baseline 0.009 -19"><span class='ocrx_word' id='word_1_797' title='bbox 1927 4785 1973 4827; x_wconf 88' lang='lat' dir='ltr'><strong>et</strong></span> <span class='ocrx_word' id='word_1_798' title='bbox 1998 4775 2222 4828; x_wconf 81' lang='lat' dir='ltr'><strong>nitidius</strong></span> <span class='ocrx_word' id='word_1_799' title='bbox 2271 4775 2383 4828; x_wconf 88' lang='lat' dir='ltr'><strong>olco</strong></span> <span class='ocrx_word' id='word_1_800' title='bbox 2420 4787 2610 4845; x_wconf 83' lang='lat' dir='ltr'><strong>guttur</strong></span> <span class='ocrx_word' id='word_1_801' title='bbox 2638 4778 2774 4846; x_wconf 81' lang='lat' dir='ltr'><strong>ejus,</strong></span> <span class='ocrx_word' id='word_1_802' title='bbox 2811 4781 3094 4846; x_wconf 73' lang='lat' dir='ltr'><strong>nouissima</strong></span> <span class='ocrx_word' id='word_1_803' title='bbox 3143 4795 3321 4846; x_wconf 76' lang='lat' dir='ltr'><strong>autem</strong></span> <span class='ocrx_word' id='word_1_804' title='bbox 3365 4787 3506 4841; x_wconf 81' lang='lat' dir='ltr'><strong>illius</strong></span> 
     </span>
    </p>
   </div>
   <div class='ocr_carea' id='block_1_111' title="bbox 1929 4868 3507 4948">
    <p class='ocr_par' dir='ltr' id='par_1_111' title="bbox 1929 4868 3507 4948">
     <span class='ocr_line' id='line_1_111' title="bbox 1929 4868 3507 4948; baseline 0.008 -29"><span class='ocrx_word' id='word_1_805' title='bbox 1929 4885 2117 4920; x_wconf 83' lang='lat' dir='ltr'><strong>amara</strong></span> <span class='ocrx_word' id='word_1_806' title='bbox 2159 4869 2313 4934; x_wconf 83' lang='lat' dir='ltr'><strong>quasi</strong></span> <span class='ocrx_word' id='word_1_807' title='bbox 2359 4868 2691 4938; x_wconf 77' lang='lat' dir='ltr'><strong>absynt/tiuni</strong></span> <span class='ocrx_word' id='word_1_808' title='bbox 2719 4870 2759 4920; x_wconf 89' lang='grc'>³.</span> <span class='ocrx_word' id='word_1_809' title='bbox 2796 4871 3100 4927; x_wconf 64' lang='lat' dir='ltr'><strong>Novissima</strong></span> <span class='ocrx_word' id='word_1_810' title='bbox 3141 4886 3322 4930; x_wconf 82' lang='lat' dir='ltr'><strong>autem</strong></span> <span class='ocrx_word' id='word_1_811' title='bbox 3352 4883 3507 4948; x_wconf 70' lang='lat' dir='ltr'><strong>quae“!</strong></span> 
     </span>
    </p>
   </div>
   <div class='ocr_carea' id='block_1_112' title="bbox 1926 4957 3509 5032">
    <p class='ocr_par' dir='ltr' id='par_1_112' title="bbox 1926 4957 3509 5032">
     <span class='ocr_line' id='line_1_112' title="bbox 1926 4957 3509 5032; baseline 0.006 -21"><span class='ocrx_word' id='word_1_812' title='bbox 1926 4958 2145 5027; x_wconf 84' lang='lat' dir='ltr'><strong>quando</strong></span> <span class='ocrx_word' id='word_1_813' title='bbox 2178 4957 2434 5012; x_wconf 82' lang='lat' dir='ltr'><strong>videlicet.</strong></span> <span class='ocrx_word' id='word_1_814' title='bbox 2473 4960 2616 5012; x_wconf 87' lang='lat' dir='ltr'><strong>inter</strong></span> <span class='ocrx_word' id='word_1_815' title='bbox 2649 4977 2832 5016; x_wconf 80' lang='lat' dir='ltr'><strong>veram</strong></span> <span class='ocrx_word' id='word_1_816' title='bbox 2867 4963 3190 5032; x_wconf 79' lang='lat' dir='ltr'><strong>sapientiam</strong></span> <span class='ocrx_word' id='word_1_817' title='bbox 3223 4975 3279 5021; x_wconf 85' lang='lat' dir='ltr'><strong>et</strong></span> <span class='ocrx_word' id='word_1_818' title='bbox 3307 4969 3509 5028; x_wconf 69' lang='lat' dir='ltr'><strong>lit-uim.</strong></span> 
     </span>
    </p>
   </div>
   <div class='ocr_carea' id='block_1_113' title="bbox 1928 5049 3507 5126">
    <p class='ocr_par' dir='ltr' id='par_1_113' title="bbox 1928 5049 3507 5126">
     <span class='ocr_line' id='line_1_113' title="bbox 1928 5049 3507 5126; baseline 0.006 -26"><span class='ocrx_word' id='word_1_819' title='bbox 1928 5049 2173 5117; x_wconf 78' lang='lat' dir='ltr'><strong>falsoque</strong></span> <span class='ocrx_word' id='word_1_820' title='bbox 2251 5059 2492 5102; x_wconf 74' lang='lat' dir='ltr'><strong>utentem</strong></span> <span class='ocrx_word' id='word_1_821' title='bbox 2567 5051 2791 5106; x_wconf 88' lang='lat' dir='ltr'><strong>nomine</strong></span> <span class='ocrx_word' id='word_1_822' title='bbox 2855 5053 3173 5118; x_wconf 81' lang='lat' dir='ltr'><strong>discernere</strong></span> <span class='ocrx_word' id='word_1_823' title='bbox 3257 5059 3507 5126; x_wconf 69' lang='lat' dir='ltr'><strong>coeperis.</strong></span> 
     </span>
    </p>
   </div>
   <div class='ocr_carea' id='block_1_114' title="bbox 1928 5141 3507 5203">
    <p class='ocr_par' dir='ltr' id='par_1_114' title="bbox 1928 5141 3507 5203">
     <span class='ocr_line' id='line_1_114' title="bbox 1928 5141 3507 5203; baseline 0.008 -12"><span class='ocrx_word' id='word_1_824' title='bbox 1928 5141 2064 5194; x_wconf 76' lang='lat' dir='ltr'><strong>Nam</strong></span> <span class='ocrx_word' id='word_1_825' title='bbox 2109 5141 2236 5194; x_wconf 87' lang='lat' dir='ltr'><strong>licet</strong></span> <span class='ocrx_word' id='word_1_826' title='bbox 2264 5141 2524 5196; x_wconf 77' lang='lat' dir='ltr'><strong>Ecclesia:</strong></span> <span class='ocrx_word' id='word_1_827' title='bbox 2557 5142 2614 5195; x_wconf 90' lang='lat' dir='ltr'><strong>in</strong></span> <span class='ocrx_word' id='word_1_828' title='bbox 2648 5141 2892 5198; x_wconf 88' lang='lat' dir='ltr'><strong>Canticis</strong></span> <span class='ocrx_word' id='word_1_829' title='bbox 2930 5145 3271 5202; x_wconf 85' lang='lat' dir='ltr'><strong>canticorum</strong></span> <span class='ocrx_word' id='word_1_830' title='bbox 3301 5147 3447 5203; x_wconf 87' lang='lat' dir='ltr'><strong>dicat</strong></span> <span class='ocrx_word' id='word_1_831' title='bbox 3497 5169 3507 5202; x_wconf 96' lang='lat'>:</span> 
     </span>
    </p>
   </div>
   <div class='ocr_carea' id='block_1_115' title="bbox 1928 5231 3511 5305">
    <p class='ocr_par' dir='ltr' id='par_1_115' title="bbox 1928 5231 3511 5305">
     <span class='ocr_line' id='line_1_115' title="bbox 1928 5231 3511 5305; baseline 0.003 -21"><span class='ocrx_word' id='word_1_832' title='bbox 1928 5233 2033 5284; x_wconf 77' lang='lat' dir='ltr'><strong>Mcl</strong></span> <span class='ocrx_word' id='word_1_833' title='bbox 2079 5243 2129 5284; x_wconf 84' lang='lat' dir='ltr'><strong>et</strong></span> <span class='ocrx_word' id='word_1_834' title='bbox 2173 5231 2257 5283; x_wconf 81' lang='lat' dir='ltr'><strong>la:</strong></span> <span class='ocrx_word' id='word_1_835' title='bbox 2298 5235 2392 5284; x_wconf 83' lang='lat' dir='ltr'><strong>sub</strong></span> <span class='ocrx_word' id='word_1_836' title='bbox 2435 5231 2616 5301; x_wconf 83' lang='lat' dir='ltr'><strong>lingua</strong></span> <span class='ocrx_word' id='word_1_837' title='bbox 2649 5242 2741 5284; x_wconf 82' lang='lat' dir='ltr'><strong>tua</strong></span> <span class='ocrx_word' id='word_1_838' title='bbox 2770 5233 2814 5298; x_wconf 68' lang='grc'><strong>⁸.,</strong></span> <span class='ocrx_word' id='word_1_839' title='bbox 2851 5247 2964 5286; x_wconf 81' lang='lat' dir='ltr'><strong>non</strong></span> <span class='ocrx_word' id='word_1_840' title='bbox 3003 5234 3329 5289; x_wconf 84' lang='lat' dir='ltr'><strong>contradicit</strong></span> <span class='ocrx_word' id='word_1_841' title='bbox 3373 5250 3511 5305; x_wconf 65' lang='lat' dir='ltr'><strong>prir-</strong></span> 
     </span>
    </p>
   </div>
   <div class='ocr_carea' id='block_1_116' title="bbox 1931 5324 3513 5394">
    <p class='ocr_par' dir='ltr' id='par_1_116' title="bbox 1931 5324 3513 5394">
     <span class='ocr_line' id='line_1_116' title="bbox 1931 5324 3513 5394; baseline 0.003 -16"><span class='ocrx_word' id='word_1_842' title='bbox 1931 5324 2200 5387; x_wconf 85' lang='lat' dir='ltr'><strong>scntibus,</strong></span> <span class='ocrx_word' id='word_1_843' title='bbox 2237 5324 2330 5377; x_wconf 90' lang='lat' dir='ltr'><strong>sed</strong></span> <span class='ocrx_word' id='word_1_844' title='bbox 2360 5333 2416 5377; x_wconf 88' lang='lat' dir='ltr'><strong>et</strong></span> <span class='ocrx_word' id='word_1_845' title='bbox 2457 5325 2608 5377; x_wconf 88' lang='lat' dir='ltr'><strong>valde</strong></span> <span class='ocrx_word' id='word_1_846' title='bbox 2631 5326 2931 5378; x_wconf 82' lang='lat' dir='ltr'><strong>consentit.</strong></span> <span class='ocrx_word' id='word_1_847' title='bbox 2975 5325 3160 5394; x_wconf 78' lang='lat' dir='ltr'><strong>Neque</strong></span> <span class='ocrx_word' id='word_1_848' title='bbox 3188 5327 3336 5381; x_wconf 72' lang='lat' dir='ltr'><strong>enim</strong></span> <span class='ocrx_word' id='word_1_849' title='bbox 3377 5329 3513 5382; x_wconf 80' lang='lat' dir='ltr'><strong>dixit</strong></span> 
     </span>
    </p>
   </div>
   <div class='ocr_carea' id='block_1_117' title="bbox 1931 5417 3510 5487">
    <p class='ocr_par' dir='ltr' id='par_1_117' title="bbox 1931 5417 3510 5487">
     <span class='ocr_line' id='line_1_117' title="bbox 1931 5417 3510 5487; baseline 0.002 -17"><span class='ocrx_word' id='word_1_850' title='bbox 1931 5418 1986 5470; x_wconf 84' lang='lat' dir='ltr'><strong>iit</strong></span> <span class='ocrx_word' id='word_1_851' title='bbox 2040 5418 2221 5487; x_wconf 80' lang='lat' dir='ltr'><strong>lingua</strong></span> <span class='ocrx_word' id='word_1_852' title='bbox 2268 5429 2379 5482; x_wconf 87' lang='lat' dir='ltr'><strong>tua,</strong></span> <span class='ocrx_word' id='word_1_853' title='bbox 2416 5417 2511 5470; x_wconf 87' lang='lat' dir='ltr'><strong>sed</strong></span> <span class='ocrx_word' id='word_1_854' title='bbox 2557 5417 2648 5470; x_wconf 81' lang='lat' dir='ltr'><strong>sub</strong></span> <span class='ocrx_word' id='word_1_855' title='bbox 2679 5417 2881 5487; x_wconf 82' lang='lat' dir='ltr'><strong>lingua,</strong></span> <span class='ocrx_word' id='word_1_856' title='bbox 2932 5427 2995 5471; x_wconf 88' lang='lat' dir='ltr'><strong>ut</strong></span> <span class='ocrx_word' id='word_1_857' title='bbox 3036 5423 3349 5476; x_wconf 79' lang='lat' dir='ltr'><strong>ostenderet</strong></span> <span class='ocrx_word' id='word_1_858' title='bbox 3386 5421 3510 5486; x_wconf 87' lang='lat' dir='ltr'><strong>quia</strong></span> 
     </span>
    </p>
   </div>
   <div class='ocr_carea' id='block_1_118' title="bbox 1932 5508 3511 5582">
    <p class='ocr_par' dir='ltr' id='par_1_118' title="bbox 1932 5508 3511 5582">
     <span class='ocr_line' id='line_1_118' title="bbox 1932 5508 3511 5582; baseline 0.004 -23"><span class='ocrx_word' id='word_1_859' title='bbox 1932 5524 2265 5579; x_wconf 82' lang='lat' dir='ltr'><strong>paganorum</strong></span> <span class='ocrx_word' id='word_1_860' title='bbox 2311 5509 2600 5578; x_wconf 85' lang='lat' dir='ltr'><strong>sapientia,</strong></span> <span class='ocrx_word' id='word_1_861' title='bbox 2635 5517 2690 5562; x_wconf 90' lang='lat' dir='ltr'><strong>et</strong></span> <span class='ocrx_word' id='word_1_862' title='bbox 2712 5508 3029 5564; x_wconf 74' lang='lat' dir='ltr'><strong>.Judteorum</strong></span> <span class='ocrx_word' id='word_1_863' title='bbox 3073 5510 3274 5578; x_wconf 87' lang='lat' dir='ltr'><strong>littera,</strong></span> <span class='ocrx_word' id='word_1_864' title='bbox 3315 5511 3511 5582; x_wconf 78' lang='lat' dir='ltr'><strong>lingua-</strong></span> 
     </span>
    </p>
   </div>
   <div class='ocr_carea' id='block_1_119' title="bbox 1929 5599 3512 5672">
    <p class='ocr_par' dir='ltr' id='par_1_119' title="bbox 1929 5599 3512 5672">
     <span class='ocr_line' id='line_1_119' title="bbox 1929 5599 3512 5672; baseline 0.001 -19"><span class='ocrx_word' id='word_1_865' title='bbox 1929 5599 2209 5663; x_wconf 68' lang='lat' dir='ltr'><strong>Ecclesia),</strong></span> <span class='ocrx_word' id='word_1_866' title='bbox 2246 5600 2297 5653; x_wconf 84' lang='lat' dir='ltr'><strong>id</strong></span> <span class='ocrx_word' id='word_1_867' title='bbox 2329 5610 2410 5654; x_wconf 89' lang='lat' dir='ltr'><strong>est</strong></span> <span class='ocrx_word' id='word_1_868' title='bbox 2440 5600 2700 5654; x_wconf 65' lang='lat' dir='ltr'><strong>doctrinm</strong></span> <span class='ocrx_word' id='word_1_869' title='bbox 2723 5599 2968 5670; x_wconf 89' lang='lat' dir='ltr'><strong>subjecta</strong></span> <span class='ocrx_word' id='word_1_870' title='bbox 3002 5609 3104 5654; x_wconf 89' lang='lat' dir='ltr'><strong>est.</strong></span> <span class='ocrx_word' id='word_1_871' title='bbox 3143 5599 3281 5672; x_wconf 78' lang='lat' dir='ltr'><strong>Ergo</strong></span> <span class='ocrx_word' id='word_1_872' title='bbox 3318 5603 3512 5657; x_wconf 87' lang='lat' dir='ltr'><strong>horum</strong></span> 
     </span>
    </p>
   </div>
   <div class='ocr_carea' id='block_1_120' title="bbox 2646 5721 3532 5801">
    <p class='ocr_par' dir='ltr' id='par_1_120' title="bbox 2646 5721 3532 5801">
     <span class='ocr_line' id='line_1_120' title="bbox 2646 5721 3532 5801; baseline 0.001 -12"><span class='ocrx_word' id='word_1_873' title='bbox 2646 5736 2688 5767; x_wconf 75' lang='grc' dir='ltr'><strong><em>οτ</em></strong></span> <span class='ocrx_word' id='word_1_874' title='bbox 2725 5735 2868 5790; x_wconf 74' lang='lat' dir='ltr'><strong>l‘sal.</strong></span> <span class='ocrx_word' id='word_1_875' title='bbox 2925 5736 3138 5801; x_wconf 73' lang='lat' dir='ltr'><strong>xx,10.</strong></span> <span class='ocrx_word' id='word_1_876' title='bbox 3240 5721 3532 5794; x_wconf 57' lang='grc' dir='ltr'><strong>πείσειε(</strong></span> 
     </span>
    </p>
   </div>
   <div class='ocr_carea' id='block_1_121' title="bbox 2673 5805 3156 5874">
    <p class='ocr_par' dir='ltr' id='par_1_121' title="bbox 2673 5805 3156 5874">
     <span class='ocr_line' id='line_1_121' title="bbox 2673 5805 3156 5874; baseline 0.006 -14"><span class='ocrx_word' id='word_1_877' title='bbox 2673 5805 2879 5861; x_wconf 63' lang='lat' dir='ltr'><strong>‘Cant.</strong></span> <span class='ocrx_word' id='word_1_878' title='bbox 2939 5822 3010 5874; x_wconf 83' lang='lat' dir='ltr'><strong>tv,</strong></span> <span class='ocrx_word' id='word_1_879' title='bbox 3071 5807 3156 5864; x_wconf 86' lang='lat' dir='ltr'><strong>ll.</strong></span> 
     </span>
    </p>
   </div>
   <div class='ocr_carea' id='block_1_122' title="bbox 3109 5903 3184 5965">
    <p class='ocr_par' dir='ltr' id='par_1_122' title="bbox 3109 5903 3184 5965">
     <span class='ocr_line' id='line_1_122' title="bbox 3109 5903 3184 5965; baseline 0.04 -3"><span class='ocrx_word' id='word_1_880' title='bbox 3109 5903 3184 5965; x_wconf 75' lang='lat'><strong>26</strong></span> 
     </span>
    </p>
   </div>
   <div class='ocr_carea' id='block_1_123' title="bbox 2075 5733 2542 5795">
    <p class='ocr_par' dir='ltr' id='par_1_123' title="bbox 2075 5733 2542 5795">
     <span class='ocr_line' id='line_1_123' title="bbox 2075 5733 2542 5795; baseline 0 -10"><span class='ocrx_word' id='word_1_881' title='bbox 2075 5734 2120 5764; x_wconf 63' lang='grc' dir='ltr'><strong>εδδ</strong></span> <span class='ocrx_word' id='word_1_882' title='bbox 2145 5733 2348 5788; x_wconf 84' lang='lat' dir='ltr'><strong>.le&#39;rem.</strong></span> <span class='ocrx_word' id='word_1_883' title='bbox 2372 5751 2460 5795; x_wconf 82' lang='lat' dir='ltr'><strong>xx,</strong></span> <span class='ocrx_word' id='word_1_884' title='bbox 2490 5735 2542 5788; x_wconf 89' lang='lat'><strong>9.</strong></span> 
     </span>
    </p>
   </div>
   <div class='ocr_carea' id='block_1_124' title="bbox 1980 5803 2594 5868">
    <p class='ocr_par' dir='ltr' id='par_1_124' title="bbox 1980 5803 2594 5868">
     <span class='ocr_line' id='line_1_124' title="bbox 1980 5803 2594 5868; baseline 0 -12"><span class='ocrx_word' id='word_1_885' title='bbox 1980 5807 2034 5856; x_wconf 87' lang='lat'><strong>9.</strong></span> <span class='ocrx_word' id='word_1_886' title='bbox 2142 5803 2161 5832; x_wconf 73' lang='grc'>³</span> <span class='ocrx_word' id='word_1_887' title='bbox 2201 5803 2358 5857; x_wconf 81' lang='lat' dir='ltr'><strong>l‘rov.</strong></span> <span class='ocrx_word' id='word_1_888' title='bbox 2395 5821 2445 5868; x_wconf 91' lang='lat' dir='ltr'><strong>v,</strong></span> <span class='ocrx_word' id='word_1_889' title='bbox 2473 5806 2594 5861; x_wconf 43' lang='lat'><strong>9‘4.</strong></span> 
     </span>
    </p>
   </div>
  </div>
