3942 6412
442 363 541 430 Eli

1646 360 2008 421 HESYCilll
2050 360 2525 427 PRESBYTERI

3608 366 3703 438 8i!

446 491 560 533 non
606 472 722 530 vult
771 472 1040 547 integram
1086 472 1200 530 Deo
1261 469 1566 539 doctrinam
1627 471 1816 528 oliorri
1852 491 1867 529 :
1905 471 2035 528 inde
2068 483 2109 536 Α
2141 476 2409 534 rationale
2451 490 2557 537 est.
2613 480 2755 554 Ergo
2827 480 3139 538 testamenti
3169 484 3462 556 evangelici
3499 498 3551 543 et
3591 492 3703 547 salis

445 563 580 623 dicit
616 603 633 619 .

515 654 641 711 Non
676 654 977 711 adolebitur
1001 654 1060 709 in
1102 654 1425 726 sacriﬁcium
1480 656 1620 722 quod
1665 664 1741 710 est
1791 655 1847 708 in
1895 655 2044 708 holo~

442 756 710 812 onustum,
739 746 1008 817 primitias
1038 754 1248 801 tantum
1279 763 1465 802 eorum
1495 747 1742 818 offer-etis.
1776 746 2047 817 Prmcepit

444 840 596 896 enim
617 855 684 896 ex
718 848 874 910 parte
902 838 1046 894 illius
1073 838 1358 909 sapientiae
1389 839 1660 910 primitias
1686 839 1894 905 oli'erri,
1933 854 2043 893 non

450 942 638 989 autem
680 932 843 1003 plene
873 948 936 986 ea
968 930 1069 995 uti,
1099 932 1197 987 sed
1237 931 1700 1002 quemadmodum
1742 948 1867 988 eum
1902 932 2037 986 Pau-

449 1025 531 1083 lus
551 1025 699 1095 apud
717 1023 1088 1079 Athenienses
1112 1024 1555 1090 concionarctur,
1585 1025 1773 1080 dicens
1796 1025 1817 1057 '
1856 1043 1869 1079 :
1897 1022 2046 1079 Sicut

443 1116 666 1187 quidam
694 1123 863 1171 tester
916 1124 1069 1186 poeta
1096 1116 1226 1170 dixit
1268 1131 1288 1171 :
1338 1115 1510 1186 Hujus
1554 1126 1603 1170 et
1648 1132 1809 1188 genus
1842 1132 2044 1180 sumus,

445 1207 538 1278 qui
570 1207 869 1263 inveniens
904 1206 1130 1262 verbum
1185 1207 1432 1261 exterius
1473 1207 1538 1261 ad
1574 1207 1917 1263 occasionem
1950 1200 2048 1260 Dei

444 1298 691 1356 scientias
734 1306 946 1369 aptum,
995 1312 1105 1352 non
1157 1297 1379 1367 quidem
1433 1297 1664 1368 reSpuit,
1713 1312 1814 1351 nec
1863 1309 2048 1351 tamen

448 1391 677 1458 addidit,
712 1406 896 1463 neque
943 1391 1095 1446 enim
1148 1390 1277 1444 inde
1322 1391 1463 1445 ultra
1507 1389 1818 1446 testimonia
1864 1388 2051 1444 multi-

448 1480 696 1551 plicavit.
744 1479 971 1547 Quare?
1019 1480 1148 1549 quia
1200 1478 1415 1533 Placuit
1470 1479 1578 1533 Deo
1627 1494 1720 1548 per
1765 1478 2047 1533 ‘stultitiam

450 1571 873 1643 meditationis,
921 1571 1066 1626 sicut
1110 1571 1226 1641 ipse
1274 1570 1472 1624 Paulus
1518 1570 1617 1636 ait,
1663 1569 1833 1625 salvos
1875 1571 2049 1640 facere

451 1666 741 1730 credentes,
774 1674 833 1719 ut
861 1664 990 1734 ﬁdes
1018 1674 1191 1719 uestra
1223 1680 1327 1718 non
1371 1665 1440 1718 sit
1480 1664 1538 1717 in
1577 1663 1842 1734 sapientia
1879 1663 2049 1717 homi-

451 1773 619 1823 num,
666 1758 760 1811 sed
810 1757 868 1811 in
919 1757 1112 1811 uirtute
1156 1756 1257 1811 Dei
1293 1759 1337 1812 σε
1379 1756 1610 1829 Propter
1657 1755 1801 1828 quod
1845 1755 1924 1810 ait
1966 1756 2046 1812 le-

452 1848 682 1920 gislator
711 1869 726 1905 :

520 1939 696 2011 Super
727 1939 908 1997 altare
931 1955 1054 1995 vero
1082 1956 1186 1996 non
1215 1940 1553 2011 imponentur
1579 1941 1633 1995 in
1666 1944 1879 1995 ederem
1913 1955 2042 1994 sua-

450 2034 652 2089 uitatis.
695 2032 763 2087 Et
801 2048 927 2087 cum
964 2031 1157 2087 liceret
1195 2031 1300 2086 diei
1336 2046 1447 2085 non
1480 2037 1781 2101 ponuntur,
1806 2042 1918 2083 non
1946 2041 2044 2099 po-

451 2133 656 2181 nentur
691 2124 849 2188 dixit,
900 2122 1197 2178 ostendens
1243 2122 1393 2194 quia,
1446 2121 1550 2176 etsi
1603 2137 1703 2177 nos
1745 2119 2046 2176 tentaverio

450 2234 578 2276 mus
614 2219 684 2276 de
727 2216 1100 2274 exterioribus
1144 2214 1447 2271 divinitatis
1490 2212 1718 2285 adipisci
1764 2211 2041 2276 notitiam,

448 2313 517 2367 ad
559 2311 730 2366 altare
775 2306 868 2365 Dei
920 2309 1028 2363 tale
1076 2308 1183 2363 hoc
1227 2306 1557 2361 sacriﬁcium
1613 2320 1725 2360 non
1776 2296 2041 2369 ascendit,

448 2418 555 2462 nec
602 2405 743 2461 odor
792 2403 854 2458 fit
907 2400 1198 2459 suavitatis
1248 2398 1501 2466 Domino,
1551 2398 1645 2454 sed
1690 2396 2046 2453 inferioribus

446 2498 746 2570 deputatur
772 2496 880 2552 tale
908 2492 1259 2556 sacriﬁcium,
1291 2502 1369 2559 et,
1401 2500 1592 2562 utpote
1621 2491 1765 2562 quod
1788 2489 1858 2545 de
1899 2497 2045 2543 terra

448 2590 616 2646 habet
648 2586 1083 2651 subsistentiam,
1112 2587 1179 2641 ad
1211 2594 1412 2641 terram
1442 2583 1791 2654 deprimitur.

520 2679 690 2736 Vens.
736 2679 826 2735 i3.
881 2695 901 2731 ι
939 2676 1222 2748 Quidquid
1273 2674 1540 2732 obtuleris
1592 2674 1881 2740 sacrificii,
1933 2674 2047 2728 sale

452 2772 700 2837 condies,
731 2786 837 2828 nec
879 2771 1099 2825 auferes
1130 2769 1211 2824 sal
1245 2768 1468 2824 foederis
1498 2767 1590 2822 Dei
1634 2767 1712 2821 tui
1763 2766 1832 2821 de
1873 2765 2045 2820 sacri-

452 2866 582 2924 ficio
627 2872 743 2920 tuo.
780 2864 840 2920 In
867 2863 1018 2919 omni
1049 2862 1327 2918 oblatione
1355 2860 1557 2916 oll'eres
1585 2859 1684 2916 sal.
1720 2878 1739 2914 ι

522 2956 718 3014 Cernis
769 2955 896 3027 quia
947 2954 1018 3010 de
1069 2954 1181 3009 Deo
1233 2953 1522 3023 loquentes
1567 2967 1676 3006 non
1725 2950 1841 3006 vult
1880 2950 2046 3005 nimis

450 3051 706 3109 exteriori
735 3049 812 3106 uti
840 3048 1133 3119 sapientia,
1170 3048 1266 3103 sed
1318 3045 1636 3118 apostolica,
1666 3043 1733 3098 de
1763 3058 1870 3114 qua
1900 3041 2044 3096 Pau-

450 3145 541 3203 lus
575 3145 744 3200 dicit:
772 3140 1107 3213 Sapientiam
1159 3139 1427 3212 loquimur
1463 3139 1602 3193 inter
1645 3137 1919 3209 perfectos,
1952 3152 2044 3189 sa—
2072 3180 2116 3240 ϐ

450 3237 708 3308 pientiant
744 3245 922 3289 autem
958 3250 1061 3288 non
1094 3231 1279 3287 mundi
1323 3230 1504 3302 hujus,
1534 3245 1701 3298 neque
1746 3229 2047 3298 principum

454 3328 641 3385 mundi
668 3327 848 3399 hujus,
881 3327 971 3398 qui
1003 3325 1371 3389 destruantur,
1417 3323 1506 3377 sed
1538 3321 1802 3390 loquimur
1835 3320 1930 3374 Dei
1959 3336 2048 3373 sa-

455 3422 736 3492 pientiam,
770 3422 825 3473 in
854 3418 1109 3489 mysterio
1143 3415 1526 3479 absconditam,
1572 3428 1734 3485 quam
1772 3411 2048 3482 prwdesti-

456 3513 605 3568 navit
652 3509 795 3565 Deus
844 3517 969 3563 ante
1013 3506 1211 3562 secula
1249 3506 1321 3560 ad
1361 3505 1589 3577 gloriam
1636 3513 1871 3558 nostram
1900 3503 1939 3556 ⁷.
1981 3501 2049 3556 Ει

456 3606 608 3663 unde
633 3611 718 3661 est
757 3599 1187 3667 certum,'dicis,
1218 3599 1345 3669 quia
1372 3598 1453 3653 sal
1479 3612 1579 3668 pro
1616 3596 1913 3668 apostolica
1956 3609 2047 3651 sa-

454 3699 663 3771 pientia
708 3694 877 3752 dixit?
925 3693 1096 3749 Plane
1137 3694 1242 3749 hoc
1282 3692 1442 3747 nobis
1479 3690 1744 3746 Dominus
1781 3688 2044 3754 ostendit,

456 3790 648 3846 dicens
693 3785 953 3859 apostolis
984 3804 999 3840 :
1034 3783 1155 3839 Vos.
1176 3784 1301 3839 estis
1333 3782 1417 3837 sal
1456 3791 1648 3847 term;
1672 3780 1717 3834 si
1757 3788 1932 3834 autem
1964 3778 2050 3832 sal

456 3881 750 3946 evanuerit,
776 3880 848 3934 ad
882 3876 1108 3934 nihilum
1148 3876 1340 3933 valebit
1372 3874 1536 3936 ultra,
1572 3875 1678 3930 nisi
1703 3883 1761 3928 ut
1801 3873 2049 3928 mittatur

458 3977 622 4049 foras,
644 3982 694 4030 et
718 3970 1054 4028 conculcetur
1071 3968 1138 4025 ab
1157 3968 1454 4024 hominibus
1474 3966 1515 4021 ⁸.
1546 3964 1842 4038 Propterea
1862 3972 2045 4020 autem

456 4067 537 4125 sal
584 4065 941 4138 apostolicam
992 4063 1323 4134 sapientiam
1368 4059 1686 4132 appellavit,
1733 4058 1863 4131 quia
1907 4059 2048 4114 sicut

457 4156 638 4212 omnis
675 4154 832 4210 cibus
873 4152 941 4208 ad
973 4151 1331 4208 nutriendum
1363 4159 1528 4221 aptus
1580 4148 1896 4205 omnimodo
1934 4148 2048 4203 sale

456 4248 718 4306 conditur
747 4288 764 4314 ,
796 4246 871 4301 ita
903 4255 959 4300 et
989 4244 1171 4300 omnis
1214 4258 1397 4300 semto
1427 4242 1579 4297 utilis
1613 4241 1682 4295 ad
1720 4240 2045 4311 iuvandum,

458 4338 774 4412 apostolicae
804 4336 1123 4393 omnimodo
1148 4335 1525 4392 necessarium
1562 4332 1730 4388 habet
1767 4331 2050 4402 sapientia:

2148 572 2431 639 apostolici
2465 584 2804 644 prtemonere
2833 592 2934 630 nos
2960 576 3235 649 lcgislator
3265 580 3400 637 vult.

2221 661 2383 719 Vens.
2421 665 2511 720 l6.
2547 685 2567 718 ι
2603 666 2701 721 Sin
2749 676 2934 731 autem
2984 667 3249 725 obtuleris
3294 685 3491 725 munus
3534 673 3705 743 primi-

2149 754 2349 810 tiarutn
2402 755 2616 830 frugum
2657 766 2871 813 tuarum
2928 759 3179 825 Domino,
3232 760 3300 816 de
3348 762 3509 832 spicis
3548 764 3709 821 adhuc

2150 847 2452 904 virentibus
2495 850 2730 906 terrebis
2767 866 2860 906 eas
2903 851 3013 922 igni
3046 870 3059 906 :
3089 863 3145 907 et
3185 853 3495 925 confriuges
3529 871 3617 909 eas
3662 859 3713 912 in

2147 954 2359 995 morem
2409 941 2590 1005 farris,
2619 954 2672 997 et
2700 943 2781 998 sic
2808 942 3008 998 oﬂ‘eres
3034 943 3304 1014 primitias
3330 953 3449 1000 tuas
3476 945 3710 1012 Domino,

2149 1030 2385 1087 fundens
2421 1048 2587 1103 super
2628 1047 2692 1088 ea
2737 1034 2941 1097 oleum,
2972 1043 3028 1089 et
3068 1034 3198 1089 thus
3244 1034 3552 1106 imponens,
3598 1038 3712 1107 quia

2148 1124 2353 1180 oblatio
2381 1124 2598 1179 Domini
2626 1133 2729 1191 est,
2755 1127 2821 1181 de
2845 1141 2951 1197 qua
2983 1125 3222 1182 adolebit
3250 1127 3505 1193 sacerdos
3530 1127 3581 1181 in
3606 1145 3709 1183 me-

2150 1215 2380 1271 moriam
2432 1216 2699 1282 muneris,
2738 1225 2945 1288 partem
2988 1218 3151 1274 farris
3198 1217 3358 1274 fracti
3390 1228 3447 1275 et
3490 1221 3610 1288 olei,
3656 1238 3715 1278 ac

2151 1314 2323 1360 totqu
2355 1308 2503 1361 thus.
2538 1326 2556 1358 ι

2223 1395 2343 1451 Non
2370 1399 2545 1453 solum
2590 1398 2840 1470 prcecipit
2882 1398 2975 1454 Dei
3025 1398 3279 1456 notitiam
3315 1401 3431 1457 sive
3450 1400 3712 1458 scientiam

2148 1503 2246 1544 eos
2270 1488 2471 1545 olierre
2509 1487 2603 1561 qui
2656 1490 2709 1544 in
2751 1490 2941 1544 eadem
2978 1490 3208 1546 scientia
3244 1489 3475 1546 multum
3519 1501 3715 1563 tempus

2149 1590 2591 1652 permanserunt,
2640 1583 2737 1638 sed
2780 1591 2836 1638 et
2881 1582 3209 1637 inchoantes
3250 1581 3396 1637 illam
3424 1582 3593 1653 qualis
3622 1583 3715 1639 fuit

2150 1667 2352 1725 Paulus
2398 1687 2411 1723 :
2457 1682 2585 1725 mox
2641 1670 2787 1725 enim
2837 1677 2898 1725 ut
2951 1679 3180 1724 vocatus
3234 1679 3354 1737 est,
3401 1670 3714 1740 praedicavit.

2148 1759 2382 1833 Propter
2400 1762 2547 1833 quod
2587 1762 2685 1826 sic,
2710 1779 2832 1833 quae
2862 1778 3012 1819 nunc
3040 1763 3322 1826 dicuntur,
3348 1762 3711 1836 intelligamus.

2076 1828 2121 1887 Β
2150 1828 2469 1906 Primitivus
2515 1848 2628 1905 Deo
2670 1828 2757 1905 est
2810 1850 2855 1905 is
2896 1848 2990 1920 qui
3035 1849 3254 1904 noviter
3286 1851 3454 1920 coepit
3491 1828 3713 1914 credere,

2146 1951 2200 1998 et
2235 1942 2329 2013 qui
2373 1943 2424 1997 ei
2476 1942 2691 1998 nullum
2744 1941 2956 2013 pridem
3006 1940 3209 1998 divinat
3251 1940 3494 1997 scientiae
3536 1940 3715 1999 obtulit

2146 2031 2410 2089 fructum.
2453 2031 2510 2088 Si
2556 2047 2689 2105 ergo
2736 2032 2788 2088 ei
2840 2031 3173 2089 sacriﬁcium
3216 2032 3364 2088 verbi
3409 2030 3503 2088 Dei
3545 2032 3715 2089 oderi-

2146 2141 2292 2193 mus,
2323 2126 2613 2183 scientiam
2665 2127 2786 2196 ejus
2831 2125 3050 2181 novitcr
3087 2125 3436 2191 inchoantes,
3470 2133 3523 2180 et
3549 2125 3714 2180 viren-

2146 2218 2219 2273 tia
2267 2218 2513 2289 quidem,
2545 2228 2607 2274 ut
2656 2219 2874 2275 noviter
2922 2218 3051 2289 quid
3099 2216 3380 2273 discentes
3424 2226 3480 2272 et
3519 2218 3714 2272 naviter

2146 2313 2518 2384 percipientes
2549 2313 2914 2368 obtulerimus
2946 2329 2961 2365 :
2994 2311 3257 2382 quoniam
3289 2311 3520 2366 necdum
3555 2309 3711 2368 subti-

2146 2407 2270 2461 liter
2303 2407 2424 2478 ejus
2476 2407 2724 2477 proferre
2771 2405 3029 2476 mysteria
3068 2404 3361 2475 coepimus,
3402 2414 3464 2459 ut
3500 2404 3712 2458 farinam

2146 2497 2463 2559 oli'eramus,
2500 2502 2596 2552 aut
2628 2496 2886 2561 similam,
2919 2495 3298 2552 necessarium
3334 2505 3417 2552 est
3465 2506 3522 2551 ut
3548 2496 3711 2552 viren—

2147 2588 2221 2644 tia
2241 2598 2296 2643 ct
2318 2588 2520 2643 torrida
2549 2596 2713 2658 atque
2738 2586 3036 2651 confracta,
3062 2585 3171 2652 vel,
3198 2587 3343 2642 sicut
3362 2583 3499 2640 LXX
3519 2584 3709 2649 dicunt,

2147 2691 2209 2736 ut
2238 2680 2479 2736 recentia
2536 2679 2714 2742 fricta,
2748 2690 2961 2733 matura
2993 2678 3163 2733 fracta
3193 2677 3507 2734 oneramus.
3528 2675 3710 2743 Quent-

2145 2773 2439 2830 admodum
2487 2773 2634 2827 enim
2682 2773 2972 2827 bumectos
3017 2771 3250 2835 fructus,
3291 2779 3348 2825 et
3377 2770 3468 2841 qui
3502 2772 3708 2825 necdum

2146 2876 2382 2939 possunt
2430 2866 2585 2932 moli,
2625 2874 2687 2919 ut
2724 2867 2855 2918 [iant
2913 2863 3085 2918 farina
3135 2873 3236 2918 aut
3281 2863 3477 2930 simila,
3513 2860 3710 2932 quando

2147 2959 2487 3014 voluerimus
2521 2965 2682 3027 aptos
2719 2955 2834 3010 esui
2885 2954 3138 3018 reddere,
3187 2954 3316 3026 igne
3359 2970 3454 3009 eos
3485 2951 3708 3009 confrin‘

2147 3058 2361 3124 gentes,
2401 3048 2586 3119 paleas
2620 3060 2835 3106 eorum.
2886 3047 2940 3101 iu
2991 3062 3059 3101 eo
3103 3046 3253 3118 quod
3297 3060 3393 3102 eos
3438 3043 3711 3115 frangimus

2150 3156 2472 3213 separamus
2508 3160 2523 3195 :
2552 3140 2634 3197 sic
2668 3141 2984 3211 quicunque
3018 3139 3261 3195 necdum
3291 3138 3567 3203 scientiam
3597 3135 3714 3189 soli.

2148 3234 2274 3289 dam
2321 3234 2613 3298 habt-mus,
2648 3247 2751 3287 nec
2801 3231 3055 3286 subtilem
3098 3231 3491 3301 escelsamque
3533 3225 3721 3283 theolo-

2149 3324 2314 3396 giam,
2337 3325 2574 3380 necdum
2605 3322 2754 3378 enim
2786 3321 2935 3377 illam
2961 3306 3500 3379 discernere‘idonei
3529 3333 3716 3383 sumus,

2147 3416 2478 3487 spiritalium
2503 3413 2912 3486 Scripturarum
2953 3415 3263 3484 perfectam
3304 3414 3581 3470 scientiam
3622 3425 3718 3469 non

2148 3509 2438 3572 habentes,
2464 3522 2604 3578 opus
2636 3506 2903 3562 habemus
2931 3521 3051 3560 eam
3091 3506 3147 3560 in
3178 3506 3313 3579 igne
3348 3505 3564 3578 spiritus
3596 3503 3711 3559 hin-

2149 3615 2300 3671 gere,
2326 3599 2381 3655 id
2410 3609 2495 3655 est
2518 3599 2666 3654 illius
2691 3598 3068 3670 operationem
3091 3606 3147 3653 et
3169 3598 3716 3654 subministrationem

2147 3691 2310 3747 nobis
2354 3691 2728 3754 commodare,
2761 3699 2821 3746 ut
2861 3690 2931 3746 ab
2963 3706 3025 3744 ea
3070 3690 3275 3747 litterae
3308 3691 3489 3763 paleas
3519 3701 3716 3760 separe-

2146 3800 2292 3841 mus.
2328 3785 2411 3840 Ex
2463 3785 2557 3841 illo
2591 3784 2740 3839 enim
2787 3784 3152 3840 sullicicntcm
3193 3793 3365 3857 atque
3401 3783 3715 3840 celerrimatn

2146 3878 2241 3934 Dei
2276 3878 2568 3959 scientiam
2616 3876 3047 3949 possidebimus,
3081 3885 3309 3948 propter
3338 3876 3482 3949 quod
3521 3885 3573 3931 et
3609 3887 3714 3929 eam

2148 3970 2510 4040 intelligibilis
2544 3969 2801 4025 sacerdos
2844 3969 3093 4040 suscipit.
3136 3968 3371 4041 Oportet
3411 3977 3585 4025 autem
3629 3979 3716 4018 nos

2148 4063 2551 4135 superfundere
2606 4058 2808 4129 oleum,
2844 4072 2901 4119 et
2940 4063 3396 4135 superimponere
3445 4063 3568 4118 thus
3603 4072 3722 4129 :per

2149 4157 2555 4228 eleemosynam
2584 4156 2788 4228 quippe
2818 4165 2872 4211 et
2896 4157 3203 4212 orationem
3230 4157 3459 4214 scientia
3492 4156 3546 4211 in
3577 4150 3717 4208 nobis

2150 4246 2336 4303 divina
2387 4245 2687 4317 perficitur.
2721 4246 2797 4301 De
2828 4247 3026 4318 quibus
3070 4248 3409 4313 hominibus,
3441 4259 3641 4302 necnon
3670 4249 3717 4295 et

2151 4338 2219 4395 de
2241 4337 2545 4394 memoriali
2572 4338 2718 4409 quod
2743 4354 2911 4410 super
2931 4339 3102 4395 altare
3127 4341 3417 4396 sacerdote
3438 4338 3716 4408 accipiente

458 4431 895 4488 condimentum.
934 4429 1232 4500 Propterea
1269 4441 1382 4482 non
1429 4427 1623 4482 abesse
1675 4426 1755 4480 sal
1801 4440 1832 4478 a
1878 4424 2049 4481 sacri-
2152 4431 2396 4502 ponitur,
2420 4431 2478 4485 in
2497 4431 2875 4503 superioribus
2919 4432 3175 4487 subtilius
3213 4432 3587 4504 exposuimus.
3612 4425 3715 4481 Non

460 4523 618 4590 liciis,
650 4522 746 4579 sed
774 4522 830 4576 in
858 4520 1010 4577 omni
1054 4534 1284 4575 munere
1311 4516 1573 4590 praecepit
1601 4516 1680 4572 sal
1707 4515 1894 4572 offerri
1930 4534 1944 4571 :
1987 4523 2046 4570 ut
2078 4533 2123 4592 ο
2150 4536 2281 4592 ergo
2329 4535 2557 4576 necesse
2605 4530 2692 4575 est
2739 4536 2887 4576 nunc
2936 4522 3336 4593 expositionem
3378 4517 3715 4577 confundere.

456 4613 830 4684 quodcunque
879 4609 1154 4677 docueris,
1203 4607 1572 4678 quidcunque
1623 4605 1950 4672 correxeris,
1990 4605 2044 4661 in

2153 4613 2287 4681 Quia
2323 4613 2471 4670 enim
2524 4615 2680 4687 fricta
2731 4624 2970 4676 matura.
3012 4615 3318 4670 secundum
3368 4611 3531 4669 LXX.
3563 4611 3717 4682 fracta

457 4718 788 4775 quacunque
818 4702 1024 4758 virtute
1053 4707 1413 4754 conversatus
1452 4696 1646 4766 fueris,
1675 4697 1744 4753 ad
1783 4697 2050 4769 apostoli-
2147 4712 2270 4758 sunt
2299 4745 2315 4771 ,
2349 4720 2413 4759 ea
2439 4718 2561 4774 quas
2594 4703 2720 4776 igne
2760 4703 2922 4758 fricta
2961 4712 3110 4768 sunt,
3152 4703 3348 4775 reliqui
3414 4703 3720 4770 interpretes

459 4814 579 4854 ram
616 4794 1021 4854 aemulationem
1049 4801 1213 4863 atque
1232 4791 1592 4847 imitationem
1615 4788 1863 4860 opereris
1893 4831 1910 4857 ,
1940 4804 2053 4844 me-
2150 4795 2510 4852 llebmorum
2546 4796 2844 4868 εχριιηηηι
2881 4812 2980 4867 pro
3023 4812 3113 4864 eo,
3142 4797 3277 4852 mm
3312 4806 3525 4852 malum
3556 4795 3684 4848 [πω
3706 4827 3719 4847 ,

458 4904 692 4962 morque
739 4888 818 4944 sis
859 4886 1013 4943 Pauli
1064 4884 1343 4941 dicentis:
1374 4882 1678 4937 Imitatores
1723 4882 1826 4936 mei
1868 4889 2051 4947 estote,

455 4982 590 5037 sicut
633 4988 683 5034 et
725 4993 820 5050 ego
870 4975 1071 5032 Christi
1101 4976 1142 5030 ⁸.
1192 4975 1260 5030 Et
1309 4988 1502 5029 rursus
1539 4990 1558 5027 :
1592 4972 1730 5044 Ergo
1771 4972 1891 5041 jam
1943 4989 2048 5028 non

455 5074 581 5130 estis
627 5072 846 5127 aduente
891 5076 944 5123 et
979 5068 1227 5139 hospites,
1264 5065 1358 5121 sed
1406 5064 1531 5119 estis
1566 5067 1702 5119 cives
1741 5073 2046 5119 sanctorum

457 5177 506 5220 et
540 5163 814 5219 domestici
859 5161 975 5228 Dei,
1008 5157 1420 5232 supercdiﬁeati
1449 5171 1606 5227 super
1641 5156 2046 5228 fundamentum

457 5256 822 5329 apostolorum
862 5264 911 5310 et
961 5254 1361 5325 prophetarum.
1392 5252 1505 5322 ipso
1539 5266 1747 5306 summo
1794 5236 2059 5322 aitgulai-i’

458 5350 638 5422 lapide
668 5348 878 5406 Christo
917 5345 1039 5402 Jesu
1073 5346 1139 5403 '°.
1166 5343 1305 5413 Quia
1350 5352 1534 5399 autem
1571 5357 1684 5397 non
1729 5342 2049 5414 simpliciter

458 5446 537 5502 sal
558 5444 718 5509 dixit,
749 5441 846 5498 sed
879 5441 1010 5498 illud
1042 5437 1409 5511 intelligibile,
1441 5436 1715 5509 legislator
1745 5436 1963 5493 innuit:

528 5534 650 5591 Non
697 5535 910 5606 auferes
947 5529 1052 5595 sal.
1082 5529 1280 5601 inquit,
1312 5529 1521 5602 {aderis
1552 5526 1653 5581 Dei
1679 5527 1778 5581 tui.
1809 5524 1970 5595 Quod
2003 5530 2049 5582 si

457 5626 639 5686 fmdus
663 5629 778 5684 sive
813 5631 1199 5683 testamentum
1230 5621 1496 5679 rationale
1521 5633 1628 5685 est,
1666 5619 1854 5691 utique
1881 5631 1939 5677 et
1970 5623 2053 5677 sal

459 5850 481 5899 ι
514 5760 728 5893 ’1⁸9Αει.
774 5763 1021 5833 xvu,28.
1120 5760 1340 5819 'lCor.
1377 5779 1417 5829 ι,
1452 5761 1540 5821 2i.

486 5853 524 5899 Ι,
619 5878 628 5886 .

486 5853 524 5905 ι,
549 5853 628 5893 tu.

1638 5759 1861 5820 7lCor.
1914 5782 1971 5831 ll,
2027 5772 2078 5834 li,
2136 5769 2195 5824 7.

2152 4887 2294 4959 {ritca
2328 4887 2386 4942 in
2415 4887 2535 4958 igne
2567 4888 2753 4943 mollia
2787 4888 3098 4944 ediderunt.

2753 5044 2983 5102 CAPUT
3021 5045 3114 5103 lll.

2229 5158 2388 5216 Vens.
2426 5160 2545 5215 1-5.
2592 5180 2613 5212 ι
2650 5160 2807 5229 Quod
2860 5162 2906 5217 si
2954 5163 3132 5218 hostia
3172 5163 3521 5234 paciﬁcorum
3573 5153 3719 5214 fuerit

2156 5252 2278 5323 eius
2315 5250 2544 5318 oblatio,
2581 5263 2633 5307 et
2683 5252 2751 5308 de
2797 5252 2975 5309 bobus
3012 5255 3247 5309 voluerit
3274 5253 3491 5325 uﬂ‘erre,
3530 5259 3719 5304 marem

2155 5338 2275 5402 sive
2315 5345 2577 5401 feminam
2601 5346 3011 5403 immaculatum
3042 5347 3235 5404 oli‘eret
3263 5361 3445 5403 coram
3470 5340 3707 5398 Domino.

2155 5446 2431 5508 ponetque
2479 5452 2704 5493 manum
2751 5452 2919 5507 super
2957 5448 3124 5510 caput
3170 5438 3406 5494 victima.-
3445 5448 3575 5496 suae,
3609 5440 3720 5498 qm”

2157 5526 2532 5584 immolabitur
2583 5525 2638 5580 in
2691 5525 2919 5582 introitu
2972 5528 3312 5585 tabernaculi
3352 5544 3364 5580 :
3403 5522 3716 5585 funduntque

2156 5623 2248 5679 lilii
2306 5623 2489 5676 Aaron
2544 5618 2848 5676 sacerdotis
2912 5622 3236 5695 sanguinem
3295 5634 3393 5692 per
3445 5613 3716 5672 circuitum

2286 5763 2308 5794 ⁸
2340 5760 2535 5818 Matth.
2579 5779 2629 5827 ι’,
2676 5761 2762 5827 l3,
2863 5759 2927 5816 'l
2965 5762 3094 5819 Cor.
3152 5780 3228 5831 tv,
3269 5761 3381 5848 16.}
3454 5757 3495 5789 ’°
3528 5748 3713 5820 Εριιοςο
