3942 6430
322 365 433 438 813

1486 370 1563 432 1N
1605 369 2040 430 LEVITICUM.
2082 395 2148 404 -
2195 365 2339 431 LIB.
2383 371 2430 433 Ι.

3476 377 3582 450 811.

326 493 532 558 altaris,
569 498 623 552 et
663 492 894 549 ederent
941 496 1007 548 de
1057 493 1231 546 hostia
1275 491 1625 561 paeilicorutn
1667 489 1721 540 in
1748 486 1897 538 obl-ao
1934 492 1973 543 Α
2004 483 2140 538 liciis
2214 486 2709 544 holocautomalum
2791 494 3124 552 suilicienter
3203 495 3580 562 discussimus.

329 587 530 640 tionem
591 589 821 642 Demino
873 585 1140 654 :adipem
1207 583 1298 652 qui
1361 583 1539 652 operit
1592 579 1795 642 vitalia,
1853 587 1910 632 et

325 676 589 747 quidquid
626 677 974 749 pinguediuis
1008 675 1338 729 intrinsecus
1369 683 1451 727 est
1484 692 1497 727 :
1539 672 1678 737 duos
1727 685 1908 736 renes,

324 781 450 818 eum
491 766 651 836 adipe
689 782 798 837 quo
849 773 1107 836 teguntur
1139 765 1251 829 ilia,
1290 774 1346 818 et
1385 763 1668 817 reticulum
1706 760 1909 829 jecoris

328 871 452 909 cum
495 859 814 914 renuneulis
848 869 864 911 ':
905 859 1310 926 adolebuntque
1347 871 1410 910 ea
1449 869 1613 923 super
1649 853 1817 906 altare
1852 851 1907 904 in

331 951 729 1010 holocaustum.
775 951 932 1022 lignis
973 952 1095 1021 igne
1132 948 1438 1018 supposito,
1484 949 1538 1000 in
1577 944 1907 1000 oblationem

327 1043 642 1097 suavissimi
681 1043 868 1096 odoris
899 1042 1152 1095 Domino»
1192 1059 1214 1092 ι

397 1135 570 1189 Recte
609 1135 774 1188 David
813 1133 1077 1203 propheta
1109 1131 1373 1201 psalleb‘at
1412 1147 1423 1182 :
1465 1128 1583 1183 Vius
1626 1139 1765 1192 tuas,
1803 1126 1910 1180 Do-

325 1225 484 1287 ‘miue,
521 1225 823 1277 demonstra
872 1224 1019 1287 mihi,
1051 1234 1098 1276 et
1141 1222 1358 1288 semitas
1405 1231 1524 1274 tuas
1553 1221 1704 1273 edoce
1734 1237 1814 1273 me
1843 1221 1907 1272 ”.

325 1314 596 1379 Quoniam
641 1316 1094 1369 conversationes
1123 1313 1265 1367 Deus
1302 1313 1614 1367 hominibus
1649 1312 1908 1366 diﬂcren—

323 1407 407 1457 tes
458 1419 558 1474 per
605 1405 779 1476 legem
822 1407 1022 1468 sanxit,
1056 1415 1110 1458 et
1148 1406 1202 1457 in
1251 1405 1472 1458 modum
1513 1405 1776 1458 scalarum
1811 1404 1912 1458 vir-

327 1506 471 1550 tutes
502 1499 798 1560 ordinavit,
843 1507 899 1551 ut
930 1499 1018 1550 alii
1059 1498 1285 1566 quidem
1332 1497 1520 1551 licen-t
1550 1511 1741 1549 omnes
1770 1508 1911 1551 asse-

323 1588 442 1653 ‘qui,
471 1589 563 1642 alii
597 1598 779 1642 autem
822 1589 1106 1659 quasdam,
1136 1598 1193 1641 ut
1221 1604 1436 1642 sursum
1471 1597 1650 1641 tamen
1680 1588 1909 1658 quisque

323 1680 705 1734 sublevaretur
735 1697 762 1734 a
798 1691 942 1735 terra
965 1698 978 1732 :
998 1681 1100 1734 hoc
1123 1681 1322 1750 quippe
1343 1679 1714 1733 eldilferentia
1740 1680 1908 1734 sacri-

327 1771 579 1824 ficiorum
639 1771 999 1842 significabat.
1051 1771 1184 1826 Nam
1234 1773 1324 1826 hic
1368 1773 1587 1842 quidem
1637 1773 1704 1828 de
1748 1773 1910 1827 nobis

2009 575 2148 642 Quid
2196 588 2380 633 autem
2433 580 2542 635 Deo
2583 585 2781 637 otierre
2825 586 2895 640 de
2926 605 3028 642 suo
3064 592 3329 647 sacrificio
3363 612 3585 653 necesse

2011 671 2243 725 habeant
2292 674 2383 742 qui
2429 677 2623 730 salvari
2687 679 2891 744 vohmt,
2926 683 3031 737 hoc
3061 683 3227 754 quaeri
3259 697 3315 742 et
3337 692 3585 746 consido-

2009 761 2115 814 rari
2150 767 2520 819 necessarium
2557 777 2660 822 est.
2703 767 2953 827 Oderunt
2999 775 3144 830 enim
3175 779 3242 833 de
3287 777 3461 836 hostia
3490 799 3584 854 pa-

2010 851 2285 945 cificorum
2320 857 2372 908 in
2405 858 2733 914 oblationem
2774 863 3010 929 Domini,
3044 868 3260 939 adipem
3287 869 3379 941 qui
3409 851 3590 945 operit

2011 942 2209 1010 vit-dia,
2261 956 2314 998 et
2375 949 2632 1018 quidquid
2699 953 3042 1024 pinguedinis
3115 942 3582 1022 intrinsecus—est.

2014 1031 2131 1096 Vel,
2178 1037 2322 1090 sicut
2367 1041 2742 1112 bepttta'ginta,
2765 1045 2975 1114 adipem
3004 1048 3094 1119 qui
3121 1055 3287 1120 operit
3331 1068 3582 1121 ventrem,

2011 1134 2058 1177 et
2107 1137 2309 1180 omnem
2358 1132 2562 1197 adipem
2615 1136 2704 1202 qui
2747 1135 2799 1189 in
2834 1150 3010 1193 ventre
3051 1153 3125 1195 est
3159 1181 3175 1204 ,
3216 1157 3312 1212 per
3341 1158 3582 1203 vcntretu

2010 1230 2106 1270 cor
2135 1217 2484 1287 signiﬁcans:
2523 1223 2644 1278 ideo
2679 1235 2860 1281 autem
2891 1229 3135 1288 secundo
3163 1232 3283 1304 ejus
3311 1236 3363 1289 in
3400 1252 3585 1308 supra-

2011 1306 2153 1361 dicta
2215 1309 2452 1364 editione
2503 1315 2823 1370 memoriam
2871 1318 3023 1385 fecit,
3074 1325 3202 1392 quia
3239 1325 3376 1381 duas
3422 1306 3584 1383 habet

2011 1401 2372 1468 operationes,
2404 1405 2544 1459 sicut
2575 1407 2763 1463 dicunt
2791 1406 3003 1466 medici.
3043 1412 3257 1470 Etenim
3290 1435 3385 1487 per
3423 1437 3582 1474 unam

2010 1500 2222 1559 partem
2251 1495 2419 1548 trahit
2451 1498 2728 1562 alimenta,
2764 1506 2908 1570 quod
2949 1515 3192 1561 ventrem
3220 1514 3580 1581 superiorem,

2012 1597 2108 1650 per
2137 1583 2293 1637 aliam
2329 1588 2677 1656 purgationes
2708 1590 2986 1657 discernit,
3020 1597 3164 1664 quod
3214 1614 3454 1656 ventrem
3497 1605 3585 1658 in-

2011 1674 2265 1729 feriorem
2330 1688 2544 1734 vocant.
2585 1679 2764 1738 Renes
2809 1698 2937 1739 vero
2984 1686 3258 1745 eoitalium
3317 1698 3583 1753 seminum

2013 1775 2142 1820 sunt
2175 1767 2499 1833 ministeria,
2549 1772 2753 1827 habent
2781 1785 2962 1831 autem
2993 1783 3434 1840 communionem
3463 1804 3585 1842 cum

325 1865 712 1918 holocaustum
741 1863 958 1929 offert-1,
989 1874 1160 1918 totum
1192 1867 1544 1935 semetipsum
1573 1865 1684 1920 Deo
1708 1865 1906 1920 offerre
1938 1838 1982 1898 Β
2013 1864 2199 1910 venue
2223 1861 2278 1910 θῑ
2303 1855 2642 1917 Τειιῖοτῖδυεε
2677 1872 2839 1932 atque
2866 1866 3026 1937 “uilis
3064 1867 3138 1924 νεῖ
3173 1874 3347 1942 gratia
3369 1877 3585 1946 adipem

325 1955 541 2020 volens,
594 1966 650 2010 et
697 1956 839 2010 sicut
882 1956 1083 2010 Paulus
1133 1956 1350 2012 dicebat
1381 1974 1394 2011 :
1429 1957 1636 2013 Christo
1677 1959 1910 2028 conﬁxus

322 2062 442 2100 sum
497 2047 645 2100 cruci
680 2048 745 2102 η,
805 2048 957 2100 Alter
1013 2047 1338 2102 sacrificium
1391 2049 1738 2119 paciﬁcorum
1796 2051 1912 2106 sive

324 2138 604 2203 salutare,
652 2137 748 2208 qui
805 2136 1080 2210 desiderat
1135 2137 1388 2201 salutem,
1439 2142 1542 2195 etsi
1597 2156 1703 2193 non
1734 2149 1911 2211 potest

317 2231 492 2285 nimis
537 2231 850 2285 sublimiter
884 2230 1200 2284 conversari
1243 2249 1256 2282 :
1291 2244 1418 2285 nam
1456 2242 1510 2286 et
1539 2232 1582 2285 si
1620 2248 1731 2286 non
1770 2234 1911 2288 valet.

326 2325 695 2396 virginitatem
747 2326 1018 2396 quispiam
1075 2327 1363 2394 consequi,
1405 2326 1463 2380 in
1519 2334 1670 2381 casto
1721 2336 1910 2382 autent

321 2420 582 2490 conjugio
621 2428 1005 2481 conversetur,
1053 2419 1268 2472 veniam
1310 2419 1541 2488 percipit
1581 2436 1611 2474 a
1657 2420 1907 2486 Domino,

323 2510 420 2580 qui
443 2510 618 2565 dixit:
654 2509 773 2564 Non
808 2522 985 2564 omnes
1011 2511 1228 2578 capiunt
1259 2509 1470 2564 uerbum
1491 2511 1538 2542 “
1557 2550 1574 2576 ,
1597 2513 1814 2581 quando
1843 2513 1910 2567 de

330 2602 643 2672 virginitate
693 2602 957 2671 apostolis
1005 2603 1332 2670 exponebat.
1384 2603 1493 2657 Sed
1539 2612 1721 2657 tamen
1768 2605 1910 2658 inter

328 2710 421 2747 eos
445 2695 539 2763 qui
567 2693 848 2747 salvantur
874 2693 1187 2747 necessarie
1212 2695 1556 2748 ordinantur.
1588 2695 1702 2750 Hoc
1732 2695 1907 2765 ipsum

328 2795 512 2839 autem
553 2795 603 2840 et
637 2787 704 2841 de
743 2795 1059 2856 contemptu
1091 2802 1294 2852 rerum,
1324 2796 1377 2841 et
1403 2786 1720 2856 dejustitia,
1757 2798 1811 2842 et
1841 2789 1908 2842 dc

299 2878 448 2932 .cibo
490 2894 618 2933 cum
661 2880 959 2949 gratiarum
1007 2881 1243 2941 actione,
1278 2879 1404 2949 quia
1447 2897 1674 2950 magnus
1701 2890 1783 2934 est
1815 2881 1906 2950 qui

329 2983 542 3037 magna,
577 2977 632 3022 et
659 2981 880 3038 parvus,
912 2984 1021 3022 non
1064 2977 1243 3023 tamen
1271 2969 1554 3034 mittimus,
1590 2970 1682 3040 qui
1714 2972 1907 3025 saltem

331 3060 624 3113 mediocria
652 3060 911 3130 consequi
941 3072 1140 3130 pozest.
1171 3059 1243 3114 Ut
1273 3059 1598 3130 probaretur
1621 3076 1751 3131 ergo
1779 3061 1903 3130 quia

2009 1947 2266 2017 primunt,
2301 1951 2392 2020 qui
2423 1967 2588 2022 supra
2634 1964 2878 2010 ventrem
2911 1969 3015 2025 est,
3065 1971 3120 2015 et
3144 1964 3282 2020 duos
3315 1983 3495 2033 renes,
3532 1982 3589 2023 ct

2011 2053 2202 2094 rursus
2239 2041 2452 2109 adipem
2489 2046 2583 2112 qui
2635 2061 2802 2115 super
2839 2063 2934 2102 eos
2956 2059 3060 2115 est,
3095 2047 3144 2106 id
3175 2065 3279 2122 est,
3315 2073 3481 2128 super
3509 2061 3588 2114 fc-

2011 2143 2184 2191 ntora,
2211 2139 2397 2199 utpote
2422 2147 2544 2201 quae
2575 2134 2752 2189 vicina
2776 2148 2905 2193 sunt
2929 2140 3170 2210 renibus,
3200 2146 3357 2215 jubet
3379 2149 3586 2213 olierri.

2009 2220 2136 2289 quia
2187 2221 2330 2276 inter
2374 2225 2613 2280 medium
2669 2228 2892 2286 femoris
2931 2239 2990 2286 et
3039 2237 3246 2292 ventris
3284 2251 3449 2295 renes
3497 2243 3587 2296 siti

2010 2321 2158 2366 sunt.
2190 2312 2245 2365 lu
2274 2314 2460 2382 jeeore
2504 2327 2710 2383 autem,
2746 2319 2796 2373 id
2828 2330 2911 2376 est
2946 2318 3004 2376 in
3040 2326 3233 2396 hepate
3265 2326 3587 2386 delectatio-

2010 2417 2158 2467 nem,
2191 2405 2306 2458 sive
2329 2407 2836 2477 concupiscentiam
2883 2416 3238 2472 constitutam
3274 2433 3396 2474 esse
3431 2422 3588 2478 dixit.

2011 2491 2163 2547 Unde
2200 2496 2502 2552 secundum
2549 2497 2904 2572 Septuaginta
2952 2503 3170 2575 bep‘atis
3206 2511 3430 2580 pinnam
3461 2531 3588 2570 cum

2010 2587 2234 2642 renibus
2254 2588 2439 2643 otferri
2471 2591 2674 2647 dictum
2703 2604 2807 2660 est,
2839 2607 3024 2667 utpote
3059 2600 3258 2671 ltepate
3289 2605 3342 2658 in
3368 2608 3588 2661 renibus

2011 2679 2116 2732 vim
2149 2683 2482 2751 operationis
2504 2700 2615 2740 suae
2643 2688 3006 2747 ministrante.
3039 2694 3145 2749 Sed
3177 2697 3308 2766 quid
3343 2714 3442 2768 per
3473 2703 3589 2755 lut‘c

2009 2771 2295 2841 significat,
2329 2776 2414 2830 vel
2446 2778 2575 2846 quid
2608 2781 2860 2846 sancivit,
2894 2783 2987 2853 qui
3025 2787 3219 2841 salvari
3255 2790 3587 2854 volentibus.

2007 2864 2172 2917 etiam
2216 2867 2448 2922 nuncin
2486 2871 2755 2939 parabolis
2792 2889 2854 2928 os
2895 2879 3153 2944 aperuit?
3198 2879 3335 2947 Quia
3372 2893 3589 2953 oportet

2011 2955 2263 3020 hostiam,
2296 2959 2348 3014 id
2378 2964 2758 3032 est-primitias
2781 2969 2836 3021 et
2888 2966 3348 3039 holocau'tomata,
3381 2973 3492 3031 Deo
3520 2979 3590 3032 ab

2011 3049 2094 3102 his
2142 3053 2232 3120 qui
2269 3053 2464 3109 salvari
2494 3057 2705 3121 volunt,
2731 3053 3130 3131 intelligibilem
3159 3065 3398 3135 adipem,
3443 3069 3591 3124 vide-

327 3150 448 3203 una:
486 3152 971 3205 conversationqu
1012 3151 1226 3220 species
1272 3159 1400 3205 sunt
1443 3152 1510 3205 ad
1558 3151 1974 3247 justificatio-C
2008 3140 2134 3247 “(:31
2185 3143 2556 3211 desiderium.
2611 3149 2755 3217 Quod
2812 3165 2984 3220 graece
3034 3152 3334 3224 ἐπιθυμίαν
3381 3160 3587 3222 dicunt.

324 3257 452 3295 nent
508 3243 818 3308 hominum,
859 3244 996 3297 duas
1050 3243 1440 3296 sacrificiorum
1481 3252 1905 3312 spontaneorum

326 3333 680 3388 deﬁnitiones
711 3334 898 3404 posuit
924 3351 939 3399 ;
973 3334 1048 3386 ait
1077 3329 1224 3388 enim
1248 3334 1303 3388 in
1331 3335 1469 3388 libro
1492 3335 1659 3388 Exodi
1691 3351 1705 3389 :
1735 3333 1914 3387 Altare

321 3427 391 3479 de
429 3436 573 3480 terra
610 3428 817 3498 facietis
856 3426 1006 3491 mihi,
1038 3436 1085 3484 et
1127 3427 1468 3480 immolabitis
1497 3442 1652 3494 super
1686 3443 1744 3479 eo
1775 3425 1915 3480 [τοιο-

323 3529 638 3572 rautomata
707 3529 756 3573 et
782 3519 1009 3588 paciﬁca
1054 3529 1245 3584 vestra,
1279 3533 1395 3572 oves
1439 3528 1635 3572 vestras
1664 3523 1710 3572 et
1742 3518 1907 3572 boves.

327 3609 391 3663 1n
414 3613 559 3664 ontui
583 3612 693 3664 loco
723 3612 777 3664 in
811 3628 912 3681 quo
943 3612 1272 3664 nominatum
1307 3609 1466 3682 fuerit
1499 3621 1690 3663 nomen
1719 3617 1910 3676 meum,

324 3703 536 3756 ueniam
557 3703 628 3756 ad
650 3713 717 3766 te,
739 3711 786 3755 et
806 3703 1104 3756 benedicam
1127 3701 1222 3756 tibi
1247 3703 1310 3755 “.
1337 3702 1398 3754 Et
1419 3703 1912 3772 praecepitmtidem

327 3791 680 3861 paciﬁcorum
713 3795 1110 3856 holocaustum,
1136 3793 1408 3848 subinfert
1432 3799 1612 3848 autem
1642 3811 1654 3846 :
1687 3793 1751 3846 Et
1773 3796 1915 3862 paci-

323 3883 452 3953 ﬁca,
480 3885 625 3938 velut
645 3885 868 3939 secundi
888 3884 1093 3939 ordinis
1109 3885 1414 3938 etvirtutis.
1446 3883 1769 3953 Quicunque
1786 3900 1913 3956 ergo

323 3977 504 4030 solum
538 3975 640 4030 sibi
673 3977 777 4030 hoc
810 3973 1228 4046 putatsutlicere
1257 3975 1298 4028 si
1327 3975 1584 4039 salvetur,
1618 3975 1663 4029 is
1692 3975 1911 4044 quidem

299 4071 397 4123 ~de
443 4069 619 4122 bobus
649 4067 842 4121 oti'er'et
891 4070 1032 4134 (esse
1060 4077 1242 4120 "autem
1299 4067 1489 4120 bovem
1537 4066 1768 4120 diximus
1819 4083 1914 4122 eos

322 4159 421 4228 qui
473 4159 616 4212 circa
665 4159 871 4227 agenda
901 4171 968 4210 ea
1001 4173 1121 4226 quae
1158 4156 1294 4226 legis
1345 4165 1474 4210 sunt
1519 4156 1755 4228 vacant),
1799 4157 1914 4212 sive

327 4249 654 4314 masculum,
687 4249 800 4303 sive
830 4248 1110 4313 feminam,
1139 4248 1545 4303 immaculatum
1583 4258 1764 4303 tamen
1793 4265 1915 4302 mu-

326 4353 434 4393 nus
460 4340 673 4394 oderat.
707 4336 968 4408 Equidem
1008 4352 1132 4393 eum
1162 4338 1253 4408 qui
1288 4339 1667 4394 holocaustum
1697 4340 1911 4406 offeret,

326 4449 439 4486 non
481 4433 738 4501 pravcepit
784 4433 983 4486 olh-rre
1046 4431 1326 4508 feminam,
1378 4447 1716 4502 nequaquam
1753 4432 1913 4487 fetui-

2015 3232 2222 3300 ofl'e‘rri,
2270 3234 2361 3304 qui
2408 3236 2559 3305 prius
2607 3239 2826 3308 quidem
2872 3245 3050 3312 aperit
3087 3250 3426 3317 superiorem
3457 3269 3590 3306 ven—

2016 3331 2176 3388 trem,
2204 3323 2401 3380 dcind'e
2422 3325 2754 3383 inferiorem
2795 3349 2810 3385 :
2844 3341 2901 3385 ut
2930 3342 2983 3386 et
3015 3332 3068 3386 in
3095 3337 3408 3405 cegitando,
3448 3351 3504 3395 et
3539 3344 3588 3394 in

2017 3413 2311 3484 implendo,
2344 3417 2673 3474 desiderium
2701 3420 2813 3476 Deo
2839 3425 3136 3480 o'il‘eramus
3161 3443 3175 3479 :
3205 3441 3421 3498 oportet
3445 3434 3588 3487 enim

2016 3506 2246 3575 proponi
2303 3507 2472 3576 prius,
2522 3519 2577 3563 et
2623 3523 2808 3582 postea
2857 3511 3140 3586 compleri.
3180 3518 3408 3591 Propter
3448 3529 3588 3595 quod

2015 3603 2070 3648 et
2122 3594 2324 3650 Paulus
2360 3598 2609 3654 dicebat:
2660 3601 2760 3666 Qui
2801 3605 3157 3675 episcopatum
3191 3594 3478 3676 desiderat,
3503 3617 3564 3668 bo

2014 3702 2142 3740 num
2184 3702 2314 3758 opus
2357 3691 2701 3744 desiderat“.
2751 3692 2824 3748 De
2855 3691 2946 3749 illo
2984 3698 3188 3769 quippe
3223 3717 3368 3758 nunc
3406 3717 3590 3760 ventre.

2015 3775 2287 3846 legislator
2341 3780 2600 3849 loquitur,
2649 3783 2715 3836 de
2759 3795 2867 3853 quo
2908 3785 3175 3843 Jeremias
3210 3791 3418 3862 inquit:
3458 3796 3590 3849 ch-

2017 3877 2144 3920 trem
2170 3885 2340 3922 meum
2362 3872 2528 3935 doleo,
2547 3887 2776 3928 ventrem
2812 3890 2981 3931 meum
3004 3879 3152 3932 doleo
3173 3883 3234 3935 ‘7:
3256 3899 3363 3936 non
3395 3885 3523 3938 frnst
3537 3907 3589 3938 ra

2013 3971 2070 4014 et
2099 3962 2212 4032 ipse
2259 3965 2550 4035 dupliciter
2577 3966 2890 4036 nominans,
2921 3974 3016 4027 sed
3054 3985 3110 4028 ut
3158 3977 3430 4046 duplicent
3461 3998 3592 4050 ope-

2017 4057 2243 4112 rationis
2290 4060 2408 4130 ejus
2439 4059 2546 4115 vim
2584 4063 2931 4134 signi'ficaret.
2962 4066 3040 4120 Ne
3084 4069 3219 4122 forte
3257 4081 3438 4126 autem
3468 4089 3589 4126 cor-

2016 4149 2254 4216 poralem
2347 4155 2723 4208 necessitatem
2807 4159 3167 4213 accusandam
3239 4172 3586 4230 putaremus.

2015 4245 2342 4300 subintulit:
2389 4242 2455 4300 Et
2501 4261 2678 4301 sensus
2715 4249 2885 4302 cordis
2933 4252 3034 4303 mei
3067 4255 3502 4308 couturbatisuut
3527 4258 3587 4310 "'.

2021 4335 2158 4408 Ergo
2206 4349 2396 4393 tenter
2441 4342 2638 4394 animae
2661 4358 2756 4396 cor
2785 4353 2888 4408 est,
2934 4343 2987 4396 in
3019 4361 3128 4414 quo
3155 4346 3308 4417 prius
3336 4351 3589 4420 proponi-

2016 4443 2136 4484 mus
2183 4431 2442 4499 quasdam
2498 4432 2774 4496 actiones,
2835 4445 3023 4506 postea
3083 4447 3264 4492 autem
3331 4456 3597 4495 conamur

325 4541 454 4578 nam
528 4525 751 4594 privans
809 4526 878 4579 ab
935 4524 1247 4594 ltujusntodi
1306 4527 1749 4589 conversatione,
1813 4527 1908 4582 scd
1941 4520 2263 4604 οἰηιριθτθ.
2321 4522 2635 4594 Ρτθροηθτθ
2682 4541 2812 4597 ergo
2873 4539 3132 4597 appetere
3195 4530 3594 4599 quodattttnodo

242 4634 246 4636 ·
325 4616 620 4668 ostendens
663 4615 789 4684 quia
832 4617 1070 4686 perfecta
1117 4632 1329 4686 sapere,
1380 4620 1598 4688 proprie
1662 4620 1906 4674 virorum

325 4717 430 4758 est.
465 4705 618 4770 Quod
657 4706 759 4760 etsi
806 4707 1001 4760 mulier
1048 4707 1163 4761 lucc
1191 4708 1397 4777 sapiat,
1433 4709 1514 4763 vir
1542 4707 1682 4773 htec,
1720 4718 1908 4780 utpote

328 4801 501 4862 fortis,
537 4801 916 4870 appellabitur,
963 4801 1029 4855 de
1073 4817 1178 4870 qua
1223 4801 1480 4857 Solomon
1508 4803 1682 4856 dixit:
1716 4802 1905 4857 Mulie-

328 4910 436 4946 rem
468 4895 654 4963 fortem
690 4895 807 4964 quis
836 4894 1160 4947 inveniet“?
1213 4895 1595 4950 demonstrans
1633 4897 1758 4965 quia
1796 4895 1907 4950 for-

329 4987 523 5048 titudo,
582 4987 635 5040 id
685 4999 767 5042 est
807 4987 1091 5058 perfectio,
1144 4987 1359 5042 difﬁcile
1386 4989 1437 5042 in
1482 4988 1802 5043 mulieribus
1835 4990 1912 5043 in-

329 5077 566 5132 venitur.
617 5076 973 5132 Paciﬁcorum
1022 5085 1202 5131 autem
1261 5077 1610 5140 sacriﬁcium,
1664 5075 1911 5132 similiter

329 5171 569 5224 virorum
627 5180 683 5223 et
717 5170 1006 5223 mulierum
1035 5179 1139 5232 est,
1163 5179 1377 5240 oportet
1404 5167 1548 5224 enim
1582 5177 1635 5225 et
1655 5169 1910 5224 mulieres

327 5264 398 5316 ita
453 5263 657 5325 vivere,
688 5263 830 5316 sicut
852 5273 1039 5333 aptum
1065 5273 1148 5317 est
1184 5263 1249 5316 ad
1287 5262 1536 5317 salutem.
1600 5261 1708 5317 Sed
1741 5279 1905 5332 quam

325 5357 396 5408 ob
467 5372 580 5410 rem
662 5373 858 5410 manus
901 5357 1181 5426 imponere
1235 5372 1402 5426 super
1455 5365 1618 5426 caput
1673 5357 1908 5411 victima:

331 5449 742 5517 prtccipiuntur,
780 5457 836 5503 et
869 5449 1150 5503 immolare
1195 5447 1249 5501 in
1281 5448 1506 5503 introitu
1547 5449 1904 5513 tabernaculi,

331 5541 758 5612 sanguineusque
787 5539 1020 5596 fundere
1055 5542 1108 5596 in
1151 5539 1379 5596 circuitu
1411 5541 1615 5608 altaris,
1651 5542 1702 5595 in
1738 5542 1905 5596 sacri-

977 5743 1020 5774 "
1055 5742 1229 5798 Galal.
1254 5759 1310 5805 tt.
1347 5745 1430 5798 19.

1008 5815 1088 5870 19.
1167 5816 1209 5847 ³⁸
1241 5816 1372 5870 ibid.

1241 5832 1372 5871 ιυια.

402 5744 440 5774 ⁹¹
481 5741 621 5798 Psal.
647 5759 791 5806 xxlv,
820 5742 873 5798 4.

335 5826 411 5877 ιιι,
446 5813 494 5868 1.
604 5815 646 5844 ³⁷
673 5814 870 5869 Jere'tt.
901 5830 970 5877 tv,
1008 5815 1088 5870 19.
1167 5816 1209 5847 ³⁸
1241 5816 1372 5871 ibid.
1472 5817 1514 5846 ¹⁹
1545 5812 1688 5868 Psal.
1731 5830 1860 5883 xxv,
1884 5815 1938 5870 9..

1536 5744 1578 5774 ”
1607 5744 1801 5799 Matth.
1845 5760 1956 5809 nx,
2008 5745 2091 5798 ii.

2016 4622 2118 4679 est,
2144 4613 2400 4669 festinare
2436 4627 2617 4670 autem
2650 4617 2933 4688 perficere,
2966 4620 3197 4690 digestio
3231 4621 3412 4676 forsan
3442 4640 3592 4694 quar-

2016 4706 2140 4760 dam
2182 4708 2404 4777 preprie
2444 4707 2677 4762 dicatur.
2707 4709 2950 4774 Quorum
2984 4721 3341 4782 utrorumque
3371 4713 3582 4769 deside-

2019 4796 2154 4849 rium
2196 4797 2337 4865 quod
2369 4797 2583 4866 adipem
2621 4798 2895 4861 clamavit,
2928 4816 3155 4858 necesse.
3186 4804 3450 4859 habemus
3483 4806 3593 4861 Deo

2015 4890 2232 4955 oﬂ‘erre,
2272 4899 2332 4944 ut
2377 4890 2514 4945 nihil
2566 4907 2792 4962 pravum
2847 4909 3234 4964 proponamus,
3276 4914 3454 4969 neque
3497 4916 3587 4952 ex-

2010 4985 2274 5053 pleantus.
2317 4983 2460 5037 Bu-ne
2504 4993 2686 5036 autem
2726 5000 2891 5053 super
2927 4995 3172 5040 ventrem
3221 4990 3587 5059 superiorem,

2008 5076 2099 5145 qui
2132 5084 2217 5129 est
2251 5075 2545 5145 appetitus,
2587 5076 2802 5145 adipem
2860 5076 2952 5146 qui
2991 5078 3170 5148 operit
3203 5089 3450 5134 ventrem
3491 5081 3586 5142 ait,

2008 5166 2135 5234 quia
2213 5164 2446 5219 maxima
2500 5175 2625 5233 pars
2671 5164 2926 5218 desiderii
2985 5165 3127 5219 circa
3169 5167 3494 5237 appetitum,
3537 5177 3590 5221 et

2009 5261 2152 5314 circa
2199 5255 2533 5329 propositum
2574 5266 2676 5312 est.
2726 5257 2972 5313 lnferiori
3019 5270 3200 5313 autem
3238 5260 3412 5314 ventri
3449 5260 3585 5314 duos

2015 5370 2174 5411 renes
2225 5353 2527 5424 conjunxit,
2579 5351 2816 5407 diximus
2863 5353 3010 5407 enim
3053 5353 3176 5422 quia
3242 5351 3583 5407 communio-

2015 5467 2138 5506 nem
2181 5465 2342 5505 renes
2393 5444 2460 5502 ad
2503 5462 2598 5502 cor
2645 5446 2888 5500 habent:
2939 5447 3080 5499 unde
3123 5446 3287 5501 David
3338 5447 3452 5500 ait:
3489 5446 3588 5502 Ure

2015 5559 2162 5597 renes
2210 5559 2348 5596 meos
2391 5550 2437 5595 ct
2481 5555 2570 5595 cor
2599 5539 2852 5594 meum“.
2895 5536 3032 5592 Audi
3074 5537 3275 5592 etenim
3300 5537 3586 5592 Dominum

2175 5743 2219 5774 "
2241 5743 2408 5797 Exod.
2444 5757 2529 5805 xx,
2557 5739 2648 5795 24.
2729 5739 2772 5770 ⁸⁸
2791 5738 2949 5792 Prov.
2981 5752 3129 5803 xm,
3168 5735 3234 5791 10
3333 5734 3410 5790 “l
3443 5735 3589 5790 Tim.
