3942 6448
367 328 471 392 815

362 420 367 427 ο

1568 319 1932 384 HESYCHLI
1986 316 2457 378 PRESBYTERI

3572 320 3675 390 διδ

367 428 468 516 per
497 440 792 498 Jeremiam
820 438 1149 512 prophetam
1179 437 1455 493 dicentem
1482 456 1496 492 :
1538 436 1648 508 Ego
1685 436 1959 500 Dominus,
1992 443 2036 500 Α
2066 433 2177 490 Deo
2204 432 2418 497 offerat,
2450 434 2542 488 sed
2578 444 2632 487 et
2663 449 2688 485 ιι
2716 433 2852 487 mala
2886 434 2983 500 ira,
3014 443 3069 489 et
3104 452 3135 489 a
3176 436 3277 492 tali
3305 436 3679 499 delectatione

365 544 612 591 scrutans
671 535 832 587 corda
896 541 945 587 et
1000 532 1229 601 probans
1281 546 1426 584 renes
1444 529 1511 583 ὀ.
1581 528 1743 584 Nullo
1800 528 1961 583 modo

368 633 552 681 autem
600 626 844 680 membra
889 624 1007 679 haec
1061 621 1347 694 prophetia
1394 619 1810 691 coniunxisset,
1853 617 1959 673 nisi

369 718 518 773 omni
562 715 722 771 modo
768 715 1052 785 quidpiam
1087 713 1167 770 eis
1204 728 1498 770 commune
1529 713 1742 776 fuisset,
1778 717 1962 765 motus

369 811 516 865 enim
557 807 827 864 irascendi
880 808 935 861 in
979 807 1165 872 corde,
1195 807 1247 861 in
1286 806 1511 860 renibus
1535 813 1717 858 autem
1752 817 1963 857 memo-

370 904 505 958 riam
550 902 670 972 ejus
714 901 894 973 jacere
939 899 1133 954 medici
1182 899 1392 954 dicunt.
1445 895 1596 951 Ua-de
1636 894 1961 948 innocentia!

374 992 477 1047 sibi
522 989 894 1047 testimonium
943 988 1240 1059 perhibcns
1267 987 1431 1042 David
1460 1006 1473 1040 :
1508 984 1703 1038 Judica
1733 1000 1833 1049 me,
1859 983 1962 1037 Do-

374 1084 531 1148 mine,
553 1082 804 1154 quoniam
829 1097 921 1152 ego
943 1081 994 1134 in
1018 1080 1317 1134 innocentia
1339 1096 1451 1132 mea
1483 1078 1750 1148 ingressus
1763 1075 1959 1138 sum“,

371 1175 468 1240 ait,
500 1182 555 1228 et
593 1186 753 1227 renes
791 1172 901 1238 uri,
953 1179 1118 1241 atque
1166 1186 1262 1226 eor
1299 1171 1614 1242 postulavit,
1668 1178 1851 1237 utpote
1875 1167 1962 1221 cui

373 1274 601 1336 utraque
622 1270 874 1335 poterant
898 1262 1272 1317 testimonium
1309 1261 1618 1333 perhibere.
1655 1260 1712 1313 In
1742 1261 1965 1313 renibus

374 1357 490 1412 istis
529 1356 692 1412 etiam
740 1352 966 1411 seminis
1019 1368 1183 1407 causa
1229 1354 1506 1419 est,unde
1539 1362 1594 1406 et
1623 1351 1963 1407 communio-

373 1460 498 1500 nem
546 1459 669 1500 cum
720 1441 1023 1498 femoribus
1084 1442 1310 1508 habere,
1356 1443 1486 1512 quia
1532 1441 1634 1511 ipsi
1680 1441 1965 1495 eoitahhus

373 1534 681 1591 actionibus
720 1534 829 1589 vim
871 1531 1116 1602 praebere
1146 1540 1433 1603 putantur.
1482 1529 1642 1585 Unde
1666 1528 1832 1584 Jacob
1872 1545 1965 1599 pa-

378 1627 611 1682 triarcha
655 1624 872 1680 dicebat
936 1641 950 1677 :
1011 1622 1131 1677 Non
1179 1623 1345 1677 deerit
1388 1632 1648 1692 sceptrum
1686 1623 1749 1677 de
1801 1621 1963 1685 ludo,

377 1732 468 1773 nec
497 1717 604 1772 dux
629 1717 693 1770 de
720 1716 1002 1787 femoribus
1027 1716 1201 1785 ejus"
1220 1757 1234 1783 ,
1260 1730 1360 1786 per
1383 1715 1590 1770 femora
1618 1713 1842 1769 seminis
1869 1713 1966 1767 de-

377 1809 701 1863 rivationem
785 1822 881 1862 seu
942 1807 1366 1863 descensionem
1437 1807 1774 1879 signiﬁcans.
1839 1805 1967 1860 Vult

376 1912 506 1970 ergo
539 1908 593 1953 et
625 1898 934 1973 nuptiarum
962 1897 1293 1952 desiderium
1316 1896 1501 1953 offerri
1540 1898 1673 1964 Deo,
1710 1905 1769 1952 ut
1797 1898 1967 1968 prolis

375 2003 561 2054 causa,
618 2005 727 2044 non
778 1988 1154 2044 fornicationis
1202 1991 1506 2060 proveniat,
1557 2000 1613 2045 et
1648 1988 1966 2046 honorabile

376 2082 448 2136 sit
499 2080 835 2152 coniugium,
862 2088 917 2135 et
958 2088 1112 2135 torus
1154 2080 1558 2137 immaculatus.
1617 2081 1727 2138 Sed
1764 2091 1821 2137 et
1863 2081 1966 2137 hoc

374 2175 519 2244 quod
551 2173 605 2227 in
646 2174 806 2229 nobis
834 2184 920 2228 est
952 2174 1246 2236 irascibile,
1289 2178 1396 2229 Deo
1444 2175 1607 2229 debet
1636 2175 1816 2230 offerri
1844 2191 1858 2240 ;
1886 2174 1966 2229 sic

375 2264 519 2316 enlm
557 2278 669 2316 non
712 2262 781 2317 ad
834 2263 1210 2333 operationem
1244 2264 1474 2334 peccati,
1520 2264 1615 2319 sed
1646 2266 1711 2329 ad
1746 2264 1965 2319 destru-

374 2356 609 2409 ctionem
638 2355 842 2426 peccati
872 2355 1029 2409 irasci
1074 2356 1399 2423 poterimus,
1429 2364 1485 2409 et
1519 2356 1684 2411 David
1718 2357 1772 2411 in
1802 2357 1965 2421 nobis

375 2447 688 2518 implebitur
758 2447 1038 2518 Scriptura
1077 2465 1095 2501 ι
1147 2447 1473 2514 Irascintini,
1522 2458 1569 2502 et
1624 2447 1784 2503 nolite
1841 2465 1962 2516 pec-

373 2556 496 2592 care
516 2539 581 2591 ”.
618 2538 753 2604 Quia
783 2540 930 2594 enim
954 2548 1039 2595 est
1068 2538 1146 2595 ira
1169 2541 1396 2610 placens
1433 2540 1566 2602 Deo,
1601 2540 1818 2610 quando
1855 2556 1965 2594 non

375 2629 442 2683 ad
473 2630 807 2693 nocendum,
838 2630 931 2684 sed
970 2631 1036 2684 ad
1071 2631 1456 2700 corrigendum
1499 2632 1736 2700 prolicit,
1772 2633 1967 2702 probat

375 2729 585 2789 aperte,
624 2720 766 2790 quod
798 2720 1032 2791 primum
1060 2721 1127 2777 de
1161 2720 1340 2793 Moyse
1375 2722 1431 2775 in
1454 2722 1650 2785 Exodo
1685 2725 1962 2788 scribitur,

376 2814 453 2865 ait
486 2812 674 2866 enim;
709 2810 945 2883 Cumque
985 2814 1460 2884 appropinquasset
1499 2815 1567 2868 ad
1609 2824 1807 2880 castra,
1836 2816 1964 2870 uia’it

377 2903 620 2967 vitulum,
657 2912 706 2957 et
729 2904 931 2971 choros,
963 2906 1234 2974 iratusque
1276 2905 1429 2960 valde
1460 2906 1680 2976 projecit
1713 2914 1776 2962 de
1804 2924 1964 2961 manu

379 2994 608 3059 tabulas,
661 3004 710 3049 et
766 2996 1021 3066 confregit
1066 3013 1157 3050 eas
1210 2998 1281 3050 ad
1330 2998 1532 3050 radices
1573 2999 1789 3063 utentis,
1820 2999 1961 3051 arri-

2060 526 2317 581 mandari
2344 527 2523 581 debet.
2557 523 2850 595 Propterea
2884 528 3030 580 enim
3068 538 3291 584 motum
3330 530 3455 594 iras.
3487 539 3548 586 et
3577 532 3675 588 de-

2062 616 2415 672 lectationum
2462 616 2745 686 primitias,
2780 616 3068 688 ipsumque
3114 628 3304 675 totum
3349 622 3676 694 coniugium

2062 724 2162 779 per
2181 696 2404 779 pinnam
2429 709 2644 779 hepatis
2670 718 2727 763 et
2760 725 2955 765 renum
2983 710 3167 777 oEert,
3194 719 3470 783 recteque
3492 723 3678 784 potest

2062 815 2219 854 suam
2257 800 2727 855 conversationem
2771 802 2840 857 ad
2887 817 3189 872 supernum
3223 804 3411 860 altare
3451 805 3677 871 offerre,

2062 900 2118 946 et
2143 908 2307 964 super
2338 892 2652 947 holocausta
2681 933 2695 956 ,
2717 903 2772 949 et
2798 910 2962 964 super
2992 895 3134 967 ligna
3164 911 3297 965 qua
3331 906 3474 951 sunt
3506 913 3677 968 super

2065 985 2207 1057 igne.
2251 985 2566 1040 Secundum
2608 985 2754 1039 enim
2792 986 3047 1041 mandata
3098 987 3338 1057 spiritus
3366 1004 3677 1045 conversa-

2065 1088 2172 1142 tur,
2205 1086 2260 1133 et
2305 1077 2480 1132 hostia
2533 1078 2762 1132 Domino
2809 1079 3119 1134 suavissimi
3161 1080 3358 1134 odoris
3413 1079 3673 1137 efﬁcitur.

2064 1166 2247 1223 Placet
2292 1168 2495 1239 quippe
2525 1169 2573 1221 ei
2619 1168 2878 1236 perficere
2905 1168 3142 1224 fructum
3172 1186 3290 1224 non
3324 1170 3513 1225 solum
3540 1188 3676 1227 cen-

2067 1259 2342 1325 tesimum,
2372 1260 2467 1314 sed
2497 1269 2554 1314 et
2581 1261 3000 1330 sexagesimum,
3036 1272 3090 1315 et
3111 1261 3493 1317 tricesimum.

2137 1350 2293 1406 Vens.
2323 1352 2474 1405 6-l7.
2509 1370 2527 1402 ι
2563 1350 2618 1404 Si
2659 1368 2788 1405 vero
2817 1351 2885 1405 de
2921 1352 3115 1407 ovibus
3148 1352 3330 1407 fuerit
3365 1352 3495 1423 ejus
3525 1353 3673 1407 obla-

2064 1449 2160 1507 tio,
2211 1451 2266 1495 et
2312 1442 2664 1512 paciﬁcorum
2715 1442 2923 1508 hostia,
2987 1443 3103 1498 sive
3158 1444 3511 1507 masculum,
3557 1446 3677 1500 sive

2067 1532 2322 1587 feminam
2368 1534 2648 1597 obtulerit,
2706 1534 3049 1588 immaculata
3091 1545 3281 1603 erunt.
3343 1534 3405 1589 Si
3468 1550 3670 1604 agnum

2065 1623 2318 1678 obtulerit
2353 1638 2534 1678 coram
2561 1623 2809 1687 Domino,
2842 1634 3008 1694 ponet
3050 1640 3279 1680 manum
3306 1640 3486 1695 super
3512 1637 3676 1696 caput

2067 1715 2301 1771 victima:
2329 1731 2461 1781 sum,
2501 1732 2622 1786 quae
2662 1715 3036 1771 immulabitur
3072 1717 3132 1772 in
3169 1718 3459 1773 vestibulo
3491 1718 3675 1773 taber-

2068 1807 2248 1862 naculi
2298 1808 2595 1862 testimonii
2634 1825 2648 1861 :
2696 1807 3037 1878 fundentque
3080 1808 3177 1863 ﬁlii
3222 1806 3417 1864 Aaron
3449 1811 3676 1881 sanguia

2068 1915 2194 1954 nem
2254 1899 2373 1969 ejus
2430 1902 2549 1969 per‘
2593 1900 2780 1955 altaris
2827 1901 3138 1966 circuitum,
3208 1910 3270 1955 et
3335 1900 3582 1957 offerent
3607 1903 3674 1958 de

2067 1993 2417 2062 pacilieorum
2468 1993 2641 2047 hostia
2678 1993 3004 2049 sacrificium
3049 1994 3306 2058 Domino,
3365 1992 3592 2064 adipem
3621 2003 3674 2050 et

2066 2084 2291 2137 caudam
2337 2093 2501 2139 totam
2543 2100 2668 2139 eum
2717 2085 2959 2146 renibus,
3005 2095 3059 2140 et
3092 2087 3524 2159 pinguedinem,
3554 2102 3675 2158 quas

2065 2177 2240 2246 operit
2274 2186 2538 2239 ventrem,
2567 2186 2729 2247 atque
2752 2175 3003 2231 universa
3033 2177 3245 2239 vitalia,
3279 2187 3338 2231 et
3372 2188 3671 2248 utrumque

2068 2268 2424 2320 renuneulum
2464 2283 2585 2322 eum
2636 2267 2818 2336 adipe,
2849 2269 2943 2337 qui
2986 2276 3070 2323 est
3095 2268 3271 2338 juxta.
3307 2269 3423 2334 illa,
3463 2272 3671 2324 reticu-

2067 2358 2285 2427 lumque
2334 2359 2535 2429 iecoris
2583 2375 2712 2413 cum
2773 2360 3109 2414 rennneulis.
3178 2360 3250 2415 Et
3319 2360 3569 2415 adolebit
3601 2375 3662 2413 ea

2066 2451 2321 2505 sacerdos
2355 2465 2520 2521 super
2559 2449 2730 2504 altare
2788 2452 2843 2503 in
2900 2450 3159 2520 pabulum
3188 2450 3367 2523 ignis,
3428 2461 3486 2506 ct
3520 2451 3669 2506 obla‘

2068 2540 2231 2594 Louis
2263 2540 2496 2594 Domini.
2524 2537 2579 2594 Si
2614 2555 2775 2611 capra
2805 2539 2965 2595 fuerit
2997 2541 3118 2612 ejus
3143 2541 3385 2609 oblatio,
3421 2551 3479 2598 et
3507 2544 3669 2599 obtu-

2066 2631 2188 2686 lci-it
2214 2647 2333 2685 eam
2362 2632 2609 2695 Domino,
2653 2641 2825 2702 ponet
2858 2648 3080 2687 manum
3102 2649 3264 2689 suam
3303 2650 3477 2706 super
3506 2646 3676 2706 caput

2066 2722 2204 2794 ejus,
2255 2718 2668 2793 immolabitque
2725 2739 2848 2777 eam
2908 2724 2959 2777 in
3015 2723 3250 2779 introitu
3316 2728 3664 2783 tabernaculi

2069 2813 2398 2867 testimonii:
2457 2822 2510 2867 et
2547 2813 2779 2869 fundent
2818 2814 2909 2869 ﬁlii
2965 2816 3148 2871 Aaron
3180 2819 3520 2888 sanguinem
3552 2817 3672 2887 ejus

2066 2922 2163 2977 per
2201 2906 2388 2960 altaris
2421 2906 2734 2972 circuitum,
2782 2907 3081 2978 tollentque
3125 2923 3190 2963 ex
3238 2925 3304 2964 ea
3347 2910 3405 2965 in
3450 2918 3662 2981 pastum

2066 2999 2205 3071 ignis
2245 2998 2507 3053 Dominici
2546 2999 2785 3070 adipem,
2823 3000 2917 3069 qui
2952 3001 3131 3071 Operit
3164 3010 3447 3065 ventrem,
3484 3009 3541 3055 et
3574 3002 3667 3070 qui

377 3086 624 3159 piensque
668 3086 888 3140 vitulum
944 3103 1097 3158 quem
1129 3089 1384 3159 fecerant,
1415 3089 1717 3152 combussit,
1751 3100 1797 3143 et
1836 3106 1962 3142 con-
1990 3115 2033 3175 ς
2069 3098 2209 3160 teget
2260 3091 2510 3145 universa
2544 3090 2744 3157 vitalia,
2781 3092 2919 3147 duos
2955 3092 3299 3148 renunculos
3361 3108 3488 3147 cum
3537 3092 3662 3147 reti—

379 3180 523 3232 trivit
548 3193 714 3248 usque
741 3181 811 3232 ad
836 3179 1120 3247 pulverem,
1153 3198 1305 3252 quem
1343 3183 1537 3251 sparsit
1566 3183 1621 3236 in
1662 3199 1859 3254 aquam
1915 3193 1962 3238 et

379 3272 522 3325 dedit
556 3287 620 3324 ea:
657 3288 716 3325 eo
762 3282 943 3339 potant
984 3272 1110 3343 ﬁliis
1134 3271 1309 3328 Israel
1322 3275 1389 3328 “.
1418 3273 1535 3329 Non
1575 3285 1755 3331 tamen
1793 3276 1847 3330 in
1881 3276 1965 3331 his

383 3364 748 3435 reprehensus
782 3373 884 3428 est,
928 3365 1027 3420 sed
1073 3367 1183 3421 imo
1222 3367 1454 3421 multum
1492 3367 1830 3423 admirabilis
1868 3384 1965 3422 ex-

382 3452 521 3507 stitit
561 3469 576 3506 :
621 3468 686 3508 ex
736 3456 852 3509 zelo
896 3455 1043 3509 enim
1084 3463 1232 3511 tanta
1282 3457 1360 3511 ira
1396 3472 1527 3513 usus
1552 3466 1635 3513 est
1670 3458 1964 3529 legislator,

382 3543 508 3613 quia
535 3536 592 3599 et
631 3543 773 3600 Deus
805 3545 966 3601 irasci
994 3545 1047 3600 in
1082 3548 1269 3604 multis
1302 3564 1471 3604 sacrae
1503 3549 1805 3621 Scriptura:
1830 3549 1966 3607 dici-

386 3648 472 3692 tur
514 3636 670 3702 loeis,
719 3654 1062 3710 nequaquam
1109 3650 1291 3698 autem
1333 3643 1400 3697 de
1427 3658 1494 3699 eo
1522 3643 1647 3707 hoc,
1677 3644 1723 3700 si
1762 3644 1968 3699 malum

384 3727 596 3791 fuisset,
637 3726 933 3784 diceretur.
978 3729 1045 3785 Et
1087 3730 1205 3786 haec
1253 3731 1474 3802 quidem
1530 3732 1606 3787 ita
1650 3746 1710 3788 se
1740 3732 1964 3789 habent.

384 3818 523 3886 Quia
561 3829 742 3877 autem
788 3822 845 3876 in
880 3822 1081 3894 hepate
1125 3824 1595 3896 concupiscentia
1623 3825 1969 3897 requiescere

386 3919 665 3980 putantur,
707 3921 996 3984 propterea
1041 3914 1299 3985 pinnam,
1340 3916 1393 3971 id
1439 3925 1543 3981 est,
1594 3918 1969 3972 summitatem

384 4004 587 4062 auferri
630 4021 755 4062 cum
796 4006 1019 4062 renibus
1068 4008 1350 4081 praecepit,
1381 4018 1437 4063 et
1470 4008 1656 4064 offerri
1685 4008 1755 4063 ad
1776 4007 1966 4074 altare,

389 4108 446 4152 ut
475 4098 543 4154 ab
572 4099 720 4153 omni
770 4098 910 4153 mala
940 4099 1304 4155 delectatione
1338 4102 1692 4167 mundemur,
1731 4102 1971 4156 scientes

385 4188 510 4258 quia
540 4190 815 4260 primitiva
840 4192 1232 4263 cogitationum
1258 4201 1572 4249 nostrarum
1604 4192 1715 4248 Deo
1747 4206 1972 4248 necesse

391 4280 655 4336 habemus
684 4280 907 4348 offerre,
936 4283 1340 4338 sanctiﬁcantes
1378 4299 1479 4355 per
1506 4283 1891 4340 delibationem
1916 4291 1973 4338 et

390 4386 647 4428 massam.
676 4373 735 4429 Si
757 4373 903 4429 enim
930 4375 1187 4431 delibatio
1213 4386 1423 4441 sancta,
1458 4376 1653 4447 inquit,
1685 4385 1741 4432 et
1768 4390 1968 4442 massa,

2066 3182 2189 3235 culo
2241 3180 2383 3251 quod
2431 3189 2514 3235 est
2583 3195 2750 3252 super
2780 3198 2875 3237 eos
2910 3183 3053 3237 circa
3084 3182 3298 3249 vitalia,
3332 3192 3391 3238 et
3424 3183 3667 3237 arvinam

2061 3274 2264 3344 iecoris
2321 3284 2444 3327 eum
2494 3275 2831 3329 renunculis.
2874 3274 3241 3346 Adolebitque
3294 3292 3361 3331 ea
3407 3276 3663 3330 sacerdos

2068 3381 2233 3437 super
2251 3365 2421 3420 altare
2443 3366 2497 3419 in
2528 3366 2839 3421 alimoniam
2875 3366 3038 3439 ignis,
3075 3375 3131 3421 et
3172 3368 3496 3423 suavissimi
3524 3367 3659 3422 odo-

2069 3458 2162 3515 ris.
2196 3458 2387 3514 Omnis
2415 3458 2583 3528 adeps
2617 3457 2830 3514 Domini
2871 3459 2976 3514 erit
3000 3459 3128 3530 jure
3158 3472 3441 3532 perpetuo
3479 3460 3534 3515 in
3566 3473 3657 3531 ge-

2067 3549 2462 3616 nerationibus,
2507 3558 2561 3606 et
2615 3549 2828 3605 cunctis
2891 3549 3218 3605 habitaculis
3282 3548 3505 3617 vestris,
3561 3563 3665 3603 nec

2068 3641 2276 3712 adipes,
2306 3656 2408 3697 nec
2434 3642 2759 3714 sanguinem
2787 3642 3013 3697 omnino
3048 3643 3412 3700 comedetis.»
3612 3712 3615 3715 _

2139 3732 2311 3799 Quem
2365 3733 2557 3788 bovem
2601 3733 2835 3795 offerre,
2886 3742 2942 3788 et
3002 3748 3165 3804 quem
3219 3750 3421 3793 rursus
3478 3746 3659 3797 ovem,

2070 3840 2300 3896 quamve
2327 3839 2545 3895 capram
2569 3824 2844 3896 legislator
2871 3823 3144 3895 praecepit,
3185 3826 3323 3881 olim
3356 3826 3411 3880 in
3440 3826 3524 3881 his
3543 3840 3662 3894 qua:

2070 3916 2140 3971 de
2198 3916 2527 3972 holocaustis
2583 3915 2725 3970 dicta
2785 3924 2914 3970 sunt
2981 3917 3364 3985 exposuimus.
3414 3917 3664 3971 Diximus

2071 4008 2216 4064 enim
2269 4008 2532 4063 sacrificia
2589 4007 3103 4064 eonversationibus
3147 4008 3507 4064 offerentium
3540 4021 3655 4062 esse

2072 4110 2383 4172 comparata
2412 4118 2424 4153 :
2457 4110 2512 4155 et
2549 4100 2856 4155 differentia
2884 4102 3286 4157 sacrificiorum
3330 4098 3662 4158 differentias

2073 4192 2555 4248 eonversationum
2604 4207 2729 4246 esse
2760 4190 3015 4263 ﬁguratas
3042 4210 3055 4246 :
3102 4208 3231 4263 ergo
3264 4194 3484 4253 bovem,
3517 4191 3656 4261 legac

2073 4284 2205 4339 lium
2264 4283 2643 4337 mandatorum
2702 4266 3045 4352 operatorem
3106 4286 3476 4351 ostendimus,
3536 4295 3660 4337 oves

2074 4384 2256 4430 autem
2303 4375 2578 4446 simplices
2629 4389 2752 4428 esse
2790 4374 3049 4440 diximus,
3094 4393 3289 4447 capras
3321 4377 3485 4433 etiam
3533 4373 3658 4428 sim-

392 4464 471 4520 sic
516 4465 661 4520 enim
708 4465 764 4520 in
811 4466 968 4522 nobis
997 4456 1286 4522 delectatio
1315 4466 1456 4521 mala
1485 4481 1596 4522 non
1626 4466 1743 4520 fiet.
1787 4464 1895 4520 Sed
1925 4465 1970 4520 si
2002 4450 2047 4505 θ
2077 4466 2249 4538 plices
2268 4466 2485 4535 quidem
2511 4475 2755 4519 versatos
2778 4464 2831 4518 in
2862 4466 3122 4536 peccatis,
3154 4469 3247 4522 sed
3275 4478 3460 4523 tamen
3483 4472 3658 4536 postea

392 4557 595 4614 divitiis
622 4558 747 4629 quis
772 4558 1093 4623 delectatur,
1120 4558 1338 4616 divitias
1360 4558 1584 4630 iustitiae
1609 4566 1834 4630 quaerat,
1857 4558 1973 4613 sive
2005 4576 2009 4580 -

392 4651 586 4714 salute,
637 4666 757 4707 eam
800 4667 920 4721 qutc
963 4659 1047 4707 est
1095 4650 1147 4705 in
1194 4651 1594 4722 subiectionem
1633 4658 1689 4707 et
1726 4652 1973 4707 refrena-

395 4745 594 4799 tionem
627 4746 894 4815 corporis,
919 4744 1034 4800 sive
1062 4744 1336 4817 coniugio,
1369 4743 1461 4799 illo
1483 4744 1629 4814 quod
1654 4744 1709 4800 in
1741 4743 1972 4799 filiorum

394 4837 768 4906 procreatione
797 4846 883 4891 est
911 4845 967 4889 et
994 4837 1045 4890 in
1072 4834 1364 4908 pudicitia.
1410 4834 1637 4905 Oportet
1665 4844 1846 4889 autem
1874 4849 1974 4888 nos

396 4928 667 4985 reminisci
713 4930 840 5000 quia
877 4943 1024 4984 nunc
1077 4944 1188 4984 non
1222 4943 1348 4983 eum
1377 4926 1468 4998 qui
1505 4943 1563 4983 se
1598 4927 1886 4991 crucifixit,
1921 4937 1978 4981 et

395 5020 739 5076 mortificavit
784 5023 1010 5083 mundo,
1045 5020 1140 5075 sed
1190 5035 1315 5073 eum
1345 5019 1437 5089 qui
1466 5019 1813 5075 mediocriter
1845 5034 1978 5073 eou-

395 5118 640 5164 versatur
665 5149 681 5176 ,
704 5109 979 5181 legislator
1026 5107 1333 5181 descripsit.
1371 5109 1525 5165 Unde
1568 5110 1689 5180 eius
1728 5120 1784 5165 et
1820 5126 1978 5165 renes

395 5200 579 5256 offerri
618 5196 796 5272 iubet,
828 5200 1126 5256 ostendens
1154 5200 1280 5273 quia
1314 5200 1381 5257 de
1406 5216 1474 5257 eo
1499 5202 1591 5272 qui
1638 5201 1693 5255 in
1724 5202 1980 5274 coniugio

396 5301 770 5356 conservatur,
810 5292 1091 5363 loquitur:
1124 5307 1245 5349 esse
1283 5301 1464 5346 autem
1498 5292 1553 5347 in
1585 5293 1809 5348 renibus
1835 5294 1979 5347 dixi-

399 5401 518 5440 mus
567 5383 779 5441 euitalis
819 5383 1154 5453 operationis
1186 5383 1414 5439 semina.
1470 5383 1853 5440 Verumtamen
1906 5384 1979 5439 ita

395 5492 455 5530 se
479 5475 603 5547 quis
619 5475 1100 5545 debetdisponere,
1127 5486 1187 5532 ut
1212 5492 1372 5532 «inine
1394 5476 1748 5542 desiderium,
1777 5486 1832 5532 et
1854 5493 1981 5547 pro-

397 5571 630 5636 positum
687 5567 980 5636 cujuslibet
1036 5568 1291 5634 actionis,
1344 5578 1400 5623 et
1451 5568 1981 5624 consummationem

482 5708 744 5762 “lerem.
786 5723 937 5772 'xVII,
980 5708 1065 5764 10.
1166 5708 1370 5761 “Psal.
1431 5725 1557 5769 xxv,
1622 5706 1669 5759 Ι.

380 5778 447 5857 ’⁸³
470 5783 636 5833 Amos
694 5796 783 5845 ιιι,
816 5781 896 5832 Η.

1749 5707 1792 5738 ’³
1823 5705 1961 5761 Gen.
2012 5722 2156 5773 sur,
2211 5705 2296 5759 l0.

2079 4571 2398 4611 conversos.
2444 4553 2553 4610 Sed
2600 4555 2674 4609 ibi
2714 4556 2911 4612 ovibus
2938 4557 3101 4611 etiam
3136 4574 3429 4628 caprarum
3456 4554 3660 4611 sacrifi—

2079 4647 2225 4702 cium
2255 4646 2497 4709 miscuit,
2525 4646 2603 4699 ait
2630 4646 2772 4701 enim
2800 4665 2812 4699 :

2154 4740 2305 4804 Quod
2333 4738 2381 4791 si
2412 4739 2475 4791 de
2508 4739 2774 4807 pecoribus
2796 4738 2991 4792 oblatio
3020 4750 3113 4803 est,
3159 4743 3220 4794 de
3267 4742 3445 4793 oribus
3471 4739 3571 4792 sive
3601 4738 3664 4786 de

2082 4834 2257 4903 capris
2289 4832 2650 4884 holocaustum
2685 4832 2993 4885 anniculam
3031 4834 3224 4902 absque
3262 4831 3468 4885 naucula
3500 4828 3655 4898 offert.

2079 4922 2432 4994 Septuaginta
2455 4932 2636 4976 autem
2684 4912 2762 4976 sic
2800 4921 2969 4975 edunt
2998 4939 3010 4972 :
3046 4920 3099 4975 Si
3136 4922 3208 4975 ab
3236 4921 3431 4975 ovibus
3465 4928 3663 4971 nnums

2080 5014 2220 5082 eius,
2256 5011 2324 5065 ab
2357 5009 2512 5083 agnis
2543 5020 2600 5064 et
2624 5008 2791 5065 hzedis
2823 5010 2874 5063 in
2920 5009 3321 5075 holocaustum,
3365 5003 3661 5061 masculum

2084 5103 2492 5158 immaculatum
2536 5103 2734 5157 offeret
2784 5102 2955 5164 illum,
3003 5102 3129 5171 quia
3160 5116 3291 5156 oves
3329 5113 3502 5172 genus
3528 5106 3659 5162 quor

2083 5198 2375 5253 damntodo
2423 5214 2544 5253 esse
2580 5213 2844 5270 agnorum
2894 5206 2949 5251 ct
2992 5198 3274 5253 lnedorum
3343 5186 3654 5262 complexio:

2086 5292 2252 5345 Vetus
2288 5288 2695 5346 Testamentum
2722 5290 3026 5345 mstimavit.
3063 5288 3311 5347 Invenies
3342 5297 3537 5343 mineo,
3568 5277 3661 5345 sed

2087 5395 2142 5439 et
2180 5385 2323 5454 apud
2370 5385 2689 5459 prophetam
2731 5382 2899 5438 Amos
2951 5399 3142 5453 capras
3183 5381 3477 5452 appellatas
3500 5385 3659 5432 oves;

2088 5477 2163 5530 ait
2197 5477 2341 5530 enim
2369 5495 2382 5531 :
2406 5476 2524 5530 Non
2549 5492 2667 5530 sum
2697 5475 2979 5545 propheta,
3015 5492 3106 5528 nec
3143 5474 3284 5544 filius
3320 5459 3651 5543 propheta".

2071 5555 2183 5622 sed
2222 5569 2442 5632 αἰπόλος
2483 5585 2582 5639 ego
2612 5582 2755 5631 sum,
2787 5566 3048 5622 vellicans
3080 5565 3362 5621 sicamina.
3399 5561 3461 5616 Et
3490 5563 3653 5610 sustu-

2380 5706 2424 5737 ’³
2462 5704 2602 5759 Psal.
2664 5721 2737 5769 Iv,
2915 5704 2962 5735 ’δ
2988 5702 3157 5759 Exod.
3215 5718 3382 5762 xviiii,
3434 5695 3514 5757 l9,
3563 5688 3644 5740 ‘20.
