3942 6406
234 397 340 464 8Ῑῖ

1401 417 1481 475 IN
1527 417 1966 478 LEVITICUM.
2012 446 2079 454 --
2120 423 2266 483 LIB.
2317 423 2358 482 l.

3422 393 3532 496 eis

237 515 293 568 lit
323 531 410 569 uie
452 515 716 573 Dominus
754 534 818 574 ex
859 525 1116 593 gregibus
1164 527 1369 582 ovium.
1425 528 1559 583 Cum
1612 531 1828 601 proprie
1859 535 1903 586 Α
1932 535 2335 604 simplicitatem
2381 536 2605 600 habent,
2634 547 3009 590 verumtamen
3048 536 3115 590 ab
3146 538 3292 590 omni
3325 541 3526 594 malitia

233 613 472 678 αἰπόλοι,
526 605 616 684 qui
664 633 855 686 capras
902 632 1132 689 pascunt
1182 625 1543 694 appellentur,
1590 627 1824 680 nianil‘e-

233 711 373 756 stum
421 712 505 759 est
556 707 682 775 quia
729 718 783 762 et
829 725 1019 780 capras
1063 714 1202 768 inter
1259 732 1389 770 oves
1455 719 1651 787 posuit.
1687 720 1824 784 Quia

232 810 363 860 ergo
409 798 657 865 quazdam
707 814 771 854 ex
818 801 951 870 ipsis
996 819 1184 874 agnos,
1229 809 1476 876 quredam
1520 826 1712 880 capras
1742 813 1823 866 lex

233 884 380 948 dicit,
425 903 655 956 quorum
709 891 928 959 quidem
973 895 1094 966 agni
1137 897 1413 968 simplices
1462 909 1715 956 tantum:
1771 912 1826 958 et

230 977 320 1044 qui
371 978 516 1034 nihil-
541 994 904 1048 peccaverunt
937 986 1309 1056 signiﬁcantur
1346 1010 1357 1044 :
1403 1009 1580 1062 caprae
1613 1002 1821 1057 autem,

230 1067 505 1136 simplices
534 1071 777 1139 quidem.
818 1076 911 1129 sed
945 1077 1036 1146 qui
1065 1093 1449 1145 peccaverunt.
1485 1093 1540 1138 et
1571 1088 1819 1141 conversi

228 1165 375 1210 sunt.
431 1156 633 1213 llorum
672 1163 999 1219 sacriﬁcium
1041 1184 1220 1224 unum
1258 1173 1662 1240 quodammodo
1695 1192 1820 1231 esse

229 1249 281 1302 in
354 1250 883 1310 holecautomatibus
964 1268 1113 1316 recte
1184 1265 1438 1319 traditum
1520 1277 1623 1322 est.
1682 1268 1816 1323 Cum

225 1352 406 1398 autem
449 1347 542 1414 qui
593 1349 831 1416 perfecta
865 1352 978 1408 vult
1008 1369 1219 1424 sapere,
1249 1358 1349 1411 etsi
1397 1370 1650 1428 peccator
1677 1361 1778 1417 luit
1801 1405 1814 1425 ,

225 1449 288 1486 ex
319 1449 430 1503 quo
469 1437 632 1490 vitam
685 1439 982 1507 perlectam
1039 1445 1282 1516 elegerit,
1317 1449 1395 1502 sic
1427 1459 1645 1518 oportet
1682 1468 1818 1506 con-

227 1524 455 1582 versari.
496 1526 638 1580 sicut
686 1528 836 1584 illum
885 1533 976 1601 qui
1017 1543 1144 1589 ante
1176 1552 1282 1589 non
1321 1541 1582 1606 peccavit.
1642 1541 1697 1595 In
1725 1559 1815 1597 sa-

224 1611 432 1668 criﬁcio
463 1626 643 1671 autem
693 1620 1071 1688 paciﬁcorum,
1107 1641 1238 1681 cum
1264 1631 1453 1684 eadem
1480 1633 1814 1689 custodisset

223 1717 327 1761 tam
365 1708 421 1762 in
459 1711 724 1767 sacrilicio
762 1714 969 1780 ovium,
1001 1734 1162 1787 quam
1208 1736 1490 1788 caprarum
1536 1734 1590 1779 et
1625 1726 1812 1791 boum,

220 1817 388 1854 unum
441 1804 544 1857 hoc
614 1805 735 1874 plus
786 1807 840 1860 in
893 1809 1086 1865 ovibus
1134 1815 1450 1881 custodivit,
1503 1819 1649 1886 quod
1702 1837 1818 1874 lion

217 1893 391 1945 solum
435 1894 674 1964 adipem,
703 1897 1342 1973 reticulumquejeeoris,
1385 1908 1466 1961 vel
1499 1911 1803 1965 secundum

219 1979 575 2055 Septuaginta
623 1987 846 2056 pinnam
879 1990 1110 2060 hepatis,
1148 1995 1243 2049 sed
1279 2013 1438 2053 renes
1476 2011 1531 2054 et
1553 2003 1801 2057 caudam.

216 2072 312 2128 Vel
363 2076 509 2132 idem
576 2082 878 2137 secundum
925 2084 1279 2158 Septuaginta
1331 2091 1574 2147 lumbum
1609 2095 1802 2149 imma-

212 2164 455 2220 culatum
495 2184 619 2224 cum
665 2173 886 2228 renibus
916 2175 1076 2245 jussit
1124 2179 1329 2234 offerri.
1365 2181 1501 2249 Quia
1553 2185 1699 2240 enim
1745 2196 1804 2242 ut

211 2261 466 2331 simplex,
519 2265 685 2319 multa
720 2271 1096 2337 quaeoperari
1148 2273 1352 2335 debuit.
1405 2276 1608 2340 omisit,
1637 2277 1802 2334 debet
1853 2330 1861 2336 .

210 2370 362 2407 suam
420 2355 675 2411 virtutem
719 2359 919 2415 otl'erre
961 2361 1090 2425 Deo,
1125 2374 1315 2420 utnon
1363 2367 1562 2423 virtute
1613 2387 1707 2426 sua
1743 2372 1796 2427 in

212 2445 412 2500 malum
443 2455 502 2502 ut
534 2449 786 2519 simplex,
838 2454 933 2507 sed
985 2457 1156 2523 magis
1189 2467 1368 2513 utatur
1407 2461 1458 2513 in
1490 2462 1713 2529 bonum,
1747 2477 1803 2521 et

209 2539 562 2596 manifestum
623 2542 806 2608 faciat,
858 2547 984 2616 quia
1041 2549 1175 2603 nih'l
1227 2567 1290 2605 ex
1359 2554 1440 2607 his
1487 2573 1607 2622 qua:
1659 2559 1800 2612 scire

208 2640 409 2699 potest,
457 2642 512 2688 et
553 2639 779 2706 exsequi
828 2641 1029 2695 oaiisTt.
1072 2642 1204 2696 Nam
1257 2647 1399 2715 quod
1448 2665 1544 2716 pro
1579 2648 1796 2712 virtute.

206 2740 308 2792 qua
343 2727 581 2781 maxime
631 2729 848 2786 lumbus
874 2735 1013 2802 apud
1052 2745 1292 2791 minutam
1337 2726 1676 2809 Scripturam
1702 2760 1799 2798 ac-

201 2817 427 2886 cipitur,
478 2823 765 2891 cognoscis
805 2841 872 2879 ex
923 2826 1006 2882 his
1047 2827 1100 2882 in
1148 2831 1347 2898 quibus
1417 2835 1659 2888 Rulmazn
1694 2837 1798 2890 cir-

198 2919 540 2965 cumstantes
586 2912 740 2982 pueri
794 2924 982 2969 contra
1037 2918 1294 2986 pripttl'lm
1331 2919 1699 2977 iunniseruut.
1737 2933 1796 2978 ut

199 2999 395 3054 fortem
472 3004 825 3072 semetipsum
882 3016 936 3061 et
991 3010 1286 3064 terribilem
1352 3014 1792 3071 demonstraret:

201 3091 326 3154 illic
359 3096 506 3149 dices
539 3098 610 3150 ad
635 3114 719 3150 eos
753 3113 770 3152 :
809 3097 1055 3154 Minimus
1080 3103 1274 3173 digitus
1306 3123 1449 3158 meus
1473 3125 1534 3178 gr
1558 3111 1700 3161 .ssior
1721 3119 1793 3163 est

1931 627 2149 682 numdae
2175 635 2320 681 sunt.
2351 627 2454 692 Qui
2481 637 2662 681 autem
2690 643 2756 681 ex
2783 627 2960 681 bobus
2983 628 3314 682 sacrificium
3335 631 3517 690 oﬁcrt.
3574 639 3578 642 ’

1931 728 2116 788 utpote
2152 728 2407 789 operator
2445 720 2698 790 legalium
2751 720 3158 784 mamlalorum,
3205 738 3312 776 non
3358 723 3518 776 habet

1929 810 2314 864 necessitatem
2362 811 2606 865 lumbum
2658 810 2881 875 oﬁ'erre,
2937 813 3062 881 quia
3109 814 3211 866 hoc
3246 813 3299 866 in
3335 830 3524 868 corre-

1928 903 2110 956 ctione
2147 904 2409 957 bonarum
2436 905 2661 959 sortitus
2687 914 2770 959 est
2799 904 3104 958 actionum.
3138 905 3188 958 Is
3219 914 3401 958 autem
3433 909 3523 974 qui

1927 994 1994 1049 de
2032 995 2210 1065 capris
2251 997 2517 1061 immolat,
2569 997 2671 1052 etsi
2719 997 2987 1067 simplicis
3031 1007 3113 1052 est
3156 997 3395 1068 generis,
3430 1014 3522 1051 ve.-

1928 1097 2230 1143 rumtamen
2283 1090 2408 1159 quia
2457 1106 2524 1144 ex
2575 1091 2956 1159 peccatoribus
3005 1089 3291 1146 conversis
3366 1091 3524 1145 intel—

1925 1181 2096 1235 lectus
2116 1191 2218 1246 est,
2241 1198 2349 1235 non
2375 1191 2554 1252 potest
2573 1184 2820 1238 lumbum
2852 1183 3268 1238 immaculatum
3295 1183 3518 1240 ollerrc.

1922 1273 2048 1327 olim
2106 1274 2308 1344 quippe
2350 1290 2475 1329 eum
2523 1287 2743 1344 peccato
2787 1276 3100 1332 maculavit.
3163 1276 3517 1332 Manifestarn

1920 1377 2011 1422 est
2033 1383 2162 1439 ergo
2215 1369 2358 1438 quod
2402 1369 2491 1424 hic
2524 1370 2766 1438 quidem,
2806 1379 2993 1438 utpote
3046 1387 3138 1439 qui
3188 1387 3297 1425 non
3341 1371 3520 1425 fuerat

1923 1458 1974 1510 in
2023 1460 2279 1528 peccatis,
2331 1459 2738 1514 immaculatum
2789 1459 3037 1513 lumbum
3079 1459 3280 1514 oﬂerre
3312 1469 3512 1529 potest.

1919 1546 2020 1614 Qui
2057 1565 2186 1603 vero
2215 1549 2336 1612 luit,
2366 1550 2456 1604 hic
2492 1549 2601 1618 jam
2639 1565 2748 1604 non
2779 1548 3209 1604 offertlumbum
3244 1551 3298 1603 in
3340 1552 3514 1604 sacri-

1920 1639 2057 1694 ﬁciis
2085 1659 2097 1695 :
2136 1641 2404 1711 siquidem
2431 1657 2552 1712 quae
2582 1652 2730 1705 sunt,
2782 1642 2850 1697 de
2883 1641 3064 1712 capris
3095 1642 3415 1706 ascribitur,
3449 1643 3517 1696 de

1917 1730 2117 1799 quibus
2159 1729 2404 1786 lumbum
2442 1731 2627 1786 otl‘erri
2678 1747 2791 1786 non
2837 1732 3094 1798 sancivit,
3143 1741 3198 1787 et
3231 1732 3335 1787 hoc
3375 1742 3514 1790 erat.

1917 1829 2142 1892 propter
2177 1823 2322 1892 quod
2353 1823 2408 1878 in
2431 1824 2702 1879 sacriﬁcio
2726 1824 3084 1894 paciﬁcorum
3115 1825 3184 1879 ah
3224 1825 3381 1896 agnis
3420 1841 3514 1880 ca-

1916 1931 2042 1984 pras
2073 1915 2342 1973 distinxit.
2385 1917 2712 1973 Communia
2747 1927 2935 1973 autem
2983 1928 3113 1973 sunt
3140 1919 3266 1983 alia,
3297 1919 3364 1973 de
3387 1920 3511 1989 qui-

1910 2008 2011 2063 bus
2045 2008 2191 2079 loqui
2236 2010 2612 2065 necessarium
2663 2025 2772 2064 non
2829 2010 3118 2077 habemus,
3148 2010 3201 2064 iu
3227 2010 3506 2065 oblatione

1906 2102 2246 2168 enimboum
2283 2101 2617 2160 sufﬁcienter
2667 2110 2958 2159 tractatum
3001 2112 3105 2160 est.
3154 2104 3292 2158 lllud
3327 2113 3508 2159 autem

1905 2202 2122 2264 oportet
2150 2195 2428 2266 cognosci,
2455 2195 2734 2265 quomodo
2766 2196 2858 2250 ubi
2891 2196 2966 2250 ait
2999 2213 3010 2249 :

1976 2286 2214 2342 Adoleiit
2244 2305 2306 2342 ea
2356 2289 2602 2343 sacerdos
2645 2306 2805 2358 super
2864 2289 3042 2342 altare
3086 2289 3141 2342 in
3190 2289 3506 2344 alimoniam

1903 2375 2061 2450 ignis.
2099 2391 2146 2436 et
2179 2382 2484 2436 suavissimi
2512 2383 2727 2450 odoris,
2763 2399 2884 2438 cum
2916 2381 3268 2452 Septuaginta
3298 2382 3502 2438 edidis-

1904 2478 2027 2524 sent
2067 2487 2080 2522 :
2111 2467 2302 2540 Oﬂeret
2335 2468 2471 2524 illud
2497 2472 2741 2524 sacerdos
2770 2490 2840 2525 αι.
2884 2471 3076 2535 altare,
3114 2482 3264 2526 extra
3293 2475 3502 2528 odorem

1901 2561 2444 2626 suavitatis,.caeteri
2504 2569 2834 2631 interpretes
2884 2563 2940 2615 in
2981 2563 3244 2632 sacriﬁcio
3269 2564 3492 2634 quidem

1900 2654 2428 2719 holocautomatum,
2497 2668 2594 2723 pro
2651 2655 2781 2708 extis
2859 2653 3288 2710 holocautomata
3343 2673 3360 2711 :
3412 2656 3500 2712 alii

1901 2756 2083 2801 autem
2123 2741 2439 2800 oblationem
2507 2745 2820 2802 ediderunt.
2876 2745 2932 2802 In
2961 2748 3066 2802 hoc
3091 2756 3274 2802 autem
3301 2749 3493 2820 paciﬁ-

1901 2855 2088 2895 corum
2138 2838 2430 2900 sacriﬁcio,
2497 2839 2586 2893 hic
2641 2838 2865 2908 quidem
2905 2854 3126 2910 panem,
3174 2841 3265 2897 alii
3315 2849 3499 2896 autem

1899 2931 2279 2986 frumentum:
2334 2931 2773 2986 demonstrantes
2798 2931 2918 2985 sine
2961 2933 3129 2987 dubio
3197 2933 3347 3002 quia.
3397 2934 3500 2988 etsi

1899 3040 2006 3077 non
2052 3021 2306 3092 periectm
2339 3022 2703 3092 philosophiae
2735 3022 2808 3075 sit
2837 3021 3065 3084 oblatio,
3109 3023 3212 3076 hoc
3241 3023 3387 3076 enim
3418 3031 3504 3075 est

1901 3113 2398 3167 holocautomatum
2469 3111 2820 3175 sacriﬁcium,
2907 3121 3288 3166 verumtamen
3347 3112 3502 3165 solli-

197 3185 391 3239 lumbis
439 3188 610 3254 patris
639 3189 815 3242 mei“.
855 3188 959 3243 Sed
993 3199 1047 3243 et
1079 3189 1348 3247 lsraclitas
1389 3199 1616 3265 cupiens
1651 3199 1791 3252 bolis
1820 3217 1862 3272 ο
1896 3207 2050 3263 ciens
2101 3215 2188 3260 est
2227 3206 2392 3259 etiam
2448 3205 2563 3260 inec
2592 3220 2818 3276 pascere
2856 3204 2911 3258 in
2971 3204 3060 3260 his
3121 3221 3242 3275 qua
3270 3212 3400 3258 sunt
3432 3207 3498 3258 ad

196 3294 411 3331 armare
447 3280 511 3332 ad
545 3280 823 3346 virtutem,
857 3280 1020 3353 Moysi
1067 3284 1136 3338 ita
1170 3289 1425 3356 praecepit
1456 3306 1468 3341 :
1504 3287 1591 3343 Sic
1616 3308 1790 3344 corne-

194 3370 327 3423 detis
361 3369 514 3424 illum
540 3388 558 3425 :
594 3371 794 3426 lumbos
814 3382 1011 3426 vestros
1041 3377 1395 3445 pratcingetis,
1434 3380 1791 3436 calceamenta

194 3462 446 3517 habentes
485 3464 536 3516 in
568 3465 804 3534 pedibus.
836 3474 1069 3520 tenentes
1105 3468 1160 3521 in
1211 3471 1454 3524 manibus
1483 3471 1714 3537 buculos,
1742 3485 1792 3528 et

192 3555 477 3608 comedetis
519 3557 907 3625 festinanter".
965 3558 1164 3614 Paulus
1204 3562 1388 3627 etiam,
1435 3580 1560 3619 cum
1599 3577 1796 3622 contra.

193 3647 474 3717 principes
498 3658 552 3702 et
588 3659 880 3720 potest/ales
899 3651 1165 3708 indiceret
1197 3655 1418 3723 bellum,
1443 3657 1614 3712 dixit:
1642 3659 1790 3714 State

187 3739 448 3800 succincti
493 3739 694 3793 lumbos
745 3751 937 3795 vestros
981 3741 1036 3792 in
1097 3744 1336 3807 veritate,
1387 3745 1556 3799 induti
1623 3745 1787 3800 lorica

184 3831 498 3897 iuuit-ite".
535 3831 637 3886 Sed
673 3842 727 3887 et
768 3833 1032 3891 Dominus
1067 3837 1330 3907 apostolis
1380 3837 1594 3892 dicebat
1623 3856 1635 3891 :
1669 3837 1786 3893 Sint

191 3925 358 3977 lumbi
403 3925 562 3978 vestri
591 3925 937 3994 praecincti”.
974 3929 1080 3984 Sed
1115 3930 1214 3984 etsi
1259 3913 1672 3998 cooperatorem
1700 3931 1786 3986 di-

189 4031 382 4069 camus
438 4015 680 4069 lumbum
729 4017 1006 4072 ooitalium
1038 4020 1478 4075 cmnmistionum
1504 4060 1519 4084 ,
1559 4021 1612 4074 in
1655 4020 1786 4091 ipsis

187 4108 338 4160 enim
381 4115 438 4161 et
486 4123 644 4162 renes
675 4109 933 4177 rejacent,
969 4111 1199 4166 nndeet
1229 4111 1430 4166 Paulus
1460 4113 1526 4166 de
1557 4111 1683 4168 Levi
1713 4115 1780 4169 ad

192 4198 451 4252 llebracOs
479 4198 722 4253 scribens
756 4202 868 4254 ait:
909 4199 1092 4254 Adhuc
1131 4203 1268 4255 enim
1311 4203 1364 4255 in
1393 4202 1580 4257 lmnbis
1616 4206 1784 4272 patris

187 4299 324 4352 erat,
375 4289 588 4354 quando
643 4290 819 4345 obvius
875 4300 950 4346 est
1005 4294 1054 4346 ei
1104 4293 1550 4348 Melchisedech”.
1614 4294 1784 4351 Recte

185 4379 334 4434 cauti
377 4381 683 4435 redduntur
713 4382 1011 4452 simplices,
1057 4393 1247 4455 utpote
1292 4386 1381 4455 qui
1419 4402 1484 4441 ex
1527 4389 1782 4458 simplici-

187 4481 299 4526 tate
343 4471 501 4527 facile
556 4482 808 4543 poterant
849 4475 916 4530 ad
967 4476 1302 4547 voluptatem
1347 4479 1506 4543 trahi,
1561 4487 1620 4533 ut
1671 4496 1778 4535 non

1900 3295 2150 3360 salutem,
2181 3303 2234 3348 et
2276 3293 2675 3348 fortitudinem.
2708 3292 2841 3348 dare
2885 3292 3165 3348 oll'erenti.
3197 3292 3313 3347 Hoc
3349 3292 3498 3347 enim

1900 3387 2295 3440 nutrimentum
2373 3401 2570 3454 panem
2647 3385 2893 3455 praebere
2969 3382 3137 3438 David
3228 3385 3498 3454 propheta

1899 3477 2053 3541 dicit,
2085 3493 2211 3534 cum
2261 3477 2384 3532 ait:
2441 3477 2607 3532 Panis
2669 3479 2810 3532 enim
2877 3477 3162 3546 conﬁrmat
3217 3492 3308 3530 cor
3333 3477 3497 3531 homi-

1899 3572 1980 3624 nis
1994 3571 2058 3625 ⁸¹.
2500 3585 2505 3591 ·

1967 3664 2150 3718 Omnis
2179 3664 2341 3735 adeps
2376 3663 2587 3718 homini
2610 3665 2710 3719 erit
2730 3666 2856 3735 jure
2887 3678 3137 3737 perpetuo
3180 3670 3235 3724 in
3273 3685 3496 3739 genera-

1898 3754 2146 3817 tionibus,
2178 3763 2231 3807 et
2270 3753 2472 3806 cunctis
2526 3753 2840 3807 habitaculis
2891 3755 3093 3818 vestris,
3146 3771 3238 3809 nec
3283 3754 3495 3824 adipem

1897 3865 1989 3904 nec
2012 3847 2327 3918 sanguinem
2375 3846 2589 3899 omnino
2618 3847 2924 3900 comedetis.
2971 3847 3226 3917 Adipem,
3251 3849 3372 3916 ejus
3399 3846 3492 3915 qui

1896 3942 1950 3995 in
1995 3940 2150 3994 nobis
2184 3946 2265 3993 est
2297 3938 2555 3992 desiderii
2601 3953 2702 3992 seu
2734 3939 3223 4007 concupiscentiae,
3269 3938 3494 4008 sangui-

1893 4049 2019 4087 nem
2062 4047 2189 4086 vero
2213 4031 2410 4086 animae
2437 4031 2664 4101 ﬁguram
2681 4045 2874 4102 gerere
2899 4028 3158 4085 diximus.
3190 4028 3329 4094 Quia
3359 4045 3490 4100 ergo

1893 4123 2107 4192 adipem
2142 4121 2196 4174 in
2237 4130 2506 4175 aeternum
2540 4121 2806 4191 praecepit
2847 4120 3079 4175 Domino
3121 4120 3334 4185 oﬁ‘erri,
3366 4137 3485 4174 ma-

1893 4215 2150 4270 nifestum
2190 4224 2268 4268 est
2325 4213 2449 4284 quia
2480 4213 2796 4269 consecrari
2830 4212 2942 4268 Deo
2979 4222 3234 4268 nostrum
3270 4213 3489 4268 deside—

1893 4309 2030 4362 rium
2050 4307 2180 4360 sive
2202 4306 2706 4375 concupiscentiam
2753 4307 2890 4364 vult.
2921 4307 2979 4360 ln
3011 4316 3278 4361 aeternum
3306 4316 3490 4361 autem

1894 4400 2016 4458 hoc.
2055 4415 2122 4453 ne
2151 4399 2218 4452 ad
2257 4399 2423 4452 Deum
2457 4398 2585 4452 illud
2624 4408 2679 4454 et
2721 4399 2789 4454 ad
2836 4399 3107 4454 mundum
3157 4399 3486 4453 dividamus.

1891 4492 2120 4562 Propter
2147 4494 2291 4563 quod
2327 4503 2380 4547 et
2411 4493 2620 4547 addidit
2651 4511 2666 4549 :

184 4566 369 4620 solum
408 4583 587 4631 renes,
621 4576 676 4622 et
697 4568 934 4638 adipem,
969 4570 1063 4638 qui
1095 4585 1260 4640 super
1289 4571 1436 4641 ipsos
1462 4581 1564 4637 est,
1595 4574 1690 4628 sed
1721 4585 1776 4630 et
1812 4577 1856 4630 Ι)
1953 4585 2016 4639 In
2049 4587 2489 4656 generationibus,
2543 4587 2717 4643 idest
2746 4603 2842 4656 per
2868 4587 3110 4654 singulas
3138 4594 3365 4650 zelotes;
3402 4585 3491 4638 hic.

188 4657 460 4724 lumbum,
514 4660 606 4728 qui
650 4658 819 4714 estin
875 4660 1120 4725 renibus,
1163 4661 1398 4718 oﬁ'erant
1443 4661 1572 4718 Deo.
1627 4663 1782 4732 Quod

185 4758 374 4803 autem
401 4751 583 4820 adjicit
617 4753 669 4804 in
693 4753 885 4806 cadent
926 4753 1282 4809 translatione
1309 4770 1323 4808 :

259 4843 390 4898 Sine
430 4843 639 4899 macula
675 4845 960 4915 integrum,
1010 4845 1089 4900 sic
1116 4846 1375 4916 intellige,
1413 4848 1558 4917 quod
1593 4850 1782 4918 expla-

185 4953 329 4992 nans
359 4936 737 5006 Symmachus,
773 4952 870 5006 pro
909 4938 1252 4991 immaculato
1284 4939 1562 5008 integrann
1589 4957 1787 5011 propo-

182 5033 322 5096 suit,
360 5031 556 5101 Aquila
600 5039 783 5085 autem
837 5034 1164 5102 perfectum:
1213 5050 1337 5088 nam
1393 5042 1449 5088 et
1497 5048 1785 5106 propterea

181 5140 308 5178 cum
365 5122 577 5177 renibus
605 5124 835 5187 addidit,
868 5125 1140 5196 integrum
1174 5128 1301 5181 illud
1337 5128 1778 5200 perfectumque,

183 5216 492 5271 secundum
542 5218 687 5287 quod
739 5218 997 5283 diximus,
1048 5220 1230 5275 oﬁ‘erri
1276 5223 1486 5287 volens,
1539 5240 1607 5278 ne
1635 5226 1780 5280 aliud

183 5311 307 5373 ejus
355 5308 489 5371 Deo,
538 5311 684 5364 aliud
730 5320 912 5364 autem
949 5311 1268 5367 adversario
1313 5314 1543 5385 simplex
1579 5319 1782 5372 olTera-

187 5409 294 5451 tur.
333 5398 545 5454 SulIicit
582 5401 733 5458 enim
764 5401 891 5456 huic
925 5402 990 5455 ad
1025 5402 1262 5464 veniam,
1306 5419 1368 5458 ea
1401 5420 1520 5472 qua:
1561 5406 1779 5460 virtutis

186 5499 319 5544 512111.
349 5507 457 5544 11011
501 5507 663 5562 agerc
694 5515 702 5545 ξ
743 5509 864 5546 nam
907 5509 1030 5546 Cll!“
1065 5495 1203 5548 mala
1234 5503 1513 5562 operatur,
1559 5499 1774 5551 VClllillll

188 5599 295 5636 non
335 5583 572 5638 habebit.
601 5582 755 5639 Unde
778 5583 1052 5654 simplices
1076 5594 1136 5639 ut
1163 5587 1444 5642 columbas
1472 5589 1628 5656 jubet
1654 5605 1778 5644 esse

187 5674 532 5739 Dominus“,
592 5676 717 5746 quia
761 5677 1028 5732 columba:
1083 5677 1305 5733 nimiam
1366 5682 1770 5750 quodammodo

225 5807 270 5838 “
298 5809 360 5862 lll
401 5809 524 5874 liog
555 5827 650 5872 xu,
686 5812 765 5869 l0.
870 5813 911 5841 ’⁷
941 5811 1110 5866 I'Ixol.
1148 5831 1242 5872 xu,
1284 5817 1364 5870 ll.

185 5888 234 5935 ιι
265 5877 339 5933 l6.
399 5881 443 5911 ³³
475 5881 618 5936 l’sal.
662 5899 772 5947 cm,
804 5882 882 5937 l5.
963 5882 1006 5912 ³³
1037 5882 1248 5939 Baruch
1284 5903 1332 5940 vi
1357 5927 1369 5951 ,
1408 5889 1461 5941 '2.

1481 5818 1523 5848 ﬂ
1557 5818 1752 5885 Ιίνιιις.
1789 5836 1860 5878 ιι.
1901 5821 1980 5873 li.

1575 5888 1616 5918 ³⁵
1652 5890 1791 5943 Psal.
1827 5907 1917 5958 cu,
1951 5895 2002 5947 ε).

1882 4676 2266 4746 generationes
2306 4684 2511 4738 autem,
2549 4677 2987 4745 permutationes
3016 4685 3238 4732 mtatum
3283 4676 3485 4730 intelli-

1883 4774 2105 4835 guntur.
2144 4767 2289 4833 quod
2347 4764 2593 4819 ostendit
2645 4762 2934 4829 Jeremias,
2983 4781 3106 4820 cum
3140 4766 3351 4836 populo
3389 4765 3485 4818 Ju-

1881 4855 2039 4910 daico
2071 4856 2126 4909 in
2163 4855 2456 4925 Babylonia
2488 4855 2782 4920 scriberet,
2833 4855 2890 4910 in
2923 4866 3136 4926 septem
3173 4854 3489 4926 generatio.

1885 4946 2066 5009 nibus,
2096 4947 2442 5018 septuaginta
2491 4962 2766 5002 annorum
2795 4948 2988 5003 dicens
3022 4965 3315 5004 numerum
3344 4967 3358 5003 :
3393 4949 3486 5019 qui

1887 5055 1992 5092 non
2029 5041 2397 5103 hoc-(liceret,
2429 5040 2474 5094 si
2505 5057 2617 5094 non
2645 5055 2713 5096 ex
2758 5057 2825 5096 eo
2854 5049 3082 5096 aetatum
3114 5040 3259 5096 vices
3291 5057 3486 5096 succc-

1887 5132 2131 5186 dentium
2169 5133 2528 5204 signiﬁcaret;
2559 5133 2638 5188 ait
2668 5133 2855 5188 enim:
2890 5134 3256 5205 Ingredientes
3285 5134 3342 5186 in
3371 5131 3485 5186 Ba-

1887 5222 2145 5289 bylonem,
2173 5224 2318 5277 eritis
2349 5223 2421 5277 ibi
2463 5225 2620 5278 annis
2671 5225 2942 5290 plurimis,
2972 5233 3024 5278 et
3051 5223 3203 5294 longo
3232 5234 3481 5294 tempore,

1888 5333 2048 5381 usque
2076 5315 2146 5368 ad
2171 5319 2535 5386 generationes
2560 5330 2757 5388 septem
2776 5319 2838 5370 ³³.

1963 5408 2018 5460 ln
2046 5411 2243 5462 cunctis
2275 5421 2449 5464 autem
2490 5410 2827 5475 habitaculis,
2864 5410 2916 5465 id
2947 5420 3032 5465 est
3071 5410 3122 5462 in
3163 5409 3314 5464 omni
3343 5425 3480 5463 con-

1889 5501 2213 5567 versatione,
2265 5503 2379 5558 sive
2429 5505 2686 5558 socialem
2728 5505 2868 5558 hanc
2911 5519 3158 5575 agamus,
3208 5502 3323 5556 sive
3354 5503 3483 5556 soli-

1889 5590 2079 5646 tariam
2148 5608 2504 5663 assequamur
2560 5593 2722 5648 vitam
2763 5612 2776 5659 ;
2816 5595 2960 5648 unde
3011 5594 3178 5647 David
3207 5595 3426 5648 diccbat
3465 5612 3478 5647 :

1884 5683 1983 5748 Qui
2048 5685 2284 5739 habitare
2345 5688 2469 5755 facit
2546 5688 2818 5741 unanimes
2861 5688 2913 5740 in
2955 5686 3186 5740 domo”.
3248 5686 3479 5755 Adipcm

2087 5819 2278 5874 “Luc.
2323 5839 2414 5886 λιι,
2454 5825 2541 5876 35.
2623 5825 2665 5852 ³⁸
2703 5821 2865 5879 llcbr.
2898 5840 2992 5888 vn,
3045 5821 3126 5878 l0.
3206 5823 3243 5853 ⁵¹
3284 5824 3474 5879 Matth.
