3942 6410
461 371 568 438 819

466 501 631 559 ιιιιιιιο
686 491 1008 561 sanguinem
1086 496 1345 568 praecepit
1388 497 1615 553 omnino
1663 512 1776 552 non
1817 494 2051 551 comedi.
2083 489 2402 555 Aintende.
2452 487 2579 559 quia
2618 492 2837 556 peccata
2887 482 3025 539 dixit
3096 497 3215 537 esse
3262 483 3447 540 anima:

465 577 695 653 Adipem
723 577 793 634 ad
825 580 949 646 hoc,
980 582 1105 652 quia
1145 584 1479 643 desiderium
1518 586 1633 642 sive
1654 586 2051 655 concupiscen-

468 670 598 724 tiam
650 685 754 727 nos
792 671 997 730 habere
1045 678 1346 748 propriam,
1399 678 1453 734 id
1483 690 1568 734 est
1605 677 1905 742 carnalem,
1937 692 2049 731 non

470 759 601 815 vult.
665 761 896 833 Propter
920 768 1064 836 quod
1092 767 1331 825 Jacobus
1371 770 1588 826 dicebat
1620 791 1633 825 :
1691 771 2053 842 Unusquisque

468 862 646 906 mrtem
687 862 924 910 tentatur
970 875 1003 911 a
1041 862 1460 930 concupiscentia
1511 879 1609 917 sua
1658 861 1954 916 abstractus
2003 870 2051 915 et

468 939 745 998 illectus".
783 944 1116 1017 Sanguinem
1157 960 1360 1015 autem,
1397 961 1457 1006 ut
1493 968 1596 1009 nec
1627 952 1693 1007 ad
1726 967 1879 1007 suam
1910 967 2056 1007 mor-

471 1043 599 1093 tum.
630 1050 808 1106 neque
842 1038 908 1092 ad
954 1041 1186 1109 proximi
1220 1051 1410 1098 currat
1442 1061 1456 1097 :
1514 1043 1809 1099 bestiarum
1850 1044 2053 1114 quippe

470 1129 570 1178 I'oc
601 1137 686 1181 est
709 1129 1012 1185 crudelium
1043 1135 1348 1204 proprium.
1378 1136 1659 1195 ldeodixit
1688 1155 1701 1190 :
1735 1135 1858 1191 Non
1888 1137 2054 1192 edetis

467 1232 672 1273 omnem
729 1225 1064 1295 sanguinem,
1109 1242 1217 1283 non
1271 1229 1447 1285 solum
1488 1246 1590 1284 nos
1637 1229 1897 1299 proximis
1926 1246 2052 1301 par-

466 1325 612 1372 cere,
661 1313 758 1369 sed
806 1325 863 1372 et
913 1318 1326 1390 nobismetipsis
1369 1321 1714 1391 praecipiens,
1751 1337 1878 1376 nam
1907 1332 1962 1377 et
1987 1323 2053 1378 ad

467 1400 585 1489 Noe
609 1416 796 1475 aperte
828 1409 954 1467 talia
982 1427 1175 1467 rursus
1201 1414 1461 1485 praecepit
1481 1432 1493 1465 :
1515 1412 1745 1470 Carnem
1777 1431 1893 1472 cum
1925 1431 2056 1473 san—

467 1495 624 1565 guine
656 1514 759 1552 non
820 1505 1124 1566 comedetis,
1168 1508 1479 1578 sanguinem
1548 1508 1688 1561 enim
1745 1508 2054 1562 animarum

469 1601 758 1645 vestrarum
808 1596 1151 1665 requiram",
1196 1598 1516 1669 signiﬁcans
1560 1598 1688 1668 quia
1743 1613 1840 1668 per
1883 1599 2057 1654 absti-

471 1681 711 1739 nentiam
740 1687 1044 1757 sauguinis,
1074 1690 1143 1746 ab
1173 1690 1483 1747 homicidiis
1513 1692 1626 1751 vult
1646 1692 1924 1750 abstinere
1956 1693 2059 1747 ho-

470 1776 697 1834 minem.
738 1779 843 1837 Pro
892 1783 1002 1841 Deo
1047 1795 1230 1842 autem
1276 1803 1378 1865 nec
1408 1787 1676 1843 immolari
1724 1788 1919 1853 vetuit,
1957 1806 2058 1845 nec

469 1870 751 1941 despicere
795 1875 1055 1943 animam,
1114 1879 1209 1934 sed
1240 1888 1296 1937 et
1322 1879 1548 1934 omnino
1592 1880 1873 1950 praecepit.
1914 1880 2058 1939 unde

472 1973 529 2017 ct
559 1965 876 2036 sanguinem
909 1967 1052 2025 circa
1086 1969 1258 2027 basim
1298 1969 1451 2026 fundi
1483 1970 1668 2031 altaris
1690 1971 1876 2043 jussit.

1076 2123 1309 2183 CAPUT
1365 2124 1457 2182 IV.

547 2231 706 2290 Vens.
744 2235 895 2292 1-12.
937 2254 955 2289 ι
996 2237 1345 2308 Locutusqne
1381 2248 1468 2301 est
1516 2239 1786 2301 Dominus
1813 2240 1881 2298 ad
1921 2238 2064 2312 Moy-

473 2340 591 2389 s'n,
626 2326 848 2383 dicens:
882 2328 1128 2401 Loquere
1165 2331 1288 2387 ﬁliis
1318 2331 1482 2386 Israel
1516 2331 1749 2386 :Anima
1780 2347 1903 2387 cum
1932 2347 2063 2403 pec-

473 2420 680 2476 caverit
719 2436 816 2490 per
848 2422 1239 2495 ignorantiam,
1277 2433 1334 2479 et
1380 2424 1449 2480 de
1482 2425 1758 2485 universis
1789 2424 2064 2485 mandatis

476 2509 713 2573 Domini,
766 2526 889 2583 quae
929 2513 1187 2583 praecepit
1242 2522 1450 2573 utnon
1498 2513 1733 2578 ﬁerent,
1783 2514 2062 2587 quidpiam

476 2601 688 2668 fecerit,
732 2605 778 2660 si
822 2606 1081 2663 sacerdos
1130 2607 1224 2675 qui
1254 2616 1336 2661 est
1367 2616 1567 2662 unctus
1595 2607 1931 2678 peccaverit,
1961 2606 2061 2662 de-

483 2696 725 2766 linquere
778 2695 984 2755 faciens
1029 2700 1312 2770 populum,
1358 2701 1553 2761 oﬁ'cret
1582 2715 1680 2768 pro
1714 2709 1939 2769 peccato
1963 2714 2063 2759 suo,

475 2785 706 2865 vitulum
746 2788 1152 2849 immaculatum
1196 2791 1464 2859 Domino,
1505 2800 1558 2848 et
1596 2792 1762 2855 ducet
1804 2792 1951 2849 illum
1995 2792 2062 2846 ad

474 2880 697 2957 ostium.
728 2882 1065 2940 tabernaculi
1095 2884 1394 2940 testimonii
1447 2899 1633 2940 coram
1672 2882 1922 2949 Domino,
1964 2899 2063 2952 po-

477 2980 679 3043 uetque
721 2989 941 3033 manum
974 2991 1128 3031 suam
1172 2991 1339 3046 super
1373 2976 1551 3046 capite
1583 2976 1727 3045 ejus,
1759 2984 1816 3030 et
1865 2974 2064 3030 immo-

478 3062 614 3120 lahit
668 3078 793 3121 eum
856 3063 1105 3124 Domino.
1163 3064 1389 3125 Hauriat
1433 3080 1650 3138 quoque
1696 3066 1765 3120 de
1799 3066 2065 3138 sanguine

480 3155 658 3221 vituli,
719 3156 963 3217 inferens
989 3158 1122 3215 illud
1173 3157 1226 3213 in
1256 3158 1668 3215 tabernaculum
1721 3157 2060 3217 testimonii:

481 3265 716 3319 cumque
750 3248 1030 3307 iutinxerit
1057 3251 1284 3322 digitum
1312 3251 1366 3310 in
1398 3249 1685 3322 sanguine.
1713 3260 1967 3322 asperget
2001 3266 2065 3306 ex

482 3358 550 3397 eo
580 3341 781 3413 septies
810 3357 994 3399 coram
1023 3342 1256 3403 Domino
1293 3351 1482 3403 contra
1525 3342 1704 3398 velum
1748 3341 2068 3408 sanctuarii,

487 3441 759 3505 ponetqne
799 3435 868 3491 de
897 3432 1089 3492 eodem
1136 3434 1399 3510 sanguine
1436 3450 1607 3504 super
1640 3448 1845 3494 cornua
1876 3433 2067 3490 altaris

489 3526 857 3597 thymiamatis
900 3527 1195 3598 gratissimi
1231 3526 1482 3582 Domino.
1511 3527 1656 3596 quod
1689 3534 1775 3580 est
1799 3526 1854 3580 in
1886 3524 2071 3583 taber-

490 3614 682 3670 naculo
730 3614 1046 3670 testimonii.
1104 3617 1330 3669 Omnem
1395 3625 1585 3671 autem
1640 3615 1907 3684 reliquum
1941 3630 2071 3672 san-

489 3704 712 3776 guinem
759 3704 954 3764 fundet
978 3704 1031 3760 in
1070 3704 1245 3760 basim
1280 3704 1466 3760 altaris
1509 3694 1957 3764 ltolocaustorum
2015 3705 2070 3760 in

490 3798 711 3854 introitu
768 3797 1118 3855 tabernaculi.
1174 3798 1242 3853 Et
1294 3789 1510 3871 adipem
1561 3797 1715 3859 vituli
1748 3797 1944 3853 oll'eret
1975 3812 2075 3869 pro

492 3900 734 3960 peccato,
798 3897 904 3946 tam
939 3904 1063 3945 eum
1098 3888 1191 3961 qui
1239 3887 1416 3963 eperit
1442 3887 1644 3954 vitalia,
1695 3903 1861 3965 quam
1888 3887 2077 3951 omnia

489 3995 611 4051 quae
651 3979 981 4036 intrinsecus
1007 3987 1157 4045 sunt,
1209 3979 1349 4034 duos
1383 3978 1736 4043 renunculos,
1784 3987 1840 4036 et
1873 3980 2078 4034 reticu-

492 4077 602 4129 lmn
652 4073 901 4144 quodest
925 4088 1089 4146 super
1117 4086 1212 4126 eos
1235 4073 1387 4144 juxta
1412 4071 1522 4137 ilia,
1547 4080 1601 4125 et
1630 4071 1845 4140 adipem
1873 4071 2078 4141 jecoris

492 4185 615 4221 cum
661 4166 1015 4223 renunculis.
1069 4165 1213 4221 sicut
1256 4162 1535 4219 auferetur
1574 4162 1642 4217 de
1677 4163 1845 4222 vitulo
1885 4161 2078 4221 hostiae

495 4261 865 4332 paciﬁcormn,
896 4257 1211 4316 ctadolebit
1241 4272 1304 4313 ea
1338 4272 1505 4327 super
1541 4256 1713 4310 altare
1749 4255 2074 4311 holocausti.

496 4354 695 4411 l‘ellem
728 4369 880 4416 vero,
921 4362 976 4409 et
1025 4367 1218 4409 omnes
1245 4365 1439 4407 carnes
1469 4365 1593 4405 cum
1637 4350 1816 4419 capite
1842 4358 1897 4403 et
1925 4349 2078 4421 pedi-

498 4451 632 4513 lms,
688 4456 746 4501 et
802 4444 1098 4511 intestinis,
1141 4453 1198 4497 et
1252 4442 1400 4502 ﬁmo.
1450 4449 1506 4495 et
1565 4439 1774 4508 reliquo
1825 4453 2076 4509 corpore,

1654 382 2019 446 HESYCIIII
2053 377 2525 444 PRESBYTER]

3517 505 3528 538 ἒ
3589 506 3697 546 ιιιιι-

2157 506 2402 549 Intende.
2452 506 2579 559 qllta
2618 506 2837 556 peccata
2887 506 3025 539 utut
3096 506 3215 537 esse
3262 506 3447 540 autum:
3517 506 3528 538 :
3589 506 3696 560 qui.

2151 579 2275 635 dam
2304 578 2451 634 enim
2493 591 2698 646 corpus
2731 573 2888 643 quasi
2917 571 3144 629 causale
3196 574 3404 643 peccati
3441 590 3696 648 accusant,

2151 670 2247 726 sed
2277 685 2387 724 non
2420 669 2494 724 ita
2523 675 2642 733 est;
2679 680 2806 726 nam
2849 664 2893 722 si
2923 679 3057 724 sana
3100 663 3173 719 sit
3223 665 3422 729 anima,
3461 666 3585 723 nihil
3630 671 3697 729 illi

2150 761 2374 817 nocebit
2401 759 2584 820 carnis
2606 758 2851 819 luxuries
2884 776 2896 811 :
2922 772 3088 829 quam
3120 756 3186 820 si,
3240 757 3528 816 secundum
3556 777 3698 830 quem

2152 861 2370 923 Oportet
2402 851 2623 908 modum
2652 858 2802 922 regat
2848 849 3054 914 anima,
3088 847 3293 903 recedit
3339 857 3394 904 et
3435 863 3619 907 cessat.
3651 853 3699 908 Si

2152 954 2335 999 autem
2371 943 2508 999 dicis
2537 961 2552 1004 ς
2583 942 2748 1013 Atqui
2776 942 3051 997 nolentem
3102 955 3222 1000 cam
3264 956 3491 1010 peccare
3536 944 3701 999 dixit:

2153 1045 2531 1092 verumtamen
2574 1051 2680 1090 non
2707 1043 2949 1090 coactam
2977 1049 3008 1087 a
3042 1047 3229 1096 carne,
3283 1031 3378 1086 sed
3426 1032 3705 1104 ignorantia

2155 1129 2307 1196 boni,
2337 1145 2500 1199 quam
2527 1144 2592 1184 ex
2618 1126 2946 1200 negligentia
2992 1135 3048 1184 et
3077 1123 3380 1179 imitatione
3400 1125 3704 1184 deteriorum

2154 1221 2382 1292 patitur,
2411 1235 2511 1290 per
2539 1235 2702 1291 quam
2723 1219 2888 1273 etiam
2921 1216 3133 1281 suavia,
3159 1230 3222 1269 ea
3246 1230 3366 1278 qum
3394 1214 3547 1269 noxia
3574 1225 3705 1283 sunt,

2154 1313 2410 1368 aestimat.
2446 1310 2553 1367 Sed
2585 1320 2640 1366 et
2674 1310 2778 1367 hoc
2805 1308 2929 1364 vide
2958 1349 2975 1374 ,
3006 1304 3282 1371 quomodo
3324 1303 3379 1361 in
3420 1304 3596 1361 multis
3630 1321 3707 1361 sa-

2155 1404 2433 1464 cerdotem
2467 1404 2800 1474 permiscet;
2833 1400 2910 1456 ait
2946 1399 3135 1460 enim:

2226 1497 2415 1550 Anima
2438 1512 2556 1549 cum
2578 1495 2887 1565 peccaverit,
2903 1500 2952 1546 et
2980 1492 3044 1546 de
3073 1489 3325 1545 universis
3354 1488 3605 1543 mandatis
3619 1488 3710 1541 lto-

2157 1588 2310 1652 mini,
2339 1603 2455 1657 (μιαν
2482 1584 2731 1655 ριίεοερὶι
2765 1592 2821 1637 ut
2852 1598 2955 1636 non
2982 1580 3191 1651 fierent,
3228 1576 3498 1649 quidpiam
3530 1577 3710 1646 fecerit,

2158 1685 2205 1733 si
2236 1678 2480 1741 sacerdos
2507 1678 2597 1748 qui
2630 1685 2705 1730 est
2744 1683 2933 1729 unctus
2965 1671 3279 1743 peccaverit.
3319 1667 3587 1738 Siquidem
3635 1684 3711 1727 sa-

2159 1770 2354 1825 cerdos
2384 1770 2475 1839 qui
2501 1776 2589 1823 est
2626 1775 2827 1827 unctus,
2853 1762 3098 1835 peccavit
3133 1760 3397 1820 :similem
3435 1759 3561 1820 dicit
3606 1758 3715 1813 aliis

2091 1844 2131 1899 Β
2159 1862 2501 1918 sacerdotem
2526 1875 2628 1932 pro
2653 1857 2891 1930 peccatis
2911 1856 3259 1917 oﬁerentem,
3276 1851 3400 1923 quia
3417 1860 3471 1907 et
3488 1849 3714 1909 Christus

2158 1954 2319 2019 nobis
2345 1969 2404 2010 se
2439 1953 2673 2009 similem
2703 1949 2973 2021 praebuit;
3007 1948 3075 2004 de
3114 1948 3236 2018 ipso
3267 1944 3465 2016 quippe
3496 1943 3569 1997 ait
3589 1941 3714 1995 Pan.

2158 2045 2250 2105 lus
2276 2066 2290 2102 :
2324 2045 2550 2115 Propter
2579 2048 2715 2115 quod
2734 2044 2911 2103 debuit
2936 2057 3031 2111 per
3049 2039 3228 2099 omnia
3264 2036 3514 2106 fratribus
3547 2032 3715 2087 similis

2159 2156 2289 2202 esse,
2329 2148 2386 2191 ut
2417 2137 2711 2192 misericors
2726 2134 2893 2205 ﬁeret,
2914 2142 2963 2187 et
2985 2130 3155 2202 ﬁdelis
3183 2128 3494 2186 sacerdosin
3515 2126 3590 2187 his
3614 2140 3715 2194 qua:

2161 2232 2232 2288 ad
2262 2229 2424 2286 Deum
2461 2234 2602 2289 sunt,
2670 2225 2740 2279 ad
2803 2220 3194 2298 reconcilianda
3223 2227 3437 2288 peccata
3473 2212 3640 2284 populi
3655 2213 3712 2276 ",

2161 2321 2395 2394 plurima
2427 2319 2591 2374 nimis
2615 2319 2778 2389 hujus
2797 2315 2936 2388 legis
2966 2314 3019 2380 iu
3053 2312 3285 2375 Domino
3304 2322 3592 2380 exponens.
3622 2304 3713 2358 Sed

2154 2414 2268 2486 jam
2303 2422 2433 2469 sunt
2469 2410 2806 2482 exquirenda
2826 2407 3130 2479 sequentia.
3149 2404 3291 2461 Nam
3314 2418 3441 2459 cccc
3470 2398 3717 2470 legislator

2162 2517 2450 2580 peccatum
2490 2504 2662 2576 ipsius
2709 2500 3029 2561 sacerdotis.
3066 2504 3354 2568 peceatum
3414 2490 3585 2563 populi
3631 2504 3718 2561 ap.

2161 2600 2385 2672 pellavit
2424 2617 2438 2657 :
2494 2597 2621 2669 quia
2662 2595 2944 2667 negligens
3001 2588 3281 2645 sensibilis
3326 2583 3592 2647 sacerdos,
3637 2588 3716 2634 au:

2161 2692 2554 2766 peccansipse,
2587 2700 2682 2744 aut
2732 2703 2845 2745 non
2877 2684 3165 2747 vindicans
3229 2681 3287 2736 in
3340 2675 3716 2751 peccatoribus.

2164 2762 2447 2845 illiciteos
2487 2783 2577 2854 qui
2606 2780 2773 2836 rudes
2806 2787 2936 2837 sunt
2981 2776 3048 2832 ad
3112 2774 3337 2836 similia.
3392 2762 3720 2837 lntelligibilis

2163 2887 2349 2934 autem
2375 2892 2477 2935 nec
2499 2875 2619 2946 ipse
2645 2879 2931 2944 peccatum
2959 2866 3109 2932 fecit,
3141 2880 3246 2920 nec
3277 2879 3378 2923 nos
3413 2858 3497 2915 vel
3550 2867 3718 2926 parum

2165 2968 2426 3041 neglexit,
2454 2944 2545 3037 qui
2580 2981 2704 3020 cum
2737 2964 2854 3034 lege
2885 2959 3046 3021 nobis
3080 2956 3312 3017 naturali
3336 2952 3501 3016 etiam
3545 2944 3721 3014 scripta

2166 3039 2337 3123 dedit,
2370 3068 2425 3112 et
2456 3074 2568 3111 non
2597 3056 2717 3110 sine
2748 3048 3083 3116 testimonio,
3114 3047 3261 3103 sicut
3289 3046 3366 3101 ait
3403 3039 3613 3099 Paulus,
3647 3047 3722 3086 se:

2170 3153 2462 3222 metipsum
2491 3146 2768 3219 relinquit.
2802 3144 3194 3200 Verumtamen
3246 3137 3375 3210 quia
3432 3133 3591 3222 ﬁgura
3615 3125 3725 3222 ,ξιξξο

2171 3207 2471 3311 coaptanda
2499 3246 2583 3293 est
2610 3207 2665 3290 in
2693 3234 2937 3297 Christo,
2970 3207 3281 3297 secundum
3320 3219 3465 3294 quod
3496 3207 3727 3311 possibile

2171 3298 2363 3393 δι’-ιιι
2382 3343 2480 3397 per
2514 3324 2696 3393 omnia
2719 3320 2972 3392 imaginis
2999 3322 3415 3384 consummetur
3443 3306 3603 3369 color,
3630 3298 3729 3397 Abeo

2173 3391 2318 3495 quod
2350 3391 2555 3475 dictum
2587 3391 2693 3484 est,
2725 3391 3024 3482 secundum
3047 3408 3193 3489 quod
3226 3407 3563 3495 dignumest
3588 3391 3727 3495 Chr}:

2173 3480 2259 3570 sto
2317 3509 2638 3583 intelligibili
2681 3480 2983 3563 sacerdote
3046 3480 3315 3565 debemus
3369 3492 3627 3563 accipere.
3681 3480 3728 3536 Si

2174 3606 2321 3665 enim
2368 3603 2459 3662 Dei
2509 3599 2920 3673 longanimitate
2959 3612 3070 3651 non
3121 3592 3360 3650 volentis
3415 3588 3728 3657 peccalom“

2174 3697 2424 3769 perdere,
2454 3709 2584 3759 usus
2614 3692 2830 3756 fuisset,
2863 3689 3144 3758 videretur
3165 3682 3445 3741 licentiam
3470 3677 3595 3731 dare
3624 3682 3731 3739 per:

2175 3788 2447 3852 cantibus.
2484 3797 2704 3857 propter
2739 3782 2885 3856 quod
2924 3781 3092 3836 Isaias
3130 3777 3267 3832 dicit
3310 3794 3324 3830 :
3367 3771 3543 3837 Quare
3578 3771 3734 3818 errare

2178 3900 2269 3938 nos
2295 3881 2482 3954 fecisti,
2517 3879 2754 3944 Domine,
2780 3877 2843 3932 de
2873 3876 2970 3932 viis
3024 3873 3170 3932 tuis?
3217 3861 3493 3929 Indurasti
3541 3871 3624 3954 cor

2176 3987 2365 4038 strum,
2409 3989 2472 4027 ne
2512 3973 2810 4026 timeremus
2860 3978 2910 4022 te
2930 3964 2998 4021 ⁸⁸.
3054 3963 3315 4046 Habacuc
3362 3954 3523 4017 etiam
3566 3939 3733 4011 Silllil'a

2178 4064 2584 4140 quodammodo
2637 4061 2885 4133 queritur
2923 4079 2934 4113 :
2981 4058 3156 4124 Quare
3201 4072 3307 4110 non
3347 4045 3556 4118 respicis
3602 4047 3737 4140 sui":

2178 4162 2356 4228 inique
2383 4167 2617 4229 agentes,
2647 4166 2851 4211 ettaces
2867 4154 3145 4208 devorante
3176 4149 3342 4219 impio
3362 4139 3635 4215 jnstiorem
3657 4123 3737 4229 si?

2181 4267 2226 4310 et
2259 4253 2419 4325 facies
2442 4250 2667 4306 hominis
2693 4232 2845 4319 quasi
2877 4245 3042 4315 pisces
3082 4240 3268 4308 maris,
3306 4237 3360 4299 ξι
3396 4227 3544 4314 quasi
3579 4213 3739 4290 reptile

2183 4320 2286 4403 non
2321 4346 2514 4401 habens
2534 4343 2819 4415 principem
2855 4340 2918 4399 ³⁹,
2956 4336 3069 4391 lloc
3088 4345 3144 4390 et
3177 4334 3375 4396 Paulus
3401 4323 3469 4415 ad,
3495 4320 3740 4415 Ῐξθῐηθηίξδ

2183 4436 2412 4502 scribit;
2450 4411 3008 4493 ait—enintChristum
3041 4428 3240 4486 factum
3272 4419 3430 4484 nobis
3454 4411 3614 4502 iuiSSt?
3641 4412 3740 4470 Ρτθ·

495 4542 689 4597 υσειει
751 4548 905 4595 extra
984 4548 1160 4594 castra
1222 4536 1277 4591 in
1351 4534 1529 4591 locum
1606 4532 1894 4598 mundum,
1982 4531 2073 4589 ubi
2110 4545 2152 4600 [ι
2182 4523 2871 4600 pitiationemperﬁdemin
2902 4537 2996 4581 suo
3018 4512 3390 4589 sanguine.”
3423 4498 3738 4600 o‘fé’f‘ionﬂ

495 4635 711 4689 eineres
771 4629 979 4686 effundi
1043 4628 1254 4687 solent.
1337 4625 1701 4695 incendetque
1773 4638 1836 4677 ea
1913 4636 2080 4691 super
2172 4580 2401 4692 iustitia:
2436 4634 2545 4677 sua!
2569 4615 2633 4672 ‘°.
2664 4615 2837 4685 Cujus
2861 4621 3043 4679 autem
3081 4610 3312 4683 justitiae
3342 4592 3621 4695 subdidit:

497 4728 768 4800 lignorum
821 4733 1053 4785 struem,
1097 4736 1218 4792 quae
1247 4719 1302 4775 iu
1333 4719 1453 4773 loco
1492 4715 1796 4774 eﬁ'usorum
1833 4715 2078 4770 cinerum

498 4817 907 4874 «mutabuntur.
951 4834 970 4867 ι

569 4910 716 4967 Nihil
769 4922 956 4965 eorttm
1004 4922 1124 4977 quze
1170 4902 1473 4960 necessaria
1520 4900 1746 4956 fuerunt
1805 4897 2083 4970 legislator

502 5001 703 5065 ntnisit,
744 4999 1038 5069 designans
1122 4995 1324 5067 quippe
1388 4989 1866 5049 conversationum
1917 4986 2078 5046 diﬂ'e-

502 5096 726 5159 reutias,
759 5101 816 5148 et
852 5090 1149 5147 ostendens
1179 5087 1339 5143 nobis
1371 5086 1489 5142 vias
1514 5085 1567 5140 in
1597 5084 1875 5140 oblatione
1908 5081 2080 5137 sacri-

503 5188 773 5247 ﬁciorum,
801 5182 1002 5254 quibus
1030 5196 1133 5236 nos
1164 5186 1406 5251 oporteat
1435 5174 1773 5232 conversari.
1819 5174 1946 5228 Post
1978 5173 2083 5231 hoc

504 5276 809 5335 necessarie
839 5272 1067 5342 exponit
1093 5268 1294 5326 Christi
1318 5267 1666 5332 sacriﬁcium,
1687 5281 1785 5336 per
1812 5265 1955 5332 quod
1981 5280 2082 5321 no-

504 5371 585 5424 bis
642 5375 995 5438 peccatorum
1046 5361 1294 5416 remissio
1344 5370 1398 5414 et
1463 5357 1768 5427 redemptio
1814 5372 2079 5411 concessa

499 5473 604 5517 νει.
622 5459 777 5528 Quod
795 5471 1116 5530 cegnnsces.
1137 5455 1183 5510 si
1205 5452 1532 5524 legislatoris
1552 5451 1715 5505 verba
1734 5449 2085 5513 discusseris,

504 5568 560 5611 el.
587 5553 838 5626 imaginis
874 5553 1038 5621 hujus
1068 5547 1234 5608 colori
1278 5563 1366 5602 res
1396 5546 1543 5618 ipsas
1585 5543 1839 5600 sacriﬁcii
1896 5541 2089 5613 unige—

505 5648 605 5705 niti
629 5643 1051 5717 comparaveris.
1087 5644 1226 5697 Ante
1254 5640 1358 5696 alia
1389 5654 1517 5708 ergo
1546 5638 1649 5692 hoc
1678 5653 1822 5691 nunc
1848 5636 2088 5706 primum

534 5848 535 5851 η
611 5784 656 5817 sl
691 5786 807 5841 μοι,
846 5800 905 5842 ιι.
940 5786 1025 5838 Η».
1133 5780 1338 5836 "Gen.
1394 5797 1468 5836 ts.
1512 5781 1562 5833 4.

511 5848 597 5923 ιιι,
625 5853 823 5917 25.26.
897 5854 936 5883 ἰ’
969 5853 1112 5908 l‘sal.
1139 5869 1248 5915 etv,
1278 5852 1327 5907 li.
1410 5852 1449 5881 "'
1478 5848 1617 5906 l‘sal.
1642 5865 1784 5909 χιιι,
1823 5849 1875 5910 7,
1913 5846 1965 5898 8.

1665 5778 1708 5809 ³τ
1766 5775 1930 5830 llehr.
1985 5790 2044 5831 ιι.
2098 5775 2177 5826 l7.

2179 4680 2587 4778 redemptionem
2648 4703 3053 4776 prazcedentinm
3084 4680 3437 4771 peccatorum
3483 4686 3537 4743 in
3564 4680 3744 4778 διξξξεης

2181 4765 2381 4857 Iulio";
2427 4800 2541 4861 095-
2586 4765 2787 4867 Aperte
2828 4811 2960 4867 ergo
3019 4765 3234 4848 videtur
3276 4784 3555 4859 legislator
3613 4765 3742 4821 illum

2180 4894 2518 4952 sacerdotem
2552 4890 2879 4962 signiﬁcare.
2909 4887 2998 4941 cui
3032 4885 3237 4952 dictum
3261 4888 3349 4939 est
3391 4896 3404 4931 :
3434 4872 3507 4927 Tu
3568 4877 3645 4962 es.

2179 4989 2358 5042 σθνάοε
2424 4985 2478 5046 in
2538 4993 2814 5044 mternum,
2867 4978 3153 5042 secundum
3197 4972 3437 5035 ordinem
3496 4950 3744 5046 Melcinsc;

2179 5025 2357 5042 ,μημυσ
2424 5025 2478 5046 ..,
2538 5025 2814 5044 .c.-.......-,
2868 5025 3150 5042 ---ψηφφ
3201 5025 3241 5028 ,γ
3703 5030 3713 5040 ,

2177 5077 2386 5142 dedi“,
2420 5091 2545 5133 eum
2578 5074 2668 5151 qui
2702 5089 2731 5127 a
2759 5069 2921 5134 Patre
2968 5077 3165 5123 unctus
3184 5075 3288 5131 est,
3326 5059 3394 5115 ad
3418 5062 3576 5151 que-tn

2177 5136 2396 5229 diccbat
2443 5187 2454 5222 :
2500 5136 2657 5222 Sedes
2692 5174 2807 5229 tua,
2838 5163 2996 5224 Deus,
3033 5162 3088 5215 in
3125 5156 3378 5219 saeculum
3397 5140 3548 5202 διεπιιὶ
3568 5153 3587 5203 ;
3618 5136 3746 5229 υῐνέιξ

2181 5272 2320 5321 recta
2382 5270 2479 5322 est.
2537 5262 2686 5328 virga
2723 5257 2868 5329 regni
2913 5255 3011 5310 tui.
3077 5248 3325 5307 Dilexistt'
3372 5218 3748 5329 juf‘i‘5“"';_ff

2191 5355 2344 5413 odisti
2390 5353 2743 5431 iniquitatem,
2778 5311 3082 5421 “propterea
3121 5343 3273 5402 tmin
3332 5348 3383 5391 ιε
3444 5327 3601 5431 lien"

2196 5456 2318 5501 tuus
2338 5445 2404 5500 δ’.
2436 5407 2572 5510 Qbia
2613 5449 2794 5496 autem
2845 5440 3020 5509 ipsum
3072 5433 3415 5491 sacerdotem
3476 5415 3564 5473 hic

2197 5536 2469 5609 Iegislator
2523 5529 2866 5604 signiﬁcavit,
2913 5544 2977 5583 ex
3044 5544 3108 5584 eo
3163 5517 3513 5580 manifestum
3572 5492 3749 5609 '85:“?

2574 5588 2602 5604 υ
2853 5588 2862 5594 ,
3572 5589 3584 5601 ,
3658 5588 3665 5590 _

2197 5629 2344 5685 omni
2405 5627 2625 5697 fluidem
2678 5624 2832 5680 turba
2890 5622 3121 5676 ﬁliorum
3178 5613 3364 5675 Israel,
3398 5615 3455 5659 ct
3510 5588 3748 5666 ιιι-ιιιειῐνεν

3535 5729 3577 5760 ss
3612 5720 3747 5774 non).

2259 5771 2301 5800 "
2346 5767 2444 5823 lsa.
2491 5784 2635 5822 tvm.
2672 5767 2751 5819 ΓΙ.
2837 5763 2879 5795 ³³
2913 5761 3113 5819 llahac,
3155 5756 3313 5823 v.15,
3355 5745 3441 5802 Η·
