3942 6406
247 322 336 391 821

1405 333 1489 392 ΙΝ
1528 333 1968 394 LEVITICUM.
1995 359 2067 368 -
2106 335 2253 395 LIB.
2295 336 2346 395 Ι.

3406 341 3514 406 εἳῖ

242 450 289 495 ct
337 439 391 494 iu
440 452 766 509 unoquoque
799 439 866 496 de
894 443 1097 512 populo
1131 450 1496 514 cognoscente
1532 453 1815 513 peccatum
1849 449 1890 501 Δ
1923 443 2195 509 habuerit,
2237 453 2366 500 tunc
2395 460 2560 513 opere
2603 445 2829 514 cxpiens
2865 444 3052 509 etiam,
3103 445 3207 498 hoc
3234 447 3379 515 quod
3412 465 3513 520 pro

239 547 412 595 suum,
449 531 646 588 oﬁ‘erre
667 535 924 603 pnecepit
952 552 968 602 ;
994 536 1084 589 hic
1107 545 1291 591 autem
1317 551 1426 590 non
1455 535 1550 600 ita,
1579 537 1674 591 sed
1705 535 1812 590 ait:

303 617 361 674 Si
391 623 640 675 sacerdos
667 623 759 694 qui
804 633 882 678 est
919 635 1108 678 unctus
1161 625 1477 695 peccaverit,
1508 624 1817 694 delinquere

240 713 431 781 faciens
453 713 727 782 populum.
773 713 842 768 Et
888 717 1126 786 primum
1178 726 1406 787 peccato
1460 733 1588 772 eum
1631 717 1820 787 populi

239 805 475 872 subiicit,
522 806 649 875 quia
688 805 944 862 Christus
1009 808 1193 878 populi
1255 817 1478 878 peccata
1555 807 1815 878 portabit.

243 898 440 952 Deinde
470 914 580 952 non
612 898 689 953 ait
719 899 863 956 sicut
883 899 950 970 de
989 900 1111 954 aliis
1145 917 1166 954 ετ
1191 899 1256 954 Et
1296 909 1474 970 postea
1505 899 1820 953 intellexerit

237 999 506 1058 peccatum
546 1006 723 1043 suum.
759 990 894 1044 Cum
926 990 1074 1044 enim
1111 989 1252 1044 Deus
1301 998 1472 1054 esset,
1526 998 1582 1044 et
1633 988 1820 1043 omnia

239 1080 434 1144 sciens,
483 1080 762 1149 quomodo
810 1090 1023 1150 poterat
1109 1083 1364 1153 ignorare
1405 1099 1528 1152 quae
1579 1098 1609 1136 a
1660 1082 1820 1137 nobis

240 1182 458 1241 peccata
493 1171 777 1242 suscepit?
827 1171 926 1226 Hic
980 1190 1112 1245 ergo
1170 1190 1270 1244 pro
1330 1174 1567 1244 peccatis
1615 1175 1822 1228 nostris

237 1264 629 1319 convenienter
680 1264 1006 1319 sacriﬁcium
1065 1267 1285 1331 obtulit,
1333 1267 1404 1322 de
1451 1283 1561 1336 quo
1621 1267 1822 1322 Paulus

239 1352 482 1407 Hebraeis
506 1353 694 1407 scribit
731 1371 745 1407 :
804 1352 897 1408 Sic
939 1363 986 1408 et
1019 1354 1256 1410 Christus
1288 1356 1452 1409 semel
1500 1356 1710 1410 oblatus
1748 1359 1819 1410 ad

237 1446 522 1499 multorum
585 1445 942 1499 exhauriendo
983 1457 1229 1514 peccata,
1282 1449 1508 1501 secundo
1562 1449 1676 1502 sine
1705 1464 1826 1518 pec-

234 1544 350 1589 cato
385 1537 664 1606 apparebit
701 1538 1116 1607 easpcctantibus
1131 1555 1186 1592 se
1218 1540 1274 1591 in
1300 1539 1608 1604 salutent“,
1629 1540 1824 1594 oﬂeret

235 1635 420 1679 tamen
450 1641 509 1680 se
537 1641 636 1696 pro
665 1637 891 1696 peccato
922 1642 1044 1680 suo.
1100 1626 1460 1699 Septuaginta
1503 1639 1703 1690 autem;
1723 1630 1824 1692 ad.-

233 1715 393 1780 dunt,
449 1717 588 1786 quod
613 1719 866 1786 peccavit.
923 1718 1432 1778 Peccatumautcm
1481 1721 1625 1790 ejus,
1679 1722 1824 1776 sicut

1918 535 2076 590 nobis
2105 543 2244 599 erat,
2282 537 2610 591 sacriﬁcium
2649 536 3071 590 consummavit.
3123 535 3222 590 llic
3281 536 3398 605 ipse
3445 541 3512 596 de.

1919 626 2182 697 sanguine
2217 626 2370 682 vituli
2427 625 2709 690 hauriens,
2743 625 2909 680 infert
2964 624 3094 679 illud
3153 624 3208 677 in
3258 626 3515 682 taberna-

1919 715 2042 770 culo
2077 715 2396 771 testimonii.
2427 715 2534 770 Sed
2579 715 2706 786 quia
2737 714 2969 768 vitulum
3015 722 3234 783 oportet
3290 729 3512 770 carnem

1919 805 2136 859 Domini
2172 806 2444 875 accipere,
2479 805 2599 874 ipse
2631 804 2851 876 prodigi
2882 803 2983 863 ﬁlii
3035 819 3322 873 exponens
3353 821 3516 874 para-

1919 893 2100 949 bolam
2135 895 2344 958 docuit,
2377 909 2502 948 cum
2527 903 2734 964 patrem
2762 893 3042 950 occidisse
3056 893 3111 947 ei
3155 893 3386 948 vitulum
3425 911 3515 949 sa-

1920 983 2184 1054 ginatum,
2216 991 2270 1038 et
2302 983 2530 1049 primam
2557 983 2779 1039 dedisse
2810 984 3028 1050 stolam,
3056 993 3111 1038 et
3137 985 3404 1038 annulum
3432 984 3513 1037 di-

1921 1083 2090 1133 ceret.
2116 1089 2213 1144 per
2241 1073 2469 1128 vitulum
2507 1075 2840 1131 sacriﬁcium
2862 1075 3151 1147 unigeniti,
3193 1092 3291 1146 per
3321 1078 3512 1130 stolam

1921 1163 2210 1234 baptisma,
2245 1179 2342 1233 per
2379 1163 2641 1219 annulum
2669 1165 2895 1237 signans
2937 1165 3137 1235 pignus
3172 1165 3410 1235 Spiritus
3444 1165 3512 1219 “.

1921 1253 2058 1320 Quia
2097 1255 2245 1310 enim
2269 1255 2335 1310 de
2366 1256 2635 1326 sanguine
2680 1257 2736 1310 in
2794 1256 3153 1312 tabernaculo
3214 1257 3514 1311 testimonii

1923 1347 2124 1409 intulit,
2155 1349 2314 1402 docet
2339 1357 2391 1401 ct
2425 1347 2626 1402 Paulus
2651 1348 2716 1403 ad
2755 1347 3031 1411 Hebraeos,
3066 1349 3258 1403 dicens
3307 1367 3319 1402 :
3361 1347 3518 1410 Chri-

1920 1449 2032 1495 stus
2044 1441 2292 1495 assistens
2308 1440 2552 1512 Pontifea:
2564 1443 2864 1512 futurorum
2883 1441 3156 1501 bonorum,
3175 1459 3266 1510 per
3284 1441 3514 1508 amplius

1923 1542 1972 1587 et
2014 1533 2308 1604 perfectius.
2347 1531 2753 1586 tabernaculum
2779 1549 2881 1586 non
2929 1534 3316 1605 ntanufactnm,
3343 1533 3399 1586 id
3436 1541 3514 1585 est

1926 1641 2027 1678 non
2049 1625 2208 1694 hujus
2237 1625 2541 1690 creationis,
2573 1642 2668 1679 nec
2707 1642 2800 1694 per
2823 1627 3139 1695 sanguinem
3168 1635 3444 1679 taurorum
3466 1633 3513 1679 et

1925 1719 2229 1782 vitulorum,
2254 1719 2345 1772 sed
2366 1733 2460 1788 per
2485 1719 2760 1786 proprium
2796 1719 3111 1790 sanguinem
3150 1719 3415 1789 ingressus
3441 1727 3516 1776 est

236 1807 328 1876 qni
353 1808 523 1862 semel
554 1808 684 1863 illud
719 1809 772 1863 in
813 1825 873 1864 se
915 1810 1176 1880 suscepit,
1228 1821 1475 1870 nostrum
1516 1789 1819 1882 precatum
1855 1789 1896 1844 Β
1923 1808 2083 1864 semel
2101 1809 2155 1862 in
2179 1816 2385 1872 sancta,
2437 1817 2639 1862 (eterna
2673 1809 3034 1878 redemptione
3067 1810 3280 1863 inventa
3329 1810 3398 1863 '°.
3452 1807 3517 1863 Iit

237 1900 456 1967 dicitur,
499 1901 642 1956 unde
675 1913 739 1957 et.
774 1903 970 1960 Paulus
999 1903 1215 1965 diccbat
1267 1922 1282 1957 :
1333 1903 1679 1960 Obsecremus
1726 1925 1824 1975 pro

233 1991 446 2048 Christo
472 1994 805 2050 reconciliari
839 1994 967 2059 Deo,
1008 2003 1056 2049 et
1085 1997 1174 2066 qui
1215 1997 1474 2053 nesciebat
1522 2010 1821 2070 peccatum,

235 2095 507 2140 veccatum
528 2102 623 2155 pro
663 2086 806 2146 nobis
822 2087 939 2156 fecit
959 2086 1026 2140 “.

312 2172 554 2230 Vilulum
599 2185 785 2232 autem,
829 2175 1250 2238 immaculatum,
1293 2177 1525 2236 Domino
1569 2179 1824 2240 videlicet

236 2265 377 2319 Patri
410 2265 571 2327 oﬁ‘ert
600 2281 819 2320 carnem
843 2282 1021 2331 suam,
1054 2268 1650 2336 immaculatumvero,
1695 2272 1822 2342 quia

233 2368 520 2426 peccatum,
562 2374 666 2418 non
694 2359 834 2429 {ea},
864 2375 962 2418 nec.
998 2358 1170 2420 dolus,
1195 2360 1441 2421 inventus.
1484 2370 1575 2416 est-
1618 2363 1676 2416 in
1731 2380 1822 2418 ore

233 2449 432 2518 ejus“:
469 2448 680 2505 Vitulus
706 2457 1012 2514 autemest,
1036 2451 1166 2521 quia
1192 2452 1246 2507 in
1264 2469 1428 2508 cruce
1443 2454 1824 2526 intelligibiles

235 2550 455 2597 nostros
493 2541 744 2602 inimicos
777 2542 1228 2617 ventilavit.Quia
1254 2552 1438 2598 autem
1464 2545 1823 2616 Septuaginta

235 2635 464 2693 vitulum
503 2635 571 2689 de
600 2635 774 2690 bobus
803 2636 995 2699 edunt,
1040 2636 1183 2690 idem
1229 2636 1586 2708 intelligimus
1609 2639 1819 2696 dictum

233 2729 300 2781 de
338 2727 535 2790 bobus,
569 2727 695 2801 quia
728 2727 1033 2783 secundum
1061 2744 1282 2783 carnem
1319 2730 1388 2785 de
1417 2733 1666 2801 patribus
1693 2733 1838 2799 fuit,

233 2819 413 2888 quide
445 2820 580 2891 legis
619 2821 952 2883 exstiterunt
973 2821 1184 2890 justitia
1215 2822 1461 2892 gloriosi.
1497 2824 1603 2886 Ubi
1634 2835 1820 2885 autem

232 2911 404 2974 θῆαι-ι
427 2913 678 2977 vitulum,
718 2914 772 2968 id
798 2924 884 2968 est
910 2929 1131 2975 carnem
1157 2930 1312 2971 suam
1325 2915 1376 2974 .3-

302 3005 387 3062 Ad
409 3005 964 3068 ostiumtabernaculi
1000 3007 1287 3062 testimonii
1334 3023 1529 3065 coram,
1575 3010 1819 3070 Domino.

232 3097 312 3152 Ad
329 3098 532 3157 ostium
561 3098 800 3168 quidem.
837 3107 896 3153 ut
919 3099 1249 3162 sacriﬁcium
1280 3099 1483 3155 Christi
1515 3104 1818 3159 secundum
1849 3130 1892 3188 ο

229 3192 512 3252 doctrinas
561 3201 629 3250 et
675 3191 998 3251 traditiones
1018 3193 1391 3262 apostolorum
1421 3193 1625 3250 factum
1652 3195 1823 3253 fuisse

231 3284 619 3356 intelligamus.
647 3284 756 3339 llas
781 3284 929 3340 enim
978 3300 1102 3340 esse
1130 3285 1270 3339 ostia
1296 3285 1637 3343 tabernaculi
1664 3288 1822 3342 testi-

229 3379 688 3449 moniisuperius
720 3381 1434 3451 ostendimus,,_utpote-,ad
1484 3384 1684 3440 ctnlum
1737 3383 1824 3439 iu-

231 3472 479 3527 troitum.
495 3474 810 3543 praebentia,
843 3474 986 3543 quod
1014 3475 1443 3531 tabernaculum.
1488 3493 1611 3532 esse
1659 3480 1823 3533 testi-

232 3565 677 3633 moniitdocetur,
710 3567 1187 3637 atque-probatur.
1230 3566 1405 3623 liabet
1451 3569 1599 3626 enim
1649 3571 1821 3626 Isaias

227 3659 1606 3730 apertissimamdestimqniiprobationem,dieeus
1653 3681 1666 3716 :
1719 3663 1823 3729 Qui

228 3751 628 3807 extendikvelut
657 3753 881 3807 nihilum
910 3752 1092 3820 cados,
1134 3763 1184 3808 et
1234 3755 1512 3824 expendet
1557 3771 1644 3810 eos
1687 3757 1824 3810 sicut

231 3842 654 3898 tabernaculum.
671 3845 743 3898 ad
754 3845 1280 3904 inhabitetudum)”.~

301 3930 497 3987 Coram
556 3931 782 3986 Domino
833 3942 1039 3997 autem,
1096 3933 1222 4003 quia
1287 3933 1610 4001 inspiciente
1663 3935 1823 3992 Patre

231 4024 921 4095 consummabaturcrucis
989 4025 1330 4098 mysterium,
1388 4028 1467 4086 in.
1497 4036 1706 4086 tantum
1762 4038 1825 4086 ut

233 4119 399 4172 etiam
418 4117 703 4187 aspicicnti
723 4116 912 4188 utique
929 4115 1075 4172 Patri
1089 4117 1298 4174 diceret
1314 4119 1577 4176 Dominus
1598 4140 1612 4176 :
1634 4122 1823 4190 Pater,

233 4211 288 4262 in
321 4225 510 4264 manus
540 4218 668 4263 tuas.
695 4209 999 4266 commendo
1027 4209 1276 4278 spiritum
1313 4211 1575 4270 meum..".
1607 4213 1822 4272 Ponere

233 4308 418 4354 autem
446 4314 573 4354 eum
605 4314 824 4353 manum
847 4314 1014 4368 super
1057 4306 1221 4371 caput
1273 4298 1446 4362 vituli.
1483 4309 1538 4355 et
1572 4300 1824 4373 jugulare

236 4393 469 4448 vitulum
500 4392 796 4463 praecepit;
826 4407 990 4447 nemo
1007 4393 1154 4447 enim
1185 4394 1346 4447 illum
1363 4394 1584 4461 obtulit,
1604 4396 1700 4450 sed
1718 4411 1820 4452 nec

1927 1915 2115 1954 rursus
2151 1899 2368 1971 :Neque
2387 1901 2528 1955 enim
2569 1901 2627 1954 in
2655 1902 2967 1972 manufacta
3009 1911 3196 1956 sancta
3252 1903 3515 1972 ingressus

1923 2001 1999 2046 est
2034 1989 2270 2046 Christus
2299 1993 2471 2063 forma
2501 2009 2784 2058 verorum,_
2799 1993 2891 2047 sed
2913 1993 2968 2046 in
3000 1993 3175 2062 ipsum
3196 1992 3406 2056 uelum,
3443 1994 3516 2048 ad

1924 2084 2294 2139 ostendendum
2319 2100 2374 2139 se
2401 2085 2568 2138 vultui
2625 2085 2721 2138 Dei
2781 2101 2877 2153 pro
2934 2085 3082 2140 nobis
3110 2086 3177 2140 ⁸¹.
3233 2085 3332 2139 Hic
3383 2100 3515 2155 ergo

1927 2175 2673 2240 tabernaculum'testimonii,
2699 2176 2896 2232 coelum
2921 2176 3143 2247 quippe,
3164 2177 3289 2246 quia
3313 2177 3366 2230 in
3398 2177 3516 2246 ipsa

1927 2268 2171 2323 habitare
2201 2267 2372 2322 Deum
2405 2267 2690 2338 prophetae
2735 2267 3009 2324 testiﬁcati
3055 2278 3205 2334 sunt,
3240 2268 3516 2338 intelliga-

1925 2377 2047 2416 mus
2077 2378 2090 2413 :
2121 2360 2224 2426 Qui
2247 2359 2450 2414 habitat
2501 2360 2559 2413 in
2597 2360 2758 2424 oculis,
2810 2359 3013 2430 inquit,
3051 2361 3290 2415 irridebit
3322 2376 3407 2414 eos
3443 2360 3514 2416 ⁸⁸.

1923 2452 1992 2508 Ει
2026 2453 2436 2508 nemoascendit
2457 2453 2511 2506 in
2538 2452 2746 2520 caelum,
2772 2452 2876 2506 nisi
2907 2453 2998 2524 qui
3019 2453 3279 2507 descendit
3301 2452 3365 2506 de
3390 2451 3517 2506 caelo

1930 2546 2236 2619 Unigenitus
2255 2546 2342 2612 ⁸⁸,
2397 2546 2466 2602 de
2524 2545 2825 2617 semetipso
2858 2546 2994 2602 dixit
3037 2546 3376 2602 hominibus.
3436 2546 3514 2602 lbi

1924 2637 2243 2710 sanguinem
2277 2636 2604 2702 introduxit,
2646 2638 2776 2708 quia
2807 2637 3093 2693 cicatrices
3125 2648 3351 2709 portans
3393 2653 3519 2708 pas-

1926 2728 2164 2791 sionum,
2195 2745 2224 2784 a
2253 2729 2485 2784 mortuis
2509 2729 2832 2793 resurrexit,
2863 2729 3012 2785 unde
3043 2737 3100 2784 et
3129 2743 3289 2784 suum
3318 2744 3520 2800 corpus

1925 2821 2259 2893 palpandum
2287 2821 2513 2876 Thomte
2557 2819 2880 2892 praebuit“,
2911 2829 3077 2892 atque
3115 2821 3189 2876 ita
3235 2821 3290 2875 in
3349 2821 3519 2876 celos

1923 2914 2188 2970 ascendit.
2223 2913 2462 2971 Probant
2478 2923 2662 2970 autem
2687 2913 2973 2984 sequentia
3001 2931 3015 2967 :

1996 3003 2304 3076 Quicunque
2331 3005 2606 3060 intinxerit
2633 3005 2860 3077 digitum
2875 3005 2934 3060 in
2962 3004 3245 3075 sanguine,
3277 3012 3520 3077 asperget

1924 3104 1988 3154 de
2017 3115 2076 3154 eo
2095 3099 2284 3168 septies
2305 3115 2488 3154 coram
2511 3098 2759 3162 Domino,
2794 3106 2979 3152 contra
3011 3096 3184 3153 velum
3202 3097 3517 3152 sanctuarii.

1927 3191 2109 3246 Multis
2138 3191 2463 3246 nominibus
2505 3190 2980 3248 carnem-Domini
3007 3191 3268 3261 appellat,
3304 3190 3432 3260 quia
3463 3198 3522 3244 et

1927 3283 2127 3338 multas
2150 3283 2499 3354 operationes
2526 3283 2793 3353 implevit.
2831 3281 2994 3340 Unde
3024 3291 3082 3338 et
3103 3282 3225 3353 ipse
3249 3281 3522 3337 Dominus

1926 3376 2090 3430 modo
2115 3373 2337 3444 quidem
2376 3373 2762 3444 semetipsum:
2802 3373 3159 3437 sacriﬁcium,
3211 3371 3375 3427 modo
3421 3386 3522 3442 pa-

1926 3476 2152 3534 storem,
2181 3469 2599 3525 deinde~rursus
2636 3469 2827 3536 vitem,
2868 3483 3070 3540 panem
3109 3467 3256 3534 vitze,
3285 3477 3342 3522 et
3397 3481 3524 3534 grs-

1928 3575 2059 3615 num
2091 3559 2604 3631 tritici,oppor.tune
2622 3558 3042 3631 dispensatoriis
3066 3558 3252 3615 verbis
3280 3557 3521 3622 varians,

1927 3651 2472 3722 suasappellationes
2505 3652 2834 3707 nominavit.
2874 3651 3133 3708 Etn-unc.
3176 3665 3309 3722 ergo
3340 3649 3521 3705 velum

1926 3749 2288 3819 ejuscarnem
2319 3749 2660 3822 appellavit:
2722 3748 2978 3805 dubitare
3044 3748 3193 3802 enim
3255 3749 3360 3802 hoc
3411 3761 3522 3801 non

1926 3855 2240 3910 possumus,
2277 3839 2446 3894 Paulo
2473 3841 2540 3896 ad
2570 3839 3015 3911 explanationem
3072 3837 3238 3909 hujus
3275 3836 3519 3909 mysterii

1928 3934 2145 3990 dicente
2184 3951 2198 3987 :
2233 3931 2524 4000 Habentes,
2550 3936 2768 4004 fratres,
2813 3930 3520 4002 conﬁdentiam-inimroitu

1931 4035 2236 4080 sanctorum
2264 4025 2610 4096 inosanguine
2639 4023 2858 4088 Christi,
2898 4039 3061 4093 quam
3101 4021 3334 4076 initiavit
3375 4021 3522 4075 nobis

1932 4118 2072 4172 viam
2103 4135 2288 4172 novam
2327 4129 2375 4172 et
2405 4119 2661 4173 viventem
2681 4115 3061 4188 per‘velamen,
3087 4115 3143 4169 id
3185 4123 3282 4179 est,
3307 4130 3521 4168 carnem

1929 4227 2105 4275 suum,
2127 4221 2176 4265 et
2201 4212 2520 4266 sacerdotem
2543 4225 2814 4282 magnum,
2839 4209 2895 4263 in
2914 4209 3128 4263 domum
3149 4207 3243 4262 Dei
3287 4209 3524 4262 introea-

1929 4321 2065 4372 mus,
2102 4321 2217 4358 cum
2243 4321 2375 4374 puro
2402 4303 2574 4369 corde,
2600 4304 2657 4358 in
2699 4301 3066 4374 satisfactione
3116 4301 3332 4371 ﬁdei".
3391 4299 3523 4354 Pro-

1929 4405 2117 4466 pterea
2141 4403 2197 4451 et
2218 4395 2514 4450 sanctuarii
2550 4395 2736 4450 velum
2759 4393 3092 4464 appellatum
3119 4402 3225 4457 est,
3293 4392 3521 4464 ﬁguram

237 4485 524 4539 immolare
548 4492 781 4555 poterat,
822 4483 925 4538 nisi
951 4486 1454 4558 semetipsumipse
1487 4488 1554 4542 ad
1605 4490 1824 4559 patien-
1857 4477 1905 4538 Ι)
1928 4488 2130 4560 quippe
2152 4487 2333 4545 carnis
2363 4488 2887 4545 sanctisauctorum
2931 4487 3176 4558 gerebat.
3213 4486 3350 4552 Quia
3394 4503 3524 4558 ergo

231 4579 362 4629 dum
389 4576 719 4631 tradidisset.
754 4573 982 4645 Propter
1007 4575 1298 4646 quodnon
1343 4577 1517 4633 solum
1569 4578 1822 4633 diccbat:

153 4692 156 4693 ν
234 4667 558 4724 Potestatem
585 4669 750 4723 habeo
776 4667 1012 4737 ponendi.
1026 4670 1264 4727 animam
1287 4662 1481 4732 meam,
1521 4679 1572 4725 et
1591 4679 1826 4740 potesta-

232 4772 336 4815 tem
370 4761 536 4816 habeo
557 4761 751 4814 iterum
769 4761 1010 4815 sumendi
1045 4777 1165 4814 eam
1186 4760 1267 4828 ul;
1297 4761 1391 4817 sed
1411 4769 1465 4816 et
1484 4761 1826 4832 praeveniens

230 4854 592 4924 semetipsum
619 4855 674 4908 in
701 4868 858 4909 caena
896 4852 1270 4924 apostolorum
1307 4853 1630 4919 immolavit,
1676 4852 1822 4924 quod

229 4947 421 4999 sciunt
453 4944 546 5014 qui
580 4944 969 5016 mysteriorum
1010 4943 1325 5015 percipiunt
1357 4943 1826 5002 virtutem..llunc

230 5037 578 5090 sacerdotem
639 5034 994 5106 Septuaginta
1019 5049 1130 5088 non
1181 5033 1360 5090 solum
1421 5043 1649 5090 unctum
1709 5035 1826 5091 sive

230 5131 474 5194 tinuum,
507 5128 603 5183 sed
633 5137 691 5184 et
731 5136 1173 5184 consummatum
1224 5127 1488 5184 manibus.
1507 5129 1826 5200 appellave-

233 5232 366 5276 runt
421 5239 436 5276 :
488 5231 904 5278 consummatus
953 5230 1040 5277 est
1097 5221 1245 5277 enim
1291 5223 1547 5280 manibus
1589 5225 1741 5294 prius
1766 5225 1820 5282 in

234 5315 462 5386 mystica
496 5330 672 5379 ccena,
707 5313 982 5384 accipiens
1012 5328 1212 5385 panem
1233 5322 1288 5368 et
1317 5313 1602 5385 frangens,-
1621 5316 1821 5372 deinde

236 5422 334 5474 per
364 5422 606 5470 crucem,
638 5405 856 5475 quando
891 5404 1037 5477 ligno
1066 5403 1256 5460 aﬁixus
1302 5413 1406 5459 est.
1449 5403 1607 5460 Tunc
1639 5423 1825 5461 sacer-

233 5501 372 5555 dotii
395 5499 702 5571 suscipiens
734 5498 1077 5570 dignitatem,
1113 5497 1198 5553 vel
1229 5497 1412 5568 potius
1451 5513 1579 5553 cum
1611 5514 1826 5569 semper

1928 4581 2129 4652 digitus
2161 4581 2254 4634 Dei
2290 4585 2464 4636 virtus
2515 4581 2660 4650 ejus.
2686 4579 2908 4646 dicitur,
2944 4580 3091 4634 unde
3148 4580 3320 4649 magis
3373 4577 3520 4634 Pha-

1928 4673 2114 4728 raonis
2141 4671 2404 4728 cedentes
2435 4671 2716 4727 miraculis
2749 4671 2914 4743 Moysi
2944 4672 3204 4728 dicebant
3255 4688 3268 4725 :
3311 4671 3520 4744 Digitus

1929 4765 2042 4822 Dei-
2063 4771 2136 4821 est
2159 4766 2226 4820 “.
2257 4764 2325 4820 Et
2353 4764 2524 4820 David
2586 4763 2647 4820 ei.
2673 4764 2938 4835 psallebat
2975 4783 2988 4820 :
3041 4765 3306 4831 Quoniam
3341 4767 3520 4820 videbo

1927 4859 2098 4925 caios,
2147 4874 2307 4929 Opera
2347 4857 2636 4930 digitorum
2688 4865 2901 4912 tuorum
2926 4858 2995 4913 ".
3056 4856 3288 4928 Ipseque
3329 4873 3522 4912 rursus

1928 4949 2190 5004 Dominus
2215 4946 2422 5003 ludatis
2448 4947 2666 5003 dicebat
2703 4963 2718 5001 :
2749 4945 2904 5011 Quod
2937 4947 2984 5002 si
3009 4947 3066 5000 in
3098 4947 3268 5016 digito
3299 4946 3397 5001 Dei
3420 4965 3522 5018 ego

1925 5039 2080 5110 ejicio
2097 5038 2380 5104 damonia,
2417 5038 2581 5110 igitur
2603 5038 2835 5106 pervenit
2859 5037 2916 5091 in
2941 5053 3029 5092 vos
3063 5055 3281 5110 regnum
3337 5038 3434 5092 Dei
3451 5039 3516 5090 ⁸⁸.

1923 5127 2328 5184 Convenienter
2382 5127 2610 5199 digitum
2668 5127 2720 5182 in
2780 5127 3108 5199 sanguinem
3176 5127 3416 5199 intingit,
3462 5136 3524 5183 ut

1920 5223 2242 5280 ostendatur
2263 5221 2391 5292 quia
2425 5221 2714 5292 passiones
2737 5220 2923 5276 carnis
2949 5220 3270 5286 Dominicae,
3313 5223 3523 5278 virtute

1919 5315 2219 5372 divinitatis
2239 5322 2373 5370 aette
2404 5321 2567 5379 sunt;
2593 5329 2720 5369 nam
2763 5313 3060 5384 quomodo.
3080 5324 3336 5386 poterant
3395 5317 3520 5372 talia

1934 5409 2048 5465 ﬁeri
2079 5420 2232 5475 tunc,
2259 5408 2440 5472 idest.
2465 5407 2593 5462 solis
2613 5421 2882 5471 recessus,
2925 5413 3292 5473 terminatus,
3323 5407 3522 5463 scissio

1935 5501 2216 5572 petrarum
2239 5509 2291 5555 et
2329 5498 2569 5556 sinulia?
2625 5497 2724 5553 llic
2778 5512 2908 5569 ergo
2963 5498 3164 5554 virtute
3214 5497 3522 5557 divinitatis

309 5685 354 5717 ”
382 5685 547 5742 llebr.
573 5685 780 5753 Ix.,28.
861 5683 947 5740 “l
977 5687 1104 5742 Cor.
1141 5703 1191 5752 v,
1222 5685 1314 5749 90,
1343 5683 1432 5737 2t.
1469 5685 1510 5716 ‘5
1540 5685 1642 5739 lsa.
1679 5701 1797 5740 LIII.
1835 5685 1885 5740 9.
1917 5687 2006 5740 etl
2049 5684 2190 5740 Pctr.
2230 5701 2289 5748 ll,
2330 5683 2420 5739 ἓξ.
2500 5665 2542 5716 δέ
2576 5686 2677 5740 lsa.
2713 5701 2801 5742 xu.
2829 5685 2919 5738 ἐξ..
2999 5685 3040 5718 ⁸⁷
3067 5681 3202 5738 Luc.
3241 5701 3394 5747 mu.
3429 5684 3518 5739 46.

240 5758 282 5786 ⁸⁸
312 5757 468 5812 Joan.
497 5756 656 5820 x,l8.
739 5757 930 5813 M‘l.uc.
963 5757 1142 5827 xv,7ll
1173 5772 1323 5827 scqq.

240 5828 283 5857 "
309 5827 466 5884 Joan.
510 5845 601 5894 xx,
637 5827 709 5885 25
735 5843 886 5895 seqq.

1403 5757 1448 5788 ⁸⁸
1474 5755 1636 5810 llcbr.
1679 5773 1750 5815 ιιι,
1783 5755 1868 5818 ll,

975 5829 1020 5860 ⁵⁵
1057 5825 1225 5883 llcbr.
1253 5825 1308 5895 is,
1353 5825 1533 5881 19-22.
1614 5829 1656 5860 ⁸⁸⁸
1686 5827 1854 5882 Exod.
1899 5843 2007 5894 \‘lll,
2048 5828 2128 5882 l9.

1933 5755 2014 5808 l2.

2114 5758 2154 5787 ⁵¹
2204 5755 2334 5811 ibid.
2367 5755 2455 5808 ‘25.

2222 5827 2265 5856 ⁸⁷
2294 5826 2431 5880 l’sal.
2462 5842 2580 5890 \‘lll,
2615 5826 2659 5878 ι.

2547 5757 2592 5787 ¹⁵¹
2630 5755 2769 5810 Psal.
2802 5772 2862 5820 ιι,
2895 5753 2943 5808 4.
3051 5755 3094 5785 ⁸³
3121 5754 3281 5810 Joan.
3320 5772 3398 5823 tu,
3437 5756 3520 5811 ιδ.

2547 5842 2580 5881 ι.
2615 5826 2659 5878 ι.
2769 5826 2813 5857 ⁵⁸
2842 5827 2978 5881 Luc.
3033 5839 3107 5881 xl.
3145 5825 3237 5880 20.
