3942 6408
267 330 366 396 825

1421 344 1505 404 IN
1544 347 1980 408 LEVITICUM.
2021 350 2256 409 -L[B.
2301 352 2349 411 Ι.

3413 354 3529 414 826

267 452 494 520 Propter
544 453 687 521 quod
742 470 961 510 carnem
1008 456 1146 526 ejus,
1204 458 1255 511 id
1287 470 1390 522 est,
1446 460 1841 516 humanitatem
1874 469 1915 523 Α
2017 465 2177 519 Vens.
2215 468 2390 520 l5-2l.
2434 487 2451 518 ι
2484 466 2639 534 Quod
2670 468 2713 523 si
2745 469 2924 523 omnis
2968 468 3124 522 turba
3155 466 3314 521 Israel
3351 468 3522 538 igno...

268 545 538 609 videlicet,
573 553 682 599 tam
715 563 838 601 eum
871 549 962 616 qui
1002 550 1316 618 apparebat.
1337 567 1499 619 quam
1542 553 1633 620 qui
1667 553 1719 605 in
1752 559 1844 606 0c-

267 636 411 688 culto
443 646 580 702 erat,
601 637 900 701 hominem,
932 639 999 693 de
1029 655 1138 708 quo
1167 640 1242 694 ait
1279 641 1476 695 Paulus
1506 662 1519 696 :
1571 643 1638 696 Et
1679 645 1724 696 si
1755 659 1846 697 ea:-

269 728 429 780 tcrior
487 729 641 782 homo
676 740 850 783 noster
908 733 1297 801 corrumpitur,
1334 735 1422 787 sed
1454 735 1671 787 interior
1693 751 1847 788 reno-

269 829 426 872 vatur
455 819 522 872 ⁷⁶.
552 819 690 873 Caro
714 819 859 873 enim
889 820 942 873 in
979 821 1227 886 Domino,
1279 823 1456 876 omnis
1496 824 1614 891 ejus
1652 823 1847 879 huma-

269 913 431 974 nitas,
461 912 586 981 quia
627 910 849 966 Verbum
900 929 1022 966 caro
1048 915 1245 984 factum
1270 917 1441 980 estw,
1473 917 1685 970 dicitur.
1717 916 1848 970 Pro-

273 1014 389 1070 pter
421 1005 565 1072 quod
596 1013 894 1058 etcamem
939 1005 1058 1073 ejus
1111 1021 1232 1058 cum
1272 1006 1449 1075 capite
1492 1017 1546 1065 et
1589 1009 1841 1076 pedibus,

273 1096 354 1148 vel
387 1111 513 1147 eum
544 1095 721 1163 capite
757 1102 812 1148 ct
857 1097 1114 1149 extremis
1170 1097 1423 1151 videlicet
1477 1098 1726 1167 pedibus,
1769 1099 1848 1153 sic

272 1186 414 1238 cnim
450 1185 633 1238 caeteri
659 1187 1018 1254 interpretum
1049 1187 1356 1250 ediderunt,
1395 1189 1552 1258 jussit
1583 1190 1802 1243 incendi
1830 1207 1844 1244 :

275 1285 331 1332 ut
362 1291 460 1344 per
488 1276 742 1344 pra'dic-ta
775 1277 938 1330 verba
984 1292 1108 1332 eum
1145 1279 1237 1344 qui
1293 1295 1392 1348 pro
1437 1280 1593 1333 nobis
1657 1296 1849 1349 passus

276 1378 376 1430 est,
406 1385 526 1422 esse
566 1385 593 1422 a
623 1369 890 1438 principio
916 1380 970 1423 et
991 1371 1042 1423 iu
1065 1372 1372 1425 novissimis
1402 1374 1844 1443 intelligereu‘tus,

274 1466 341 1518 de
387 1481 496 1533 quo
533 1465 607 1518 ait
647 1463 845 1518 Paulus
881 1485 895 1520 :
935 1465 1068 1530 Qma
1095 1468 1149 1520 in
1168 1470 1279 1536 ipso
1301 1480 1475 1522 creata
1501 1483 1618 1522 sunt
1651 1473 1847 1533 omnia,

276 1569 391 1618 ante
424 1553 479 1605 in
509 1553 669 1614 caelis,
697 1562 744 1605 et
773 1568 886 1623 qua:
915 1554 966 1605 in
991 1564 1150 1620 terra,
1185 1555 1410 1608 visibilia
1459 1564 1506 1608 et
1547 1556 1846 1619 invisibilia,

276 1651 378 1697 sive
403 1645 596 1706 throni,
626 1645 730 1697 sive
751 1645 1152 1708 dominationes,
1203 1647 1307 1700 sive
1353 1647 1702 1715 principatus,
1744 1648 1851 1701 sive

277 1745 576 1804 potestates,
603 1737 778 1790 omnia
809 1753 900 1804 per
928 1737 1099 1806 ipsum
1137 1747 1185 1804 e’t
1225 1739 1280 1790 in
1334 1740 1449 1805 ipso
1493 1748 1669 1792 creata
1707 1748 1847 1802 sunt,

278 1841 324 1883 et
349 1831 459 1899 ipse
479 1839 555 1883 est
578 1840 698 1882 ante
722 1831 918 1891 onmia,
941 1839 988 1882 et
1016 1831 1192 1882 omnia
1243 1831 1298 1882 in
1339 1831 1453 1898 ipso
1499 1839 1738 1884 constant
1763 1847 1780 1893 ;
1803 1841 1849 1884 et

277 1925 384 1989 ipse
411 1931 484 1974 est
515 1931 672 1990 caput
705 1922 933 1984 corporis
973 1921 1236 1986 Ecclesia,
1286 1923 1373 1991 qui
1417 1933 1488 1975 est
1516 1923 1850 1991 principium,

279 2013 654 2082 primogenitus
679 2029 708 2064 a
737 2012 954 2064 mortuis
986 2027 1004 2064 :
1036 2021 1091 2064 ut
1113 2013 1178 2064 sit
1212 2014 1320 2078 ipse
1356 2013 1410 2064 in
1454 2012 1688 2066 omnibus
1740 2012 1851 2080 pri-

281 2110 481 2154 matum
511 2113 686 2153 tenens
707 2101 772 2154 τι.
807 2099 1033 2170 Insuper
1060 2115 1182 2155 cum
1243 2101 1518 2156 intestinis
1571 2110 1626 2156 et
1684 2101 1848 2168 ﬁmo;

281 2192 360 2247 vel
415 2194 560 2246 sicut
611 2192 999 2262 Septuaginta,
1069 2208 1193 2246 cum
1249 2201 1441 2247 ventre
1495 2203 1551 2247 et
1608 2203 1848 2250 stercore

279 2281 470 2345 edunt,
500 2289 561 2342 ut
589 2283 713 2351 quia
744 2281 943 2343 mentis
969 2282 1324 2352 intelligibills
1383 2293 1574 2337 venter
1623 2283 1850 2353 ﬁguram

279 2376 437 2446 gerit,
478 2375 619 2428 sicut
669 2375 721 2427 in
778 2373 1060 2428 sacriﬁciis
1116 2374 1344 2427 aliorum
1409 2375 1854 2428 I'iolocaustorum

281 2466 638 2528 ostendimus,
670 2481 735 2519 ex
767 2480 832 2518 eo
863 2475 1102 2519 mentem
1137 2464 1392 2519 habuisse
1435 2476 1679 2519 nostram
1731 2481 1855 2519 eum

281 2557 370 2628 qui
400 2574 501 2626 pro
527 2557 684 2610 nobis
713 2572 903 2625 passus
928 2563 1031 2620 est,
1072 2556 1295 2609 minime
1343 2555 1674 2625 ignoremus,
1712 2557 1857 2626 quod

281 2651 500 2720 quidam
524 2649 906 2703 haereticorum
935 2657 1152 2718 negant.
1191 2647 1375 2702 Fimus
1407 2656 1587 2702 autem
1635 2656 1857 2718 peccata

283 2745 499 2815 generis
545 2741 771 2804 humani
821 2741 1128 2810 signiﬁcat,
1175 2755 1294 2809 qua:
1349 2739 1642 2794 crucifixus
1694 2741 1748 2794 in
1801 2756 1860 2796 se

284 2837 557 2904 suscepit:
591 2835 706 2889 haec
734 2835 878 2888 enim
905 2834 1063 2887 ﬁmus
1111 2832 1320 2886 Domini
1365 2833 1734 2888 verisimiliter
1776 2834 1860 2889 dio

285 2939 502 2980 cuntur.
537 2925 722 2978 Funus
746 2925 946 2993 quippe
981 2940 1102 2978 cum
1137 2924 1207 2984 sit
1257 2925 1593 2988 immundus,
1663 2941 1861 2996 geren-

288 3028 390 3081 tem
419 3034 528 3070 non
564 3017 776 3086 polluit,
800 3032 976 3085 neque
1009 3026 1218 3070 natura:
1248 3025 1447 3070 nostra}
1485 3028 1586 3079 est,
1615 3017 1862 3086 quamvis

286 3111 349 3164 sit
381 3113 432 3163 in
469 3110 646 3170 nobis,
679 3110 820 3163 sicut
866 3117 920 3161 et
957 3118 1174 3176 peccata
1225 3116 1430 3172 nostra,
1467 3125 1586 3177 quae
1629 3109 1863 3177 portavit

287 3200 567 3267 Dominus,
597 3210 650 3254 rt
675 3201 848 3255 aliena
883 3200 1104 3254 fuerunt
1126 3200 1194 3253 ab
1217 3215 1301 3263 eo,
1330 3210 1384 3254 et
1403 3217 1526 3256 eum
1554 3202 1863 3256 nullatenus

287 3297 616 3366 polluerunt,
667 3296 965 3364 permansit
1009 3296 1153 3350 enim
1207 3297 1324 3350 siue
1366 3304 1611 3365 peccato.
1663 3295 1862 3349 Totum

285 3405 410 3457 ergo
437 3388 697 3451 "vitulum,
727 3387 780 3441 id
807 3396 891 3441 est
920 3396 1094 3441 totum
1117 3387 1418 3448 Christum,
1469 3395 1620 3441 extra
1685 3396 1862 3441 castra

287 3483 335 3547 in
369 3482 491 3534 loco
526 3479 905 3543 mundissimo,
930 3479 1019 3533 ubi
1047 3478 1253 3533 ell'uudi
1284 3480 1498 3535 cineres
1520 3480 1717 3542 Solent,
1741 3477 1860 3548 ejici

286 3573 560 3643 legislator
581 3572 756 3638 jubet,
787 3571 1130 3640 apertissime
1159 3571 1406 3625 sacriﬁcii
1441 3571 1640 3627 Christi
1685 3571 1862 3624 locum

283 3663 587 3735 signiﬁcare
631 3664 877 3723 studens,
912 3672 1064 3717 extra
1099 3664 1245 3717 enim
1301 3672 1474 3716 castra
1531 3678 1719 3732 passus
1758 3671 1860 3727 est,

282 3757 422 3823 quod
488 3763 718 3808 testatur
773 3754 972 3808 Paulus
1013 3753 1200 3808 difens
1245 3773 1256 3807 :
1306 3753 1429 3807 Ideo
1498 3762 1546 3806 et
1592 3752 1861 3816 Jesns,ut

281 3849 634 3917 sanctiﬁcat-et
657 3847 876 3917 plebem,
909 3855 1056 3899 extra
1086 3855 1294 3912 portam
1320 3861 1502 3911 passus
1533 3852 1605 3896 est
1630 3842 1695 3895 ⁷³.
1731 3840 1863 3906 Quis

282 3953 460 3996 autem
493 3942 730 3994 mtmdus
756 3949 837 3994 est
859 3938 1254 4000 cineris'locus,
1295 3934 1559 4006 Golgotba
1589 3934 1860 3994 videlicet.

283 4034 406 4088 etin
441 4042 649 4088 tantum
681 4031 936 4094 mundus,
965 4038 1024 4085 ut
1051 4029 1312 4083 mundum
1345 4036 1519 4081 totum
1556 4027 1669 4094 ipse
1703 4041 1862 4078 mun—

284 4128 452 4181 tiaret.
485 4125 697 4179 itineris
731 4133 911 4179 autem
949 4132 1096 4177 recte
1120 4123 1279 4174 locus
1311 4127 1393 4173 est
1423 4119 1621 4183 dictus,
1651 4117 1774 4186 quia
1809 4117 1862 4170 in

286 4220 398 4287 ipso
423 4219 694 4272 exstincta
727 4225 854 4272 sunt
881 4225 1099 4285 peccata
1125 4210 1351 4267 humani
1383 4209 1617 4282 generis,
1651 4210 1793 4263 unde
1811 4217 1866 4262 et

285 4311 518 4364 umndus
544 4311 695 4362 locus
720 4308 1044 4377 appellatur.

353 4401 741 4469 lnrendcntrpte
789 4417 849 4453 ea
894 4415 1049 4468 super
1106 4398 1366 4468 lignorum
1417 4405 1635 4450 struem.
1695 4391 1862 4462 Ligna

281 4501 458 4546 autem
512 4493 564 4544 in
616 4491 735 4561 igne
788 4489 1096 4560 Sc-ripturas
1153 4503 1335 4542 sacras
1399 4486 1649 4540 diximus.
1704 4484 1864 4550 Qua:-

282 4600 497 4654 cunque
547 4595 728 4638 autem
783 4584 834 4636 in
872 4582 1098 4636 Domino
1142 4591 1386 4649 tempore
1421 4576 1689 4647 passionis
1715 4584 1865 4646 gesta

283 4686 426 4738 sunt,
461 4675 528 4728 ad
557 4674 830 4742 implenda
857 4688 918 4725 ea
977 4688 1098 4740 qua:
1121 4671 1402 4742 prophetae
1423 4668 1698 4729 dixerunt,
1738 4674 1865 4721 sunt

281 4775 451 4835 gesta,
505 4764 651 4833 quod
683 4763 992 4816 manifestat
1030 4761 1289 4816 Dominus
1332 4761 1548 4830 quando
1595 4776 1624 4812 a
1663 4758 1866 4813 Judazis

281 4861 714 4930 comprehensus
751 4867 853 4920 est,
901 4857 1125 4911 d'eens:
1175 4861 1447 4926 Tanquam
1484 4856 1554 4908 ad
1603 4853 1864 4906 latronem

281 4954 464 5006 existis
513 4967 627 5004 cum
678 4943 871 5022 gladiis
928 4961 975 5003 et
1007 4950 1227 5020 fustibus
1262 4950 1696 5017 comprehenlcre
1747 4961 1863 5008 me;

279 5044 513 5114 quotidie
561 5045 612 5096 in
653 5043 845 5111 templo
871 5043 1106 5095 sedebam
1145 5043 1348 5104 docens,
1383 5051 1428 5094 et
1457 5058 1557 5093 non
1590 5056 1667 5091 me
1699 5039 1867 5091 tenui—

278 5138 395 5190 stis.
434 5135 545 5189 Hoc
575 5147 751 5189 autem
783 5137 980 5205 factum
1007 5143 1101 5196 est,
1134 5141 1186 5185 ul
1215 5132 1601 5199 complerentur
1628 5130 1867 5196 Scriptu-

283 5247 355 5282 ra:
384 5229 840 5300 prophetarum”.
887 5228 953 5281 Et
999 5242 1226 5280 rursus:
1263 5224 1412 5279 Jcsus
1453 5233 1630 5276 autem
1688 5224 1865 5274 ridens

281 5321 420 5388 quod
446 5321 623 5372 omnia
679 5327 1040 5371 consummata
1069 5325 1253 5378 essent,
1305 5326 1360 5367 ut
1384 5314 1691 5382 impleretur
1719 5313 1864 5367 Scri-

282 5422 461 5478 ptura,
508 5413 680 5466 dixit:
729 5409 940 5465 Sitio“.
989 5409 1092 5463 Sed
1138 5424 1262 5462 cum
1308 5423 1406 5477 per
1454 5406 1663 5475 singula
1698 5405 1862 5474 ﬁgura

287 5503 583 5559 Dominica:
606 5503 872 5573 passionis
904 5510 1179 5571 appareat,
1201 5509 1379 5554 tamen
1407 5499 1622 5569 planius
1646 5497 1859 5567 legisla-

287 5611 371 5657 tor
417 5601 756 5655 videturhoc
783 5601 833 5652 in
872 5597 1227 5667 sequentibus
1251 5595 1484 5665 ﬁgurare
1524 5595 1856 5664 mysterium.

358 5742 617 5795 "Illlor.
671 5759 742 5800 Iv,
813 5738 894 5792 lli.
974 5741 1035 5768 ⁷ο·

1101 5737 1256 5789 .loan.
1305 5753 1340 5800 ι,
1381 5736 1463 5789 ll.

287 5803 327 5834 "
360 5811 516 5870 loau.
553 5812 758 5877 χιιι,ἓὸ
815 5809 1040 5862 ".lean.
1106 5823 1188 5861 xv.
1243 5806 1328 5859 :12.

1893 4269 1942 4328 D

1543 5736 1582 5764 ⁷¹
1619 5735 1821 5787 Coloss.
1870 5748 1905 5787 t.
1958 5733 2136 5793 lii-i8.

1409 5805 1631 5858 7“.loau.
1685 5819 1831 5866 xuii,
1889 5803 1965 5864 ιι.

1948 561 2166 616 raverit.
2214 569 2266 612 et
2324 575 2419 628 per
2474 561 2804 630 imperitiam
2875 558 3067 613 fecerit
3127 558 3268 626 quod
3329 567 3518 611 contra

1946 649 2256 703 mandatum
2305 649 2513 703 Domini
2560 659 2661 714 est,
2715 659 2769 704 et
2814 660 2999 720 postea
3040 649 3369 705 intellexerit
3397 662 3522 716 pec-

1946 751 2126 796 catum
2171 757 2352 806 suum,
2404 744 2598 797 offeret
2649 743 2876 797 vitulum
2938 758 3034 810 pro
3069 749 3313 810 peccato,
3345 740 3518 792 addu-

1947 841 2142 901 cetque
2168 849 2290 886 eum
2319 833 2382 886 ad
2413 834 2610 889 ostium
2641 835 2995 896 tabernaculi,
3020 843 3073 887 et
3103 843 3306 904 ponent
3335 835 3518 885 senio-

1949 937 2035 978 res
2061 924 2239 992 populi
2271 940 2465 977 manus
2511 939 2672 991 super
2710 933 2873 992 caput
2901 925 3019 990 ejus
3051 939 3232 975 coram
3266 921 3514 974 Domino.

1948 1015 2336 1084 lmmolatoque
2388 1017 2559 1070 vitulo
2602 1018 2655 1070 in
2687 1026 2981 1085 conspectu
3028 1015 3263 1078 Domini,
3318 1013 3524 1065 inferet

1949 1109 2200 1162 sacerdos
2237 1109 2325 1177 qui
2356 1119 2551 1162 unctus
2575 1118 2675 1169 est,
2708 1111 2774 1163 de
2807 1109 3070 1178 sanguine
3097 1108 3217 1176 ejus
3245 1107 3296 1159 in
3339 1106 3520 1159 taber-

1949 1201 2202 1254 naculum
2233 1201 2547 1259 testimonii,
2581 1201 2749 1254 tincto
2779 1200 2948 1268 digito
2988 1213 3281 1268 aspergens
3315 1197 3520 1265 septies

1949 1301 2137 1347 contra
2170 1293 2367 1355 velum,
2398 1299 2668 1360 ponetque
2709 1291 2774 1344 de
2809 1307 2873 1344 eo
2897 1290 3213 1359 sanguinem
3251 1289 3305 1340 in
3339 1286 3519 1339 corni-

1949 1383 2050 1437 bus
2075 1381 2278 1445 altaris,
2313 1381 2455 1447 quod
2487 1387 2570 1432 est
2600 1394 2779 1432 coram
2813 1377 3036 1430 Domino
3065 1377 3116 1429 in
3163 1374 3522 1430 tabernaculo

1952 1472 2268 1528 testimonii.
2289 1471 2571 1538 Reliquum
2603 1479 2782 1522 autem
2808 1468 3126 1538 sanguinem
3153 1467 3345 1519 fundet
3373 1466 3518 1529 iuxta

1951 1565 2123 1620 basim
2176 1563 2361 1617 altaris
2417 1563 2879 1622 holocaustorum,
2947 1558 3090 1628 quod
3150 1568 3234 1612 est
3287 1559 3339 1611 iu
3381 1557 3524 1610 ostio

1953 1655 2284 1711 tabernaculi
2362 1653 2680 1718 testimonii,
2757 1667 3083 1721 omnemque
3128 1651 3248 1719 ejus
3312 1649 3522 1715 adipem

1953 1749 2105 1802 tollet
2129 1766 2142 1802 :
2175 1757 2230 1801 et
2259 1747 2495 1800 adolebit
2523 1762 2688 1814 super
2715 1745 2904 1799 altare.
2937 1742 3026 1799 Sic
3063 1743 3225 1796 faciet
3255 1749 3312 1795 et
3331 1742 3398 1795 de
3425 1741 3528 1794 hoc

1954 1841 2121 1897 vitulo
2169 1839 2436 1910 quomodo
2489 1838 2639 1903 fecit,
2685 1846 2740 1891 et
2785 1837 2953 1904 prius,
2981 1845 3034 1890 et
3077 1845 3296 1905 rogante
3328 1850 3426 1904 pro
3450 1834 3530 1886 eis

1952 1935 2250 1995 sacerdote,
2304 1930 2568 2001 propitius
2617 1929 2722 1982 erit
2777 1926 3063 1980 Dominus.
3116 1925 3299 1994 Ipsum
3345 1932 3528 1979 autem

1954 2027 2181 2080 vitulum
2254 2022 2444 2077 eﬂeret
2510 2029 2662 2075 extra
2728 2027 2926 2081 castra,
2993 2027 3157 2086 atque
3215 2015 3524 2076 comburet,

1955 2119 2094 2172 sicut
2125 2125 2182 2170 et
2211 2117 2444 2185 priorem
2479 2115 2725 2176 vitulum,
2753 2111 2877 2182 quia
2904 2125 3001 2180 pro
3027 2117 3250 2179 peccato
3277 2115 3359 2163 est
3385 2105 3529 2159 mul-

1957 2209 2222 2265 titudinis.
2265 2226 2283 2259 ι

2025 2300 2106 2354 Nil
2140 2302 2191 2354 in
2227 2301 2309 2354 his
2341 2297 2613 2369 legislator
2634 2295 2992 2351 commutavit
3036 2295 3181 2363 quod
3211 2307 3332 2347 esse
3360 2289 3531 2360 possit

1955 2403 2102 2448 extra
2162 2391 2478 2462 praedictum
2533 2388 2880 2451 sacriﬁcium,
2939 2385 3083 2455 quod
3129 2393 3212 2439 est
3267 2380 3531 2452 principis

1955 2482 2298 2536 sacerdotum
2326 2499 2340 2535 :
2373 2481 2512 2534 idem
2543 2480 2686 2532 enim
2715 2492 2744 2531 a
2784 2476 2960 2530 turbis
2980 2474 3161 2537 Israel,
3199 2481 3252 2526 et
3284 2488 3312 2524 a
3345 2485 3531 2525 sacer—

1958 2575 2082 2628 dote
2111 2572 2293 2626 o'li‘erri
2331 2569 2608 2641 praecepit,
2639 2568 2866 2623 vitulum
2909 2566 3056 2619 enim
3098 2573 3156 2618 et
3188 2564 3278 2617 hic
3337 2571 3393 2615 et
3422 2561 3533 2614 illic

1959 2665 2111 2722 dixit.
2168 2663 2429 2720 Similiter
2473 2660 2634 2715 etiam
2687 2656 3006 2728 sanguinem
3062 2656 3117 2708 in
3181 2652 3537 2707 tabernaculo

1963 2753 2254 2808 testimonii
2286 2752 2466 2806 oﬁ‘erri
2497 2750 2673 2820 jubet.
2703 2750 2932 2803 vitulum
2969 2755 3150 2800 autem
3182 2750 3331 2798 extra
3359 2749 3536 2796 castra

1961 2845 2212 2900 incendi:
2255 2853 2419 2911 atque
2447 2841 2786 2911 apertissime
2822 2839 2875 2892 in
2907 2838 3016 2900 his,
3053 2850 3174 2906 quae
3202 2834 3342 2888 dicta
3386 2841 3535 2894 sunt,

1961 2937 2264 2993 ostenditur
2311 2935 2438 3003 quia
2491 2934 2683 2987 eadem
2725 2941 2884 2986 erant
2914 2929 3088 3000 plebis
3131 2926 3538 2994 sacerdotisque

1962 3039 2202 3100 pecu-ala.
2255 3027 2387 3080 Nam
2439 3041 2602 3095 quam
2645 3025 2717 3078 ob
2763 3038 2980 3078 causam
3017 3023 3160 3076 idem
3207 3018 3537 3073 sacriﬁcium

1889 3135 1932 3195 ς
1967 3137 2063 3190 pro
2113 3121 2192 3174 eis
2225 3117 2490 3171 oﬁ‘erret?
2541 3114 2695 3180 Quod
2724 3123 2905 3168 autem
2938 3112 3007 3165 de
3035 3111 3302 3166 sacriﬁcio
3338 3110 3539 3162 immu-

1963 3221 2131 3267 tatum
2166 3219 2268 3272 est,
2308 3209 2409 3262 hoc
2439 3207 2606 3277 magis
2638 3206 2705 3260 ad
2746 3204 3054 3258 ﬁrmitatem
3103 3201 3363 3268 pertinet,
3396 3198 3540 3266 quod

1965 3321 2132 3359 unum
2163 3302 2236 3366 sit
2280 3299 2604 3354 sacriﬁcium
2631 3315 2644 3352 :
2681 3312 2807 3351 nam
2838 3296 2889 3348 in
2921 3293 3200 3348 sacerdote
3233 3306 3337 3344 non
3364 3290 3496 3344 dixit
3523 3305 3536 3318 ο

1966 3395 2022 3449 Si
2057 3391 2372 3464 cognoverit
2411 3397 2693 3460 peccatum
2723 3401 2905 3444 suum.
2938 3398 3040 3438 nec
3061 3383 3208 3436 enim
3252 3382 3538 3451 ignoratu-

1963 3504 2058 3542 rus
2084 3495 2199 3540 erat
2242 3485 2503 3540 Dominus
2550 3489 2860 3551 peccatum,
2913 3477 3060 3546 quod
3128 3484 3187 3529 ut
3239 3473 3542 3542 susciperet

1965 3581 2278 3634 incarnatus
2316 3585 2417 3631 est.
2470 3575 2545 3630 De
2584 3572 2739 3628 turba
2783 3581 2987 3632 autem,
3029 3569 3082 3622 id
3133 3573 3236 3633 est,
3269 3566 3337 3621 de
3382 3581 3539 3636 syna-

1964 3689 2091 3744 goga
2123 3672 2235 3725 sive
2261 3671 2327 3724 de
2358 3668 2535 3738 plebe.
2561 3662 2783 3719 attende
2811 3662 2940 3732 quid
2967 3660 3043 3714 ait
3073 3677 3086 3713 :

2035 3763 2183 3828 Quod
2211 3763 2255 3816 si
2279 3761 2444 3814 omnis
2474 3761 2624 3811 turba
2651 3752 2822 3808 Israel
2855 3751 3200 3821 ignoraverit,
3234 3758 3282 3803 et
3312 3764 3405 3818 per
3439 3747 3542 3799 int-

1963 3859 2206 3930 peritiam
2238 3853 2413 3926 fecerit
2472 3850 2608 3921 quod
2645 3855 2827 3901 contra
2871 3845 3179 3897 mandatum
3211 3840 3418 3894 Domini
3443 3846 3538 3900 est,

1965 3959 2012 4010 et
2037 3957 2212 4019 postea
2242 3942 2554 3999 intellexerit
2578 3946 2848 4004 peccatum
2881 3952 3057 3988 suum.
3117 3934 3258 4005 Ergo
3287 3932 3356 3985 ab
3387 3930 3544 3982 initio

1964 4041 2184 4112 quidem
2238 4051 2396 4090 suum
2446 4039 2727 4102 peccatum
2782 4029 3193 4098 iguoraverunt,
3225 4023 3320 4077 scd
3353 4031 3542 4091 postea

1966 4137 2356 4202 cognoverunt.
2410 4125 2476 4179 Et
2504 4122 2610 4177 hoc
2637 4120 2936 4175 ostendunt
2967 4117 3084 4186 ipsa
3114 4115 3280 4169 verba
3307 4112 3541 4171 Domini,

1967 4223 2041 4282 ait
2063 4223 2207 4275 enim
2237 4238 2249 4274 :
2293 4217 2405 4272 Nisi
2447 4215 2714 4271 venissem,
2745 4223 2794 4265 et
2827 4211 3029 4264 locutus
3053 4209 3127 4262 eis
3157 4206 3390 4277 fuissem,
3425 4219 3544 4271 pec-

1967 4319 2140 4362 catum
2191 4324 2291 4360 non
2359 4304 2626 4365 haberent,
2685 4309 2742 4358 ut
2789 4302 3093 4370 ignorantes
3141 4297 3352 4359 utique,
3407 4309 3546 4345 nunc

1967 4412 2139 4455 autem
2183 4398 2567 4453 excusationem
2607 4411 2708 4447 non
2763 4393 2951 4446 habent
2991 4391 3054 4444 de
3097 4396 3311 4460 peccato
3363 4387 3542 4443 suo”.

1969 4501 2152 4561 utpote
2187 4506 2283 4560 per
2311 4491 2428 4556 ejus
2458 4487 2763 4542 doctrinam
2794 4485 3089 4542 discentes,
3139 4480 3282 4549 quod
3328 4476 3546 4530 nescie-

1969 4584 2095 4638 bant
2127 4581 2311 4649 prius:
2349 4579 2566 4646 quaulo
2618 4591 2747 4645 ergo
2795 4588 2953 4628 suum
3011 4583 3295 4641 peccatum
3337 4581 3544 4636 cogno-

1966 4683 2177 4734 verunt,
2222 4682 2346 4726 tunc
2376 4670 2440 4724 ad
2468 4668 2794 4724 sacriﬁcium
2827 4664 3101 4735 Unigeniti
3148 4678 3208 4717 se
3238 4667 3544 4716 verterunt.

1968 4767 2170 4824 Deinde
2205 4765 2256 4816 in
2289 4761 2556 4816 sacriﬁcio
2604 4757 2904 4814 sacerdotis
2939 4757 3119 4826 ipsum
3159 4753 3400 4809 diximus
3437 4752 3545 4806 im-

1966 4859 2210 4932 posuisse
2238 4870 2456 4909 manum
2493 4868 2661 4922 super
2704 4860 2872 4922 caput
2906 4851 3079 4910 vituli,
3117 4847 3208 4901 hic
3241 4854 3425 4900 autem
3456 4859 3542 4898 se-

1966 4953 2147 5005 niores
2175 4949 2277 5009 hoc
2315 4946 2492 5000 lacere
2521 4944 2674 4998 dicit.
2722 4943 3027 5010 Utrumque
3058 4939 3202 4994 enim
3254 4952 3444 4992 revera
3490 4934 3544 4986 in

1963 5042 2163 5097 Christi
2195 5036 2459 5093 sacriﬁcio
2495 5037 2774 5107 agebatur,
2805 5033 2859 5086 id
2893 5042 2996 5096 est,
3043 5031 3168 5100 quia
3200 5037 3258 5083 et
3291 5025 3550 5081 immine-

1965 5132 2096 5186 baut
2129 5131 2195 5184 ad
2243 5125 2732 5183 consummandum
2787 5123 2916 5178 illud
2957 5123 3204 5177 seniores
3252 5117 3459 5188 populi,
3495 5125 3552 5168 et

1968 5223 2191 5286 Scribaa,
2255 5229 2311 5273 et
2359 5217 2593 5288 Caiphas
2647 5216 2901 5286 princeps
2960 5211 3345 5273 sacerdotum,
3399 5206 3550 5260 dice-

1968 5319 2235 5384 bantque:
2273 5312 2492 5380 Expedit
2530 5310 2674 5363 nobis
2715 5317 2768 5362 ut
2807 5324 2940 5361 unus
2964 5309 3117 5360 homo
3157 5302 3420 5356 moriatur
3455 5314 3550 5365 pro

1967 5408 2175 5479 populo,
2200 5416 2247 5460 et
2273 5422 2374 5458 non
2404 5413 2511 5457 tota
2536 5419 2660 5472 gens
2684 5410 2860 5470 pereat
2877 5401 2921 5432 ’³⁸
2948 5415 2962 5465 ;
2992 5395 3186 5466 etquia
3209 5393 3360 5447 nullo
3390 5391 3552 5445 modo

1969 5503 2166 5571 expleri
2197 5500 2484 5570 potuisset,
2520 5498 2564 5551 si
2597 5512 2705 5551 non
2735 5493 3094 5562 semetipsum
3128 5489 3193 5543 ad
3231 5485 3544 5557 passionem

1971 5592 2226 5652 Dominus
2292 5591 2621 5654 tradidisset,
2683 5588 2738 5642 in
2803 5594 3012 5641 tantum
3073 5591 3133 5637 ut
3196 5581 3311 5651 ipse
3339 5578 3548 5632 diceret

2235 5733 2274 5762 ”
2310 5728 2472 5784 Hebr.
2509 5745 2621 5791 xm,
2679 5725 2759 5778 l3.
2872 5725 2916 5756 ⁷³
2942 5721 3131 5778 Matth.
3171 5734 3318 5782 xxvi,
3347 5715 3544 5784 55,536.
