3942 6402
475 307 588 376 8‘21

1681 310 2040 374 HESYCHII
2077 306 2548 370 PRESBYTER»!

3619 306 3713 372 8‘28

485 425 679 478 l’etro:
735 422 890 479 Mitte
923 426 1160 496 gladium
1198 435 1346 481 tuum
1400 428 1454 481 in
1512 428 1788 498 vaginam,
1835 427 2053 480 calicem
2085 426 2125 480 Α
2158 421 2368 476 Domini
2398 421 2504 484 sui,
2531 427 2580 474 et
2613 433 2715 471 non
2747 433 2800 470 se
2828 433 3157 485 prwparans,
3201 433 3293 470 nec
3321 417 3516 487 faciens
3545 433 3714 472 secun-
3803 431 3809 440 ‘

479 529 632 583 quem
685 516 825 570 dedit
866 518 994 570 mihi
1027 515 1210 583 Pater,
1267 535 1371 572 non
1399 518 1571 572 bibam
1609 518 1761 572 illum
1782 519 1864 570 ’7?
1895 517 2061 572 Festi-

481 604 640 658 uabat
703 605 847 660 enin:
893 607 1213 676 dispensare
1240 617 1551 663 nostrorum
1596 616 1943 678 peccatorum
1971 625 2060 662 re-

481 695 816 758 missionem,
871 699 1016 768 quod
1075 701 1378 756 necessarie
1424 703 1479 755 in
1539 701 1626 756 his
1682 717 1804 770 quae
1833 709 1963 756 sunt
1992 701 2062 756 de

480 787 776 857 Synagogte
803 790 1068 844 sacriﬁcio
1100 800 1184 845 est
1207 792 1635 858 consideratum;
1663 793 1741 848 ait
1764 794 1914 848 enim
1939 811 1952 846 :

555 876 643 930 Sic
672 881 830 950 faciet
859 881 923 935 de
961 883 1056 934 hoc
1096 882 1260 936 vitulo
1299 885 1557 952 quomodo
1587 886 1709 954 fecit
1733 895 1782 938 et
1821 887 1987 955 prius,
2013 896 2062 941 et

480 980 696 1037 rogante
743 989 838 1039 pro
894 975 967 1026 eis
1000 975 1291 1039 sacerdote,
1345 977 1604 1045 propitius
1635 979 1733 1031 erit
1788 978 2059 1033 Dominus.

476 1061 728 1116 Christus
776 1065 919 1119 enim
959 1065 1133 1120 factus
1175 1075 1259 1122 est
1298 1067 1455 1121 nobis
1492 1069 1806 1138 propitiatio
1850 1069 1904 1123 in
1934 1085 2063 1124 san-

479 1153 640 1220 guine
687 1171 805 1220 suo,
858 1157 998 1212 sicut
1031 1173 1060 1211 a
1093 1159 1248 1212 beato
1299 1158 1463 1213 Paulo
1507 1160 1767 1215 Romanis
1801 1162 2063 1230 scriptum

479 1245 644 1298 est".
699 1245 804 1301 Per
849 1264 1009 1318 quem
1041 1249 1093 1304 in
1130 1259 1336 1304 tantum
1403 1263 1621 1320 peccata
1656 1254 1886 1308 remissa
1912 1265 2060 1318 sunt,

478 1345 750 1404 quatenus
781 1339 882 1408 ipsi
911 1356 1130 1410 quoque
1162 1343 1542 1397 remissionem
1576 1355 1941 1407 mererentur,
1971 1347 2063 1417 qui

481 1426 534 1479 in
564 1441 630 1481 eo
659 1441 1027 1498 peccaverunt
1053 1450 1066 1486 :
1088 1432 1157 1486 de
1192 1432 1324 1501 ipsis
1357 1433 1560 1502 quippe
1597 1434 1846 1488 dixerat:
1880 1435 2060 1498 Pater,

480 1519 686 1588 ignosce
709 1521 835 1585 illis,
871 1525 1107 1577 nesciunt
1139 1525 1278 1578 enim
1304 1526 1432 1596 quid
1461 1526 1664 1597 faciunt
1689 1529 1752 1580 τ’.
1795 1528 1897 1582 Sed
1935 1529 2063 1598 quid

480 1613 547 1664 ad
598 1613 757 1668 ﬁnem
812 1618 1059 1672 sacriﬁcii
1113 1618 1388 1688 legislator
1443 1619 1623 1674 dixit?
1665 1619 1873 1676 Sullicit
1918 1621 2063 1675 enim

483 1702 640 1757 nobis
682 1704 814 1775 legis
847 1707 1015 1776 ipsius
1040 1709 1340 1768 conclusio,
1387 1710 1453 1765 ad
1489 1709 1882 1767 manifestanda
1919 1728 2061 1781 prae-

482 1795 676 1850 sentin.
723 1796 906 1866 Ipsum
955 1809 1132 1854 autent
1179 1801 1402 1855 vitulum
1457 1802 1636 1870 e/feret
1681 1813 1830 1860 extra
1856 1814 2056 1871 castra,

479 1894 640 1955 atque
681 1891 966 1954 comburat,
1009 1891 1142 1944 sicut
1187 1899 1235 1944 et
1279 1891 1508 1960 priorem
1533 1891 1775 1957 uitulum,
1806 1895 1929 1964 quia
1967 1912 2060 1964 pro

479 1989 689 2042 peccato
730 1988 806 2034 est
861 1981 1234 2036 multitudinis.
1270 1982 1431 2038 Vides
1458 1984 1732 2052 quomodo
1772 1985 1906 2039 nihil
1936 2002 2060 2040 mtt-

481 2079 626 2124 tatur
664 2071 720 2125 in
745 2074 1006 2128 secundo
1052 2073 1344 2138 sacriﬁcio,
1400 2084 1552 2130 extra
1585 2075 1690 2131 hoc
1711 2077 1856 2146 quod
1885 2079 2059 2148 primo

475 2165 562 2211 est
625 2160 771 2228 quod
826 2163 1178 2233 praecipitur:
1241 2172 1296 2218 et
1343 2165 1740 2232 quamobrem?
1789 2165 1925 2232 Quia
1961 2185 2060 2238 pro

478 2260 702 2318 peccato
743 2259 848 2318 est,
896 2253 1094 2323 inquit,
1137 2254 1519 2311 multitudinis.
1554 2255 1692 2329 Ergo
1741 2257 1845 2312 hoc
1883 2260 2060 2314 mani-

477 2341 673 2396 festum
738 2353 827 2398 est
880 2354 936 2399 et
989 2346 1369 2410 indubitabile,
1425 2347 1554 2416 quia
1602 2347 1745 2404 idem
1775 2358 2058 2420 peccatum

475 2433 649 2501 plebis
699 2445 756 2490 et
787 2437 1091 2494 sacerdotis
1138 2440 1488 2506 intellexerit,
1516 2451 1571 2496 et
1596 2453 1884 2513 propterea
1914 2445 2057 2500 idem

473 2523 528 2575 in
573 2534 802 2596 utroque
846 2529 1172 2584 sacriﬁcium
1209 2531 1499 2595 ordinavit,
1547 2549 1616 2588 ne
1673 2533 1803 2602 ipsis
1839 2535 2057 2604 quidem

474 2616 656 2668 verbis
703 2617 975 2684 dividens,
1011 2621 1155 2690 quod
1198 2638 1306 2675 non
1339 2623 1544 2680 faceret
1567 2625 1670 2679 nisi
1700 2624 1884 2694 ﬁgurae
1922 2626 2059 2681 fuis—

473 2715 597 2759 sent
629 2722 690 2760 ea
718 2723 839 2776 quae
867 2719 996 2764 tunc
1025 2712 1345 2779 agebantur.

548 2796 702 2851 Vens.
735 2799 928 2854 22-5l.
966 2820 985 2852 ‹
1025 2805 1078 2856 Si
1129 2805 1439 2872 peccaverit
1482 2805 1734 2876 princeps
1767 2817 1823 2862 et
1868 2807 2060 2864 fecerit

473 2903 642 2940 unum
701 2903 732 2942 e
784 2891 1032 2958 pluribus
1077 2909 1177 2963 per
1217 2894 1598 2966 ignorantiam,
1657 2899 1801 2967 quod
1847 2900 2054 2955 Domini

472 2978 591 3050 lege
637 2981 978 3050 prohibetur,
1031 2994 1086 3039 et
1125 2995 1313 3054 postea
1388 2987 1718 3046 intellexerit
1769 3000 2054 3060 peccatum

2159 513 2285 568 dum
2327 514 2645 567 voluntatem
2698 510 2834 580 ejus,
2870 509 3141 578 vapulabit
3200 509 3398 566 multis.
3427 507 3526 574 Qui
3553 520 3713 566 autem

2159 621 2265 658 non
2315 604 2571 674 cognovit,
2629 611 2677 657 et
2708 618 2810 655 non
2860 602 2978 672 fecit
3027 601 3210 672 digna,
3261 601 3432 672 plagis
3461 603 3715 672 vapulabit

2160 693 2342 763 paucis
2354 693 2421 748 ‘°.
2441 692 2544 747 Sed
2575 691 2701 762 quid
2729 689 3160 761 subjunxit?Cui
3187 691 3372 745 datum
3389 700 3465 745 est
3485 692 3712 762 multum,

2162 781 2383 836 multum
2419 790 2684 852 quwretur
2701 781 2766 834 ab
2796 789 2884 836 e'o:
2909 789 2956 835 et
2982 781 3068 834 cui
3096 781 3354 835 creditum
3379 789 3453 835 est
3484 781 3712 850 multum,

2165 873 2388 928 multum
2412 874 2650 943 exigetur
2687 873 2752 927 ab
2787 873 2924 927 eo".
2957 871 3116 929 Hunc
3145 872 3385 944 intellige
3410 888 3548 938 esse,
3582 876 3715 943 quia

2165 966 2468 1037 legislatore
2489 965 2665 1020 dictus
2695 972 2778 1019 est
2812 965 3090 1035 princeps,
3125 979 3285 1033 quem
3313 964 3394 1020 sic
3439 965 3562 1020 etin
3590 966 3716 1021 libro

2165 1058 2337 1114 Exodi
2373 1057 2625 1122 innuens,
2658 1055 2830 1110 dixit:
2857 1056 2971 1109 Diis
2993 1072 3095 1108 non
3139 1055 3404 1119 detrahas,
3429 1065 3477 1110 et
3506 1057 3717 1126 principi

2164 1149 2344 1218 populi
2380 1149 2457 1202 tui
2479 1165 2540 1202 ne
2580 1148 2989 1202 maledixeris“.
3032 1146 3138 1201 Sed
3179 1155 3234 1202 et
3263 1147 3454 1210 David,
3481 1149 3720 1204 sacerdo-

2165 1251 2270 1307 tes,
2323 1249 2379 1296 et
2413 1240 2650 1304 Scribas,
2693 1247 2749 1295 et
2795 1239 3116 1304 Pharisaeos,
3167 1247 3222 1294 et
3249 1239 3494 1294 seniores
3551 1241 3716 1311 populi

2163 1327 2476 1404 designans,
2513 1333 2588 1388 ait
2621 1350 2634 1386 :
2692 1333 2985 1386 Astiterunt
3024 1347 3170 1402 reges
3205 1341 3379 1397 terra',
3405 1341 3450 1386 et
3479 1327 3718 1402 principes

2165 1435 2508 1482 convenerunt
2556 1426 2611 1479 in
2639 1442 2800 1479 unum
2832 1426 3080 1479 adversus
3130 1423 3433 1487 Dominum,
3473 1434 3520 1478 et
3548 1426 3718 1480 adver-

2164 1537 2253 1574 sus
2305 1519 2567 1573 Christum
2597 1518 2711 1588 ejus
2731 1518 2794 1569 ⁸³.
2850 1517 3013 1587 Atqui
3063 1517 3211 1572 solus
3250 1516 3491 1573 Herodes
3536 1533 3642 1582 rex,
3671 1529 3720 1574 et

2165 1611 2370 1682 Pilatus
2409 1628 2610 1682 praeses
2655 1612 2902 1673 aderant,
2944 1610 3040 1665 sed
3087 1620 3142 1665 et
3167 1626 3323 1680 reges
3348 1619 3403 1666 et
3443 1610 3715 1680 principes,

2167 1700 2304 1756 sicut
2335 1701 2592 1762 diximus,
2631 1699 2942 1754 sacerdotes
2971 1706 3027 1752 et
3060 1696 3284 1752 Scribas
3332 1706 3388 1751 et
3413 1697 3714 1761 l‘harisaeos,

2165 1799 2387 1862 propter
2437 1791 2716 1845 scientiam
2771 1798 2828 1844 et
2875 1788 3270 1843 sublimitatem
3316 1804 3478 1858 quam
3531 1789 3718 1844 habere

2162 1882 2515 1942 videbantur.
2557 1881 2625 1936 ad
2673 1881 3180 1951 interpretationem
3240 1880 3375 1951 legis
3426 1880 3717 1950 appellavit.

2162 1973 2261 2030 llic
2314 1991 2442 2044 ergo
2497 1974 2540 2028 si
2600 1974 2930 2044 peccaverit,
2987 1973 3202 2027 hircum
3265 1972 3478 2027 oll‘eret.
3527 1971 3720 2042 Siquis

2160 2074 2340 2120 autem
2385 2066 2452 2120 de
2492 2065 2713 2135 populo,
2745 2063 2878 2118 dicit
2917 2070 3100 2117 autem
3134 2063 3384 2128 idiotam,
3422 2063 3533 2118 sive
3569 2078 3723 2133 popul-

2160 2155 2351 2217 larem,
2403 2170 2516 2208 non
2549 2169 2674 2208 eum
2705 2152 2798 2222 qui
2830 2160 2978 2207 sorte
3007 2152 3313 2206 distinctus
3334 2161 3436 2214 est,
3471 2153 3537 2208 ad
3566 2153 3722 2206 medi,

2160 2248 2382 2302 tandam
2430 2247 2622 2317 legem,
2662 2261 2785 2300 nam
2834 2255 2890 2299 et
2931 2245 3018 2298 hic
3055 2245 3246 2314 utique
3287 2245 3534 2314 princeps
3562 2243 3721 2297 nomi-

2159 2345 2412 2400 naretur,
2462 2336 2553 2404 qui
2600 2350 2700 2405 pro
2760 2334 2954 2388 minori
3013 2342 3235 2403 peccato
3295 2332 3722 2402 capramoﬂ‘erre

2159 2426 2489 2498 praecipitur,
2537 2424 2994 2495 quemadmodum
3041 2424 3126 2478 ille
3173 2423 3416 2488 h'rt-um,
3465 2423 3550 2483 hic
3591 2422 3724 2479 lenti-

2157 2534 2308 2583 nam,
2341 2519 2428 2572 ille
2464 2532 2686 2571 marem.
2736 2515 3082 2571 Pmnitentize
3112 2515 3325 2586 quippe
3358 2516 3566 2585 utrique
3593 2515 3723 2569 indi-

2159 2618 2309 2680 gent,
2346 2617 2401 2664 et
2435 2608 2524 2662 ille
2553 2607 2770 2677 quidem
2813 2607 3098 2676 majorem,
3129 2607 3222 2675 qui
3274 2608 3568 2662 masculum
3597 2606 3720 2660 olle.

2159 2707 2265 2764 ret,
2327 2699 2595 2753 minorem
2655 2709 2836 2754 autem
2891 2699 2982 2768 qui
3043 2698 3358 2754 feminam:
3420 2715 3539 2754 cum
3591 2699 3720 2754 enim

2161 2791 2324 2846 unius
2353 2791 2424 2845 sit
2448 2795 2680 2863 generis,
2710 2801 2897 2850 tamen
2917 2790 3060 2859 qttod
3095 2790 3287 2850 minus
3318 2800 3421 2854 est,
3453 2790 3504 2845 in
3541 2790 3719 2844 femina

2160 2885 2393 2955 positum
2438 2892 2542 2949 est,
2589 2883 2844 2952 quoniam
2917 2883 3190 2937 masculus
3257 2893 3426 2955 caput
3482 2885 3720 2939 uniuscu-

2156 2979 2352 3048 jusque
2377 2976 2592 3046 generis
2608 2983 2852 3044 putatur.
2886 2973 3367 3040 Quemadmodum
3391 2992 3516 3048 ergo
3538 2975 3720 3031 oblatio

472 3085 652 3134 ειιιιηι,
717 3071 912 3128 onere;
963 3075 1196 3129 hostiam
1235 3075 1484 3142 Domino,
1534 3079 1745 3133 hircum
1774 3080 1844 3136 de
1880 3083 2059 3152 capris
2085 3094 2126 3147 ρ
2161 3085 2334 3140 caprae
2385 3066 2719 3123 sacriﬁcium
2754 3082 2851 3135 pro
2897 3066 3335 3137 peccatosignat,
3368 3067 3446 3122 sic
3469 3067 3640 3123 hircus
3672 3076 3720 3120 et

473 3159 901 3226 immaculatum,
942 3174 1216 3234 ponetque
1245 3182 1467 3222 manum
1499 3183 1653 3225 suam
1701 3186 1866 3240 super
1890 3183 2054 3243 caput

473 3249 613 3314 ejus.
673 3251 918 3322 Cumque
967 3253 1331 3311 immolaverit
1381 3273 1506 3313 eum
1556 3259 1611 3314 in
1649 3260 1770 3315 loco
1796 3263 1887 3316 ubi
1916 3265 2056 3318 solet

475 3341 695 3394 mactari
725 3341 1096 3398 holocaustum
1123 3360 1305 3399 coram
1354 3346 1601 3408 Domino.
1653 3349 1780 3418 quia
1810 3365 1909 3419 pro
1937 3366 2057 3418 pec-

475 3439 597 3484 cato
620 3441 720 3494 est,
749 3435 918 3504 tinget
947 3436 1201 3490 sacerdos
1227 3437 1456 3508 digitum
1489 3439 1542 3492 in
1561 3440 1828 3510 sanguine
1861 3441 2055 3498 hostiae

476 3537 574 3590 pro
620 3535 865 3593 peccato,
907 3535 1135 3598 tangens
1164 3544 1367 3584 cornua
1405 3530 1591 3586 altaris
1634 3533 1963 3596 holocausti,
1999 3547 2056 3591 et

477 3615 746 3685 reliquum
818 3617 1052 3674 fundens
1103 3619 1171 3674 ad
1219 3621 1389 3676 basim
1450 3623 1589 3690 ejus.
1646 3623 1870 3694 Adipem
1923 3643 2055 3680 vero

474 3703 716 3761 adolebit
760 3723 943 3778 supra,
989 3709 1131 3764 sicut
1176 3710 1229 3764 in
1281 3712 1510 3768 victimis
1558 3714 1906 3783 paciﬁcorum
1940 3717 2054 3772 ﬁeri

475 3799 633 3865 solet,
693 3803 1010 3873 rogabitque
1065 3819 1165 3873 pro
1193 3820 1260 3858 eo
1302 3812 1355 3859 et
1413 3822 1508 3874 pro
1567 3815 1788 3876 peccato
1819 3809 1958 3878 ejus,
1991 3827 2056 3866 ac

474 3892 779 3947 dimittetur
839 3896 909 3949 ei.
946 3894 1101 3962 Quod
1132 3896 1176 3951 si
1210 3897 1514 3966 peccaverit
1539 3898 1719 3953 anima
1750 3915 1849 3969 per
1898 3900 2054 3972 igno-

472 3985 707 4040 rantiam
756 3987 824 4041 de
872 3988 1070 4058 popqu
1128 3997 1305 4054 terrm,
1348 3998 1408 4045 ut
1459 3990 1622 4045 faciat
1661 3992 1955 4062 quidquam
1988 4010 2053 4049 ex

475 4073 558 4128 his
601 4091 722 4143 quae
755 4074 964 4130 Domini
992 4079 1109 4149 lcge
1141 4078 1519 4149 prohibentur,
1554 4089 1716 4148 atque
1750 4081 2051 4151 delinquat,

470 4177 526 4220 et
567 4171 887 4237 cognoverit
933 4180 1213 4239 peccatum
1250 4188 1430 4238 suum,
1485 4171 1678 4226 offeret
1698 4187 1915 4241 capram
1948 4174 2053 4228 im-

472 4261 818 4325 maculatum,
860 4273 1134 4333 ponetque
1173 4281 1393 4318 manum
1434 4281 1600 4332 super
1651 4274 1815 4334 caput
1861 4265 2052 4322 hostia:

469 4366 590 4419 quae
651 4368 748 4420 pro
795 4365 1020 4421 peccato
1066 4364 1170 4419 est,
1202 4364 1258 4410 et
1317 4357 1622 4411 immolabit
1666 4373 1785 4413 eam
1825 4358 1880 4412 in
1929 4359 2050 4414 loco

2155 3178 2337 3230 capra,
2377 3174 2499 3213 cum
2532 3159 2646 3212 haec
2667 3158 2738 3213 sit
2765 3158 3010 3212 feminini
3045 3158 3288 3228 generis,
3321 3159 3502 3214 hircus
3532 3174 3719 3215 mascuv

2154 3250 2269 3312 lini.
2298 3248 2548 3302 sacriﬁcii
2579 3248 3009 3315 interpretantur
3038 3246 3144 3301 vim
3171 3264 3186 3314 ;
3219 3263 3338 3302 non
3369 3249 3510 3303 enim
3542 3247 3718 3303 frustra

2157 3341 2259 3394 hoc
2306 3341 2576 3410 legislator
2633 3338 2896 3402 intendit,
2944 3338 3036 3393 sed
3084 3338 3210 3408 quia
3265 3341 3452 3396 hircus
3475 3348 3529 3395 et
3556 3355 3716 3410 capra.

2159 3432 2268 3486 llac
2291 3441 2472 3485 autem
2493 3429 2847 3501 Septuaginta
2870 3429 2923 3484 in
2955 3429 3144 3487 Graaco
3169 3431 3252 3486 sic
3280 3433 3467 3497 edunt,
3492 3441 3550 3488 ut
3574 3432 3721 3504 χίμαο

2157 3540 2250 3594 ρον
2288 3533 2341 3578 et
2370 3524 2638 3593 χίμαιραν
2671 3523 2857 3578 dicant
2899 3521 3082 3577 ollerri
3126 3523 3356 3592 debere,
3387 3525 3528 3596 quod
3563 3522 3717 3580 Latini

2155 3632 2218 3669 ex
2256 3615 2446 3669 eadem
2478 3613 2716 3668 editione
2749 3613 3089 3684 interpretati
3131 3623 3288 3681 sunt,
3317 3617 3526 3672 haedum
3559 3633 3618 3672 ex
3639 3631 3719 3671 ca-

2113 3720 2118 3725 ‘
2158 3709 2269 3778 pris
2298 3707 2620 3769 masculum,
2651 3717 2705 3761 et
2737 3722 2955 3777 capram
2988 3707 3056 3762 de
3080 3708 3252 3764 haedis
3282 3710 3546 3766 femellam
3576 3708 3719 3781 χίμα-

2157 3818 2249 3870 po;
2304 3812 2487 3854 autem
2532 3811 2587 3854 et
2633 3799 2868 3871 χίμαιρα
2917 3799 3070 3856 fetus.
3118 3815 3413 3871 caprarum
3454 3813 3577 3858 sunt
3617 3818 3716 3872 χει-

2159 3892 2390 3963 μερίνοι,
2414 3891 2467 3946 id
2491 3900 2592 3957 est,
2619 3893 2712 3961 qui
2737 3891 2881 3948 circa
2923 3899 3143 3962 tempus
3172 3892 3376 3951 hiemis
3417 3903 3714 3953 nascuntur,

2155 3996 2280 4035 nam
2340 3981 2421 4035 bis
2477 3996 2576 4051 per
2615 3995 2819 4037 annum
2875 3980 3054 4051 capris
3101 3982 3467 4052 parientibus,
3518 3985 3714 4056 quidam

2155 4074 2297 4130 fetus
2327 4081 2571 4143 tempore
2606 4072 2821 4138 hiemis,
2856 4075 3078 4144 quidam
3107 4085 3295 4132 autem
3337 4079 3539 4135 aestatis
3571 4093 3714 4149 gene-

2155 4175 2365 4218 rantur.
2391 4163 2528 4218 Cum
2559 4179 2686 4234 ergo
2715 4164 2832 4219 haec
2860 4164 2934 4218 ita
2959 4181 3017 4220 se
3045 4166 3308 4235 habeant,
3356 4187 3452 4240 per
3503 4169 3712 4224 hiemem

2156 4255 2424 4310 tristitiam
2474 4255 2809 4325 pmnitcntite
2857 4256 3052 4321 docet,
3101 4259 3158 4314 in
3213 4261 3490 4317 tristitiam
3537 4261 3714 4330 quippe

2155 4346 2246 4402 hic
2294 4356 2350 4401 et
2396 4346 2524 4400 ﬁetu
2556 4345 2695 4401 ﬁlios
2720 4355 2965 4418 generat,
3005 4350 3098 4405 sed
3135 4360 3320 4408 tamen
3351 4354 3442 4408 ﬁlii
3473 4353 3587 4422 ejus
3619 4365 3712 4404 non

472 4442 788 4498 holocausti.
820 4445 1103 4516 Tolletquc
1125 4447 1379 4501 sacerdos
1407 4449 1473 4502 de
1500 4448 1761 4517 sanguine
1796 4450 1848 4502 in
1884 4451 2049 4521 digito

2158 4446 2284 4490 sunt
2314 4452 2343 4489 a
2373 4435 2640 4509 sacriﬁcio
2692 4437 2991 4506 reprobati.
3043 4438 3201 4496 Unde
3243 4443 3497 4497 existimo
3529 4441 3709 4502 btetlos.

468 4550 588 4596 suo,
626 4546 682 4591 et
715 4537 926 4608 tingens
962 4555 1166 4593 cornua
1198 4539 1402 4600 altaris,
1448 4539 1714 4609 reliquum
1749 4541 1940 4597 fundet
1979 4544 2044 4599 ad

468 4627 639 4682 basim
676 4631 816 4698 ejus.
861 4629 1088 4686 Omnem
1117 4641 1298 4686 autem
1332 4632 1588 4686 auferens
1614 4635 1848 4704 adipem,
1883 4638 2044 4692 sicuti

467 4719 668 4772 auferri
698 4721 835 4774 solet
853 4721 920 4775 de
939 4722 1174 4778 victimis
1209 4723 1586 4791 paciﬁcorum,
1615 4725 1845 4780 adolebit
1877 4743 2045 4798 super

469 4808 636 4862 altare
659 4809 714 4862 in
743 4812 967 4866 odorem
993 4814 1274 4868 suavitatis
1300 4815 1548 4879 Domino,
1599 4819 1913 4889 mgahitque
1949 4837 2045 4891 pro

387 4949 392 4952 .
467 4912 556 4963 eo,
587 4907 644 4952 et
662 4898 967 4956 dimittetur
994 4903 1063 4958 ei.
1102 4922 1122 4954 ι

540 4987 1006 5052 Quemadmodum
1067 4993 1122 5048 in
1167 4997 1484 5065 spontaneis
1541 4998 1843 5057 sacriﬁciis.
1889 5001 2045 5056 diﬁ‘e-

469 5079 670 5134 reutias
719 5081 769 5134 in
824 5087 1328 5144 conversationibus
1373 5100 1430 5144 ct
1469 5092 1875 5147 conditionibus
1921 5095 2046 5149 vitae

466 5171 813 5229 ollerentinm
850 5177 1141 5242 ordinavit,
1172 5181 1241 5233 ita
1273 5198 1462 5236 rursus
1485 5199 1582 5252 pro
1617 5186 1855 5252 peccatis
1877 5187 2043 5241 sacri-

468 5262 583 5315 ﬁcia
614 5267 838 5334 aequalia
863 5283 985 5324 esse
1008 5273 1240 5336 peccatis
1261 5273 1438 5342 jubet,
1466 5291 1698 5344 quorum
1733 5277 2048 5346 magnitudo

467 5370 572 5409 non
626 5357 800 5410 solum
867 5374 932 5412 ex
996 5362 1211 5416 actione
1267 5365 1496 5432 peccati,
1557 5365 1652 5419 sed
1717 5382 1780 5419 ex
1817 5382 2044 5434 persona

467 5447 804 5513 tmecautium
832 5453 1092 5520 ponitur:
1127 5464 1180 5509 et
1213 5455 1374 5509 nimis
1405 5465 1572 5516 recte,
1624 5457 1835 5525 quia'ct
1865 5458 2040 5512 Domi-
2092 5478 2098 5484 ·

467 5547 570 5585 nus
615 5537 875 5603 apostolis
930 5539 1096 5594 dixit:
1159 5540 1348 5595 Servus
1377 5559 1683 5611 cognoscens
1727 5544 2044 5600 voluntatem

2151 4529 2202 4584 id
2231 4539 2313 4584 est
2332 4530 2600 4600 χιμάρους
2626 4530 2825 4586 offerre
2851 4532 3201 4601 ptenitentes,
3238 4544 3427 4606 utpote
3471 4534 3710 4589 Πιιςῑιιευιο

2153 4632 2253 4687 tes,
2297 4621 2571 4691 pra-cepit,
2608 4632 2664 4676 et
2711 4631 2769 4677 ut
2810 4625 2900 4693 qui
2957 4625 3367 4683 diversitalibus
3408 4628 3658 4682 undarum
3686 4637 3710 4675 a

2149 4715 2386 4783 peccatis
2423 4729 2480 4767 se
2512 4714 2841 4784 erigentibus
2892 4729 3277 4789 repugnantes,
3309 4718 3714 4775 misericorditer

2148 4807 2462 4860 omnimodo
2512 4808 2886 4862 salvabuntnr.
2948 4811 3003 4864 Si
3052 4812 3200 4864 enim
3267 4818 3620 4882 permaneant
3667 4806 3712 4859 in

2155 4900 2492 4970 pmnitcntia,
2535 4909 2588 4954 et
2619 4915 2725 4953 non
2773 4900 3088 4970 desperent,
3133 4904 3284 4959 velut
3317 4905 3372 4958 in
3407 4908 3712 4972 tempestate

2155 4991 2524 5060 relnquentcs
2567 4990 2722 5046 navis
2761 4992 2955 5045 animm
2981 4993 3367 5062 gubernacula,
3414 4993 3708 5048 liberabun-

2153 5091 2272 5148 tur;
2305 5083 2546 5137 siautem
2574 5084 3004 5154 desperaverim,
3027 5084 3483 5153 quemadmodum
3506 5080 3707 5152 quidam

2151 5177 2558 5245 gubernatores,
2616 5177 2695 5231 vel
2756 5185 2932 5231 nauta:
2987 5175 3186 5243 pavidi,
3244 5175 3425 5230 statim
3455 5178 3706 5242 pereunt;

2152 5284 2274 5321 nam
2310 5279 2364 5321 et.
2396 5269 2654 5322 Dominus
2693 5268 2867 5322 dixit:
2918 5266 3079 5322 Orate
3120 5284 3181 5320 ne
3235 5266 3331 5334 ﬁat
3378 5266 3502 5337 fuga
3553 5268 3706 5315 vestra

2147 5359 2315 5412 hieme
2370 5360 2448 5412 vel
2470 5359 2699 5415 Subbato
2721 5359 2766 5391 ⁸¹⁵
2800 5378 2815 5425 ;
2847 5361 3080 5416 hiemem
3131 5370 3345 5429 tempus
3391 5351 3706 5426 ρωηὶιοιιιῐςε

2148 5453 2354 5512 dicens,
2405 5452 2698 5506 Sabbatum
2736 5467 2863 5504 vero
2899 5451 3066 5504 otium
3097 5451 3311 5512 animae,
3356 5457 3517 5515 atque
3549 5442 3707 5496 virtu—

2151 5555 2260 5598 tum
2301 5543 2660 5598 cessationem
2706 5541 3059 5613 intelligens:
3115 5541 3183 5596 ad
3236 5538 3402 5594 otium
3452 5531 3704 5604 siquidem

537 5667 583 5746 ς
617 5667 805 5746 Matth.
838 5689 985 5746 xxvt.
1016 5675 1122 5738 ὕες
1173 5677 1330 5731 Joan.
1367 5694 1519 5744 xvttt,
1559 5681 1644 5734 ll.
1722 5681 1764 5712 ⁷⁸
1801 5679 1958 5736 llom.
1991 5698 2049 5737 ttt

2157 5710 2177 5736 ν.
2254 5684 2295 5713 ⁷⁹
2329 5682 2463 5738 Luc.
2500 5696 2650 5746 χχιιι,
2694 5679 2781 5734 δι.
2859 5681 2902 5712 ⁸ο
2935 5679 3063 5735 Luc.
3104 5695 3198 5746 χιι,
3229 5677 3314 5744 47,
3348 5674 3435 5731 ιε.
3511 5668 3554 5700 ⁸¹
3582 5662 3698 5722 ibid.

477 5727 521 5762 "
541 5737 710 5792 Exod.
775 5758 903 5808 χχιι,
947 5727 1085 5800 ξδξῤ
1110 5727 1158 5778 ³³
1359 5727 1519 5814 it,
1566 5727 2173 5819 ’33'Blttttliiwx'xt-v,’illi
