3942 6424
222 378 326 437 8ἓῖ

1398 379 1480 440 IN
1510 377 1952 443 LEVITICUM.
1984 404 2051 414 —
2090 381 2240 444 LIB.
2281 382 2332 442 Ι.

3392 373 3506 437 830

221 502 385 563 alque
427 506 460 546 a
504 490 659 546 malis
718 490 1060 546 vacationem
1111 492 1297 547 datum
1337 500 1421 546 est
1440 487 1739 547 Sabbatum
1782 507 1796 543 :
1831 498 1874 551 Α
1903 490 2106 546 sarium
2163 492 2453 554 habemus.
2516 497 2740 561 propter
2800 487 2949 558 quod
2995 495 3054 543 et
3104 485 3242 542 dixit
3287 485 3497 544 David:

223 582 317 639 sed
372 579 685 637 Judzeorum
731 595 864 652 gens
900 597 932 636 e
971 580 1188 636 diverso
1225 579 1332 636 hoc
1360 563 1587 635 usa‘cst.
1638 577 1816 635 Grave

222 686 407 732 autem
453 684 539 730 est
571 675 626 729 in
665 682 910 743 tempore
940 687 1053 742 quo
1090 671 1401 729 necessaria
1429 679 1515 726 est
1538 669 1816 741 paeniten-

222 771 319 835 tia,
350 777 409 824 et
433 766 609 823 multo
637 764 854 838 gravius
901 780 1011 834 quo
1036 771 1195 821 vacat
1226 762 1295 818 ab
1331 762 1588 817 omnibus
1613 758 1800 830 operi-

223 866 350 925 bus.
400 874 731 932 quemquam
785 856 982 915 tentari
1032 855 1119 912 vel
1167 854 1612 925 persecutionem
1658 851 1816 923 pati:

225 955 373 1011 unde
425 951 593 1008 etiam
639 949 784 1004 sicut
831 948 1093 1015 magorem
1123 961 1252 1001 eum
1291 947 1383 1016 qui
1421 944 1659 999 Sahbato
1692 958 1819 1012 per-

223 1045 566 1102 secutionem
622 1041 848 1112 patitur,
900 1038 1259 1103 novissimum
1311 1037 1641 1091 numeravit.
1680 1032 1819 1100 Quia

224 1150 356 1204 ergo
402 1140 462 1187 et
499 1130 660 1196 hirci,
706 1129 793 1184 vel
837 1144 1038 1198 caprae,
1085 1128 1201 1183 sive
1245 1127 1384 1182 lncdi
1438 1126 1720 1184 virtutem.
1765 1132 1821 1182 et

226 1222 552 1283 diﬂ'ercntim
604 1219 997 1277 sacriﬁciorum
1051 1217 1272 1273 modum
1331 1217 1645 1283 didicimus,
1705 1216 1816 1286 jam

227 1317 513 1373 videamus
547 1329 670 1385 quae
700 1313 755 1367 in
787 1321 1018 1382 utroque
1068 1320 1306 1380 aguntur
1339 1308 1630 1373 sacriﬁcio,
1667 1324 1820 1363 com-

226 1409 416 1467 munia
462 1407 611 1462 enim
661 1415 812 1469 sunt,
862 1405 1120 1474 quoniam
1178 1386 1532 1473 poenitentiae
1572 1400 1698 1455 ﬁnis
1764 1408 1821 1453 et

224 1501 499 1574 generalis
550 1498 799 1562 eﬁ‘ectus,
839 1503 1186 1568 peccatorum
1218 1492 1471 1548 remissio
1498 1499 1609 1557 est,
1652 1506 1818 1562 quam

225 1601 419 1666 aperte
460 1590 740 1664 legislator
771 1588 958 1660 posuit
992 1586 1216 1643 dicens:

295 1684 452 1751 Quod
481 1684 528 1738 si
561 1680 854 1751 peccaverit
892 1679 1077 1733 anima
1106 1693 1201 1747 per
1234 1675 1595 1748 ignorantiam
1626 1674 1690 1728 de
1719 1690 1815 1744 po-

225 1779 353 1851 pulo
402 1787 581 1840 terra,
635 1782 692 1829 ut
742 1773 906 1845 faciat
933 1770 1223 1842 quidquam
1260 1784 1325 1822 ea:
1354 1768 1435 1822 his
1465 1781 1583 1838 qua:
1606 1765 1820 1819 Domini

1918 579 2200 637 Peccatum
2257 599 2430 637 meum
2479 582 2745 651 cognitum
2783 578 2877 633 tibi
2930 578 3068 647 feci,
3122 585 3172 630 et
3208 576 3508 645 injustitias

1919 684 2059 727 meas
2090 689 2193 727 non
2225 673 2430 743 operui.
2490 670 2614 725 Dixi
2639 666 3040 724 :Pronuntiabo
3072 666 3370 719 .adversum
3421 678 3511 718 mc

1919 765 2233 832 injustitiam
2314 781 2488 820 meam
2528 762 2775 827 Domino,
2812 768 2861 813 et
2919 766 2977 812 tu
3029 756 3280 813 remisisti
3304 755 3509 825 iniqui-

1921 862 2082 908 tatem
2110 854 2279 908 cordis
2324 853 2513 906 mei".
2573 849 2866 920 Propterea
2912 845 3001 900 hic
3045 842 3322 916 legislator
3355 841 3505 895 intu-

1920 947 1981 1006 lit
2013 966 2027 1002 :

1995 1041 2059 1095 Et
2093 1040 2257 1101 tollet,
2289 1047 2336 1092 et
2367 1045 2518 1107 ponet
2541 1033 2782 1088 sacerdos
2804 1029 3113 1099 sanguinem
3168 1023 3375 1093 peccati
3419 1022 3510 1075 di-

1920 1133 2029 1203 gito
2101 1146 2260 1200 super
2326 1143 2521 1182 cornua
2576 1122 2771 1178 attaris
2827 1108 3319 1174 Iiolocautomatis.‘
3350 1111 3509 1179 Quod

1922 1221 2280 1291 Hieronymus
2319 1217 2482 1273 simili
2537 1231 2703 1272 sensu
2754 1212 2929 1268 edidit
2976 1211 3210 1266 dicens:
3243 1206 3512 1274 Toltetque

1919 1312 2165 1367 sacerdos
2203 1311 2267 1364 de
2287 1310 2542 1381 sanguine
2582 1307 2746 1377 digito
2773 1321 2868 1359 suo
2898 1311 3114 1373 tangens
3143 1313 3341 1354 cornua
3367 1294 3511 1349 alta-

1922 1401 2017 1454 ris.
2082 1397 2413 1468 Sanguinem
2466 1403 2649 1449 autem
2697 1391 2907 1463 peccati
2940 1388 3253 1459 appellavit,
3285 1383 3379 1455 qui
3408 1397 3510 1454 pro

1920 1490 2158 1562 peccatis
2204 1487 2453 1542 oﬁ'ertur.
2514 1484 2687 1562 llujus
2723 1481 2994 1552 primitias
3042 1477 3302 1534 sacerdos
3347 1473 3514 1529 Chri—

1922 1556 2042 1636 stus
2090 1594 2261 1648 super
2302 1590 2509 1632 cornua
2554 1556 2745 1629 altaiis
2781 1565 3239 1627 bolocautomatis
3291 1563 3513 1625 otl‘eret.

1921 1670 2177 1727 videlicet
2208 1683 2376 1739 super
2412 1680 2633 1722 crucem
2664 1677 2852 1728 suam;
2888 1660 2934 1715 si
2973 1658 3124 1714 enim
3152 1656 3326 1710 altare
3357 1652 3516 1708 bolo.

1921 1758 2249 1816 cautomatis
2311 1755 2525 1812 Domini
2555 1768 2758 1824 corpus
2785 1760 2892 1815 est,
2921 1748 3090 1817 hujus
3118 1743 3315 1816 procul
3350 1741 3520 1797 dubio

226 1828 337 1943 iege
373 1828 891 1941 prohibentur.'Non
938 1828 1088 1919 dicit.
1118 1861 1284 1932 quod,
1315 1859 1443 1931 quia
1478 1828 1536 1913 in
1571 1857 1820 1928 quolibet
1852 1831 1892 1886 Β
1923 1862 2129 1903 cornua
2168 1859 2302 1900 crux
2347 1843 2476 1905 erit,
2537 1841 2607 1895 de
2643 1854 2748 1909 qua
2778 1837 3033 1893 Habacuc
3089 1833 3264 1889 dixit:
3299 1828 3520 1885 Cornua

228 1962 620 2034 praevaricatus
647 1957 770 2030 quis
808 1955 996 2021 fuerit,
1031 1954 1085 2009 in
1116 1962 1284 2010 totam
1327 1953 1500 2024 legem
1524 1950 1815 2020 delinquit,

228 2057 374 2112 sicut
402 2055 599 2109 beatus
622 2050 791 2107 Jacob
822 2049 930 2104 ait:
966 2046 1275 2118 Quicunque
1319 2054 1487 2099 totam
1523 2043 1690 2114 legem
1714 2058 1823 2097 ser-

228 2147 455 2210 uaverit,
496 2143 767 2215 oﬂ'enderit
822 2150 1001 2195 autem
1030 2141 1086 2193 in
1123 2155 1248 2204 uno,
1279 2138 1513 2192 omnium
1551 2152 1670 2190 reus
1694 2152 1821 2189 con-

228 2238 566 2295 stituetur".
605 2235 712 2291 Sed
745 2242 801 2289 et
828 2232 933 2289 hoc
972 2230 1117 2303 quod
1158 2230 1363 2285 dictum
1397 2236 1501 2293 est,
1539 2243 1636 2298 per
1666 2227 1822 2298 igno-

232 2333 491 2398 rantiam,
519 2330 624 2395 vel,
668 2327 811 2403 sicut
864 2324 1238 2395 Septuaginta.
1294 2337 1403 2375 non
1467 2320 1679 2391 volens,
1737 2320 1816 2375 in-

232 2440 440 2499 gruens
496 2424 685 2494 iugum
757 2416 1138 2491 peccatoribus
1201 2412 1480 2469 servitutis
1541 2411 1824 2466 diabolica:

233 2519 599 2579 demonstrat,
651 2512 796 2582 quod
848 2509 951 2566 sibi
1002 2507 1105 2577 ipsi
1159 2506 1227 2561 ad
1281 2505 1482 2559 malum
1542 2513 1826 2574 vergentes

235 2607 762 2681 superinduxerunt,
805 2601 950 2657 sicut
992 2599 1156 2655 Isaias
1187 2597 1304 2654 ait:
1360 2593 1448 2649 Va:
1479 2595 1569 2665 qui
1610 2594 1827 2647 tralmnt

236 2709 455 2771 peccata
487 2707 544 2752 ut
573 2697 774 2751 tristem
794 2694 1025 2764 longam,
1055 2699 1104 2745 et
1133 2691 1268 2749 sicut
1301 2689 1476 2759 funem
1507 2686 1628 2756 jugi
1659 2699 1830 2739 vacca:

237 2788 654 2864 iniquitatem”,
685 2802 796 2857 quo
818 2783 1038 2856 quidam
1086 2779 1286 2851 captivi
1317 2791 1373 2833 et
1409 2777 1563 2831 inviti
1597 2777 1830 2835 trahun-

240 2898 349 2942 tur.
373 2884 483 2940 Sed
520 2883 564 2938 si
605 2881 671 2936 ad
716 2894 904 2936 sanam
946 2882 1291 2931 revertantur
1333 2880 1595 2933 mentem,
1629 2885 1656 2923 a
1698 2867 1828 2923 resti

1923 1943 2044 1991 sunt
2097 1934 2153 1988 in
2196 1931 2437 1986 manibus
2452 1928 2645 1997 ejus".
2683 1924 2888 1980 Oﬁ‘eret
2912 1937 3078 1992 super
3102 1935 3259 1976 suam
3298 1930 3518 1973 crucem

1928 2025 2196 2098 primitias
2229 2019 2543 2077 necessario
2565 2018 2649 2073 sui
2680 2015 2985 2088 sanguinis.
3037 2011 3131 2081 qui
3158 2026 3258 2081 pro
3292 2013 3520 2080 peccato

1926 2119 2204 2177 oﬁ‘ertur:
2259 2113 2389 2183 quia
2433 2125 2571 2180 opus
2622 2108 2805 2163 crucis
2862 2115 2920 2163 et
2976 2103 3229 2165 effectus,
3278 2098 3524 2170 perfecta

1929 2218 2277 2284 peccatorum
2318 2212 2633 2260 nostrorum
2692 2198 2958 2269 remissio,
2988 2203 3096 2252 est.
3132 2190 3291 2259 Quod
3335 2198 3523 2246 autem

1929 2304 2060 2360 dicit
2083 2318 2098 2355 :

2004 2393 2279 2464 Reliquum
2344 2386 2657 2460 sanguinem
2695 2381 2876 2452 fundet
2923 2378 2994 2432 ad
3022 2375 3193 2431 basim
3222 2372 3337 2442 ejus
3360 2410 3377 2435 ,
3407 2384 3527 2425 om-

1931 2502 2057 2543 nem
2102 2460 2480 2555 p‘mnitentiam
2517 2474 2849 2547 evangelicae
2897 2468 3091 2526 tribuit
3126 2460 3525 2539 praedicationi,

1932 2594 2095 2651 quam
2125 2590 2248 2632 esse
2271 2573 2443 2629 basim
2468 2569 2655 2625 altaris
2678 2566 2940 2622 diximus.
2981 2560 3152 2616 Recte
3179 2563 3364 2612 autem
3398 2566 3519 2624 poe-

1934 2646 2221 2728 nitentiam
2268 2679 2487 2722 omnem
2536 2658 2852 2731 apostolicae
2882 2650 3257 2726 prmdicationi
3285 2646 3522 2702 tribuit:

242 2917 483 2942 ιυιοπυ
521 2917 564 2938 οι
605 2917 671 2936 slu
716 2917 904 2936 ous-vu-
946 2917 1279 2931 -υ-ν---η--υ
1334 2917 1595 2933 .......--..-,
1630 2917 1656 2923 ,η
1700 2917 1828 2923 _____
1939 2917 1954 2928 _

240 2980 346 3035 hac
377 2979 498 3035 sive
559 2975 691 3045 iugo
734 2970 916 3029 statim
963 2967 1300 3022 relaxantur.
1357 2961 1512 3028 Quod
1546 2952 1835 3030 'quomodo
1939 2950 2386 3022 primamﬂocem
2411 2938 2558 2994 illam
2587 2933 2849 2989 θοιιιίηυε
2877 2926 3127 2999 Ρτονίάυῑ
3153 2922 3207 2977 in
3238 2917 3530 3045 Ενίιηεθξο

1958 3041 1971 3045 _
2163 3037 2176 3045 .
2386 3030 2425 3045 ﬁ
2515 3028 2549 3045 ο.
2570 3026 2753 3045 -,_.!_...
2841 3019 2978 3045 -..ἔβη
3090 3010 3452 3045 ηλιιιοληῖκηηη
3491 3008 3530 3045 ὅι

240 3080 337 3127 aut
379 3067 601 3140 quando
634 3066 712 3129 ﬁt,
750 3061 1024 3135 legislator
1068 3055 1328 3119 ostendit,

241 3164 363 3237 ipse
417 3162 513 3233 qui
573 3157 837 3231 peccavit,
920 3159 1207 3224 peccatum
1260 3162 1419 3205 suum
1469 3146 1908 3242 cognoverit:c

240 3226 617 3331 neque-enim
665 3252 825 3307 aliter
869 3245 1248 3318 paenitentiam
1294 3256 1456 3315 agere
1497 3246 1699 3312 potest,
1729 3237 1837 3293 nisi
1865 3226 1908 3242 “”
1939 3226 2056 3285 niss

242 3299 541 3422 ὤθει-ιι
587 3299 895 3417 peccatumr
921 3353 1107 3395 suum.
1156 3299 1526 3390 Tuucuenitn
1584 3299 1841 3402 princeps

1950 3320 2236 3377 peccatores
2288 3304 2358 3359 ad
2407 3299 2596 3372 partite

246 3445 484 3508 hircum,
538 3439 655 3495 sive
693 3435 956 3507 χίμαρον,
1001 3431 1048 3487 is
1078 3438 1260 3486 autem
1309 3426 1403 3499 qui
1451 3426 1520 3481 de
1553 3424 1709 3480 turba
1731 3431 1838 3488 est,

245 3535 443 3592 oderat
465 3545 709 3603 capram,
752 3526 868 3583 sive
919 3522 1185 3595 χίμαιραν
1217 3536 1232 3551 ’
1267 3517 1620 3574 immaculata
1656 3524 1841 3571 autem

250 3638 506 3697 utraque,
556 3616 958 3676 immaculatam
1003 3610 1275 3682 siquidem
1318 3614 1539 3679 Oportet
1564 3619 1688 3661 esse
1721 3618 1843 3674 ραις

249 3680 564 3776 uitetitiain.
598 3711 734 3779 Qua:
775 3717 959 3764 autem
1001 3680 1122 3774 ejus
1156 3710 1244 3757 est
1279 3697 1536 3755 macula?
1579 3694 1847 3751 Videlicet

1950 3680 2091 3736 rium
2143 3686 2366 3731 sursum
2420 3683 2480 3723 re

252 3813 297 3868 si
318 3814 547 3884 peccato
569 3801 953 3873 compatiatur,
974 3796 1059 3852 vel
1085 3794 1294 3853 amicus
1311 3792 1389 3847 sit
1409 3790 1709 3860 pmnitens,
1738 3800 1843 3858 pro

1089 3892 1310 3957 Oportet
1367 3883 1516 3938 enim
1567 3894 1691 3935 eum
1720 3893 1848 3950 per-

254 3920 366 3976 quo
425 3898 541 3973 agit
587 3891 970 3969 paenitentiam
1017 3906 1031 3942 :

1381 3019 1431 3109 id
1464 3019 1594 3114 est:
1617 3051 1836 3122 quando
1941 3019 2319 3097 doctoralem:
2380 3026 2757 3086 Pwuitentiam
2835 3019 3001 3091 agite,

3086 3007 3534 3087 appropinquabit

1943 3132 2083 3187 enim
2129 3139 2347 3198 regnum
2384 3116 2687 3174 ratorum"
2709 3130 2727 3179 ;
2750 3110 2878 3181 quia
2906 3106 3071 3164 etiam
3097 3103 3162 3158 ad
3204 3101 3308 3155 hoc
3341 3112 3402 3153 se
3438 3113 3537 3152 ve-

2057 3237 2088 3276 e
2129 3186 2287 3281 disit,
2317 3214 2395 3268 ait
2423 3210 2570 3266 enim
2604 3224 2618 3260 :
2669 3201 2793 3258 Non
2825 3200 2941 3255 veni
2987 3210 3177 3251 vocare
3230 3191 3422 3258 iustos,
3444 3186 3540 3240 sed

2598 3293 2854 3353 ntiam".
2916 3289 3047 3347 Post
3087 3285 3203 3342 haec
3232 3279 3363 3351 quid
3411 3275 3538 3330 facit

2011 3458 2232 3552 Qmuem
2265 3496 2442 3543 autem
2471 3480 2680 3550 adipem
2705 3475 2975 3548 auferens,
3011 3469 3148 3525 sicut
3176 3462 3380 3536 auferri
3408 3458 3538 3516 solet

1942 3588 2008 3644 de
2030 3584 2253 3642 victimis
2266 3578 2634 3651 paciﬁcorum.
2672 3567 2747 3626 Ut
2772 3562 3099 3638 pmnitentis
3138 3572 3304 3617 omne
3334 3552 3544 3609 deside-

2482 3663 2698 3737 spiciat,
2753 3658 2809 3714 id
2858 3664 2967 3719 est,
3021 3651 3220 3713 cmlum
3270 3642 3541 3706 intendat,

1948 3733 2081 3826 tunc
2111 3766 2262 3823 enim
2301 3733 2925 3833 poterit‘posnitentiam
2964 3741 3220 3803 oll'erenti
3265 3739 3323 3794 in
3360 3733 3547 3807 paciﬁ-

1947 3877 2140 3924 carum
2165 3829 2436 3915 sacriﬁcio
2467 3844 2734 3920 reputari.
2773 3840 2883 3899 Sed
2915 3837 3041 3910 quis
3084 3835 3158 3891 sit
3195 3830 3321 3889 ﬁnis
3346 3829 3546 3884 horum

258 3939 400 4054 flecto
426 3939 719 4063 arpecZato
738 3984 930 4042 eodem
957 3939 1559 4052 atquorstudiosissimo
1591 3939 1847 4029 recedere
1949 3972 2072 4063 qui:
2095 3953 2241 4063 ditha
2267 3955 2418 4010 sunt,
2449 3939 2693 4000 addidit:

262 4084 562 4161 proposito.

1956 4007 2346 4113 fwiiogabitquc
2361 4007 2458 4105 pro
2481 4048 2540 4087 eo
2570 4028 2837 4089 sacerdos,
2861 4031 2911 4078 et
2938 4017 3240 4077 dimittetur
3255 4010 3324 4066 ei.
3356 4007 3548 4108 Neque

1952 4096 2581 4195 enimaidonei'sumus
2639 4126 2862 4193 peccata
2911 4102 3327 4174 nobismetipsis
3366 4096 3552 4195 dimit-

330 4156 536 4236 ljeiude
568 4177 797 4246 imponet
827 4181 1045 4223 manum
1080 4179 1234 4219 suam
1267 4176 1424 4232 super
1450 4167 1610 4227 caput
1646 4156 1850 4211 hostias.

267 4274 385 4346 Ipse
438 4284 541 4341 per
601 4260 956 4331 semetipsum
1018 4262 1305 4328 peccatum
1360 4249 1743 4314 manifestans,
1797 4254 1853 4302 et

265 4340 419 4423 suam
444 4340 696 4417 ioﬁ'erens
723 4351 1146 4411 confessionem.
1169 4346 1288 4414 Ipse
1306 4351 1514 4404 autem.
1549 4340 1855 4397 secundum

267 4454 663 4531 Septuaginta,
717 4462 827 4503 non
880 4441 1102 4507 occidit,
1157 4437 1255 4494 sed
1311 4435 1400 4498 alii
1440 4452 1455 4502 ;
1490 4433 1659 4490 habet
1708 4432 1854 4486 enim

270 4497 337 4515 νυ
382 4497 663 4527 ⁹“νο¹⁸·”·ν
718 4497 827 4503 --ν--
891 4497 903 4500 τ
927 4497 970 4499 Vr
1088 4497 1100 4507 ι
1442 4497 1451 4502 ,

270 4497 639 4609 ηοὲθεεανίαιιι
671 4552 728 4598 et
766 4541 998 4594 aliorum
1045 4532 1305 4589 auxilium
1337 4529 1404 4584 ad
1431 4529 1759 4587 orationem,
1797 4533 1857 4578 ut
1889 4521 1931 4577 D
1961 4520 2193 4582 Persona
2237 4497 2448 4605 θῑξοῆῑοι

269 4642 599 4714 suscipiatur
639 4636 758 4706 ejus
806 4626 1144 4703 pmuiteutia.
1198 4622 1353 4679 Unde
1400 4635 1505 4676 nec
1545 4616 1864 4674 omnimodo

271 4736 588 4793 sacerdotes
612 4725 864 4785 occidere
888 4718 1182 4794 prtecepit;
1219 4716 1298 4770 ait
1325 4713 1507 4769 enim:

345 4827 593 4885 accident
635 4837 754 4876 eum
791 4821 848 4871 iu
890 4815 1005 4869 loco
1038 4812 1093 4866 in
1134 4825 1235 4881 quo
1275 4806 1587 4861 occiduntur
1611 4801 1864 4857 holocau-

272 4930 501 4978 tomata.
551 4915 689 4983 Quia
731 4917 917 4965 autem
992 4903 1245 4960 occidant
1286 4913 1397 4953 non
1440 4895 1684 4961 addidit;
1737 4894 1867 4949 licet

271 5017 423 5071 enim
470 5014 528 5067 in
575 5000 843 5065 sacriﬁcio
885 4995 1227 5073 paenitentia:
1264 4991 1492 5049 alternis
1538 4989 1616 5045 uti
1655 4988 1868 5057 adjuto-

277 5108 395 5173 riis,
419 5104 566 5176 quod
595 5105 823 5155 testatur
849 5092 1089 5149 Jacobus
1115 5109 1127 5144 :
1155 5087 1336 5150 Orate,
1361 5084 1569 5139 dicens.
1585 5095 1680 5148 pro
1701 5079 1868 5133 atter-

280 5173 461 5251 utrum
511 5202 568 5245 ut
616 5183 977 5243 satuemini‘".
1043 5178 1150 5234 Sed
1193 5175 1366 5230 multo
1398 5173 1868 5244 magisjustorum

282 5301 500 5345 utatnur
531 5282 821 5354 adjutorio,
853 5278 969 5349 ipse
993 5274 1137 5330 enim
1168 5266 1436 5331 subdidit,
1471 5265 1704 5320 Multum
1731 5261 1871 5316 valet

283 5383 460 5437 oratio
487 5378 626 5449 justi
654 5369 950 5429 assidua“.
982 5366 1083 5423 Ubi
1126 5370 1309 5417 autem
1353 5354 1643 5415 occident?
1667 5353 1876 5409 Secun-

286 5478 418 5529 dum
467 5443 842 5540 Septuaginta,
884 5460 940 5514 in
973 5463 1248 5525 conspectu
1291 5449 1525 5504 Domini.
1580 5445 1762 5511 Quare
1797 5443 1878 5496 le-

291 5569 515 5639 gislator
542 5535 834 5629 explanat,
884 5551 960 5607 ait
988 5548 1135 5606 enim
1164 5563 1178 5599 :
1222 5542 1433 5597 Peccati
1477 5547 1575 5593 est.
1619 5535 1723 5589 Pro
1749 5549 1880 5603 pec-

294 5632 415 5718 cato
455 5658 658 5731 quippe
704 5653 757 5706 in
803 5653 1099 5718 conspectu
1140 5639 1354 5695 Domini
1402 5632 1650 5692 conﬁteri
1696 5645 1885 5685 neces-

367 5802 412 5833 "
440 5798 554 5853 Jac.
582 5814 645 5856 ιι,
684 5794 764 5847 Ill.
839 5788 1013 5842 “lsa.
1042 5781 1219 5848 v.18;
1286 5779 1331 5809 ⁸⁷
1370 5776 1560 5835 Jac.v,
1615 5771 1699 5825 16.
1777 5768 1821 5800 ⁸⁸
1850 5767 1981 5823 ibid.
2056 5764 2100 5796 ”
2143 5760 2284 5817 Psal.
2331 5770 2478 5820 χχχι,
2529 5751 2581 5807 5.

409 5872 444 5895 ο
542 5866 623 5895 “l
770 5880 799 5895 ι·
863 5859 928 5895 τιθ
1027 5856 1072 5886 *³
1108 5852 1264 5895 1mm-
1300 5865 1388 5895 tu.
1420 5848 1510 5895 ⁵25.
1589 5842 1633 5873 9³
1688 5841 1880 5895 Matth.
1914 5854 2023 5895 ΧΗ,
2047 5836 2127 5889 i9.

542 5871 587 5899 ”
608 5866 738 5920 Luc.
770 5880 818 5925 ν,
863 5859 950 5914 5'2.

305 5889 383 5939 tu,
409 5848 738 5925 ἓίηνθέιξιιυ.
770 5880 818 5925 v,
863 5859 950 5914 5'2.
1027 5856 1072 5886 ”
1108 5852 1265 5909 Joan.
1300 5865 1388 5914 xx,
1420 5848 1510 5901 23.

1955 4239 2097 4293 tere,
2125 4221 2383 4280 Christus
2423 4225 2610 4271 autem
2640 4185 2802 4267 nobis
2828 4197 3279 4277 propitiationem
3310 4185 3545 4262 perlicit.

1955 4286 2113 4380 Unde
2164 4325 2222 4373 et
2253 4314 2375 4385 eius
2411 4321 2548 4366 voce
2574 4300 2889 4359 sacerdotes
2921 4296 2977 4350 in
3008 4286 3332 4349 Ecclesiam,
3363 4286 3552 4383 utpote

1958 4417 2081 4485 ejus
2115 4370 2354 4469 otiicitim
2407 4401 2731 4462 subeuntes,
2762 4387 3003 4449 ordinati
3054 4391 3203 4447 sunt,
3247 4370 3551 4485 quibusdn

3467 4462 3525 4477 ’,ο

2450 4509 2608 4551 orum
2647 4488 2904 4547 dicebat:
2958 4479 3195 4545 Quorum
3242 4468 3554 4525 dimiseritis

1966 4560 2215 4669 peccata,
2245 4590 2469 4647 dimissa
2502 4593 2650 4649 sunt,
2702 4588 2753 4635 et
2796 4589 3023 4646 quorum
3063 4560 3413 4624 retinueritis,
3464 4571 3554 4610 re-

1968 4651 2113 4747 ;enta
2141 4651 2342 4742 sunt".
2376 4679 2445 4735 Et
2482 4688 2674 4731 rursus
2700 4690 2713 4726 :
2747 4668 3084 4734 Quacunque
3106 4651 3366 4710 solveritis
3395 4663 3556 4717 super

1968 4795 2168 4839 terram
2214 4758 2388 4830 soiuta
2423 4776 2577 4824 erunt
2619 4772 2669 4819 et
2707 4762 2765 4815 in
2809 4757 2958 4816 coelo,
2989 4759 3038 4806 et
3065 4758 3390 4839 quiscunque
3421 4739 3561 4811 liga-

1968 4870 2143 4929 veritis
2170 4880 2327 4935 super
2360 4870 2581 4919 terram,
2615 4854 2781 4924 ligata
2810 4852 2963 4903 erunt
3000 4847 3049 4894 ct
3086 4838 3144 4891 in
3170 4832 3382 4890 mlo“.

1971 5171 2139 5238 ponet
2174 5129 2606 5223 manum'super
2640 5154 2806 5215 caput
2835 5140 2978 5210 eius,
3025 5143 3084 5191 et
3106 5129 3418 5238 immolabit
3439 5141 3564 5183 eam

2061 5258 2183 5312 loco
2222 5251 2313 5307 ubi
2343 5219 2524 5306 solent
2569 5241 3010 5299 holocaustorum
3057 5225 3192 5283 cadi
3225 5219 3443 5286 hostia,
3470 5232 3567 5273 su-

1980 5354 2202 5416 metque
2262 5336 2519 5397 sacerdos
2569 5332 2638 5387 de
2687 5322 2953 5396 sanguine
2998 5317 3121 5389 eius
3151 5314 3325 5386 digito
3351 5314 3570 5416 spozet

1986 5398 2213 5508 tangens
2244 5444 2451 5486 cornua
2486 5421 2671 5480 altaris
2707 5408 3035 5475 holocausti,
3063 5405 3341 5475 reliquum
3376 5398 3571 5456 fundet

1986 5491 2056 5584 ab
2080 5491 2275 5582 "basim
2319 5520 2460 5590 eius.
2512 5524 2730 5570 omnem
2784 5515 2998 5576 quoque
3024 5497 3305 5590 auferens-
3328 5491 3569 5562 adipem,

1989 5620 2133 5675 sicut
2158 5585 2529 5671 auierri'solct
2579 5603 2750 5671 adeps
2777 5594 2967 5652 arietis
2996 5591 3091 5663 qui
3122 5585 3437 5647 immolatur
3469 5597 3571 5653 pro

2686 5746 2732 5777 ’⁸
2765 5740 2961 5797 llabac.
2997 5754 3078 5801 ιιι,
3133 5737 3186 5792 ι.
3295 5731 3339 5765 ’⁸
3373 5726 3567 5785 Matth.
