3942 6462
423 384 529 452 8⁸η

1658 387 2022 451 ΠΕΞῨΟΗῙΙ
2066 389 2159 447 Pli
2169 388 2535 449 ESBYTEIll

3607 363 3717 448 832'

424 498 686 570 paciﬁcis,
742 505 801 554 et
852 499 1118 555 cremabit
1169 515 1336 570 super
1386 501 1558 556 altare
1610 503 2003 560 in'incensum
2037 508 2079 563 Α
2113 503 2464 558 fundamenta
2492 502 2631 572 ejus,
2657 502 2782 572 quia
2813 516 2915 573 pro
2940 510 3166 573 peccato
3191 508 3303 564 est,
3323 498 3561 552 alterum
3584 513 3710 553 vero

425 589 665 653 Domini,
694 589 1016 660 rogabitque
1072 604 1176 660 pro
1204 605 1292 657 eo,
1323 600 1381 646 et
1426 605 1529 662 pro
1591 601 1817 663 peccato
1866 594 2007 666 ejus,

423 689 481 736 et
502 680 808 736 dimittetur
833 680 931 735 illi.
975 698 997 732 ο

496 767 865 838 Semetipsum
929 784 1077 824 nunc
1144 786 1363 841 quoque
1424 760 1684 843 sequens
1732 773 2015 845 legislator

423 861 686 916 oblationi
742 876 921 931 caprae
963 861 1081 917 sive
1135 862 1414 929 ehimerae,
1462 880 1625 934 quam
1673 866 1913 922 diximus
1943 867 2013 921 ab

428 952 512 1006 his
562 952 652 1022 qui
687 960 816 1005 sunt
865 951 935 1005 de
973 952 1198 1021 populo,
1235 962 1289 1008 et
1314 954 1406 1023 qui
1440 972 1548 1009 non
1582 968 1924 1028 occupantur
1958 959 2014 1014 in

427 1043 787 1097 meditatione
831 1041 982 1113 legis,
1016 1043 1201 1098 olierri
1230 1059 1392 1100 ovem
1422 1060 1639 1115 quoque
1667 1049 1956 1116 conjunxit
1997 1068 2011 1105 :

422 1132 682 1201 quoniam
718 1131 771 1184 in
817 1132 1019 1201 populo
1045 1140 1096 1186 et
1130 1132 1314 1187 idiotis
1342 1135 1604 1204 possibile
1655 1146 1739 1192 est
1768 1153 1891 1192 esse
1920 1137 2017 1193 ali-

423 1236 564 1293 quos
607 1222 771 1278 etiam
800 1223 1098 1294 simplices,
1129 1225 1327 1294 quibus
1367 1227 1659 1283 conveniat
1688 1229 1807 1284 ovis
1839 1231 2017 1285 sacri«

426 1313 626 1377 licium,
657 1313 805 1384 quod
855 1322 963 1368 tam
1001 1314 1056 1368 in
1121 1316 1577 1372 holocautomatis
1625 1334 1793 1388 quam
1845 1322 2017 1376 sacri—

426 1401 560 1456 llciis
584 1403 776 1457 hostiae
800 1396 1150 1472 paciﬁcorum
1200 1404 1622 1460 demonstratur.
1656 1407 1855 1477 Aperte
1889 1424 2019 1481 ergo

425 1492 702 1562 legislator
727 1493 1034 1563 approbare
1072 1494 1322 1563 cupiens,
1349 1496 1477 1567 quia
1518 1513 1631 1552 non
1656 1500 1836 1554 solum
1862 1501 2020 1569 prin-

424 1595 573 1651 ceps,
629 1584 683 1637 id
710 1592 794 1638 est
848 1586 1079 1640 scientia
1104 1586 1409 1652 sublimior,
1442 1602 1546 1643 nec
1577 1598 1785 1649 tantum
1838 1607 2018 1663 popu-

426 1674 578 1740 laris,
611 1677 708 1730 sed
733 1684 790 1731 et
816 1677 863 1731 si
893 1677 1017 1747 quis
1049 1687 1131 1734 est
1185 1679 1239 1733 in
1286 1681 1643 1750 popularibus
1686 1684 1943 1754 simplex,
1972 1686 2016 1741 si

428 1764 567 1823 forte
632 1770 960 1837 peccaverit,
1004 1770 1152 1840 quod
1203 1778 1260 1825 et
1313 1771 1403 1827 hic
1452 1773 1520 1827 ad
1580 1774 2013 1846 redemptionem

2114 593 2351 650 adolebit
2380 593 2781 656 holocaustum,
2808 599 2871 646 ut
2912 589 3030 645 ﬁeri
3055 588 3216 655 solet,
3252 586 3588 660 rogabitque
3613 603 3710 659 pro

2113 682 2558 748 eosacerdos,,et
2583 696 2684 752 pro
2727 691 2955 751 peccato
3007 680 3148 750 ejus,
3181 686 3242 733 et
3270 677 3590 733 dimittetur
3641 677 3710 733 ei.

2115 775 2275 843 Quod
2325 773 2370 830 si
2394 787 2504 828 non
2535 771 2776 844 quiverit
2804 785 3004 826 manus
3050 770 3170 840 ejus
3192 767 3408 825 oﬂ‘erre
3436 766 3578 822 duos
3600 774 3714 821 tur-

2115 877 2286 932 tures,
2319 866 2405 922 vel
2425 865 2564 920 duos
2597 865 2774 936 pullos
2817 862 3104 926 columbae,
3137 861 3341 917 oll'eret
3365 873 3471 930 pro
3493 868 3716 929 peccato

2117 958 2373 1023 similam,
2403 965 2610 1027 partem
2631 955 2760 1026 ephi
2789 954 3056 1010 decimam
3086 971 3103 1020 ;
3154 968 3270 1007 non
3301 950 3492 1005 mittet
3514 949 3572 1004 in
3599 965 3713 1006 eam

2116 1048 2319 1111 oleum,
2356 1062 2459 1103 nec
2484 1045 2661 1102 thuris
2691 1043 2896 1115 aliquid
2917 1044 3181 1113 imponet,
3210 1041 3347 1111 quia
3366 1055 3472 1110 pro
3498 1048 3717 1109 peccato

2116 1147 2220 1201 est,
2246 1138 2529 1207 tradetque
2556 1151 2675 1191 eam
2725 1133 3016 1195 sacerdoti.
3068 1133 3161 1203 qui
3208 1132 3449 1203 plenum
3498 1144 3569 1185 ex
3608 1138 3718 1187 toto

2116 1226 2379 1298 pugillum
2409 1224 2693 1288 hauriens,
2729 1223 2993 1280 cremabit
3020 1237 3186 1293 super
3240 1221 3424 1276 altare
3475 1221 3533 1275 in
3600 1236 3719 1275 meo

2119 1324 2446 1373 nomentum
2521 1317 2641 1386 ejus
2697 1315 2792 1386 qui
2843 1313 3083 1378 obtulit,
3146 1326 3357 1384 rogans
3452 1324 3558 1381 pro
3624 1308 3716 1363 illo

2119 1417 2174 1464 et
2223 1409 2471 1480 expians.
2529 1407 2819 1478 Reliquam
2850 1419 2984 1461 vero
3031 1412 3249 1476 partem
3309 1403 3432 1473 ipse
3501 1399 3714 1456 habebit

2122 1501 2177 1555 in
2197 1516 2447 1556 munere.
2480 1517 2499 1552 ι

2192 1591 2332 1646 Num
2357 1591 2548 1646 eadem
2581 1590 2858 1662 legislator
2885 1589 3086 1660 repetit
3104 1590 3130 1643 τ
3154 1586 3303 1643 Cum
3338 1584 3398 1640 in
3427 1581 3715 1655 praeteritis

2120 1687 2320 1757 quippe
2344 1685 2570 1742 dixisset
2590 1685 2760 1756 quod,
2796 1683 2841 1740 sl
2875 1681 3185 1753 peccaverit
3215 1680 3291 1736 de
3317 1677 3532 1750 populo
3563 1683 3716 1729 terrae

2121 1791 2219 1846 per
2251 1774 2634 1847 ignorantiam,
2660 1773 2910 1845 ut,faciat
2943 1771 3227 1842 quidpiam
3258 1783 3327 1824 ex
3357 1767 3446 1821 bis
3469 1765 3713 1836 qumDo—

427 1867 778 1927 peccatorum
822 1838 1464 1931 debeat—panitentiam,
1524 1866 1643 1921 ovis
1686 1838 2013 1923 sacriﬁcium
2050 1838 2095 1893 Β
2121 1838 2423 1936 ληὶηἰνιθεθ
2460 1838 2823 1935 prohibentur
2873 1838 3038 1931 atque
3082 1838 3414 1927 delinquat.
3474 1855 3715 1911 Genera-

430 1949 749 2005 intmduxit.
803 1950 926 2008 Ideo
958 1963 1143 2008 autem
1184 1970 1295 2009 non
1334 1956 1581 2021 arietem,
1612 1958 1708 2013 sed
1752 1975 1933 2022 ovem,
1963 1961 2017 2015 id

428 2047 533 2105 est,
575 2039 857 2106 feminam,
917 2052 973 2097 et
1023 2058 1134 2099 non
1187 2045 1490 2100 masculum
1518 2049 2016 2119 prazcepitolferri,

429 2129 557 2200 quia
588 2130 943 2200 popularibus
968 2133 1299 2189 feminarum
1334 2135 1663 2194 sacriﬁcium
1694 2140 2016 2208 deputavit:

430 2234 527 2276 eos
574 2220 664 2277 hic
698 2220 792 2293 qui
829 2223 1002 2295 legem
1045 2225 1322 2295 accipiunt
1360 2226 1641 2283 evidenter
1701 2240 2020 2288 contestans

432 2326 493 2372 ut
523 2319 837 2389 quicunque
875 2320 1240 2392 principatum
1291 2322 1516 2379 sortitus
1547 2332 1652 2391 est,
1685 2336 1739 2380 et
1777 2336 1861 2382 est
1896 2327 2020 2383 aliis

431 2408 717 2464 sublimior
743 2410 992 2475 scientia,
1029 2428 1138 2467 non
1170 2413 1342 2467 solam
1388 2414 1647 2469 exhibeat
1695 2417 2017 2486 simplicita-

433 2509 564 2563 tem,
591 2515 717 2554 cnm
745 2509 992 2570 oporteat
1018 2518 1144 2558 eum
1176 2503 1340 2559 etiam
1377 2504 1702 2574 prudentem
1728 2523 1852 2562 esse
1876 2508 2019 2565 sicut

432 2598 779 2660 serpentem,
832 2595 1291 2662 quemadmodum
1362 2594 1629 2653 Dominus
1688 2599 1844 2655 ait".
1913 2602 2015 2668 Qui

432 2697 564 2736 vero
590 2698 699 2737 non
728 2691 812 2737 est
840 2684 980 2750 talis,
1032 2687 1088 2742 id
1111 2696 1195 2741 est
1220 2687 1312 2758 qui
1343 2702 1453 2742 non
1484 2689 1732 2745 abundat
1762 2691 2014 2757 scientia,

432 2776 489 2827 et
517 2781 805 2843 propterea
832 2776 885 2829 in
917 2777 1117 2847 populo
1143 2777 1324 2850 deget,
1352 2779 1443 2837 hic
1471 2782 1722 2850 quamvis
1768 2782 1842 2837 sit
1873 2784 2020 2838 sim-

436 2863 582 2933 plex,
644 2865 691 2918 si
746 2866 1024 2937 contingat
1074 2876 1134 2921 ut
1183 2876 1396 2938 peccet,
1449 2884 1553 2924 nec
1596 2870 1707 2941 ipsi
1732 2882 2018 2941 peccatum

435 2955 771 3027 ignoscetur,
817 2958 925 3035 nisi
955 2974 1049 3028 per
1077 2960 1409 3017 oblationem
1440 2964 1782 3034 poenitentiae
1820 2982 2019 3036 pecca-

2120 1958 2244 2012 liter
2267 1958 2334 2010 de
2355 1955 2506 2010 omni
2529 1962 2751 2025 peccato
2786 1952 3110 2024 precipiens
3136 1959 3197 2006 et
3226 1950 3438 2020 jubens
3459 1960 3584 2016 quae
3623 1946 3721 2004 clm

2122 2047 2314 2101 herent
2349 2043 2559 2107 oli‘erri,
2590 2058 2740 2097 nilne
2759 2055 2978 2111 quoque
3000 2039 3070 2095 de
3125 2038 3348 2093 eisdem
3407 2032 3536 2089 aliis
3579 2046 3710 2102 quo-

2120 2138 2414 2195 dammodo
2444 2137 2662 2191 videtur
2687 2134 2904 2190 sancire
2929 2132 3312 2188 sermonibus.
3346 2126 3722 2194 Quamobrem.

2119 2239 2304 2286 autem
2334 2228 2590 2300 superius
2619 2227 2870 2297 quaedam
2908 2241 3007 2296 pro
3023 2232 3274 2295 peccato,
3298 2229 3359 2276 et
3401 2233 3516 2273 non
3535 2215 3722 2272 omnia

2119 2321 2388 2392 exposuit.
2412 2319 2711 2391 Oportebat
2752 2317 2954 2387 quippe
3025 2324 3087 2370 ut
3108 2322 3207 2369 aut
3229 2311 3423 2369 omnia
3451 2326 3551 2381 per
3605 2308 3717 2363 sine

2119 2415 2241 2487 gula
2269 2419 2594 2483 exponeret,
2622 2418 2720 2466 aut
2757 2410 2978 2480 penitus
3026 2406 3191 2472 nihil,
3256 2420 3390 2460 cum
3450 2399 3716 2474 generalis

2118 2508 2169 2563 ei
2220 2506 2619 2563 demonstratio
2660 2502 2870 2576 peccati
2932 2500 3229 2557 subiceret.
3301 2498 3415 2554 Sed
3478 2511 3591 2552 non
3644 2495 3714 2550 ita

2120 2613 2180 2653 se
2241 2596 2446 2653 habent
2493 2596 2662 2651 verba
2721 2591 3072 2666 legislatoris,
3144 2590 3309 2647 sicut
3356 2588 3580 2660 quidam
3622 2601 3722 2643 nos

2123 2689 2388 2760 gligenter
2467 2687 2707 2757 legentes
2802 2681 3153 2739 existimant.
3260 2678 3501 2747 Quando
3578 2675 3714 2732 enim

2120 2777 2263 2834 dixit
2302 2794 2316 2831 ε

2192 2867 2345 2933 Quod
2358 2867 2413 2921 si
2446 2868 2739 2936 peccauerit
2772 2863 2838 2918 de
2892 2860 3084 2932 popqu
3124 2869 3295 2915 terra
3321 2875 3418 2928 per
3473 2858 3719 2928 ignorant

2120 2963 2272 3025 llam,
2300 2970 2361 3014 ut
2387 2961 2550 3032 faciat
2571 2958 2853 3030 quidpiam
2882 2972 2947 3011 ea:
2977 2956 3057 3010 his
3078 2969 3197 3026 qua:
3225 2953 3451 3008 Domini
3476 2952 3583 3022 lege
3598 2965 3715 3021 pro-

435 3056 552 3101 tum
601 3049 842 3105 diluerit.
886 3032 1030 3106 Cum
1086 3067 1214 3123 ergo
1247 3052 1365 3109 hac
1392 3032 1467 3109 ita
1511 3071 1572 3111 se
1608 3032 1866 3123 habeant,
1904 3073 2016 3113 non
2112 3055 2383 3119 bibentur,
2411 3034 2573 3125 atque
2596 3052 2889 3122 delinquat,
2921 3047 3231 3105 sensibilem
3264 3045 3713 3102 lsraelemosten—

433 3147 597 3210 egent
648 3149 844 3195 caetera
894 3142 1272 3213 expositione:
1311 3160 1435 3200 cum
1483 3147 1632 3203 enim
1686 3150 2014 3206 sacriﬁcium
2045 3176 2089 3234 ο
2120 3147 2219 3212 dit,
2253 3147 2343 3217 qui
2366 3159 2702 3215 cognoscens
2736 3144 3155 3234 Deifmmdata,
3192 3158 3316 3196 non
3344 3138 3543 3234 debuit
3559 3136 3710 3234 illiw“

435 3244 534 3301 pro
566 3241 792 3301 peccato
822 3231 912 3297 sit,
946 3235 1105 3289 simul
1152 3235 1242 3291 hic
1267 3236 1338 3292 de
1373 3252 1535 3308 capra
1561 3248 1616 3294 et
1646 3240 1715 3296 de
1745 3255 1848 3297 ove
1873 3258 2017 3313 prae-

433 3325 596 3393 cepit.
629 3323 785 3381 Unde
812 3343 1038 3383 necesse
1064 3342 1176 3384 non
1201 3340 1303 3392 est.
1353 3346 1477 3387 cum
1507 3333 1797 3392 tendamus
1827 3336 1895 3392 ad
1929 3353 2018 3393 se-

432 3414 678 3486 quentia,
708 3418 803 3474 diu
833 3419 888 3475 in
918 3425 1286 3491 praesentibus
1320 3426 1627 3487 immorari.

1063 3577 1292 3637 CAPUT
1330 3583 1397 3639 ν.

436 3702 445 3708 ’
512 3685 851 3744 Venari-"l3.
886 3707 907 3742 ε
939 3690 1008 3746 "Si
1058 3694 1375 3763 peccaverit
1414 3694 1620 3763 anima,
1676 3704 1731 3754 et
1784 3698 2023 3758 audierit

436 3792 624 3833 vocem
654 3779 912 3848 jnrantis,
940 3781 1202 3855 testisque
1240 3784 1578 3859 fuerit-quod
1607 3790 1848 3863 aut'lpse
1864 3792 2019 3862 vidit;

435 3874 532 3922 aut
550 3869 804 3926 conscius
837 3880 942 3939 est,
973 3873 1078 3928 nisi
1098 3873 1449 3944 indicaverit,
1486 3881 1730 3952 portabit
1761 3882 2023 3955 iniquita-

435 3967 544 4015 tem
570 3976 751 4031 suam.
766 3965 959 4021 Anima
978 3982 1102 4038 quas
1126 3969 1366 4043 tetigerit
1402 3972 1608 4044 aliquid
1655 3976 2020 4045 immundum,

436 4048 549 4107 sive
576 4055 719 4124 quod
747 4057 989 4113 occisum
1008 4075 1038 4114 a
1061 4060 1233 4116 bestia
1255 4071 1362 4125 est,
1388 4073 1483 4118 aut
1505 4081 1608 4136 per
1635 4082 1694 4122 se
1717 4078 2022 4139 mortuum,

440 4145 521 4198 vel
549 4146 827 4216 quodlibet
854 4148 1002 4205 aliud
1034 4153 1232 4222 reptile
1275 4163 1331 4208 et
1364 4148 1532 4211 oblita
1564 4157 1733 4215 fuerit
1765 4162 2017 4217 immun-

437 4233 583 4292 ditia;
611 4252 743 4303 suae,
774 4255 866 4295 rea
893 4250 995 4305 est,
1018 4249 1074 4296 et
1112 4243 1400 4314 delinquit.
1437 4246 1506 4302 Et
1531 4247 1575 4302 si
1601 4249 2023 4324 tetigeritquid—

438 4326 582 4394 piam
604 4327 671 4383 de
710 4328 1052 4386 immunditia
1087 4334 1346 4398 hominis,
1389 4336 1544 4407 juxta
1576 4355 1795 4396 omnem
1830 4344 2023 4414 impu-

440 4414 675 4482 ritatem,
703 4435 808 4489 qua
841 4421 1004 4490 pollui
1025 4423 1183 4490 solet,
1214 4426 1493 4498 oblitaque
1517 4434 1837 4502 cognoverit
1857 4445 2016 4505 post-

2122 3237 2273 3309 piam
2302 3236 2438 3308 legis
2471 3234 2794 3307 transgredi.
2829 3233 3231 3304 Transgressus
3266 3242 3480 3292 autem,
3501 3225 3712 3297 implere

2122 3329 2308 3387 debuit
2329 3344 2393 3386 ea
2423 3344 2546 3400 qua
2571 3329 2638 3383 ad
2673 3326 3056 3399 paenitentiam
3082 3325 3396 3397 pertinent.
3452 3320 3513 3377 In
3576 3334 3714 3391 praes

2123 3421 2266 3478 senti
2293 3430 2478 3477 autem
2509 3420 2743 3475 dicens:
2795 3419 2853 3473 Si
2894 3417 3210 3489 peccaverit
3253 3417 3466 3479 anima,
3518 3425 3705 3482 nequa-

2122 3528 2289 3586 quam
2323 3511 2552 3579 addidit,
2588 3509 2656 3566 de
2691 3509 2893 3581 pepulo
2911 3518 3091 3571 terrae,
3114 3519 3175 3562 et
3203 3507 3551 3563 rectissime.
3581 3500 3711 3557 Dicit

2122 3606 2271 3663 enim
2299 3614 2521 3675 peccata
2558 3602 2815 3674 aquibus
2834 3616 3062 3661 necesse
3120 3600 3212 3663 sit,
3240 3597 3556 3654 secundum
3576 3591 3710 3663 quod

2123 3698 2200 3754 ait
2212 3696 2469 3762 Iacobus,
2486 3695 2654 3751 etiam
2673 3695 2774 3751 bos
2787 3692 2878 3763 qui
2895 3700 3027 3749 sunt
3050 3707 3117 3747 ex
3141 3690 3406 3763 gentibus
3428 3686 3709 3746 abstinere,

2124 3789 2178 3845 id
2195 3797 2279 3845 est
2305 3784 3045 3858 idolothytis,-etsuﬁocatis,
3082 3792 3143 3839 et
3195 3782 3496 3854 sanguine.
3523 3788 3578 3834 et
3610 3776 3711 3831 lur-

2127 3881 2429 3938 nicatione.
2460 3878 2639 3934 [nbis
2663 3878 2809 3933 enim
2853 3876 3107 3932 invenies
3161 3875 3461 3946 sequentia
3513 3884 3709 3928 comm-

2124 3981 2355 4028 merata.
2382 3971 2589 4027 Deinde
2617 3971 2873 4041 superius
2901 3969 3045 4040 quod
3103 3977 3187 4024 est
3213 3978 3511 4039 peccatum
3531 3962 3708 4021 unius-

2124 4066 2392 4136 cujusque
2415 4078 2511 4133 per
2538 4061 2895 4132 semetipsum
2933 4060 3338 4129 delinquentis,
3371 4070 3430 4115 et
3447 4055 3591 4128 quod
3621 4066 3708 4122 per

2126 4170 2186 4211 se
2213 4155 2335 4224 quis
2364 4152 2557 4225 gessit,
2579 4151 2916 4220 designatur.
2945 4149 3045 4205 Hic
3074 4158 3263 4206 autem
3305 4164 3434 4205 eum
3467 4146 3558 4218 qui
3587 4142 3707 4197 alie-

2127 4250 2211 4303 nis
2235 4243 2920 4318 pcecatiseommunicavit
2975 4243 3351 4309 denmnstrat,
3406 4242 3513 4297 hoc
3569 4234 3705 4291 enim

2126 4349 2305 4395 tactus
2327 4336 2594 4391 immundi
2629 4343 2686 4389 et
2710 4332 3015 4395 morticini,
3074 4341 3134 4387 et
3173 4347 3207 4386 a
3235 4331 3435 4390 bestiis
3461 4327 3602 4399 capti
3631 4325 3709 4379 in-

2126 4431 2266 4495 nuit,
2291 4444 2401 4483 non
2425 4426 2522 4498 per
2553 4426 2863 4497 aenigmata,
2894 4423 2990 4478 sed
3014 4430 3204 4490 aperte
3229 4436 3542 4493 exponens,
3569 4414 3705 4487 quod

439 4522 526 4569 ea,
586 4510 894 4578 subjaeebit
945 4514 1167 4572 delicto.
1217 4519 1414 4575 Anima
1452 4538 1575 4591 quze
1617 4525 1906 4593 iuraverit,
1962 4536 2019 4583 et
2055 4532 2095 4585 υ
2125 4523 2343 4593 quidam
2378 4518 2710 4589 despiciunt,
2734 4516 2912 4580 idest,
2954 4515 3184 4570 alterius
3211 4514 3267 4570 in
3295 4528 3545 4570 errorem
3582 4510 3704 4565 mit-

443 4599 727 4668 protulerit
750 4603 909 4660 labiis
938 4607 1071 4672 suis,
1102 4616 1163 4663 ut
1185 4611 1269 4665 vcl
1294 4612 1433 4668 male
1462 4614 1591 4684 quid
1618 4615 1801 4673 facere
1829 4620 2015 4683 vellet,

442 4692 529 4747 vel
567 4694 726 4757 bene,
763 4702 818 4748 et
843 4695 1075 4766 idipsum
1123 4703 1440 4771 juramcnto
1463 4715 1517 4761 et
1543 4723 1797 4766 sermone
1827 4712 2014 4766 ﬁrma-

441 4784 581 4840 verit
631 4785 905 4855 oblitaque
932 4800 1114 4857 postea
1164 4795 1499 4853 intellexerit
1524 4798 1786 4857 delictum
1820 4817 2006 4869 suum,

442 4887 564 4950 agat
611 4879 990 4948 paenitentiam
1011 4898 1110 4953 pro
1137 4899 1381 4957 peccato,
1409 4900 1466 4947 et
1496 4892 1692 4949 oll’erat
1716 4909 1913 4966 agnam
1950 4897 2019 4950 de

442 4971 713 5044 gregibus,
744 4972 861 5027 sive
884 4987 1123 5044 capram,
1151 4981 1436 5053 orabitque
1486 4998 1587 5055 pro
1613 5002 1681 5042 eo
1734 4990 2019 5050 sacerdos,

440 5071 497 5117 et
525 5078 626 5134 pro
642 5071 876 5132 peccato
898 5064 1044 5134 ejus.
1075 5065 1171 5122 Sin
1204 5080 1386 5128 autem
1422 5090 1534 5130 non
1553 5077 2016 5145 potueritoli‘erre

428 5168 629 5225 pecus,
657 5154 854 5210 offerat
868 5154 1019 5210 deos
1038 5165 1278 5217 turtures
1308 5164 1389 5217 vel
1418 5164 1558 5221 duos
1587 5167 1766 5236 pullos
1803 5168 2020 5223 colum-

443 5245 634 5300 barum
668 5245 918 5310 Domino,
950 5260 1116 5301 imum
1183 5265 1285 5318 pro
1312 5263 1554 5322 peccato,
1583 5264 1642 5310 et
1675 5257 1911 5312 alterum
1966 5258 2021 5312 in

444 5334 843 5399 holocaustum,
874 5333 1139 5406 dabitque
1181 5354 1277 5395 eos
1296 5346 1590 5400 sacerdoti.
1618 5347 1721 5414 Qui
1778 5349 2017 5419 primum

445 5423 683 5478 otl‘erens
698 5437 800 5493 pro
821 5432 1066 5493 peccato,
1096 5430 1435 5497 retorquebit
1453 5444 1618 5504 eaput
1638 5436 1759 5506 ejus
1784 5438 1856 5491 ad
1883 5453 2017 5506 pen-

448 5515 626 5579 nulas,
657 5514 731 5568 ita
766 5526 827 5570 ut
841 5516 980 5571 collo
1009 5517 1231 5585 haereat,
1257 5531 1313 5574 et
1336 5536 1442 5577 non
1463 5528 1684 5595 penitus
1721 5530 2019 5601 abrumpa-

448 5612 557 5669 tur,
577 5613 635 5659 et
653 5614 908 5676 asperget
927 5607 995 5661 de
1025 5609 1288 5677 sanguine
1342 5614 1462 5680 ejus
1511 5618 1777 5685 parietem
1809 5621 2025 5675 altaris.

450 5693 720 5764 Quidquid
746 5705 927 5751 autem
960 5698 1223 5766 reliquum
1247 5700 1426 5770 fuerit,
1457 5706 1615 5763 faciet
1646 5709 1911 5766 distillare
1967 5713 2029 5764 ad

523 5813 778 5887 "manu
817 5850 866 5897 κ,
901 5834 981 5887 l6.

2122 4615 2289 4669 tentis
2311 4628 2418 4667 non
2440 4624 2670 4680 arguere
2728 4621 2995 4666 errorem.
3045 4606 3143 4662 sed
3189 4620 3529 4665 consensum
3577 4613 3707 4672 prae-

2121 4704 2271 4759 bere.
2302 4701 2458 4756 Nunc
2480 4715 2612 4771 ergo
2640 4699 3030 4769 ostenditquia
3049 4707 3106 4754 et
3132 4699 3187 4752 in
3220 4699 3331 4754 hoc
3356 4696 3709 4754 oblationem,

2122 4810 2241 4850 eam
2307 4793 2563 4850 videlicet
2609 4808 2732 4862 que
2775 4792 2843 4847 ad
2891 4791 3230 4861 poenitentiae
3307 4787 3708 4847 absolutionem

2123 4887 2383 4959 pertinet,
2408 4884 2773 4940 necessariam
2799 4884 3126 4940 habeamus.

2191 4979 2252 5035 Si
2282 4980 2572 5048 peccauerit
2614 4980 2820 5041 animo,
2856 4988 2906 5033 et
2962 4979 3198 5033 audierit
3257 4994 3435 5033 uocem
3457 4970 3707 5047 jnrantis,

2126 5071 2372 5142 testisque
2392 5070 2574 5140 fuerit,
2588 5070 2728 5139 quod
2756 5078 2851 5125 aut
2886 5069 2996 5138 ipse
3035 5070 3185 5134 vidit,
3223 5080 3316 5127 aut
3366 5060 3702 5122 consciust“.

2124 5165 2181 5218 id
2199 5173 2295 5229 est,
2331 5164 2378 5218 εἰ
2399 5162 2582 5234 aliqua
2613 5164 2814 5233 furtum
2840 5173 2937 5216 aut
2989 5163 3169 5217 dolum
3189 5163 3435 5235 faciente,
3465 5168 3515 5213 et
3536 5152 3708 5226 jusju-

2125 5257 2355 5312 randum
2380 5272 2475 5326 pro
2506 5258 2579 5311 eis
2605 5257 2787 5319 dante,
2816 5258 2995 5311 uidens
3019 5256 3213 5327 aliquis
3239 5257 3441 5327 furtum
3474 5260 3567 5307 aut
3618 5246 3707 5300 όοη

2124 5346 2236 5401 tum
2263 5362 2418 5416 quem
2440 5347 2584 5417 fecit,
2644 5344 2725 5399 vel
2759 5345 2921 5400 aliter
2948 5347 3183 5400 conscius
3213 5345 3351 5413 quod
3380 5342 3514 5414 false
3535 5338 3694 5407 ,ἰαί-ειν

2127 5454 2229 5491 non
2252 5438 2559 5506 prodiderit,
2584 5436 2816 5507 portabit
2859 5438 3216 5508 iniquitatem.
3250 5436 3317 5491 Et
3373 5442 3534 5491 recte.
3576 5424 3700 5481 Nam

2132 5530 2218 5584 cui
2242 5530 2396 5585 licuit
2422 5546 2650 5601 arguere
2683 5541 2989 5598 peccatum,
3021 5540 3076 5587 et
3098 5584 3101 5591 ,
3126 5531 3277 5591 texit,
3341 5528 3555 5597 adqu
3592 5518 3700 5586 81"”

2136 5622 2324 5691 procul
2346 5622 2514 5676 dubio
2544 5621 2722 5677 factus
2748 5631 2852 5677 est.
2890 5621 2995 5689 Qui
3043 5640 3175 5678 vero
3197 5623 3487 5680 auxiliatos
3510 5623 3610 5676 cst,
3645 5609 3692 5660 il!

2139 5715 2498 5785 semetipsum
2561 5723 2845 5784 peccaturo
2900 5716 3081 5772 traxit.
3133 5715 3249 5773 Non
3315 5715 3483 5770 solum
3530 5712 3695 5761 autem
