3942 6406
196 335 301 403 833

1370 341 1450 403 ΙΝ
1488 341 1927 406 LEVITICUM.
1973 369 2035 383 ·-
2080 348 2227 405 LIB.
2269 347 2319 408 Ι.

3376 360 3440 416 Ril
3453 359 3476 421 ί

205 451 448 519 przedicti
474 453 682 520 peccati
747 442 1152 508 imnmnditiam
1203 452 1512 506 evitandum
1565 454 1793 522 putavit,
1835 465 1867 515 Α
1903 455 2306 509 conniventiam
2339 457 2564 525 praebet,
2611 461 2692 512 vel
2755 459 2808 512 in
2864 476 2930 514 eo
2983 464 3126 530 quod
3163 465 3377 533 placem
3405 481 3482 522 ia.

201 544 296 598 sed
316 553 374 598 et
401 544 448 598 si
475 545 600 614 quis
629 545 870 612 tetigerit
926 560 1144 600 omnem
1178 560 1292 599 rem
1318 545 1675 612 immundam,
1701 556 1794 601 aut

201 633 576 698 morticinam,
612 643 708 689 aut
737 649 767 688 a
803 636 995 690 bestiis
1040 643 1280 704 captam,
1341 650 1452 688 non
1521 637 1790 706 corporis,

195 724 289 780 sed
324 725 406 779 rei
434 725 750 780 immundas
779 726 1024 780 actiones
1053 726 1344 780 ostendere
1379 726 1630 797 cupiens,
1687 742 1791 781 nec

197 816 314 870 illas
344 815 730 870 immunditias
778 833 916 886 quas
953 816 1267 871 Judaaorum
1315 832 1450 888 gens
1491 817 1786 870 existimat.

195 903 328 972 Quae
367 906 481 960 sint
510 915 694 961 autem
753 908 1004 963 actiones
1070 924 1300 977 quarum
1363 907 1791 961 communicatio

195 999 342 1052 sicut
375 998 787 1053 imtnundarum
819 999 1074 1054 evitanda
1101 1008 1206 1063 est,
1233 998 1484 1052 Salvator
1514 998 1789 1068 apostolos

191 1088 404 1153 docuit,
446 1089 677 1144 dicens:
738 1091 921 1144 Adhuc
947 1101 993 1144 et
1033 1107 1119 1144 vos
1165 1092 1277 1144 sine
1333 1091 1598 1144 intellectu
1624 1091 1792 1144 estis?

189 1179 420 1235 Nescitis
450 1183 574 1251 quia
608 1199 760 1236 omne
788 1184 926 1253 quod
984 1184 1278 1254 ingreditur
1319 1184 1375 1235 in
1432 1199 1510 1248 os,
1567 1183 1621 1236 in
1665 1199 1790 1236 ven-

193 1281 330 1323 trem
366 1274 534 1336 vadit,
568 1282 616 1325 et
648 1275 702 1325 in
753 1289 1013 1326 secessum
1071 1273 1332 1326 emittitur
1366 1289 1384 1325 :
1439 1287 1556 1342 qua:
1612 1280 1789 1325 autem

189 1364 540 1432 egrediuntur
569 1366 631 1417 de
658 1381 766 1425 ore,
795 1364 857 1416 de
879 1363 1032 1416 corde
1063 1373 1252 1417 exeunt
1279 1404 1293 1427 ,
1365 1373 1413 1418 et
1455 1364 1566 1417 haec
1615 1363 1790 1433 inqui-

189 1464 322 1506 nant
357 1453 668 1508 hominem?
701 1455 908 1508 Etenim
938 1458 1000 1508 de
1056 1456 1208 1508 corde
1231 1465 1418 1508 exeunt
1442 1456 1787 1526 cogitationes

189 1546 371 1606 multa,
403 1546 710 1613 homicidia,
742 1547 1036 1611 adulteria,
1070 1547 1211 1618 falsa
1263 1549 1583 1609 testimonia,
1617 1550 1784 1619 furta,

185 1639 541 1709 blasphemia.
582 1636 708 1694 Haec
729 1649 848 1692 sunt
894 1655 1011 1710 qute
1040 1640 1378 1710 coinquinant
1401 1641 1782 1710 hominem”.

195 1731 428 1803 Propter
461 1733 606 1802 quod
638 1733 1011 1786 etimmunda:
1065 1748 1174 1799 res,
1235 1741 1424 1803 utpote
1474 1734 1784 1803 polluentes

181 1838 279 1875 eos
310 1837 353 1875 εις
382 1823 583 1891 quibus
610 1830 925 1892 tanguntur,
960 1821 1015 1876 id
1047 1829 1128 1876 est
1151 1838 1245 1876 eos
1262 1824 1779 1892 quicommuuicant
1817 1811 1855 1863 Β

184 1916 283 1978 eis,
315 1932 344 1969 a
389 1915 702 1986 legislature
763 1914 1052 1967 intellectae
1113 1921 1242 1967 sunt
1314 1914 1633 1968 morticinze.
1683 1914 1779 1970 His

183 2005 377 2060 similis
400 2005 566 2059 estin
605 2005 902 2075 polluendo
961 2005 1128 2058 homo
1192 2005 1285 2074 qui
1336 2021 1431 2075 per
1493 2015 1776 2075 peccatum

183 2109 433 2153 mortuus
465 2107 567 2165 est,
596 2099 661 2152 de
690 2099 944 2168 qualibus
978 2097 1242 2152 Dominus
1283 2098 1499 2153 dicebat
1524 2113 1536 2150 :
1563 2099 1778 2154 Dimitte

183 2199 416 2242 mortuos
445 2189 659 2256 sepelire
684 2197 916 2242 mortuos
940 2203 1060 2240 suos
1096 2187 1163 2243 ⁸⁸.
1197 2186 1240 2239 Α
1271 2187 1460 2241 bestiis
1479 2194 1658 2240 autem
1681 2201 1776 2242 ca-

183 2291 307 2347 ptus
337 2290 440 2346 est,
470 2281 586 2351 qui,
607 2290 868 2350 operante
902 2280 955 2333 in
988 2295 1056 2333 eo
1081 2279 1318 2341 diabolo,
1355 2287 1564 2334 tractus
1583 2287 1670 2334 est
1707 2279 1775 2334 ad

182 2373 418 2442 aliquam
453 2373 728 2426 actionem
755 2371 976 2433 malain,
1027 2371 1491 2440 quemadmodum
1514 2370 1682 2426 ludas
1706 2371 1772 2425 ad

184 2462 510 2518 tradendum
545 2463 858 2528 Dominum,
893 2464 962 2517 de
1022 2479 1131 2532 quo
1159 2461 1402 2518 Joannes
1440 2464 1774 2534 evangelista

178 2561 254 2609 ait
297 2573 312 2610 :
350 2555 417 2608 Et
445 2558 591 2627 facta
615 2572 782 2621 creua,
846 2557 1162 2610 immitteute
1191 2556 1402 2610 diabolo
1436 2558 1490 2610 in
1514 2574 1603 2610 cor
1635 2558 1770 2626 ejus,

184 2661 236 2703 ut
270 2651 506 2703 traderet
533 2667 649 2703 emn
685 2649 851 2704 ludas
909 2648 1140 2704 Simonis
1191 2650 1463 2705 Iscariotte
1483 2651 1583 2704 π’.
1634 2653 1772 2717 Quia

185 2751 370 2796 autem
399 2743 456 2794 in
477 2741 619 2795 LXX
652 2741 1027 2805 translatione,
1065 2755 1174 2794 non
1229 2741 1370 2795 dixit
1395 2740 1717 2810 simpliciter
1741 2757 1772 2794 a

175 2834 349 2887 bestia
381 2841 623 2903 captum,
661 2833 757 2887 sed
795 2831 1022 2897 addidit,
1080 2831 1449 2894 immundum,
1492 2830 1584 2901 qui
1616 2839 1702 2886 est
1740 2846 1771 2885 a

179 2923 354 2976 bestia
387 2932 600 2991 captus,
639 2932 798 2991 putas
826 2938 935 2974 non
982 2929 1067 2975 est
1096 2922 1413 2976 omnimodo
1444 2930 1500 2976 et
1527 2922 1768 2976 immun-

174 3018 316 3071 dus?
348 3016 417 3070 Et
447 3017 685 3072 dicimus
719 3035 732 3070 :
767 3015 1144 3086 Nequaquam.
1198 3012 1386 3085 Neque
1415 3016 1559 3070 enim
1593 3016 1771 3071 omnis

173 3112 266 3181 qui
299 3126 332 3165 a
365 3111 538 3164 bestia
560 3111 792 3180 capitur,
823 3111 937 3181 jam
997 3110 1315 3166 omnimodo
1345 3109 1414 3164 ab
1449 3125 1514 3163 ea
1547 3118 1602 3163 et
1629 3109 1773 3163 occi-

171 3205 340 3259 ditur.
373 3203 628 3256 Forsitan
659 3204 806 3257 enim
835 3212 889 3258 et
921 3213 1208 3273 postquam
1238 3202 1451 3272 capitur
1484 3202 1768 3266 liberatur,

176 3298 320 3350 sicut
351 3297 545 3351 Petrus
577 3315 591 3350 :
625 3297 816 3351 incidit
854 3297 1002 3351 enim
1064 3297 1116 3350 in
1153 3295 1357 3350 diaboli
1380 3295 1596 3365 laqueo,
1631 3304 1772 3350 tem-

176 3405 309 3454 pore
351 3388 681 3460 negationis.
714 3387 819 3443 Sed
850 3398 905 3443 et
972 3389 1305 3460 resipiscens
1336 3391 1530 3455 evasit,
1555 3399 1612 3444 et
1642 3389 1775 3443 dicit

183 3499 309 3536 cum
340 3481 552 3535 David:
595 3481 786 3534 Anima
817 3497 933 3535 mea
989 3481 1124 3534 sicut
1169 3496 1351 3550 passer
1388 3489 1566 3551 erepta
1591 3490 1671 3534 est
1710 3481 1774 3534 de

175 3575 364 3645 (amico
389 3573 700 3628 venantium
723 3575 788 3627 ⁸⁷.
825 3573 924 3628 Hic
947 3588 1080 3645 ergo
1137 3573 1457 3627 immundus
1503 3587 1616 3626 non
1644 3580 1728 3626 est
1753 3587 1769 3637 ;

173 3665 267 3717 sed
296 3662 548 3732 qmndam
577 3661 925 3724 dill‘erentiae,
983 3662 1036 3716 id
1077 3670 1180 3724 est,
1237 3662 1544 3716 secundum
1606 3660 1768 3724 LXX,

175 3755 595 3808 morticinorum
629 3754 820 3823 positae
848 3761 997 3806 sunt.
1033 3752 1106 3806 De
1139 3752 1341 3821 quibus
1372 3751 1773 3822 quaedamdixit

175 3862 296 3900 esse
327 3861 546 3915 pecora,
583 3846 832 3915 qmedam
861 3859 994 3899 vero
1021 3844 1483 3899 abominationes.
1522 3843 1768 3898 Mortici-

177 3955 306 3992 num
337 3949 522 3992 autem
545 3955 733 4008 pecus,
769 3947 855 3993 est
884 3939 1052 3992 homo
1114 3953 1211 4007 per
1239 3937 1607 4007 insipientiam
1637 3951 1769 4005 pec.-

173 4048 328 4095 rans,
361 4042 417 4086 et
443 4031 716 4100 pecudum
748 4041 940 4085 contra
968 4030 1143 4100 legem
1180 4031 1346 4083 vitam
1381 4031 1768 4098 ducens,qua-

176 4127 316 4179 imus
347 4127 426 4178 ait
448 4125 616 4179 David
643 4140 656 4176 :
693 4123 870 4178 Nolite
886 4124 1003 4192 ﬁeri
1027 4125 1164 4178 sicut
1196 4140 1360 4194 equus
1387 4133 1435 4177 et
1463 4123 1658 4184 mulus.
1711 4123 1769 4177 in

174 4215 361 4276 quibus
388 4230 492 4267 non
519 4227 592 4268 est
619 4214 914 4268 intellectus
943 4215 988 4246 ⁸³
1022 4233 1035 4278 ;
1067 4215 1161 4270 sed
1222 4213 1384 4268 etiam
1419 4215 1488 4269 de
1518 4215 1770 4284 qualibus

175 4306 442 4360 Jeremias
475 4309 549 4361 ait
581 4307 721 4372 :Qui
749 4309 1059 4361 admissarii
1081 4310 1211 4378 facti
1239 4324 1382 4372 sunt,
1413 4310 1766 4380 unusquisque

174 4417 357 4453 eorum
384 4406 456 4453 ad
488 4417 710 4454 uxorem
743 4402 972 4470 proximi
1001 4402 1084 4454 sui
1130 4402 1483 4454 hinniehat”.
1537 4401 1765 4455 Abomi-

1898 545 1989 609 lia,
2025 547 2200 601 modis
2224 549 2482 602 omnibus
2535 551 2816 618 polluitur.
2848 551 2946 606 Hic
2967 568 3164 610 sensus
3219 571 3285 610 eo
3319 561 3483 614 modo

1897 638 1951 691 in
2023 639 2279 708 praesenti
2354 656 2572 712 quoque
2647 644 3008 700 translatione
3039 648 3084 700 si
3142 648 3478 710 intendatur.

1895 730 2062 785 venit.

1963 817 2067 873 Sed
2093 829 2141 873 et
2175 819 2223 875 si
2252 822 2475 893 tetigerit
2500 825 2774 891 quidpiam
2797 827 2860 879 de
2891 827 3226 883 immunditia
3256 834 3482 888 hominis

1886 909 2047 976 juxta
2076 927 2280 965 onmem
2307 915 2674 981 impuritatem
2712 933 2814 986 qua
2858 918 3024 987 pollui
3052 920 3202 984 solet,
3240 923 3304 975 de
3335 925 3478 976 omni

1893 1003 2152 1056 munditia
2186 1005 2300 1072 ejus
2331 1021 2695 1076 quamcunque
2725 1021 2944 1077 tangens
3002 1009 3236 1077 pollutus
3295 1015 3475 1084 fuerit.

1893 1091 2034 1146 Dicit
2061 1100 2244 1147 autem
2305 1100 2604 1150 secundum
2647 1097 2906 1163 litteram,
2959 1115 3056 1154 eos
3113 1102 3203 1170 qui
3253 1104 3479 1158 seminis

1891 1182 2094 1236 fluxum
2120 1185 2422 1254 patiuntur,
2447 1197 2504 1240 et
2541 1199 2930 1253 menstruatas,
2953 1201 3007 1244 et
3032 1194 3294 1260 quosdam
3317 1195 3474 1260 alios,

1889 1274 1957 1327 de
1998 1274 2200 1343 quibus
2219 1277 2473 1331 subtilius
2503 1279 2619 1347 ipse
2658 1280 2935 1349 legislator
2961 1284 3123 1351 paulo
3159 1294 3278 1352 post
3315 1285 3474 1348 dicit,

1893 1364 1948 1418 in
1974 1365 2173 1434 quibus
2208 1367 2403 1422 horum
2437 1369 2837 1437 expositionem
2885 1376 3288 1429 rescrvavimus
3321 1392 3333 1426 :
3369 1378 3476 1429 hoc

1890 1458 2231 1514 solummodo
2280 1475 2425 1514 nunc
2463 1477 2565 1531 pro
2611 1466 3131 1519 commemoratione
3185 1479 3474 1535 ponentes,

1887 1551 2032 1617 quod
2066 1566 2176 1603 non
2201 1552 2747 1607 omnisimmunditia
2808 1555 3050 1609 hominis
3097 1559 3292 1625 polluit
3351 1570 3474 1612 tan-

1885 1651 2128 1710 gentem,
2170 1642 2402 1711 ideoque
2423 1643 2572 1697 enim
2609 1644 2746 1697 dixit
2778 1659 2792 1696 :
2821 1646 2988 1700 Juxta
3014 1663 3222 1701 clunem
3247 1651 3477 1718 impuri-

1887 1743 2047 1786 tatem
2076 1750 2180 1804 qua
2208 1735 2375 1802 pollui
2397 1735 2548 1800 solet,
2599 1737 2903 1791 secundum
2957 1738 3100 1792 LXX
3156 1752 3337 1796 autem
3410 1746 3476 1798 ab
3519 1731 3526 1760 λ

1887 1827 2029 1879 omni
2049 1826 2388 1880 immunditia
2416 1827 2552 1895 ejus,
2585 1843 2749 1897 quam
2779 1838 2999 1899 tangens
3028 1832 3260 1900 pollutus
3292 1838 3475 1906 fuerit.

1886 1915 2017 1982 Quae
2040 1919 2150 1972 sint
2175 1926 2360 1973 autem
2397 1919 2481 1972 hae
2520 1933 2644 1973 cum
2681 1919 2750 1974 de
2806 1921 2889 1976 eis
2933 1922 3211 1995 legislator
3257 1927 3474 1983 locutus

1887 2007 2067 2072 fuerit,
2103 2011 2350 2065 dicemus
2381 2028 2396 2065 :

1956 2083 2150 2155 Anima
2175 2102 2576 2172 quwjuraverit
2611 2114 2660 2158 et
2714 2106 2990 2173 protulerit
3040 2108 3195 2162 labiis
3238 2110 3368 2164 suis.
3414 2111 3470 2163 Id

1882 2203 1968 2248 est
2000 2203 2184 2263 aperte
2210 2196 2555 2264 promittens.
2589 2198 2734 2266 quod
2761 2197 2905 2252 LXX
2951 2199 3164 2265 dicunt,
3211 2217 3470 2270 separaris

1884 2285 2068 2351 labris,
2105 2294 2165 2340 ut
2198 2286 2283 2340 vel
2315 2287 2454 2342 male
2494 2289 2624 2356 quid
2653 2287 2835 2343 facere
2875 2289 3058 2353 vellet,
3093 2290 3179 2343 vel
3210 2293 3368 2352 bene,
3415 2293 3470 2344 in

1881 2379 2080 2447 quibus
2111 2387 2395 2450 peccaturo
2423 2389 2527 2446 est,
2563 2381 2784 2448 quando
2833 2381 2880 2435 is
2909 2381 3002 2451 qui
3044 2382 3185 2436 bene
3216 2384 3469 2452 promisit

1881 2471 2062 2527 facere
2093 2473 2379 2536 mentitur,
2406 2485 2499 2526 aut
2537 2474 2630 2542 qui
2672 2473 2812 2527 mala
2869 2474 3107 2530 minatus
3129 2485 3231 2538 est,
3259 2476 3466 2529 verita-

1883 2571 1990 2618 tem
2021 2564 2174 2619 dieit.
2203 2564 2359 2630 Quod
2395 2573 2450 2619 et
2490 2563 2735 2619 Herodes
2779 2579 3074 2635 perpessus
3103 2574 3208 2630 est,
3243 2568 3336 2636 qui
3369 2584 3472 2636 pro

1880 2670 1946 2709 eo
1972 2655 2114 2724 quod
2138 2656 2342 2724 juravit
2367 2656 2661 2710 llerediadi
2683 2655 2949 2710 Joannem
2976 2656 3270 2726 Baptistam
3289 2659 3471 2728 capite

1879 2747 2245 2810 detruncavit,
2283 2748 2558 2817 oblitaque
2579 2756 2768 2818 postea
2816 2749 3147 2803 intellexerit
3205 2750 3469 2805 delictum

1879 2855 2058 2893 suum.
2083 2837 2278 2894 Omnia
2305 2839 2422 2894 haec
2460 2839 2714 2895 videlicet
2741 2855 2864 2909 qua
2895 2840 3040 2895 dicta
3083 2850 3234 2904 sunt,
3290 2857 3468 2898 unus-

1877 2932 2108 3001 quisque
2131 2947 2254 2986 cum
2286 2933 2523 2987 senserit
2546 2941 2601 2987 et
2623 2934 2967 3004 cOgnoverit,
2997 2933 3470 3006 cunﬁteaturpec-

1878 3034 2059 3079 catum
2085 3026 2228 3095 quod
2262 3025 2411 3089 fecit,
2450 3035 2506 3080 et
2535 3026 2942 3096 olferatagnam
2976 3027 3044 3081 de
3069 3029 3324 3097 gregibus
3354 3029 3472 3082 sive

1877 3131 2122 3186 capram,
2158 3117 2283 3186 quia
2311 3119 2379 3172 de
2405 3117 2594 3187 aliquo
2617 3119 2710 3188 qui
2733 3118 2800 3173 de
2847 3120 3050 3189 populo
3079 3131 3184 3187 est,
3213 3121 3470 3176 videlicet

1877 3211 1946 3265 de
1973 3210 2131 3281 vulgo
2157 3209 2406 3279 loquitur
2423 3211 2528 3265 hoc
2555 3210 2694 3275 loco,
2743 3211 2887 3264 inter
2913 3225 3052 3280 quos
3073 3213 3336 3281 possibile
3383 3225 3469 3268 est

1877 3301 2176 3371 simplicem
2200 3303 2514 3373 quempiam
2559 3301 2798 3357 inveniri
2830 3317 3021 3372 agnam
3074 3302 3145 3358 de
3189 3305 3466 3375 gregibus.

1878 3403 2070 3464 utpote
2121 3405 2305 3464 aptam
2361 3391 2617 3462 simplici,
2687 3391 3150 3462 quemadmodum
3211 3395 3472 3463 superius

1876 3484 2113 3539 diximus
2145 3485 2198 3538 in
2225 3485 2349 3547 hoc,
2380 3483 2451 3538 de
2481 3499 2592 3552 quo
2621 3498 2771 3537 nunc
2800 3497 2986 3538 sermo
3031 3493 3137 3550 est,
3192 3485 3469 3541 sacriﬁcio

1875 3574 1990 3629 sive
2042 3575 2366 3644 pmnitentia
2454 3583 2603 3628 recte
2677 3573 2984 3628 cu-stodivit
3023 3574 3242 3642 oderri,
3298 3575 3464 3632 tinem

1875 3665 2162 3735 adjiciens.

1947 3757 2236 3827 Orabilque
2265 3771 2363 3824 pro
2393 3771 2456 3809 eo
2473 3755 2742 3820 sacerdos,
2801 3765 2852 3810 et
2915 3771 3013 3824 pro
3059 3767 3277 3826 peccato
3325 3759 3463 3827 ejus.

1874 3848 2169 3902 (Zonsuetis
2196 3847 2368 3900 utitur
2399 3843 2601 3910 verbis,
2658 3845 2712 3898 in
2740 3847 3063 3900 memoriam
3091 3857 3336 3901 nostram
3375 3866 3464 3902 re—

1874 3953 2078 3994 vocans
2127 3954 2188 3993 ea
2212 3954 2334 4008 qute
2379 3937 2632 4007 superius
2665 3938 2720 3991 in
2757 3939 3145 4006 deprecatione
3177 3955 3274 4008 pro
3337 3955 3462 4010 pec-

1873 4031 2010 4086 catis
2042 4031 2300 4100 praeccpit
2333 4030 2538 4100 peragi,
2583 4045 2705 4099 quin
2769 4030 2965 4084 iterum
2990 4029 3197 4093 dicere,
3268 4041 3459 4102 utpote

1875 4122 2044 4175 semel
2079 4122 2242 4185 dicta,
2265 4121 2638 4175 necessarium
2659 4135 2765 4174 non
2791 4121 3463 4179 babemus.-Solummodo

1875 4223 2057 4266 autem
2084 4212 2188 4266 hoc
2210 4211 2553 4280 adjiciamus,
2591 4218 2652 4264 ut
2679 4210 2722 4264 si
2780 4210 2900 4280 quid
2947 4213 3141 4266 borum
3206 4213 3466 4284 princeps

1874 4305 2203 4375 peccaverit,
2243 4304 2454 4357 hircum
2482 4304 2552 4357 de
2574 4303 2754 4371 capris
2772 4303 2986 4367 oderat,
3013 4305 3344 4359 oblationem
3357 4309 3460 4362 sibi
3537 4323 3547 4338 κ

1876 4398 2094 4467 dignam
2123 4406 2180 4451 et
2213 4395 2616 4466 paenitentiam.
2647 4393 2752 4449 Per
2779 4396 2884 4450 hoc
2909 4397 3054 4451 enim
3087 4399 3232 4467 quod
3274 4400 3465 4453 multi~

176 4498 436 4549 nationes
457 4504 642 4548 autem
683 4495 999 4556 immundae,
1034 4494 1200 4548 veluti
1227 4509 1413 4559 canes,
1463 4502 1519 4548 ct
1569 4494 1762 4556 simize,
1803 4522 1846 4577 ι)
1877 4491 2146 4554 tudinem,
2184 4497 2240 4543 et
2266 4489 2320 4542 in
2349 4490 2436 4543 his
2460 4489 2527 4543 de
2551 4489 2751 4557 quibus
2781 4504 2929 4543 nunc
2953 4491 3108 4556 dixit,
3139 4491 3191 4544 id
3231 4500 3317 4545 est
3371 4508 3462 4547 sa-

174 4599 228 4641 rt
267 4603 614 4657 quaecunque
640 4587 764 4640 talia
789 4595 939 4648 sunt,
973 4587 1069 4641 'de
1123 4587 1450 4640 animalibus
1495 4586 1771 4656 appellau-

173 4688 282 4738 tar,
315 4692 439 4746 quae
485 4679 647 4730 etiam
671 4678 740 4731 ab
770 4676 1079 4730 inﬁdelibus
1100 4677 1452 4739 colebantur;
1486 4676 1569 4731 vel
1594 4677 1768 4745 quod-

175 4773 304 4824 Hn't
336 4769 546 4838 reptile,
590 4770 748 4822 idest
785 4768 929 4838 (ptod
961 4784 1130 4838 super
1167 4779 1413 4822 ventrem
1446 4784 1605 4821 suum
1657 4776 1766 4822 tra-

175 4864 347 4926 hitur,
385 4877 509 4930 quae
540 4863 897 4917 nihilominus
921 4861 1283 4933 Symmachus
1313 4873 1368 4915 et
1397 4862 1585 4931 Aquila
1605 4863 1768 4930 repti-

173 4957 242 5007 iia
269 4954 588 5012 ediderunt,
620 4953 761 5006 LXX
797 4963 978 5006 autem
1014 4953 1453 5006 abominationes.
1485 4955 1624 5025 Ergo
1672 4969 1769 5025 per

173 5061 291 5101 haec
332 5055 442 5098 tam
479 5045 816 5099 idololatrias
867 5047 1213 5113 apertissime
1274 5045 1544 5116 signiﬁcat
1605 5063 1769 5116 quam

176 5141 222 5191 in
251 5138 366 5193 alio
393 5137 537 5192 malo
569 5137 841 5201 viventes,
871 5137 922 5191 id
957 5147 1040 5191 est
1068 5139 1120 5191 in
1147 5137 1285 5192 dolis
1355 5149 1410 5192 et
1441 5139 1494 5192 in
1543 5141 1768 5208 rapinis,

172 5231 289 5282 sive
321 5229 375 5280 in
403 5228 524 5282 aliis
546 5227 956 5297 cupiditatibus.
993 5229 1088 5282 llis
1117 5229 1374 5282 omnibus
1406 5232 1449 5284 si
1485 5232 1608 5299 quis
1628 5241 1774 5286 tactu

174 5323 695 5380 communicaverit.
714 5324 987 5377 etoblitus
1005 5322 1302 5386 fuerit,ve|,
1327 5333 1385 5376 ut
1408 5323 1773 5386 LXXdieunt,

177 5417 400 5472 latuerit
431 5417 583 5471 illum
619 5436 633 5472 :
669 5417 930 5487 quoniam
959 5417 1164 5471 oblivio
1196 5417 1396 5471 animae
1449 5419 1772 5471 etobscuri-

177 5523 257 5566 tas
293 5513 520 5576 mentis,
553 5512 666 5567 sive
684 5512 827 5565 actio
853 5509 1334 5578 mala,.inquinatio
1365 5521 1468 5576 est,
1490 5511 1547 5563 in
1579 5511 1774 5563 horum

179 5610 351 5667 lactt],
389 5603 440 5656 id
475 5613 560 5658 est
592 5603 677 5657 vel
705 5603 757 5672 ijt
778 5617 844 5656 eo
872 5605 1016 5671 quod
1066 5603 1189 5670 quis
1245 5600 1359 5655 haec
1413 5602 1776 5669 operantibus

248 5741 315 5772 "‘
350 5740 539 5792 Matth.
593 5758 686 5805 xv,
739 5741 818 5794 16.

183 5827 310 5863 ΠῖΙὶὶ.
352 5829 402 5868 γ,
441 5820 493 5862 ὅ.

898 5741 940 5770 9‘
969 5739 1157 5791 Matth.
1204 5755 1318 5800 vni,
1352 5737 1442 5789 ‘29..

1520 5741 1583 5768 εδδ·
1623 5737 1778 5792 Joan.
1806 5754 1924 5803 xm,
1954 5738 2008 5788 2.

1874 4582 2380 4638 critici-uni-oll'erre
2439 4582 2716 4650 praecepit,
2787 4584 3138 4637 manifestum
3196 4594 3281 4639 est
3333 4601 3463 4640 eum

1875 4678 2038 4731 etiam
2070 4676 2136 4729 de
2165 4675 2415 4744 principe
2452 4675 2647 4727 similia
2679 4675 2938 4730 voluisse.
2985 4675 3051 4730 Ut
3073 4686 3257 4730 autem
3281 4687 3333 4732 et
3364 4681 3464 4732 ali-

1871 4777 1958 4822 ter
1981 4770 2213 4829 dicatur,
2238 4782 2361 4819 eum
2378 4765 2468 4833 qui
2491 4765 2542 4817 in
2559 4766 2788 4819 seicntia
2806 4768 3132 4831 excellebat,
3159 4785 3262 4822 nec
3280 4770 3464 4838 ipsum

1873 4874 2102 4931 peccare
2126 4866 2464 4928 oportuerat,
2499 4873 2602 4910 nec
2643 4857 2869 4911 alterius
2897 4861 3303 4915 communicare
3333 4877 3464 4932 petra

1875 4955 2030 5010 catis.
2060 4952 2178 5006 Non
2203 4950 2350 5006 enim
2391 4951 2459 5003 ad
2513 4951 2792 5012 virtutem,
2845 4951 2939 5004 sed
2998 4954 3064 5005 ad
3114 4955 3464 5024 iniquitatem

1873 5048 2197 5105 inundantes
2227 5059 2304 5108 se,
2333 5041 2610 5096 invenitur
2656 5042 2984 5110 producere.
3017 5045 3131 5098 sive
3163 5061 3466 5115 provocare

1873 5143 2172 5211 subjectos.
2239 5135 2467 5205 Propter
2519 5133 2664 5202 quod
2731 5133 2881 5195 illud,
2939 5137 3090 5203 quasi
3155 5137 3300 5204 quod
3358 5153 3466 5192 nec

1874 5234 2097 5289 evenire
2123 5231 2370 5292 deberet,
2406 5227 2770 5280 indiseusstnn
2797 5227 3036 5295 reliquit.
3075 5226 3185 5282 Sed
3233 5239 3290 5282 et
3355 5229 3465 5281 hoc:

1875 5326 2178 5381 notandum
2231 5330 2334 5380 est.
2392 5320 2518 5389 quia
2573 5318 2828 5372 delictum
2899 5320 3204 5389 aliquando
3238 5321 3460 5390 quidem

1877 5414 2167 5485 specialem
2206 5411 2570 5479 iniquitatem,
2604 5421 2724 5476 quae
2745 5419 2935 5461 contra
2963 5410 3136 5462 solum
3178 5415 3463 5479 pnesumi~

1879 5519 1966 5561 tur
1992 5505 2186 5568 Deum,
2221 5502 2396 5571 qualis
2413 5510 2500 5554 est
2547 5515 2671 5568 quis
2710 5499 2763 5552 in
2817 5510 3056 5566 sanctos,
3120 5513 3212 5556 aut
3240 5519 3359 5573 qum
3405 5505 3460 5558 iu

1871 5597 2258 5672 jusjurandum
2281 5595 2682 5657 committitur;
2717 5592 3007 5662 aliquando
3059 5605 3241 5649 autem
3299 5612 3464 5651 onine

2086 5732 2131 5762 ε¹⁷
2168 5730 2306 5783 l‘sal.
2331 5744 2518 5796 cxxiu,
2553 5731 2602 5786 7.
2684 5732 2727 5762 ’³
2758 5730 2899 5786 Psal.
2936 5747 3120 5798 xxxix,
3144 5731 3198 5784 9.
3294 5735 3338 5765 9”
3368 5733 3462 5788 Je-
