3942 6408
509 327 626 389 835

1715 329 2079 390 HESYCHII
2119 329 2588 390 PRESBYTER!
3645 351 3731 413 δῖε

519 443 804 505 peccatum
831 435 976 504 quod
1001 437 1069 491 ad
1084 437 1380 493 scientiam
1421 438 1690 507 pervenit,
1719 439 1990 509 legislator
2015 456 2109 509 apo
2137 446 2177 498 A
2209 454 2336 507 que,
2362 442 2585 508 quando
2641 442 2942 496 secundum
3000 445 3352 503 intentionem
3413 453 3732 513 Dontinicam.

521 525 704 596 pellat,
737 536 792 580 et
819 536 1106 597 propterea
1129 529 1292 583 abeo
1339 529 1539 598 ubique
1579 530 1818 598 cognitio
1865 531 2096 599 peccati,

520 619 634 673 sive
672 627 1060 689 anteponatur,
1083 620 1790 676 she-siminieraturmodis
1819 620 2094 684 omnibus,

519 711 775 765 delictum
806 709 1116 774 dicitur,’ut
1143 714 1396 766 ostendat
1437 712 1562 782 quia
1595 727 1759 766 omne
1787 720 2096 781 peccatum,

522 809 806 870 postquam
827 801 1199 870 cognoscitur,
1242 802 1498 872 in'itpsum
1530 802 1870 871 delinquitur
1906 803 2098 866 Deum,

519 901 574 945 et
612 890 735 944 ideo
767 890 1073 958 appellatur
1094 891 1376 951 delictum,
1403 890 1459 944 id
1491 899 1575 944 cst
1592 891 2099 961 πλημμε).εια,ιιυιι

519 978 664 1032 enim
699 977 817 1031 sine
833 992 996 1031 causa
1023 976 1295 1046 legislator
1325 979 1431 1034 hoc
1477 993 1732 1033 sermone
1785 979 2101 1050 frequenter

523 1068 711 1124 utitur.
749 1066 884 1120 Nam
910 1075 966 1121 et
995 1067 1454 1132 quemadmodum
1506 1068 1834 1124 ditierentes
1872 1085 2104 1124 convcr-

520 1159 760 1213 sationes
786 1157 1068 1211 hominum
1097 1157 1152 1211 itt
1184 1158 1421 1212 exordiis
1471 1154 1600 1212 libri
1658 1175 1754 1229 per
1790 1160 2104 1214 holocauto-

522 1261 666 1305 mata
697 1259 754 1304 et
775 1249 1042 1304 sacriticia
1073 1249 1331 1303 salutaria
1347 1251 1672 1321 designans,
1702 1251 1974 1322 legislator
1991 1267 2100 1305 non

521 1343 730 1398 frustra
761 1343 1068 1412 proposuit,
1106 1342 1202 1396 sed
1231 1342 1345 1396 vias
1382 1342 1610 1406 multas,
1638 1351 1693 1396 et
1717 1342 1915 1411 jattuas
1975 1358 2104 1412 ape-

522 1436 630 1490 rire
659 1436 926 1505 cupiens:
961 1435 1040 1491 sic
1070 1442 1126 1489 et
1150 1435 1310 1489 modo
1328 1449 1443 1488 non
1505 1451 1668 1489 unam
1695 1437 1955 1505 speciem,
2005 1436 2101 1490 sed

525 1527 732 1580 multas
763 1526 832 1580 de
879 1525 1246 1580 oblationibus
1292 1540 1401 1595 pro
1452 1535 1679 1595 peccato
1730 1526 1978 1591 sancivit,
2045 1535 2105 1580 ut

519 1617 790 1685 plurieres
825 1617 1018 1671 modos
1050 1617 1389 1686 pmnitentite
1446 1623 1782 1686 proponeret
1809 1636 1822 1670 :
1845 1619 1972 1687 quia
2000 1634 2104 1672 nec

514 1724 712 1765 omnes
729 1710 990 1765 homines
1007 1725 1201 1765 omnes
1237 1710 1428 1764 modos
1451 1709 1676 1780 implere
1698 1720 1946 1780 possunt,
1999 1727 2104 1766 nec

2201 540 2366 599 atqtte
2387 546 2454 585 eo
2477 533 2750 588 mediante
2775 534 3104 590 oﬂ'eruntur.
3145 538 3246 601 Qui
3295 544 3509 610 primum
3550 547 3736 616 offerens

2200 635 2296 687 pro
2331 630 2567 689 peccato.
2615 620 2736 676 Ideo
2764 623 2999 690 primum
3036 639 3134 692 pro
3158 638 3375 694 peccato
3402 631 3600 699 olieret,
3630 638 3736 705 quia

2203 718 2366 758 nemo
2395 715 2573 773 potest
2599 705 2974 761 holocaustum
3022 707 3161 772 ﬁeri,
3199 711 3301 765 nisi
3357 715 3502 782 prius
3524 716 3672 772 fuerit
3713 739 3738 775 ει

2203 804 2430 863 peccato
2461 795 2598 850 liber
2631 796 2880 851 etlectus.
2913 797 3020 852 Sed
3067 799 3192 868 quis
3235 801 3394 872 hujus
3440 807 3621 861 modus
3669 821 3741 864 est

2209 886 2511 941 libertatis?

2273 970 2615 1049 Retorquebit
2665 979 2918 1033 sacerdos
2970 989 3134 1049 caput
3195 981 3309 1050 ejus
3370 986 3439 1037 ad
3493 988 3740 1053 pennatus,

2202 1068 2278 1121 ita
2317 1078 2372 1121 ut
2399 1069 2530 1121 collo
2552 1071 2768 1132 Itmreat,
2795 1079 2843 1122 et
2867 1086 2968 1122 non
2992 1073 3201 1138 penitus
3249 1067 3606 1142 abrumpatur.
3643 1074 3743 1130 Per

2202 1158 2424 1221 collum,
2455 1160 2599 1228 quod
2645 1149 2786 1212 LXX
2836 1160 3186 1228 spltondyium
3233 1162 3556 1230 interpretati
3614 1174 3740 1226 sunt,

2204 1258 2376 1319 totum
2409 1265 2606 1319 corpus
2631 1251 2974 1320 intelligitur,
3010 1254 3136 1321 quia
3164 1254 3286 1306 colli
3335 1255 3570 1320 tirntitas,
3617 1257 3745 1309 sani-

2204 1351 2308 1408 tas,
2330 1351 2386 1396 et
2413 1343 2768 1397 subsistentia
2800 1343 2966 1398 totius
3014 1345 3262 1414 corporis
3302 1353 3407 1400 est.
3460 1345 3589 1411 Quia
3634 1361 3745 1418 ergo

2202 1429 2341 1484 solet
2369 1440 2531 1500 caput
2566 1447 2664 1500 pro
2680 1442 2864 1486 mente
2886 1431 3057 1503 accipi
3083 1433 3135 1485 in
3158 1433 3340 1486 divina
3364 1432 3448 1486 Sci
3464 1434 3646 1502 iptura,
3663 1449 3746 1503 pro

2201 1536 2268 1576 eo
2306 1523 2451 1592 quod
2484 1538 2639 1576 mens
2677 1523 3044 1593 principatum
3082 1533 3231 1578 tenet
3271 1523 3322 1577 itt
3354 1525 3589 1586 homine,
3623 1526 3744 1580 unde

2203 1623 2257 1669 et
2287 1613 2452 1669 David
2490 1615 2597 1668 Deo
2628 1615 2842 1670 dicebat
2875 1632 2887 1666 :
2923 1614 2996 1668 Tu
3037 1615 3403 1668 contribulasti
3450 1617 3616 1684 capita
3638 1617 3748 1670 dra-

2203 1722 2391 1760 conum
2422 1714 2600 1760 subter
2627 1723 2796 1776 aquas
2825 1707 2866 1771 ¹,
2894 1714 3134 1761 mentem
3189 1697 3460 1774 videlicet,
3482 1709 3603 1761 dum
3629 1723 3748 1777 aqua

512 1800 697 1855 omnis
718 1801 913 1854 modus
936 1799 1276 1870 poenitentiae
1305 1800 1361 1854 in
1392 1800 1542 1854 omni
1572 1809 1796 1869 peccato
1819 1802 2097 1856 convenit.
2137 1788 2174 1840 Β
2209 1786 2552 1868 baptismatis
2595 1799 2974 1853 remissionem
3033 1800 3334 1870 praetente,
3383 1814 3532 1854 mens
3577 1800 3749 1854 diaboli

518 1890 750 1955 Quando
777 1891 927 1944 enim
954 1889 1294 1961 paenitentia,
1317 1906 1558 1955 saccum,
1605 1901 1662 1944 ct
1704 1891 1996 1959 jejunum,
2047 1902 2103 1946 et

513 1980 801 2050 iacrymas,
835 1989 890 2034 et
913 1981 1217 2036 orationem
1249 1981 1587 2047 continuam,
1612 1993 1668 2038 et
1690 1983 1898 2054 vigilias
1912 1984 2098 2054 exigit,
2125 1991 2130 1994 '

510 2075 730 2144 aliaque
759 2074 956 2131 similia
991 2075 1328 2145 :quontodo,
1373 2075 1522 2130 verbi
1555 2075 1750 2147 gratia,
1783 2074 2098 2142 sett'ectute,

510 2176 612 2220 aut
635 2166 800 2220 aliter
828 2181 1060 2236 corpore
1099 2165 1371 2231 inﬁrmus,
1431 2165 1594 2220 talem
1637 2182 1802 2238 agere
1823 2168 2102 2238 pteniten-

513 2257 647 2311 tiam
679 2257 1036 2326 praevalebit?
1063 2255 1320 2326 Nunquid
1371 2273 1503 2330 ergo
1557 2258 1647 2314 hic
1694 2268 1917 2329 propter
1957 2259 2103 2314 inﬁr-

514 2350 760 2405 mitatem
785 2357 880 2404 aut
909 2350 1144 2404 similem
1171 2359 1388 2405 aetatem
1455 2351 1738 2421 repellitur
1768 2366 1800 2405 a
1830 2353 2102 2422 paeniten-

513 2441 629 2496 tia?
648 2441 808 2496 Nullo
831 2442 1018 2507 modo,
1042 2441 1209 2496 habet
1243 2442 1391 2496 enim
1443 2443 1610 2497 alium
1639 2443 1861 2498 modum
1891 2443 1960 2498 ad
1997 2443 2102 2497 int-

515 2532 840 2602 petrandam
869 2532 1249 2589 remissionem
1287 2541 1662 2603 peccatorum.
1720 2533 1828 2590 Sed
1854 2535 1980 2604 quis
2012 2535 2103 2590 hic

513 2623 608 2689 sit,
631 2623 915 2693 sequentia
941 2625 1338 2690 demonstrant;
1365 2624 1442 2678 ait
1471 2625 1620 2679 enim
1657 2641 1672 2678 ς

584 2713 646 2769 Si
673 2725 851 2770 autem
877 2731 982 2770 non
1017 2718 1248 2786 potuerit
1273 2717 1458 2786 oﬂ‘erre
1517 2733 1698 2787 pecus.
1765 2717 1923 2785 Quod
1960 2717 2098 2772 LXX

519 2805 869 2877 interpretati
897 2819 1024 2864 sunt
1047 2825 1063 2861 :
1100 2807 1160 2862 Si
1183 2818 1362 2863 autem
1383 2825 1488 2862 non
1510 2809 1740 2863 ualuerit
1765 2827 1956 2864 manus
1987 2811 2102 2880 ejus

516 2899 590 2954 ad
617 2915 786 2964 ovem,
817 2899 1066 2955 volentes
1083 2915 1180 2970 per
1204 2915 1364 2956 ovem
1385 2916 1611 2971 caprum
1646 2902 1730 2955 vel
1770 2917 1989 2971 capram
2016 2903 2102 2955 in-

517 2990 705 3064 telligi,
749 2991 904 3062 quasi
947 3007 1242 3046 commune
1295 3001 1440 3046 esset
1491 3007 1664 3063 genus
1703 3007 1990 3062 caprarum
2047 3000 2104 3046 et

2203 1891 2505 1945 conteritur
2539 1907 2554 1948 :
2587 1906 2685 1960 per
2744 1891 2848 1947 hoc
2887 1906 3017 1962 ergo
3066 1892 3209 1961 quod
3237 1891 3436 1946 dicitur
3483 1891 3647 1945 LXX:
3696 1892 3748 1946 Et

2205 1991 2444 2051 erumpet
2474 1983 2720 2036 sacerdos
2750 1992 2908 2052 caput
2930 1983 3044 2052 ejus
3073 1999 3091 2036 :
3123 1998 3368 2053 przcsens
3395 1998 3520 2037 vero
3547 1981 3751 2037 translata

2207 2073 2285 2127 tio
2316 2091 2330 2127 :
2361 2071 2698 2144 Retorquebit
2723 2081 2882 2140 caput
2939 2072 3054 2142 ejus
3092 2081 3141 2126 et
3205 2069 3482 2140 pennulas,
3516 2072 3622 2126 vult
3667 2085 3752 2126 nos

2204 2181 2314 2220 non
2341 2165 2548 2220 servire
2571 2180 2748 2235 neque
2779 2164 3015 2234 compati
3047 2165 3296 2236 corpori,
3355 2163 3450 2220 sed
3510 2162 3750 2232 abrumpi,

2202 2257 2288 2311 vel
2321 2256 2642 2325 retorqueri,
2669 2265 2728 2310 ιιι
2753 2270 2862 2309 non
2894 2270 2963 2310 ex
2990 2271 3147 2326 tequo
3173 2265 3440 2327 repugnet
3463 2256 3558 2326 legi
3580 2253 3753 2308 utentis

2203 2350 2286 2404 lex
2322 2349 2550 2418 peccati,
2579 2363 2702 2419 quae
2729 2348 3129 2403 consuetudine
3155 2348 3420 2418 peccandi
3448 2348 3500 2402 in
3525 2347 3754 2401 membris

2204 2441 2412 2496 habitat
2437 2441 2702 2510 corporis,
2729 2455 2908 2509 neque
2933 2440 3210 2510 captivum
3265 2441 3429 2496 ducat
3484 2439 3752 2499 hominem,

2203 2533 2348 2586 sicut
2379 2531 2580 2586 Paulus
2611 2531 2751 2585 ait’.
2778 2531 2915 2597 Quia
2935 2541 3118 2586 autem
3148 2545 3266 2586 non
3297 2531 3555 2587 debemus
3582 2545 3638 2583 ex
3659 2539 3756 2582 toto

2202 2636 2404 2691 corpus
2432 2619 2728 2684 adversari,
2754 2636 2858 2674 nec
2880 2627 3185 2675 creaturam
3249 2621 3380 2675 illud
3409 2618 3598 2675 diaboli
3629 2618 3756 2672 a'stis

2204 2727 2374 2775 mare,
2409 2710 2551 2765 sicut
2579 2709 2797 2779 quidatn
2831 2718 3044 2780 putant,
3075 2711 3170 2764 sed
3191 2711 3428 2765 subdere
3445 2707 3754 2763 illudtttenti:

2205 2811 2494 2872 pr0pterca
2517 2817 2622 2855 non
2649 2801 2908 2870 praecepit
2927 2811 3091 2872 caput
3119 2818 3150 2856 a
3190 2803 3336 2858 collo
3359 2801 3612 2872 separari,
3639 2813 3758 2852 unus

2203 2896 2408 2965 quippe
2466 2894 2825 2965 ejusdemque
2851 2903 2981 2949 sunt
3033 2903 3284 2964 utraeque
3337 2905 3610 2948 creaturaa.
3668 2889 3755 2944 Sed

2203 2988 2488 3058 sequentia
2513 2987 2793 3042 videamus
2831 3006 2844 3041 :

515 3083 896 3182 ονίιιῖηοβίίξυι
920 3083 1431 3182 ἀίῖίωυεοβλοο-δίε
1492 3084 1712 3154 Planius
1750 3085 1924 3182 θιιίιξίι
1940 3127 1984 3182 in
2007 3085 2098 3182 (Ιξιί
2128 3124 2174 3182 c
2273 3101 2343 3156 Et
2374 3111 2617 3172 aspergat
2646 3103 2710 3155 de
2739 3101 3001 3171 sanguine
3059 3102 3207 3157 illius
3266 3103 3520 3172 parietem
3571 3097 3754 3152 altaris.

516 3175 776 3230 utomnia
810 3176 928 3231 inec
961 3176 1480 3246 comprehenderet,
1516 3191 1684 3248 pecus
1715 3177 1916 3247 posuit.
1942 3175 2097 3232 Unde

515 3275 573 3322 et
599 3267 689 3322 alii
717 3268 1082 3338 interpretum
1116 3269 1170 3322 in
1202 3270 1307 3325 hoc
1345 3271 1465 3325 loco
1504 3285 1605 3340 pro
1655 3287 1768 3337 ove,
1793 3270 1848 3324 bi
1873 3271 2098 3340 quidem

516 3359 795 3428 pascualia
821 3401 838 3426 ,
861 3360 952 3414 alii
977 3369 1160 3416 autem
1193 3378 1257 3416 ex
1285 3379 1463 3434 grege,
1511 3363 1756 3418 volentes
1791 3379 1889 3433 per
1918 3364 2024 3418 hoc
2043 3372 2108 3419 et

515 3466 712 3522 capras
745 3451 1082 3523 signiﬁcare,
1113 3453 1428 3509 ediderunt.
1476 3454 1532 3510 Si
1559 3469 1691 3525 ergo
1722 3455 1812 3510 hic
1837 3470 1949 3509 non
2006 3471 2100 3525 po-

520 3546 684 3600 tuerit
717 3543 918 3600 oﬂ‘erre
947 3559 1139 3615 pecus,
1165 3546 1364 3602 oﬂ'cret
1388 3561 1488 3617 pro
1526 3558 1755 3618 peccato
1805 3564 1905 3603 suo
1951 3549 2098 3620 quod

519 3635 790 3705 peccavit,
825 3636 964 3691 duos
998 3645 1260 3700 turtures,
1294 3647 1391 3692 aut
1415 3638 1552 3693 duos
1591 3639 1768 3708 pullos
1816 3639 2100 3694 columba-

519 3741 640 3782 rum
670 3727 924 3783 Domino.
956 3726 1323 3794 Quamobrem
1377 3731 1753 3786 necessarium
1795 3731 1962 3786 nimis
2015 3742 2100 3786 est

518 3817 798 3874 reminisci
835 3834 960 3887 nos,
986 3819 1116 3890 quia
1167 3822 1649 3892 contetnplativam
1704 3825 1872 3880 vitam
1926 3835 1983 3880 et
2043 3828 2096 3882 itt

514 3908 872 3964 meditatione
898 3920 1339 3976 conversantem,
1368 3921 1424 3966 et
1467 3913 1726 3968 mundam
1749 3925 1916 3985 atque
1961 3916 2098 3970 sim-

516 4002 710 4070 plicetn
745 4001 1060 4074 signiﬁcari,
1095 4019 1193 4074 per
1226 4005 1403 4073 pullos
1429 4006 1809 4061 columbarum
1829 4017 1886 4062 et
1917 4018 2097 4062 turtu-

516 4108 640 4148 rum
664 4095 921 4164 superius
952 4095 1211 4152 diximus.
1243 4096 1386 4166 Ergo
1434 4100 1528 4167 qui
1559 4114 1668 4152 non
1703 4109 1880 4169 potest
1903 4115 2098 4154 vacare

514 4185 574 4240 in
601 4187 862 4242 continua
890 4186 1183 4244 alllictione
1196 4198 1269 4262 ,ει
1299 4205 1569 4253 ωιυιιιιιίι.
1601 4201 1659 4245 ιιι
1684 4208 1878 4261 panem
1937 4209 2097 4246 suum

515 4290 642 4329 cum
671 4276 858 4332 cinere
903 4279 1174 4340 comedat,
1228 4287 1284 4333 et
1345 4289 1535 4348 potum
1589 4297 1748 4335 suum
1787 4298 1910 4337 cum
1968 4283 2098 4337 ﬂetu

517 4376 810 4437 temperet,
833 4369 1046 4439 aliaque
1073 4370 1158 4424 his
1187 4371 1388 4426 similia
1443 4373 1717 4442 pmnitens
1737 4385 1880 4445 agat,
1944 4376 2098 4432 verbi

2205 3194 2472 3265 Quidquid
2494 3204 2674 3248 autem
2697 3193 2957 3264 reliquum
2986 3194 3169 3266 fuerit,
3210 3196 3372 3264 [aciei
3393 3193 3644 3248 distillare
3699 3189 3757 3242 ad

2205 3288 2554 3356 fundamenta
2587 3285 2722 3354 ejus,
2756 3286 2881 3356 quia
2909 3300 3005 3353 pro
3037 3296 3254 3355 peccato
3281 3295 3376 3341 est.
3407 3276 3756 3339 Pariesaltaris

2204 3389 2406 3444 corpus
2426 3374 2631 3428 Christi
2658 3373 3002 3443 intelligitur.
3037 3373 3105 3428 de
3130 3389 3242 3443 quo
3275 3375 3390 3444 ipse
3424 3371 3661 3427 Christus
3686 3365 3752 3421 di-

2205 3464 2396 3519 cebat:
2419 3462 2612 3518 Soli-ite
2641 3463 2892 3525 templum
2911 3463 3026 3528 hoc,
3045 3474 3094 3518 et
3121 3465 3292 3518 tribus
3311 3463 3489 3518 diebus
3521 3457 3758 3529 wdi/icaba

2205 3557 2339 3611 illud
2361 3559 2400 3610 ³.
2434 3557 2866 3612 Fundamentum
2899 3567 3080 3612 autent
3095 3557 3236 3626 ejus,
3278 3559 3392 3612 sive
3421 3599 3436 3622 ,
3489 3551 3756 3610 secundum

2204 3650 2350 3720 quod
2382 3649 2527 3704 LXX
2549 3651 2892 3720 interpretati
2915 3657 3064 3715 sunt,
3079 3649 3272 3704 basitn.
3297 3649 3447 3703 Basis
3463 3648 3597 3704 enim
3620 3657 3760 3698 evan-

2205 3742 2410 3811 gelium
2436 3751 2521 3796 est
2567 3741 2727 3812 Ergo,
2799 3741 3102 3797 secundum
3143 3742 3508 3796 intentionem
3539 3733 3755 3793 sacrificii

2204 3831 2407 3887 Christi
2434 3843 2490 3887 et
2509 3834 2840 3904 evangelicae
2869 3834 3155 3900 doctrinae,
3179 3835 3343 3904 jubet
3364 3835 3526 3889 ctiam
3559 3832 3652 3884 hoc
3679 3839 3758 3897 pro

2207 3925 2444 3995 peccatis
2475 3925 2802 3980 sacrificium
2832 3925 3018 3981 on‘erri
3047 3939 3381 3998 :propterea
3412 3924 3627 3984 addidit.
3652 3919 3754 3990 quia

2205 4034 2302 4082 pro
2337 4027 2552 4087 peccato
2571 4030 2667 4074 est.
2701 4019 2848 4075 Nihil
2880 4021 3084 4092 quippe
3126 4021 3204 4076 sic
3241 4038 3272 4077 a
3303 4019 3537 4092 peccatis
3556 4015 3756 4084 eripem.

2204 4110 2662 4178 quemadtttodutn
2695 4112 2897 4168 Christi
2925 4113 3156 4169 imitatio
3185 4125 3242 4169 et
3286 4111 3592 4170 obedientia
3615 4120 3756 4162 evtttt—

2205 4199 2390 4269 gelica:
2414 4202 2834 4270 praedicationis,
2856 4214 3053 4273 potest.
3077 4205 3169 4259 cui
3194 4205 3239 4258 si
3259 4205 3384 4274 quis
3415 4203 3483 4259 sit
3507 4196 3757 4257 οὺριιὶριιδς

2205 4293 2439 4346 alterunt
2469 4294 2711 4349 adolehit
2738 4295 3140 4363 holocaustum,
3181 4307 3240 4352 ut
3277 4297 3395 4353 ﬁeri
3418 4296 3574 4360 solet,
3625 4289 3668 4344 id
3691 4294 3759 4341 cst

2203 4387 2662 4455 quemadmodum
2683 4398 2900 4459 oportet
2924 4390 3304 4446 holocaustum
3325 4390 3463 4445 ﬁeri.
3481 4385 3626 4454 Quod
3643 4376 3757 4436 LXX

516 4459 711 4526 gratia,
745 4459 1067 4516 inﬁrmitate
1091 4471 1186 4516 aut
1223 4463 1329 4516 alia
1391 4479 1720 4534 quacunque
1768 4469 2100 4523 necessitate
2133 4487 2177 4542 ι)
2207 4480 2367 4549 plane
2381 4482 2664 4534 secundum
2689 4482 2784 4535 hoc
2821 4483 3012 4545 εάωη,
3051 4484 3104 4538 id
3126 4493 3228 4548 ρει,
3266 4483 3432 4539 [πίει
3459 4490 3631 4536 auum
3645 4487 3757 4544 quo.

518 4551 858 4618 prohibetur,
887 4553 974 4606 hic
990 4553 1271 4608 aliomodo
1294 4568 1456 4624 agere
1477 4563 1658 4623 potest
1699 4557 2101 4626 paenitentiam,

517 4643 687 4699 veluti
747 4645 991 4700 otl‘erens
1044 4647 1424 4716 semetipsum,
1484 4648 1552 4702 ad
1617 4652 2103 4720 contemplandum

517 4733 714 4800 Deum,
746 4744 803 4789 et
826 4735 895 4789 ad
922 4737 1415 4804 perscrutationent
1467 4737 1600 4810 legis
1631 4740 1774 4808 ejus,
1825 4749 2103 4812 totamque

515 4837 761 4881 mentem
793 4841 948 4882 suam
976 4842 1308 4885 consecrans
1335 4831 1546 4886 ccelesti
1599 4833 2025 4896 conversationi,
2070 4849 2102 4888 a

512 4917 748 4973 terrenis
779 4919 943 4973 rebus
973 4919 1286 4989 plenissime
1313 4924 1578 4980 cohibens
1604 4940 1682 4992 se,
1707 4941 1804 4995 per
1835 4926 1938 4980 boc
1956 4927 2100 4981 enim

510 5005 588 5070 ci,
623 5014 681 5061 et
719 5015 1076 5077 peccatorum
1119 5011 1395 5077 remissio,
1422 5024 1479 5068 et
1505 5014 1828 5082 justiﬁcatio
1845 5031 2107 5085 procura-

512 5109 627 5156 tur.
658 5101 813 5156 Unde
842 5117 1034 5156 eorum
1070 5102 1401 5171 oﬂ‘eruntur,
1427 5122 1596 5161 unum
1624 5108 1844 5177 quidem
1870 5125 2107 5178 ptopec-

510 5202 658 5259 cato,
689 5194 744 5250 id
775 5204 858 5249 est
883 5195 952 5250 ad
986 5197 1433 5253 emundationent
1461 5200 1694 5269 peccati,
1723 5201 1954 5256 alterum
1974 5217 2105 5258 vero

515 5281 572 5335 in
605 5281 1010 5348 holocaustum,
1038 5285 1192 5353 quasi
1216 5285 1271 5339 in
1288 5287 1699 5358 cruciﬁgentem
1721 5293 2098 5362 semetipsum,

511 5377 992 5431 conversationem
1019 5378 1104 5432 vel
1125 5378 1316 5444 vitam,
1341 5390 1398 5434 et
1447 5381 1767 5451 plenissime
1820 5381 1931 5438 Deo
1987 5395 2099 5439 tra-

511 5466 735 5522 dentem
768 5468 1102 5523 immolatur.
1137 5466 1346 5525 Oﬂeret
1391 5480 1579 5526 autem
1635 5472 1753 5528 haec
1803 5475 2099 5542 sacerdoti,

511 5559 735 5615 tlhristo
763 5561 970 5631 utique.
1005 5560 1160 5616 Tunc
1189 5563 1336 5617 enim
1373 5565 1711 5634 acccptabile
1743 5574 1828 5620 cst
1881 5577 2099 5622 utrum-

508 5741 512 5744 ’
580 5736 599 5772 ί
637 5737 782 5794 Psal.
839 5756 1026 5808 mnu,
1061 5741 1144 5796 13.
1223 5744 1243 5774 ¹
1270 5743 1427 5798 Rom.
1467 5759 1562 5809 vzt,
1593 5743 1684 5797 25.
1763 5745 1783 5776 ³
1815 5744 1972 5800 Joan.
2007 5760 2066 5811 tt,
2105 5746 2189 5802 t9.

2209 4571 2372 4626 modo
2431 4572 2614 4627 debet.
2660 4571 2891 4642 Oportet
2941 4575 3145 4645 quippe
3185 4592 3314 4630 eum
3375 4575 3466 4645 qui
3500 4581 3689 4644 patrem
3717 4572 3760 4615 ει

2207 4673 2463 4730 matrem,
2494 4675 2549 4718 et
2575 4663 2792 4730 fratres,
2823 4676 2883 4720 et
2925 4668 3106 4722 omnia
3151 4669 3434 4724 smcularia
3460 4664 3650 4721 renuit,
3679 4658 3759 4711 ιιοι

2209 4758 2513 4812 locaustum
2547 4759 2687 4824 ﬁeri,
2718 4760 2761 4813 si
2796 4761 2956 4816 modo
3004 4761 3120 4816 vult
3175 4777 3299 4818 esse
3363 4753 3682 4830 acceptabile
3715 4756 3755 4802 el

2207 4846 2548 4917 intelligibile
2584 4848 2987 4904 holocaustum.
3020 4851 3147 4906 Haec
3198 4853 3243 4905 si
3278 4851 3519 4915 faciatis,
3556 4845 3644 4917 qui
3669 4852 3752 4896 non

2212 4947 2395 5008 potest
2423 4939 2698 5007 prmdit-tis
2749 4941 2926 4995 tnodis
2967 4943 3347 5012 pmnitentiam
3394 4955 3574 5012 agere,
3596 4936 3643 4989 id
3697 4936 3759 4983 est

2209 5027 2434 5097 vigiliis,
2456 5040 2512 5082 et
2537 5043 2717 5093 sacco,
2749 5038 2800 5084 et
2836 5031 2956 5084 aliis
2988 5031 3260 5087 similibus
3275 5027 3761 5086 atllictionibus,ro—

2203 5121 2350 5191 gabit
2373 5137 2470 5191 pro
2500 5137 2570 5177 eo
2596 5122 2945 5192 intelligibil'ts
2991 5125 3264 5190 sacerdos,
3324 5133 3381 5178 ct
3427 5138 3524 5194 pro
3569 5119 3762 5189 peccat"

2203 5210 2342 5281 ejus,
2375 5219 2431 5264 et
2451 5211 2762 5265 dimittetur
2785 5212 2857 5266 ei.
2908 5213 3257 5269 Admirabilis
3279 5215 3438 5269 valde
3465 5227 3594 5282 ergo
3641 5205 3762 5260 Deus

2203 5311 2289 5356 est
2323 5302 2488 5371 hujus
2523 5302 2661 5357 lator
2691 5303 2847 5373 legis,
2879 5306 2969 5374 qui
3015 5305 3249 5370 veniam,
3301 5314 3488 5376 utpote
3550 5302 3763 5356 clemens

2205 5393 2582 5449 imbecillitate
2605 5396 2824 5466 generis
2848 5397 3072 5452 humani
3103 5399 3314 5460 tribuit,
3345 5408 3402 5452 et
3427 5395 3641 5450 modum
3687 5400 3759 5439 re-

2205 5484 2351 5556 perit
2379 5502 2478 5556 per
2508 5503 2670 5557 quem
2699 5503 2812 5544 non
2875 5491 3085 5544 minora
3137 5489 3400 5560 consequi
3451 5487 3762 5542 intirmattlvs

2207 5578 2440 5649 possint.
2474 5577 2614 5644 Quia
2633 5588 2813 5635 autem
2850 5597 2958 5636 non
2991 5597 3150 5637 ontne
3169 5582 3324 5636 facile
3381 5589 3464 5635 cst
3491 5577 3555 5634 ad
3606 5571 3759 5644 pM“°
