3942 6404
233 347 325 413 837

1397 355 1476 416 ΙΝ
1517 357 1955 418 LEVITICUM.
1987 385 2056 394 -
2093 361 2237 423 LIB.
2271 363 2321 422 Ι.

3330 361 3339 368 ’
3382 374 3489 437 8:38

233 458 450 515 tendum
483 468 721 531 tempus,
756 462 864 517 imo
915 461 1209 533 aliquando
1229 475 1280 519 et
1315 465 1550 530 difﬁcile,
1613 467 1664 522 id
1719 477 1804 522 est
1833 475 1879 531 Α
1907 471 2118 525 modios
2165 474 2408 542 capiens.
2461 473 2604 547 Ergo
2641 476 2892 534 Christus
2921 491 3008 535 est
3035 482 3128 550 qui
3163 483 3490 539 sacriﬁcium

231 552 446 622 quando
482 553 638 615 abusi
671 569 864 616 sumus
908 557 1022 625 ipsa
1055 556 1398 626 paenitentia,
1442 559 1806 628 virtutemque

229 647 344 715 ejus
372 645 778 714 quodammodo
806 648 1146 704 abolevimus
1175 667 1187 702 :
1211 650 1357 719 quod
1387 651 1591 715 evenit,
1621 651 1807 720 siquis

232 738 366 793 forte
394 753 630 809 peccans
655 747 710 794 et
738 740 1003 809 pmnitere
1036 756 1094 796 se
1111 741 1376 798 simulans
1405 743 1473 797 ad
1493 743 1596 797 hoc
1617 757 1808 797 rursus

231 827 434 894 redeat,
462 829 680 898 quando
700 841 749 884 et
772 829 962 885 Petrus
1013 831 1422 900 reprehendens
1474 832 1586 886 ait:
1621 831 1806 885 Evenit

228 921 299 976 eis
330 937 413 974 res
443 921 552 975 veri
585 921 884 990 proverbii:
911 920 1070 976 Canis
1090 939 1324 976 reversus
1353 921 1423 974 ad
1455 938 1609 975 suum
1638 921 1807 974 vomi-

229 1022 360 1076 tum,
381 1019 431 1064 et
459 1027 549 1064 sus
577 1010 684 1063 lota
715 1011 769 1062 in
798 1010 1073 1064 volutabro
1123 1013 1252 1066 caui
1285 1012 1325 1065 ⁸.
1371 1011 1477 1066 Sed
1501 1021 1556 1065 et
1586 1011 1804 1064 Paulus.

227 1101 305 1156 Ne
325 1102 465 1172 quis,
498 1101 575 1154 ait
603 1101 915 1172 fornicator,
966 1113 1060 1156 aut
1094 1105 1370 1173 profanus,
1404 1112 1462 1156 ut
1491 1102 1657 1166 Esau,
1719 1103 1810 1165 qui

224 1202 436 1262 propter
459 1209 622 1246 unam
655 1208 828 1246 escam
854 1194 1084 1247 vendidit
1131 1195 1454 1262 primitivum
1485 1211 1659 1247 suam.
1689 1193 1809 1247 Sri-

227 1295 331 1339 tote
360 1285 502 1338 enim
527 1285 651 1352 quia
675 1295 722 1338 et
756 1295 937 1354 postea
957 1285 1266 1338 hwreditate
1299 1285 1704 1338 benedictionem
1728 1300 1810 1336 re-

225 1376 478 1446 probatus
539 1385 635 1429 est.
668 1375 788 1429 Non
815 1376 955 1429 enim
996 1377 1191 1430 invenit
1233 1378 1550 1445 paenitentia:
1615 1375 1808 1442 locum,

225 1483 529 1538 quanquam
547 1482 666 1518 cum
683 1465 934 1535 lacrymis
968 1468 1273 1538 exquisisset
1296 1485 1414 1521 eam
1438 1470 1480 1521 ⁸.
1503 1466 1644 1538 Ergo
1681 1467 1810 1537 quia

226 1560 424 1614 talibus
456 1574 568 1612 non
596 1558 771 1613 facilis
802 1559 1076 1628 praebetur
1097 1559 1431 1628 paenitentiae
1454 1559 1656 1624 aditus,
1681 1573 1810 1627 ecce

224 1664 373 1703 nunc
400 1647 677 1717 legislator
701 1647 911 1714 innuit;
943 1648 1020 1701 ait
1043 1648 1189 1702 enim
1229 1664 1243 1700 :

1908 561 2088 626 offert,
2131 573 2187 618 et
2233 565 2351 635 ipse
2399 578 2484 621 est
2530 569 2855 624 sacriﬁcium
2882 572 3028 640 quod
3070 573 3317 629 oﬂ'ertur.
3352 574 3490 645 Ephi

1907 654 2052 707 enim
2085 670 2208 710 cum
2242 657 2315 712 sit
2351 674 2604 714 mensura
2637 662 2801 716 trium
2843 663 3173 726 modiorum,
3208 665 3481 720 evidenter

1907 742 2233 801 Trinitatem
2284 748 2483 812 innuit,
2511 767 2634 819 quae
2666 768 2771 806 una
2817 753 3038 823 quidem
3079 771 3336 810 mensura
3383 768 3489 817 est.

1907 837 2035 904 quia
2065 851 2170 890 una
2211 838 2264 891 in
2296 853 2358 892 ea
2395 848 2477 893 est
2515 840 2713 894 Deitas.
2747 841 2884 896 Tres
2912 851 3096 897 autem
3132 843 3296 898 habet
3335 861 3490 899 men-

1907 939 2086 989 suras,
2119 925 2169 980 id
2200 937 2305 990 est,
2348 937 2458 983 tres
2501 945 2765 999 personas
2815 931 3102 1000 perfectas.
3137 943 3191 988 et
3233 944 3312 989 tot
3359 937 3490 990 sub-

1907 1017 2210 1082 sistentias,
2239 1030 2299 1074 ut
2327 1021 2676 1077 manifestum
2709 1023 2782 1078 sit
2813 1039 2924 1078 non
2959 1039 3061 1080 nos
3090 1041 3338 1096 peccare,
3371 1029 3490 1098 ejus

1908 1118 2119 1177 partem
2149 1124 2370 1164 carnem
2406 1109 2622 1166 Domini
2651 1114 2920 1181 dicentes,
2947 1126 3174 1186 promer
3203 1117 3490 1188 insepara-

1908 1200 2072 1253 bilem
2120 1216 2246 1254 cum
2293 1216 2356 1254 ea
2409 1201 2672 1258 incarnati
2719 1203 2883 1259 Verbi
2935 1206 3258 1261 unitionem.
3309 1208 3489 1273 Quare

1909 1300 2092 1346 autem
2126 1290 2405 1348 Trinitatis
2432 1309 2556 1362 pars
2583 1294 2702 1348 est?
2731 1294 2856 1363 quia
2891 1295 3236 1351 indivisibilis
3261 1298 3380 1367 ejus
3407 1307 3492 1353 est

1908 1383 2080 1452 gloria
2114 1391 2169 1437 et
2197 1383 2391 1447 virtus,
2429 1384 2500 1437 ita
2540 1392 2600 1437 ut
2640 1384 2840 1440 Paulus
2881 1386 2948 1440 de
2985 1386 3203 1442 Christo
3232 1389 3442 1443 diceret
3474 1406 3488 1440 :

1910 1473 1980 1528 In
2011 1475 2124 1544 ipso
2167 1475 2370 1528 habitat
2411 1475 2579 1528 omnis
2609 1475 2879 1546 plenitudo
2913 1478 3204 1532 divinitatis
3237 1495 3490 1547 corpora-

1911 1567 2032 1621 liter
2062 1568 2104 1620 ⁷.
2140 1565 2247 1621 Sed
2276 1575 2332 1620 ct
2358 1567 2599 1638 Joannes
2633 1586 2644 1621 :
2675 1565 2777 1632 Qui
2812 1577 2992 1638 negat,
3031 1568 3222 1637 inquit,
3266 1568 3489 1625 Filium.

1908 1673 2004 1713 nec
2029 1657 2247 1712 Patrem
2289 1659 2443 1712 habet
2473 1674 2490 1711 :
2522 1657 2621 1723 Qui
2636 1645 2928 1726 'con/itetur
2960 1657 3162 1724 Jesum,
3198 1669 3246 1712 et
3278 1659 3494 1713 Patrem

292 1737 446 1805 Ωιιοά
472 1739 518 1792 σί
545 1753 649 1792 non
681 1739 903 1810 quiverit
933 1755 1122 1793 manus
1171 1738 1286 1807 ejus
1322 1739 1504 1809 oﬁerre
1536 1738 1668 1792 duos
1695 1749 1810 1792 lur-
1912 1748 2070 1803 habet
2099 1749 2141 1802 ⁸.
2188 1749 2330 1820 Ergo
2379 1749 2512 1819 ephi
2561 1748 2782 1818 quidem
2829 1747 2921 1803 hic
2967 1750 3280 1806 incarnatus
3325 1750 3492 1817 Deus,

223 1842 369 1885 tures
398 1829 482 1884 vel
523 1829 653 1884 duos
693 1829 866 1899 pullos
895 1829 1168 1884 columbte.
1209 1831 1349 1897 Quia
1379 1845 1508 1886 vero
1540 1829 1659 1886 haec
1697 1845 1807 1885 non

1917 1839 2153 1897 Verbum
2186 1849 2375 1911 utpote
2414 1841 2624 1896 habens
2673 1841 2728 1895 in
2771 1855 2830 1896 se
2875 1840 3159 1896 Trinitatis
3191 1843 3495 1912 plenitudi-

222 1932 407 1994 potest
452 1923 795 1989 omnimodo,
842 1938 946 1978 nec
991 1921 1208 1978 haedum
1260 1933 1354 1977 aut
1393 1938 1550 1978 ovem
1594 1932 1806 1994 potest;

220 2031 394 2088 quare
421 2025 603 2072 autem
623 2032 731 2072 non
770 2025 950 2085 potest
977 2035 992 2070 :
1027 2031 1150 2081 seu,
1201 2025 1262 2071 ut
1291 2015 1432 2070 LXX
1463 2016 1673 2083 dicunt,
1706 2032 1810 2070 non

223 2109 468 2165 invenit!
509 2108 637 2178 quia
681 2107 889 2163 divitiis
930 2107 1268 2178 paenitentia:
1316 2108 1456 2162 male
1504 2123 1656 2172 usus,
1697 2123 1809 2162 non

219 2215 318 2255 eas
345 2200 811 2270 quemadmodum
843 2200 1152 2270 oportebat,
1195 2199 1472 2270 expendit.
1507 2199 1652 2266 Quid
1679 2215 1811 2270 ergo

221 2291 409 2354 faciet,
450 2299 511 2345 ut
546 2305 657 2345 non
698 2291 1010 2360 desperatio
1036 2290 1085 2345 ei
1123 2305 1288 2344 causa
1331 2290 1654 2360 perditionis
1682 2288 1810 2344 ﬁat?

291 2381 478 2453 QTeret
503 2399 600 2452 pro
627 2391 841 2454 peccato
866 2399 963 2436 suo
992 2381 1249 2446 similam,
1278 2391 1486 2452 partem
1517 2381 1636 2451 ephi
1668 2380 1809 2434 deci-

220 2491 369 2529 mam
395 2491 415 2530 :
445 2491 550 2528 non
587 2476 756 2529 mittet
801 2476 858 2528 in
901 2490 1020 2528 eam
1054 2473 1250 2539 oleum,
1286 2489 1379 2527 nec
1407 2474 1573 2526 thuris
1605 2471 1809 2542 aliquid

219 2575 404 2635 ponet,
452 2565 580 2635 quia
627 2581 724 2634 pro
765 2573 978 2632 peccato
1013 2573 1110 2618 est.
1148 2561 1275 2618 Haec
1316 2579 1446 2634 ergo
1499 2563 1712 2633 species
1758 2563 1806 2617 ei

219 2658 564 2728 ptenitentiae
611 2672 872 2712 concessa
918 2665 1001 2712 est
1041 2671 1204 2726 quam
1235 2655 1394 2712 dixit.
1434 2654 1659 2709 Anxiari
1709 2669 1809 2708 θυι

222 2759 333 2804 tem
363 2759 422 2804 et
451 2750 645 2804 timere
672 2749 856 2812 debet,
888 2765 958 2803 ne
998 2747 1138 2802 forte
1169 2763 1278 2802 non
1309 2746 1640 2816 suscipiatur
1666 2745 1805 2816 ejus,

222 2851 413 2913 utpote
461 2842 784 2912 frequenter
811 2840 1086 2910 injuriata,
1112 2841 1433 2911 paenitentia
1460 2857 1476 2907 ;
1516 2849 1809 2911 propterea

220 2947 326 2988 nec
372 2933 556 2988 oleum
603 2931 970 3002 superfundit,
1007 2940 1192 3000 utpote
1239 2931 1496 2986 dubitans
1534 2945 1605 2984 an
1646 2931 1810 2985 mise-

221 3024 461 3080 rieordia
489 3033 544 3078 et
572 3022 954 3093 compassione
981 3021 1177 3091 dignus
1217 3023 1306 3076 sit.
1351 3021 1458 3076 Sed
1495 3036 1598 3074 nec
1633 3020 1809 3075 thuris

219 3115 428 3186 aliquid
469 3114 726 3184 imponit,
753 3121 944 3183 utpote
973 3113 1067 3182 qui
1099 3112 1278 3168 nescit
1301 3121 1482 3167 utrum
1511 3112 1636 3166 boni
1670 3111 1808 3166 odo-

221 3209 298 3263 ris
349 3207 424 3262 sit
469 3208 589 3278 ejus
631 3206 830 3269 oratio,
853 3205 1382 3276 quam-frequenter
1421 3203 1810 3274 praevaricatus

219 3311 322 3358 est.
356 3300 514 3358 Unde
543 3299 662 3356 Joel
689 3299 956 3372 propheta
985 3299 1054 3353 ad
1085 3298 1300 3369 plebem
1325 3297 1641 3354 Judatorum
1663 3297 1812 3352 diee-

218 3394 314 3450 bat
349 3411 365 3448 :
404 3391 793 3449 Convertimini
853 3393 926 3447 ad
992 3392 1276 3446 Dominum
1333 3391 1502 3445 Deum
1558 3402 1809 3455 vestrum,

217 3489 346 3558 quia
392 3487 650 3556 benignus
699 3493 748 3538 et
795 3485 1093 3538 misericors
1121 3493 1220 3549 est,
1251 3484 1460 3552 patiens
1497 3491 1544 3536 et
1587 3481 1812 3535 multum

219 3582 544 3645 misericors,
572 3587 622 3633 et
651 3577 970 3648 pra'slabilis
1009 3593 1170 3646 super
1208 3577 1442 3631 malitia.
1485 3574 1614 3641 Quis
1643 3577 1737 3630 scit
1766 3576 1812 3629 si

217 3670 564 3730 convertatur
593 3681 642 3726 et
683 3673 938 3742 ignoscat,
970 3679 1019 3723 et
1059 3669 1325 3739 relinquat
1366 3679 1482 3738 post
1509 3685 1565 3722 se
1596 3668 1812 3722 benedi-

218 3765 490 3821 stionem?
541 3762 878 3833 Sacriﬁcium
927 3771 976 3818 et
1024 3761 1257 3815 libamen
1299 3760 1525 3815 Domino
1568 3760 1675 3814 Deo
1717 3776 1813 3813 no-

217 3868 330 3914 stro
362 3857 404 3912 ‘.
461 3857 530 3912 Et
581 3854 859 3925 quomodo
915 3853 1198 3908 dubitatur
1247 3852 1316 3906 de
1365 3851 1720 3905 misericorde
1757 3860 1814 3905 et

220 3952 490 4022 patiente,
535 3958 593 4004 et
634 3949 822 4003 multae
865 3945 1258 4011 miserationis,
1296 3943 1339 3999 si
1373 3953 1728 3999 convertatur
1759 3953 1816 3998 et

223 4046 518 4116 paeniteat,
543 4052 600 4098 et
627 4043 673 4098 si
701 4040 1031 4097 sacriﬁcium
1055 4047 1150 4093 aut
1180 4038 1418 4092 libamen
1451 4052 1548 4106 pro
1578 4036 1815 4106 peccatis

221 4138 482 4208 accipiat,
515 4135 626 4191 nisi
655 4134 782 4204 quia
819 4133 1022 4204 populo
1053 4131 1292 4201 maligno
1323 4139 1378 4184 et
1408 4127 1655 4200 diligenti
1686 4141 1814 4198 pec-

221 4241 344 4285 cata
371 4227 654 4299 loquitur?
683 4225 787 4292 Qui
824 4241 948 4280 cum
980 4239 1129 4293 saepe
1153 4221 1348 4293 egerit,
1378 4235 1660 4290 nunquam
1692 4235 1816 4289 pcr-

224 4323 366 4377 stitit
413 4322 468 4375 in
513 4337 650 4390 pura
675 4317 994 4389 poenitentia
1026 4334 1039 4369 :
1071 4331 1200 4387 ergo
1233 4330 1338 4369 nec
1377 4315 1817 4385 desperationem

225 4415 334 4470 illis
384 4412 566 4467 facere
599 4415 734 4476 vult,
775 4425 876 4465 nec
915 4422 1108 4462 rursus
1151 4423 1246 4462 eos
1299 4406 1630 4476 paenitentes
1662 4406 1819 4461 valde

1911 1948 2060 1990 nem.
2097 1931 2317 1987 Decima
2354 1942 2537 1987 autem
2576 1932 2698 2002 ejus
2737 1943 2823 1991 est
2865 1948 2994 1987 caro
3029 1951 3043 1986 :
3078 1933 3319 2002 primum
3365 1934 3492 2004 qui-

1911 2023 2035 2078 dem
2089 2030 2151 2076 ut
2202 2021 2583 2078 ostenderetur
2638 2023 2945 2078 sublimitas
3001 2023 3304 2080 divinitatis
3351 2025 3492 2095 ejus,

1909 2120 2179 2183 quantum
2225 2114 2293 2168 ad
2343 2113 2759 2179 humanitatem,
2801 2122 3027 2184 propter
3077 2114 3221 2184 quod
3269 2123 3324 2170 et
3369 2131 3496 2186 pars

1909 2204 2140 2269 dicitur;
2182 2203 2382 2259 deinde
2414 2220 2513 2275 pro
2542 2221 2608 2258 eo
2639 2205 2785 2275 quod
2816 2205 3028 2277 integro
3058 2206 3282 2261 homine
3317 2206 3498 2261 incar—

1909 2301 2074 2348 natus
2123 2301 2208 2348 est
2254 2293 2400 2348 Deus
2444 2292 2706 2357 Verbum,
2744 2301 2800 2348 et
2846 2293 2942 2363 qui
2995 2294 3170 2366 legem
3221 2295 3492 2364 impleret.

1910 2381 2214 2452 Utrumque
2243 2382 2391 2437 enim
2418 2382 2630 2437 decima
2660 2381 2950 2450 signiﬁcat,
2976 2383 3102 2452 quia
3131 2392 3188 2437 et
3217 2383 3498 2454 perfectus

1909 2485 1994 2530 est
2017 2474 2277 2529 denarius
2309 2490 2594 2530 numerus.
2636 2475 2831 2530 Decem
2863 2485 3047 2530 autem
3075 2478 3332 2532 mandata
3362 2477 3498 2549 legis

1910 2573 2061 2630 sunt,
2086 2565 2232 2619 unde
2261 2573 2316 2619 et
2345 2564 2570 2618 decimae
2598 2580 2611 2616 :
2633 2563 2901 2619 decimam
2925 2574 3136 2636 partem
3163 2568 3494 2637 precipuant

1911 2656 2204 2721 sacerdoti,
2241 2655 2466 2711 Christo
2508 2655 2780 2720 videlicet,
2825 2655 2914 2710 lex
2952 2657 3257 2726 deputavit,
3309 2665 3498 2727 utpote

1912 2767 2106 2806 massae
2157 2759 2361 2806 nostra:
2399 2749 2674 2820 primitias
2715 2749 2960 2805 habenti.
2997 2750 3322 2820 Quicunque
3369 2766 3502 2822 ergo

1911 2842 2294 2912 paenitentiam
2330 2857 2474 2910 saepe
2511 2841 2875 2908 praevaricans
2907 2842 3150 2908 violabit,
3194 2857 3499 2912 rursusque

1914 2932 2028 2986 vult
2053 2947 2216 3002 agere
2246 2931 2649 3000 paenitentiam,
2675 2933 2729 2985 in
2765 2947 2861 3002 spe
2881 2931 3082 2987 Christi
3115 2941 3259 3003 agat,
3287 2933 3380 3003 qui
3411 2933 3498 2986 in-

1909 3023 2150 3094 quisitus
2179 3039 2208 3078 a
2239 3024 2402 3078 Petro
2431 3041 2445 3076 :
2474 3023 2533 3078 Si
2573 3025 2862 3092 peccaverit
2905 3024 2963 3077 in
3005 3040 3089 3077 me
3125 3026 3290 3094 frater
3331 3041 3495 3090 meus,

1837 3155 1881 3214 ο
1912 3117 2113 3189 quoties
2157 3116 2367 3170 dimitto
2417 3116 2486 3181 ei,
2523 3131 2688 3185 usque
2719 3115 2948 3186 septies?
2996 3114 3136 3169 dixit
3169 3132 3182 3169 :
3214 3114 3335 3168 Non
3381 3116 3501 3169 dico

1913 3210 2008 3264 tibi
2038 3225 2199 3281 usque
2223 3209 2434 3277 septies,
2469 3211 2559 3263 sed
2590 3225 2754 3277 usque
2783 3208 3082 3279 septuagies
3112 3208 3302 3276 septies
3325 3210 3367 3261 '.
3399 3209 3501 3264 Hic

1911 3319 2042 3374 ergo
2085 3317 2268 3358 sermo
2327 3317 2482 3372 spem
2523 3300 2860 3371 pauitantia:
2895 3300 2976 3354 eis
3013 3301 3212 3369 quibus
3244 3302 3500 3372 impossi-

1911 3396 2038 3452 bilis
2067 3395 2282 3450 videtur
2302 3394 2531 3464 praebet.
2557 3392 2788 3462 Propter
2806 3391 2951 3461 quod
2975 3389 3237 3448 hauriens
3261 3394 3330 3448 de
3353 3393 3502 3448 obla-

1913 3489 2064 3544 tione
2112 3487 2303 3556 implet
2353 3485 2618 3557 pugillum
2665 3485 2720 3540 in
2768 3493 3188 3540 monumentum
3236 3485 3358 3554 ejus
3404 3486 3498 3554 qui

1912 3580 2130 3644 obtulit,
2163 3587 2220 3633 et
2251 3587 2462 3632 cremat
2505 3592 2675 3647 super
2707 3577 2898 3641 altare,
2935 3578 2988 3632 id
3026 3586 3133 3643 est,
3164 3593 3374 3632 memor
3415 3579 3497 3631 sui

1913 3669 2088 3734 verbi,
2122 3667 2268 3738 quod
2298 3682 2396 3736 pro
2431 3665 2515 3720 his
2554 3665 2852 3729 salvandis,
2881 3665 2973 3734 qui
3016 3665 3084 3719 ad
3117 3679 3177 3718 se
3207 3662 3501 3718 veniebant

1911 3762 2175 3833 apostolis
2215 3759 2354 3815 dixit
2389 3777 2402 3813 :
2433 3758 2554 3814 Non
2585 3758 2828 3828 peribunt
2861 3758 2920 3811 iu
2964 3766 3240 3820 aeternum,
3269 3767 3317 3809 et
3353 3773 3503 3809 nemo

1913 3873 2005 3911 eas
2034 3856 2204 3923 rapiet
2235 3854 2300 3907 de
2327 3869 2488 3906 manu
2520 3867 2635 3905 mea
2672 3851 2738 3902 ⁸⁸.
2777 3849 3100 3903 Venientent
3135 3849 3201 3902 ad
3237 3862 3298 3901 se
3331 3848 3505 3901 salvat

1914 3963 2040 4002 eum
2105 3945 2196 4016 qui
2246 3959 2390 4013 saepe
2433 3941 2664 4012 deliquit
2702 3941 2758 3994 in
2796 3938 3197 4010 paenitentiam.
3234 3937 3376 4003 Quid
3407 3953 3505 4006 pro

1913 4057 1982 4098 eo
2012 4038 2254 4094 oﬁerens
2284 4035 2546 4106 pugillum
2581 4035 2636 4087 in
2669 4040 3112 4096 monumentum,
3153 4031 3206 4084 id
3241 4039 3344 4093 cst,
3380 4045 3502 4082 ver-

1917 4133 2046 4186 bum
2091 4128 2393 4184 secundum
2435 4126 2583 4196 quod
2629 4124 2883 4196 promisit
2920 4139 3016 4178 eos
3051 4125 3146 4193 qui
3186 4124 3356 4178 semel
3401 4124 3505 4177 sub

1917 4241 2082 4280 manu
2127 4223 2250 4293 ejus
2296 4221 2426 4276 facti
2477 4220 2686 4275 fuerint
2733 4234 2842 4272 non
2885 4217 3084 4289 perire.
3119 4217 3193 4271 De
3228 4219 3332 4271 hoc
3373 4231 3504 4286 ergo

1920 4317 2127 4388 pugillo
2176 4315 2464 4368 mulierem
2512 4328 2634 4382 quae
2681 4310 2911 4382 ﬁguram
2959 4309 3183 4381 gerebat
3227 4309 3504 4370 Ecclesiae,

1921 4411 2039 4480 ipse
2083 4407 2387 4464 introduxit
2417 4407 2696 4460 dicentem
2731 4421 2746 4458 :
2779 4403 3114 4474 Congaudele
3153 4403 3301 4465 mihi,
3335 4402 3506 4454 iuveni

224 4520 586 4576 praesumere.
619 4510 784 4572 atque
827 4501 950 4555 ideo
990 4499 1177 4555 verbis
1220 4506 1304 4553 est
1343 4498 1528 4553 dubiis
1559 4513 1690 4552 usus
1717 4514 1730 4550 ε
1763 4505 1818 4552 ει
1853 4517 1895 4570 ι)
1922 4518 2040 4556 eaut
2065 4501 2380 4554 drachmam
2405 4513 2569 4567 quam
2598 4495 2932 4564 perdiderant
2959 4493 3025 4545 “.
3065 4495 3104 4544 Α
3137 4491 3324 4544 multis
3356 4490 3504 4543 enim

223 4597 591 4668 quamobrem
623 4610 736 4648 nou
771 4592 1060 4663 oportebat
1094 4589 1578 4661 praesumptionem
1625 4589 1707 4642 eis
1738 4587 1818 4642 fa-

224 4691 333 4745 cile
363 4688 506 4752 dari,
540 4702 610 4741 ne
633 4690 755 4741 data
802 4681 1179 4755 praesumptio,
1221 4679 1288 4734 ad
1325 4679 1429 4733 alia
1465 4694 1657 4733 rursus
1687 4693 1818 4748 pec-

223 4790 350 4834 cata
407 4794 505 4832 eos
559 4775 985 4847 negligentiores
1037 4773 1310 4835 efﬁceret,
1364 4770 1513 4824 velut
1561 4768 1817 4823 relaxatis

226 4873 532 4944 prioribus,
565 4871 814 4924 inlirmos
853 4869 1056 4938 quippe
1093 4865 1356 4934 quosdam
1412 4872 1469 4918 et
1503 4863 1820 4916 inconstan-

229 4976 316 5020 tes
343 4967 402 5020 iu
436 4961 735 5019 virtutibus
764 4960 1042 5031 legislator
1075 4957 1274 5012 innuit.

302 5055 498 5110 Tradet
545 5064 726 5108 autem
767 5067 888 5106 eam
932 5049 1212 5105 sacerdoti.
1243 5047 1352 5102 .llle
1397 5054 1601 5110 autem,
1639 5051 1826 5114 utpote

230 5149 359 5217 pius
385 5145 641 5201 Christus
670 5161 686 5200 :
711 5144 919 5214 quippe
946 5151 1030 5197 est
1057 5139 1341 5210 quietiam
1359 5153 1510 5193 nunc
1539 5153 1637 5208 per
1659 5135 1828 5207 signi-

233 5240 546 5294 ﬁcationem
580 5235 900 5307 intelligitur
929 5233 1251 5289 sacerdotis.

306 5329 410 5396 Qui
455 5330 673 5399 plenum
711 5345 776 5382 ex
825 5335 932 5381 toto
969 5325 1230 5397 pugillum
1268 5327 1538 5390 hauriens,
1571 5324 1825 5379 cremabit

236 5441 396 5493 super
424 5423 598 5475 altare
630 5423 684 5474 iu
715 5429 1112 5474 monumentum
1148 5417 1281 5487 ejus.
1317 5417 1425 5482 Qui
1466 5417 1664 5472 obtulit
1700 5432 1828 5486 spe-

236 5518 351 5570 cies
392 5513 708 5577 oblationis,
741 5511 1093 5580 acceptabilis
1139 5520 1222 5565 cst
1271 5510 1399 5580 ephi
1447 5511 1645 5566 simile.
1689 5512 1829 5581 Ephi

241 5620 419 5660 autem
455 5617 713 5658 mensura
741 5613 824 5658 est
853 5602 1017 5666 trium
1058 5617 1469 5668 mensurarum,
1499 5602 1551 5656 id
1583 5610 1686 5668 est,
1719 5611 1831 5658 tres

309 5738 396 5793 ⁵11
437 5739 579 5793 Pctr.
616 5755 675 5802 ιι,
708 5739 798 5794 22.
874 5739 895 5771 ⁵
926 5739 1092 5794 Hebr.
1123 5755 1215 5800 xu,
1255 5737 1336 5800 l6,
1378 5739 1459 5792 ΓΙ.
1539 5738 1560 5768 ⁸
1599 5738 1735 5796 Jocl.
1775 5758 1808 5797 ιι

1916 5743 1951 5803 5,
2011 5741 2089 5795 Η.
2170 5739 2487 5794 ⁷(Σοιι›δε.ιι
2550 5737 2602 5790 9.

237 5824 394 5873 svnt,
439 5811 530 5874 2|,
560 5809 652 5863 ἥ.
730 5811 770 5840 ¹⁰
803 5810 958 5865 Joan.
999 5826 1050 5875 κ,
1076 5811 1165 5865 ‘28.
1247 5809 1285 5840 "
1320 5810 1452 5864 Luc.
1475 5825 1564 5874 xv,
1589 5810 1642 5863 9.

1927 4593 2069 4648 male
2101 4588 2426 4662 paenitentia
2458 4588 2739 4642 utentibus
2765 4585 2976 4656 perdita
3010 4583 3187 4637 fuerat
3217 4581 3355 4634 ratio
3381 4594 3504 4647 spe-

1928 4683 2115 4739 randaa
2165 4680 2521 4751 paenitentiae,
2569 4679 2663 4734 sed
2683 4677 2985 4732 secundum
3031 4671 3348 4744 praedictum
3389 4687 3509 4724 ino—

1925 4775 2058 4830 dum
2105 4773 2327 4826 inventa
2373 4779 2476 4824 est.
2527 4769 2642 4824 Hoc
2688 4782 2817 4838 ergo
2859 4773 3276 4821 IIIOItIIIIIelllIIIII
3319 4762 3510 4816 oﬁ'erct

1927 4881 2096 4936 super
2141 4863 2312 4918 altare
2360 4876 2562 4930 corpus
2609 4875 2789 4921 suum,
2825 4858 2971 4927 quod
3015 4849 3178 4910 omne
3227 4862 3506 4923 peccatqu

1928 4959 2195 5027 suscepit,
2237 4955 2400 5009 etiam
2453 4951 2585 5006 illud
2641 4950 2786 5021 quod
2840 4948 3127 5002 videbatur
3178 4943 3517 5014 impossibile

1927 5066 2090 5122 posse
2120 5047 2343 5103 salvari.
2375 5043 2604 5114 Propter
2635 5041 2780 5112 quod
2811 5039 3018 5095 addidit
3048 5055 3063 5092 :

1999 5140 2137 5206 Quia
2168 5155 2263 5209 pro
2289 5147 2506 5207 peccato
2529 5145 2625 5189 est.
2651 5133 2963 5188 Ostcndcns
2988 5128 3112 5199 quia
3141 5128 3207 5183 ad
3231 5125 3525 5182 Christum

1929 5235 2107 5290 solum
2157 5233 2398 5302 pertinet
2452 5229 2699 5282 omuiuni
2750 5231 2972 5294 peccata
3019 5219 3324 5289 suscipere.
3371 5215 3516 5285 Ergo

1930 5327 1985 5380 hi
2044 5325 2138 5395 qui
2199 5323 2582 5395 ptenitentiam
2637 5332 2782 5387 stt-pc
2841 5313 3117 5385 peccando
3176 5308 3517 5382 praevaritatti

1929 5429 2080 5481 sunt,
2120 5429 2399 5488 postremo
2436 5425 2618 5468 autem
2655 5410 3048 5481 pmnitucrunt,
3079 5421 3146 5459 ex
3186 5419 3253 5458 eo
3289 5401 3518 5472 quidem

1928 5515 2072 5580 quod
2117 5511 2438 5578 frequenter
2480 5503 2817 5576 praevaricati
2862 5507 3013 5562 sunt,
3045 5512 3199 5569 spem
3239 5494 3516 5564 paeniten-

1929 5606 2017 5658 tiae
2053 5617 2159 5656 non
2197 5602 2402 5655 habent
2436 5616 2450 5653 :
2481 5598 2732 5653 Christus
2777 5603 2957 5648 tamen
3005 5590 3170 5646 etiam
3212 5601 3290 5643 etc
3331 5599 3516 5647 orare,

2693 5732 2713 5763 "
2750 5731 2768 5786 Ι
2801 5731 2956 5787 Joan.
2984 5744 3048 5793 ιι,
3079 5727 3171 5782 23.
3268 5724 3288 5756 ⁹
3319 5721 3518 5777 Matth.
