3942 6422
336 378 436 445 841

1491 375 1575 438 ΙΝ
1614 374 2051 439 LEVITICUM.
2092 398 2158 406 -
2196 374 2342 433 LIB.
2385 370 2435 433 Ι.

3485 369 3589 433 842

335 488 475 545 citer
509 485 715 543 dictum
752 492 857 552 est,
889 486 1286 560 quinquaginta
1324 487 1607 544 sicterum.
1651 486 1911 545 Ostendit
1941 494 1980 551 Α
2014 484 2168 552 Quod
2186 485 2230 540 si
2256 483 2564 556 peccaverit
2584 482 2649 538 de
2676 483 3055 554 populoterraa
3085 498 3181 553 per
3202 483 3587 555 ignorantiam.

336 577 541 650 quippe
587 577 678 633 hic
723 594 985 635 numerus
1017 579 1192 634 sancti
1227 577 1462 649 Spiritus
1493 579 1814 644 adventum,
1847 594 1912 633 ex

336 686 403 726 eo
439 670 586 740 quod
619 670 708 726 die
739 670 1083 737 Pentecoste,
1116 671 1168 726 id
1205 678 1290 725 est
1334 670 1804 743 quinquagesima,
1847 669 1915 724 ad

336 762 612 829 apostolos
660 762 833 817 venit.
876 762 982 817 Sed
1032 770 1090 817 et
1141 764 1382 832 pondere
1429 762 1748 827 sanctuarii,
1799 761 1915 816 sive

338 853 642 907 secundum
669 850 812 906 LXX
847 850 983 907 sieio
1010 862 1222 920 sancto,
1254 861 1314 907 ut
1345 868 1441 922 per
1467 853 1571 907 hoc
1596 852 1744 922 quod
1777 851 1915 906 dixit

338 951 552 1006 sancto,
608 943 926 998 ostenderet
990 944 1166 998 sancti
1237 942 1474 1014 Spiritus
1540 943 1797 997 virtutem
1861 949 1917 996 et

338 1035 738 1104 operationem.
777 1032 925 1089 Sielo
969 1042 1152 1088 autem
1192 1034 1396 1105 quare?
1436 1032 1573 1099 Quia
1619 1033 1787 1088 siclus
1829 1032 1916 1086 vi-

339 1126 476 1196 ginti
508 1126 795 1180 obolorum
829 1134 933 1192 est,
971 1124 1061 1180 hic
1101 1134 1284 1179 autem
1319 1124 1624 1179 vicenarius
1657 1136 1917 1179 numerus

337 1233 450 1273 non
478 1227 563 1273 est
599 1217 837 1287 peccatis
864 1216 1157 1271 obnoxius.
1199 1215 1355 1271 Unde
1381 1215 1435 1269 hi
1459 1215 1550 1286 qui
1582 1215 1650 1270 de
1682 1214 1916 1286 {Egypto

336 1294 611 1374 exierunt,
652 1322 777 1363 cum
812 1306 1003 1379 viginti
1032 1318 1301 1362 annorum
1331 1315 1539 1372 essent,
1570 1305 1780 1377 peccati
1815 1321 1914 1377 po-

336 1402 452 1473 puli
486 1414 706 1469 ptrnam
752 1415 861 1454 non
903 1409 1265 1470 susceperunt
1294 1415 1309 1453 :
1342 1398 1578 1453 mundus
1612 1398 1813 1469 quippe
1846 1398 1915 1453 ab

282 1524 305 1563 ε,
336 1490 490 1546 οηιηί
514 1500 740 1563 peccato
767 1499 853 1546 est
875 1491 1136 1562 spiritalis
1164 1488 1350 1546 homo.
1379 1487 1496 1545 Non
1529 1489 1703 1545 solum
1731 1498 1912 1544 autem

335 1585 571 1639 arietem
602 1582 813 1653 oﬁerri,
846 1584 941 1638 sed
968 1591 1021 1638 et
1050 1583 1292 1653 quintam
1321 1582 1522 1638 addere
1546 1581 1823 1652 praecepit.
1857 1579 1915 1635 Si

335 1678 462 1746 quis
506 1675 651 1730 forte
687 1683 880 1731 sancto
906 1690 1058 1738 vase,
1088 1674 1174 1730 vel
1204 1672 1346 1738 cibo,
1376 1682 1471 1728 aut
1505 1682 1783 1745 unguento
1822 1673 1913 1727 tali

338 1763 531 1820 iilicite
560 1763 766 1819 abusus
793 1774 898 1833 est,
922 1764 1026 1820 hoc
1054 1764 1349 1835 appellavit
1387 1765 1739 1819 commissum
1780 1778 1914 1834 pec-

2022 587 2081 629 ut
2096 575 2259 631 faciat
2276 575 2569 645 quidquam
2591 590 2656 628 ex
2677 573 2762 629 his
2782 590 2902 645 qua:
2919 573 3133 629 Domini
3163 573 3277 644 lege
3299 574 3561 644 prohibeu
3578 606 3590 617 -

2019 675 2106 720 tur
2129 676 2294 737 atque
2326 666 2629 736 delinquat,
2666 676 2722 722 et
2750 666 3066 738 cognoverit
3091 675 3377 737 peceatum
3407 682 3588 727 suum.

2016 755 2211 813 offeret
2250 772 2468 827 capram
2510 757 2932 813 immaculatam.
2971 758 3128 815 Nunc
3158 766 3412 830 tanquam
3449 761 3590 815 obli-

2019 857 2105 903 tus
2138 864 2201 904 ea
2240 864 2362 920 quae
2404 860 2738 921 praeceperat
2771 868 2784 905 :
2821 849 2879 905 Si
2918 851 3119 914 anima,
3155 849 3250 914 ait,
3285 851 3593 921 peccaverit

2017 955 2117 1010 per
2159 940 2543 1013 ignorantiam,
2574 941 2872 1012 feceritque
2910 958 3078 997 unum
3112 958 3177 997 ex
3209 942 3294 997 his
3330 957 3453 1012 qua:
3487 942 3593 996 Du-

2016 1031 2148 1085 mini
2183 1031 2301 1103 lege
2338 1033 2703 1102 prohibentur
2737 1053 2749 1089 :
2780 1044 2836 1090 et
2870 1035 3079 1106 peccati
3126 1050 3218 1090 rea
3264 1035 3589 1089 intellexerit

2016 1119 2358 1189 iniquitatem
2393 1135 2570 1188 suam,
2603 1124 2796 1179 oﬁ‘eret
2824 1125 3050 1180 arietem
3089 1125 3492 1180 immaculatum
3524 1126 3591 1181 de

2016 1209 2273 1281 gregibus
2312 1212 2602 1268 sacerdoti.
2641 1215 2709 1269 Et
2745 1216 2977 1270 multum
3010 1216 3225 1272 videtur
3252 1216 3470 1272 differre
3500 1216 3589 1272 iu-

2016 1311 2099 1358 ter
2126 1303 2231 1359 hoc
2256 1305 2607 1369 sacrificium,
2639 1315 2696 1361 et
2728 1298 3032 1377 iliud‘quod
3059 1309 3263 1363 dudum
3284 1309 3543 1381 praecepit
3573 1327 3585 1363 :

2016 1395 2111 1450 sed
2152 1411 2333 1466 neque
2371 1396 2572 1452 oblitus
2621 1407 2705 1452 est
2748 1400 3017 1454 anteriora
3063 1416 3165 1456 nec
3209 1402 3478 1457 contraria
3511 1403 3590 1458 eis

2016 1485 2297 1555 praeepit.
2333 1485 2473 1552 Quia
2513 1486 2661 1542 enim
2695 1488 2919 1543 nomine
2948 1489 3144 1543 anima:
3170 1491 3424 1561 gentilem
3453 1492 3591 1547 dixi-

2016 1590 2141 1630 mus
2173 1575 2487 1647 signiﬁcari,
2526 1577 2618 1633 hic
2658 1587 2839 1633 autem
2883 1578 3111 1634 forsitan
3146 1579 3401 1652 ignorans
3432 1598 3590 1636 man-

2016 1665 2138 1720 data
2176 1665 2310 1738 legis
2345 1667 2651 1740 transgredi
2701 1677 2916 1739 poterat
2965 1670 3209 1740 (propter
3241 1672 3385 1741 quod
3433 1671 3585 1731 dixit.

2014 1774 2108 1827 per
2144 1759 2502 1829 ignorantiam
2544 1759 2732 1831 recte),
2766 1760 3124 1833 intelligibilis
3157 1762 3319 1828 aries,
3343 1761 3591 1816 Christus

339 1865 523 1910 catum
549 1856 603 1909 in
631 1865 818 1910 sancta
850 1872 865 1914 ς
894 1856 981 1910 hic
1008 1871 1136 1927 ergo
1167 1857 1344 1926 ipsum
1376 1856 1588 1921 reddet,
1613 1865 1670 1911 et
1692 1856 1916 1926 insuper
1945 1854 1988 1909 B
2017 1850 2288 1916 videlicet,
2319 1852 2484 1923 hujus
2512 1862 2795 1924 peccatum
2826 1855 2880 1909 in
2920 1854 3186 1912 sacriﬁcio
3219 1871 3317 1926 pro
3346 1869 3412 1910 eo
3436 1855 3590 1911 Obla-

336 1948 610 2017 quintam,
641 1947 692 2002 id
720 1956 805 2002 cst
832 1949 1073 2019 quintam
1113 1948 1232 2019 ejus
1269 1956 1480 2019 partem
1514 1949 1690 2003 tradet
1727 1962 1912 2003 sacer-

338 2040 472 2095 doti.
522 2039 636 2094 lloe
677 2049 863 2095 autem
912 2040 1179 2112 signiﬁcat
1219 2049 1297 2107 ut,
1358 2040 1615 2112 quoniam
1671 2040 1913 2111 quinque

335 2149 537 2188 sensus
579 2133 863 2201 habemus,
895 2134 940 2188 si
985 2150 1081 2205 per
1126 2149 1295 2189 unum
1338 2149 1561 2190 sensum
1606 2133 1913 2206 peccaveri-

336 2241 482 2290 mus,
516 2225 681 2280 veluti
710 2225 756 2280 si
785 2225 1001 2280 oculum
1033 2224 1101 2280 ad
1129 2224 1454 2280 adulterium
1483 2225 1540 2280 in
1585 2232 1831 2296 tempore
1858 2233 1915 2280 et

339 2317 463 2373 loco
495 2328 690 2373 sancto
720 2317 1191 2388 occupaverimus,
1223 2326 1319 2372 aut
1364 2315 1600 2390 linguam
1640 2316 1695 2371 in
1733 2317 1913 2372 detra-

339 2407 545 2473 hendo,
578 2407 664 2463 vel
698 2422 860 2463 aures
885 2406 956 2463 ad
991 2408 1186 2462 malam
1221 2407 1574 2475 locutionem,
1600 2416 1696 2462 aut
1724 2407 1914 2463 odora-

337 2507 456 2554 tum
503 2497 570 2553 ad
609 2497 1019 2570 perceptionem
1058 2498 1534 2554 odoramentorum
1573 2496 1913 2553 meretricio-

340 2606 484 2656 rum,
513 2596 608 2645 aut
635 2604 857 2646 manum
884 2588 951 2645 ad
981 2596 1183 2645 tactum
1212 2588 1502 2660 profanum
1528 2598 1585 2644 et
1610 2588 1870 2658 injustum
1894 2604 1911 2645 :

337 2683 577 2753 primum
610 2682 831 2753 quidem
874 2682 942 2737 ab
976 2681 1071 2737 illo
1104 2688 1329 2753 peccato
1370 2681 1594 2739 omnino
1635 2682 1913 2741 abstinea-

339 2788 483 2841 mus,
516 2782 572 2830 et
602 2774 977 2846 paenitentiam
1009 2775 1076 2830 de
1104 2789 1170 2830 eo
1191 2789 1289 2844 per
1324 2774 1549 2830 arietem
1577 2773 1911 2844 oﬁ‘eramus;

340 2866 394 2923 id
422 2877 527 2935 est,
560 2868 838 2923 Christum
867 2882 1121 2939 rogemus
1151 2876 1211 2922 ut
1238 2867 1444 2939 peccati
1476 2867 1528 2922 in
1552 2881 1610 2924 se
1638 2869 1913 2926 commissi

338 2959 457 3031 ipse
508 2959 603 3014 ﬁat
648 2959 855 3030 ereptio
889 2974 904 3013 :
942 2959 1137 3015 deinde
1184 2960 1458 3030 quintam,
1508 2958 1560 3015 id
1613 2968 1698 3015 est
1742 2976 1912 3017 unum

337 3051 724 3122 priedictorum
774 3066 1055 3116 sensuum,
1095 3066 1195 3121 per
1236 3051 1381 3121 quod
1429 3059 1711 3121 peccatum
1760 3067 1911 3108 com-

335 3143 568 3198 missum
597 3151 700 3208 est,
731 3142 1021 3198 oﬁ‘eramus
1056 3142 1340 3209 sacerdoti,
1371 3142 1585 3197 Christo
1614 3141 1867 3199 videlicet
1896 3161 1908 3196 :

338 3241 402 3288 ut
453 3248 798 3304 nequaquam
857 3233 994 3288 ultra
1049 3232 1115 3288 ad
1174 3232 1445 3288 actionem
1491 3248 1713 3304 pravam
1761 3232 1913 3289 illum

338 3340 673 3396 occupemus
727 3341 972 3390 sensum,
1007 3325 1102 3381 sed
1153 3339 1539 3381 consecremus
1585 3325 1735 3380 illum
1783 3325 1915 3383 Deo.

342 3414 437 3471 Sic
459 3416 607 3471 enim
633 3432 733 3487 pro
752 3425 978 3486 peccato
998 3424 1187 3472 nostro
1211 3415 1608 3486 deprecabitur.
1632 3415 1917 3482 Quomodo

338 3514 524 3561 autem
560 3506 766 3577 peccati
810 3506 953 3561 aries
996 3521 1095 3575 per
1141 3506 1480 3560 sacerdotem
1520 3503 1799 3571 oﬁ‘eratur,
1859 3505 1914 3560 in

337 3595 449 3650 alia
496 3603 650 3667 parte
701 3594 825 3651 libri
875 3596 1245 3666 conscriptum
1299 3602 1402 3661 est,
1444 3595 1537 3649 ubi
1591 3595 1914 3651 sacrificium

337 3702 443 3760 pro
468 3695 696 3759 peccato
724 3687 932 3757 aequale
971 3698 1092 3742 esse
1121 3685 1392 3742 sacriﬁcio
1418 3685 1562 3757 quod
1594 3700 1695 3757 pro
1721 3685 1916 3741 delicto

337 3778 420 3844 ﬁt,
462 3777 793 3849 praedicavit.
837 3775 951 3833 Hoc
991 3785 1172 3832 autem
1221 3792 1369 3832 nunc
1411 3775 1776 3849 adjiciendum
1808 3785 1912 3843 est,

334 3870 467 3941 quia
526 3870 783 3925 delictum
838 3869 1113 3940 legislator
1161 3868 1376 3924 duobus
1427 3868 1601 3924 modis
1652 3868 1766 3930 uti,
1817 3884 1914 3923 seu

335 3975 547 4032 ponere
573 3961 776 4026 solens,
800 3968 856 4016 et
883 3961 1140 4015 delictum
1171 3961 1445 4030 appellare
1496 3973 1646 4014 nunc
1692 3958 1912 4030 quidem

334 4061 624 4124 peccatum
673 4052 816 4124 quod
862 4053 929 4108 ad
974 4053 1256 4109 scientiam
1305 4053 1572 4124 pervenit,
1607 4060 1663 4108 et
1710 4068 1914 4124 nequa-

332 4161 499 4217 quam
528 4146 639 4217 jam
676 4145 917 4217 ignotum
954 4155 1039 4201 est
1072 4146 1342 4216 peceanti,
1372 4162 1519 4200 nunc
1556 4154 1738 4201 autem
1768 4146 1911 4217 quod

332 4239 391 4294 in
445 4238 555 4294 Deo
605 4240 724 4309 ipso
773 4238 1125 4294 commissum
1167 4248 1268 4303 est,
1316 4238 1481 4294 veluti
1532 4237 1909 4310 jurejurando,

329 4341 433 4387 aut
460 4330 625 4386 etiam
674 4331 729 4385 in
773 4331 994 4397 sanctis,
1025 4339 1135 4386 non
1180 4331 1301 4386 sine
1339 4343 1503 4386 causa
1546 4331 1648 4386 hoc
1679 4330 1912 4402 appellat

328 4423 616 4490 delictum,
651 4423 749 4479 sed
796 4432 857 4478 ut
899 4432 955 4477 tu
997 4437 1293 4495 cognoscas
1338 4418 1594 4478 similiter
1634 4420 1692 4477 in
1740 4422 1908 4478 Deum

328 4515 552 4571 extendi
606 4524 911 4587 peccatum,
958 4515 1105 4586 quod
1161 4514 1218 4569 in
1281 4512 1530 4581 scientia,
1565 4523 1622 4569 et
1666 4515 1814 4585 quod
1850 4516 1905 4570 in
1940 4538 1985 4596 ι)

321 4608 705 4680 jurejurando,
737 4618 795 4663 et
826 4608 970 4678 quod
999 4607 1290 4663 in'sanctis
1317 4605 1697 4661 committitur.

401 4695 566 4753 Vsus.
605 4699 795 4754 17-19.
835 4716 854 4749 ι
901 4698 1095 4752 Anima
1141 4696 1189 4752 si
1246 4696 1554 4767 peccaverit
1602 4710 1702 4766 per
1756 4695 1913 4766 igno-

326 4791 591 4853 rantiam,
619 4790 916 4860 feceritque
963 4805 1132 4844 unum
1167 4803 1232 4844 ex
1278 4789 1364 4844 his
1391 4803 1512 4859 qua:
1540 4787 1754 4844 Domini
1798 4789 1912 4861 lege

325 4879 715 4949 prohibentur,
748 4886 803 4932 et
827 4877 1032 4947 peccati
1074 4891 1165 4930 rea
1199 4875 1535 4930 intellexerit
1566 4875 1908 4946 iniquitatem

323 4986 505 5037 suam,
537 4978 594 5025 et
619 4969 814 5024 oﬁ‘eret
849 4968 1074 5023 arietem
1120 4966 1526 5023 immaculatum
1551 4965 1620 5021 de
1652 4966 1906 5039 gregibus

322 5062 623 5128 sacerdoti,
653 5062 809 5130 juxta
854 5075 1163 5115 mensuram
1207 5059 1732 5130 aestimationemque
1773 5074 1905 5129 pec-

323 5155 458 5221 cati,
488 5155 581 5225 qui
621 5154 803 5210 orabit
847 5169 947 5223 pro
996 5154 1088 5207 illo
1128 5152 1273 5222 quod
1319 5151 1575 5207 nesciens
1610 5150 1822 5216 fecerit,
1852 5161 1907 5206 et

324 5245 634 5303 dimittetur
680 5245 752 5312 ei,
793 5244 918 5315 quia
970 5258 1070 5314 per
1125 5258 1367 5298 errorem
1418 5241 1644 5315 deliquit
1699 5241 1753 5296 in
1796 5240 1904 5297 Do-

320 5341 493 5395 mino.
532 5357 553 5391 ι

395 5427 573 5484 Habet
594 5442 835 5497 praisens
857 5426 1008 5481 locus
1025 5424 1380 5496 quaestionem
1401 5440 1511 5480 non
1533 5424 1744 5480 modica
1769 5438 1902 5479 con-

321 5521 655 5578 sideratione
676 5520 919 5589 dignam.
940 5519 1066 5588 quia
1090 5533 1190 5588 pro
1210 5517 1446 5587 peccatis
1476 5531 1574 5586 pro
1596 5515 1794 5585 quibus
1818 5530 1904 5568 ca-

320 5633 477 5687 pram
512 5614 721 5685 pridem
753 5612 958 5678 oll'erri,
990 5619 1086 5665 aut
1108 5625 1266 5667 ovem
1297 5607 1578 5680 praecepit;
1605 5606 1681 5662 ait
1709 5606 1853 5661 enim
1883 5621 1900 5660 :

810 5704 827 5728 ι

396 5815 445 5851 ⁸⁸
484 5813 643 5873 Joan.
678 5831 766 5882 xv,
815 5814 907 5869 22.

526 5909 799 5971 ΡΑτιιοι.
853 5908 969 5969 Gn.
1006 5905 1213 5968 XCIII.

1939 3196 1986 3260 C

2016 1951 2104 1997 tus
2148 1943 2325 2000 diluit.
2376 1945 2484 2002 Sed
2537 1955 2592 2001 et
2640 1946 2770 2001 illud
2811 1948 3136 2014 ostenditur,
3184 1956 3347 2018 atque
3396 1948 3451 2002 in
3501 1946 3590 2002 his

2013 2033 2299 2089 evidenter
2324 2034 2753 2101 demonstratur,
2775 2036 2898 2107 quia
2928 2037 2984 2091 in
3013 2052 3339 2109 unoquoque
3368 2035 3586 2108 quidem

2013 2134 2259 2196 peccato,
2295 2142 2396 2198 pro
2442 2128 2774 2184 remittendo
2819 2144 2885 2184 eo
2928 2128 3138 2200 egimus
3187 2128 3586 2201 paenitentiam,

2013 2233 2138 2273 cum
2159 2234 2268 2274 non
2297 2219 2469 2276 simus
2498 2220 2681 2276 idonei
2706 2237 2805 2292 per
2829 2220 3214 2291 nosmetipsos,
3239 2222 3358 2276 sine
3386 2219 3587 2275 Christi

2014 2312 2287 2368 sacriﬁcio
2312 2313 2577 2385 consequi
2602 2314 2839 2371 veniam.
2870 2314 3011 2385 Ergo
3038 2313 3084 2368 si
3103 2313 3225 2384 quis
3248 2322 3394 2367 extra
3423 2311 3586 2366 iidem

2013 2401 2217 2459 Christi
2253 2404 2583 2461 constitutus
2621 2414 2723 2471 est,
2755 2404 2978 2461 Iudaeus
3016 2404 3157 2461 forte
3192 2415 3284 2459 aut
3322 2418 3586 2474 paganus,

2015 2493 2143 2550 licet
2177 2496 2447 2567 paenitere
2500 2512 2560 2553 se
2598 2496 2667 2553 de
2705 2496 2943 2568 peccatis
2990 2497 3104 2553 suis
3151 2512 3247 2567 per
3294 2510 3589 2551 conversa-

2015 2588 2218 2643 tionem
2272 2598 2329 2646 et
2381 2588 2547 2644 vitam
2609 2587 2984 2655 demonstret,
3040 2588 3416 2645 remissionem
3476 2602 3588 2642 non

2015 2678 2333 2744 merebitur,
2362 2679 2489 2750 quia
2534 2680 2755 2735 arietem
2784 2680 3002 2746 oﬁerrc,
3042 2680 3095 2734 id
3131 2688 3232 2745 est,
3265 2677 3467 2734 Christi
3498 2692 3555 2731 sa
3575 2707 3591 2718 -

2016 2769 2304 2836 oriﬁcium,
2341 2786 2453 2826 non
2495 2779 2695 2842 potest.
2736 2771 3101 2838 Quamobrem
3150 2769 3476 2842 generaliter
3521 2769 3589 2825 de

2014 2861 2271 2917 omnibus
2299 2861 2701 2932 quodammodo
2739 2862 2951 2917 sancire
2989 2861 3235 2931 cupiens,
3269 2875 3377 2915 non
3412 2859 3586 2915 dixit:

2016 2948 2074 3006 Si
2101 2952 2284 3008 anima
2312 2954 2380 3009 de
2409 2954 2631 3025 populo,
2657 2954 2773 3021 sed,
2809 2952 2868 3008 Si
2905 2953 3088 3007 anima
3120 2951 3438 3024 simpliciter
3471 2965 3592 3018 pec—

2015 3043 2230 3111 caverit,
2273 3051 2322 3099 et
2376 3046 2556 3117 fecerit
2613 3061 2776 3100 unum
2830 3060 2894 3099 ea:
2940 3045 3019 3099 his
3070 3060 3188 3114 quas
3227 3043 3439 3098 Domini
3483 3042 3592 3114 lege

2014 3136 2374 3206 prohibentur.
2411 3139 2553 3210 Ergo
2598 3146 2655 3195 et
2701 3138 2769 3195 de
2813 3137 3055 3203 indocto,
3098 3147 3153 3194 et
3192 3137 3260 3193 de
3305 3136 3588 3193 scientiam

2020 3227 2276 3294 habente,
2309 3243 2412 3284 nec
2450 3245 2560 3284 non
2592 3229 2660 3285 de
2693 3229 2840 3284 omni
2882 3237 3104 3300 peccato
3138 3236 3286 3285 recte
3315 3228 3418 3283 hoc
3447 3224 3590 3297 quod

2016 3317 2221 3373 dictum
2283 3327 2403 3384 est,
2453 3319 2737 3390 accipitur.
2792 3318 2930 3387 Quia
2982 3328 3162 3375 autem
3217 3319 3445 3374 arietem
3493 3331 3593 3388 pro

2016 3410 2214 3465 delicto
2255 3411 2415 3481 jubet
2457 3410 2663 3478 olferri,
2695 3412 3098 3484 apertissimum
3141 3425 3227 3467 est
3277 3412 3404 3482 quia
3454 3409 3591 3485 deli-

2016 3510 2165 3558 ctum
2216 3501 2305 3558 hic
2354 3502 2632 3574 legislator
2674 3503 3009 3558 intellectum
3056 3511 3340 3574 peccatum
3387 3501 3590 3572 posuit.

2014 3587 2244 3663 Propter
2262 3589 2406 3660 quod
2436 3591 2626 3647 dicens
2652 3608 2751 3663 per
2781 3592 3168 3664 ignorantiam,
3202 3590 3483 3648 subdidit:

2080 3685 2148 3737 Et
2175 3683 2377 3755 peccati
2426 3700 2516 3738 rea
2549 3683 2863 3739 intcileaterit
2914 3686 3247 3757 iniquitatem
3282 3699 3453 3742 suam.
3488 3678 3593 3746 Qui

2015 3784 2196 3829 autem
2224 3774 2555 3830 intellexerit
2590 3784 2894 3845 peceatum,
2924 3774 3017 3829 hic
3042 3774 3175 3830 illud
3211 3774 3267 3828 in
3300 3788 3361 3828 se
3390 3771 3589 3834 relidit,

2014 3873 2068 3919 et
2094 3865 2403 3920 sordidatur
2429 3866 2497 3920 ab
2518 3881 2603 3932 eo,
2626 3867 2740 3921 sive
2762 3875 3041 3931 oneratur,
3071 3864 3309 3935 quandiu
3334 3880 3432 3936 per
3458 3879 3592 3933 prie-

2014 3956 2218 4010 dictum
2245 3955 2573 4011 sacrificium
2609 3956 2784 4011 oratio
2830 3971 2931 4027 pro
2979 3969 3046 4011 eo
3106 3955 3221 4011 ﬁat.
3277 3952 3591 4008 Intellectus

2013 4053 2196 4100 autem
2223 4046 2453 4116 peccati,
2515 4046 2572 4101 in
2621 4047 2953 4102 habentibus
3011 4045 3229 4120 quidem
3282 4044 3587 4106 scientiam,

2012 4138 2421 4194 contenebratis
2449 4153 2581 4194 vero
2605 4153 2789 4193 amore
2814 4137 3127 4200 libidinum,
3157 4149 3385 4191 necesse
3405 4140 3589 4193 estut.

2014 4246 2137 4285 cum
2172 4229 2228 4285 in
2251 4231 2581 4303 cogitatione
2607 4246 2704 4288 sua
2757 4231 3108 4303 resipiscunt,
3144 4230 3432 4302 proveniat
3457 4245 3471 4281 :
3495 4244 3590 4285 ca~

2014 4323 2261 4378 rentibus
2279 4338 2406 4379 vero
2432 4323 2687 4390 scientia,
2718 4338 2815 4397 per
2836 4333 3233 4395 competentem
3264 4321 3587 4389 doctrinam,

2012 4412 2105 4484 qui
2160 4413 2470 4469 intellectus
2534 4428 2658 4469 cum
2738 4414 3004 4470 alterutro
3064 4413 3259 4469 horum
3314 4413 3588 4485 provenit,

2013 4505 2177 4560 modo
2215 4504 2282 4560 ad
2315 4503 2418 4560 hoc
2446 4515 2629 4561 movet
2660 4505 2959 4572 hominem,
2993 4513 3054 4561 ut
3078 4515 3233 4578 egeat
3252 4506 3517 4565 sacriﬁcio
3537 4514 3592 4568 ct

2012 4596 2358 4667 poenitentia.
2389 4594 2492 4663 Qui
2515 4596 2660 4652 enim
2692 4597 2943 4670 intelligit
2965 4598 3343 4669 pollutionem,
3386 4606 3443 4654 et
3479 4613 3587 4653 non

2012 4704 2071 4745 se
2101 4696 2293 4761 purgat
2335 4703 2433 4758 per
2464 4689 2862 4759 pmnitentiam,
2902 4689 3254 4745 manifestum
3303 4699 3387 4745 est
3446 4691 3591 4760 quod

2010 4776 2400 4834 abominabilis
2431 4776 2502 4831 sit
2529 4783 2585 4832 et
2643 4777 2914 4833 sordidus.
2945 4776 3081 4833 Nam
3118 4778 3283 4847 hujus
3306 4777 3385 4833 rei
3418 4780 3593 4850 gratia

2010 4871 2079 4926 de
2109 4870 2312 4926 ludatis
2367 4868 2635 4924 Dominus
2686 4866 2915 4925 dicebat
2956 4887 2970 4923 :
3021 4869 3080 4926 Si
3119 4887 3222 4926 non
3265 4872 3517 4926 uenissem
3551 4887 3599 4929 tt

2013 4963 2213 5018 locutus
2243 4963 2336 5017 eis
2389 4962 2625 5037 fuissem,
2658 4971 2930 5033 peccatum
2971 4979 3074 5016 non
3117 4963 3371 5018 haberent
3405 4977 3424 5017 :
3456 4980 3598 5017 nunc

2014 5066 2192 5112 autem
2238 5056 2627 5110 excuwtioncm
2677 5070 2780 5109 non
2807 5055 2996 5109 habent
3039 5055 3103 5109 de
3145 5066 3358 5125 peccato
3400 5071 3498 5111 suo
3529 5057 3592 5108 ¹⁴.

2014 5150 2131 5203 Hoc
2177 5157 2359 5203 autem
2408 5146 2623 5219 planius
2678 5159 2741 5199 ex
2805 5145 3203 5215 posterioribus
3232 5147 3588 5221 approbatur.

2012 5238 2152 5305 Quid
2177 5239 2323 5294 enim
2348 5239 2479 5293 dicit
2510 5256 2523 5292 :

2081 5328 2377 5400 Orabitpro
2404 5327 2495 5382 illo
2537 5327 2799 5393 sacerdos,
2849 5327 2987 5396 quod
3021 5328 3251 5382 nesciens
3296 5328 3500 5401 fecerit,
3539 5336 3587 5383 et

2009 5422 2305 5476 dimittetur
2325 5422 2394 5485 ei,
2424 5421 2550 5492 quia
2570 5437 2664 5490 per
2686 5436 2915 5475 errorem
2947 5419 3166 5489 deliquit
3194 5420 3250 5475 in
3281 5419 3586 5480 Dominum.

2008 5511 2164 5577 Quod
2198 5510 2337 5568 LXX
2365 5511 2554 5566 dicunt
2585 5527 2599 5563 :
2636 5509 2701 5564 Et
2758 5509 3055 5564 dimittetur
3095 5510 3163 5574 ei,
3195 5509 3413 5583 deliquit
3447 5512 3586 5571 enim

2009 5604 2255 5658 delictum
2280 5613 2402 5658 ante
2433 5605 2733 5658 Dominum.
2762 5602 2831 5659 Et
2859 5603 3135 5676 quomodo
3163 5602 3304 5662 idem
3336 5603 3455 5678 ipse
3490 5617 3593 5660 nev
