3942 6412
443 385 555 450 843

1643 378 2007 440 HESYCHII
2043 379 2517 442 PRESBYTERI

3626 383 3729 446 844

453 503 644 564 scisse,
675 506 731 552 et
758 495 1078 566 delinquere
1124 492 1382 550 delictum
1437 506 1621 547 coram
1679 491 1912 548 Domino
1943 491 2032 548 di-
2064 500 2109 557 Α
2138 493 2252 565 ipsa
2286 496 2450 551 verba
2483 495 2727 552 discussa
2781 506 3029 568 possunt.
3081 496 3376 554 Videamus
3417 512 3551 553 vero
3589 514 3728 568 quo-

451 594 626 657 citur,
670 589 763 660 qui
817 587 985 657 judcx
1043 586 1225 657 justus
1273 594 1374 651 est,
1423 595 1478 640 et
1537 584 1675 639 nihil
1708 585 1819 656 agit
1850 593 2040 639 contra

450 681 757 758 justitiam?
797 697 899 738 nec
929 682 1076 736 enim
1108 681 1176 735 de
1229 680 1341 734 sola
1397 679 1614 734 actione
1660 693 1762 734 nos
1809 677 2038 748 judicat,

452 778 599 835 sicut
623 775 844 847 quando
881 775 947 828 ad
974 780 1284 843 peccatum,
1333 779 1428 825 aut
1473 780 1697 841 propter
1732 770 2038 837 libidinem,

451 882 548 929 aut
584 878 810 943 pr0pter
846 867 1170 932 avaritiam,
1204 875 1297 920 aut
1324 864 1778 936 proptergloriam
1798 862 2043 917 declina-

453 980 596 1032 mus,
639 963 783 1034 quod
835 960 1139 1032 ignorantia
1198 958 1344 1012 illius
1399 972 1545 1012 vera:
1596 955 1933 1025 voluptatis,
1987 960 2043 1008 et

453 1053 651 1112 summi
698 1053 857 1120 lucri,
920 1060 976 1107 et
1018 1050 1162 1104 illius
1220 1064 1332 1103 non
1385 1047 1534 1102 falsae
1565 1047 1745 1118 gloria:
1780 1045 2039 1121 patimur.

445 1133 816 1203 .Facitautem
870 1145 1013 1199 hanc
1059 1142 1423 1214 ignorantiam
1473 1139 1695 1195 dilectio
1749 1136 2038 1192 mendacii.

454 1240 532 1294 Ex
555 1255 664 1308 quo
689 1236 956 1307 quispiam
987 1244 1224 1289 Caecatus
1249 1242 1451 1296 mente,
1496 1238 1733 1285 emeatur
1770 1229 1933 1283 etiam
1988 1236 2043 1281 et

452 1333 780 1385 obscuratur
821 1328 1076 1393 scicntia,
1117 1342 1238 1396 quae
1291 1333 1514 1389 caecata,
1563 1322 1703 1376 nihil
1766 1320 2043 1376 invenitur

452 1424 657 1478 distare
698 1422 767 1476 ab
792 1419 1121 1492 ignorantia.
1151 1416 1308 1472 Unde
1335 1425 1387 1470 ct
1426 1415 1593 1469 David
1624 1414 1843 1479 diccbat
1878 1430 1889 1464 :
1934 1412 2041 1465 Ne-

449 1516 699 1578 scierunt,
743 1528 907 1582 neque
932 1510 1323 1573 intellexerunt,
1351 1509 1404 1561 in
1430 1507 1652 1561 tenebris
1674 1505 1946 1560 ambulant
1974 1506 2036 1558 ".

452 1608 593 1661 Dum
622 1617 806 1659 autem
845 1603 1200 1673 resipuerint,
1227 1609 1282 1656 et
1315 1607 1619 1655 restaurata
1652 1597 1817 1653 fuerit
1839 1597 2038 1652 obscu-

450 1706 571 1751 rata
602 1709 785 1758 mens,
817 1701 950 1748 tunc
967 1700 1250 1763 peccatum
1280 1690 1570 1752 sentimus,
1603 1694 1659 1742 et
1681 1701 1906 1742 necesse
1957 1694 2043 1740 est

453 1798 514 1843 ut
539 1787 592 1841 in
621 1787 882 1841 delictum
928 1784 1111 1850 nobis,
1142 1798 1317 1852 usque
1346 1782 1474 1837 dum
1509 1796 1608 1851 per
1660 1778 2038 1849 paenitentiam

2143 585 2306 640 modo
2328 587 2491 640 etiam
2514 587 2630 657 ipsa
2658 602 2808 644 nunc
2833 588 2919 643 lex
2951 588 3161 659 incipit.

2217 675 2287 730 Et
2313 677 2516 732 locutas
2555 688 2631 732 est
2667 677 2918 732 Dominus
2955 685 3025 734 ad
3056 679 3291 751 Moysen,
3329 674 3526 734 dicens.
3583 678 3729 735 Prte-

2144 770 2365 839 cipuum
2388 771 2629 824 ostendit
2654 771 2995 835 mandatum,
3032 788 3096 825 ex
3124 787 3191 826 eo
3220 772 3363 842 quod
3396 781 3451 827 et
3500 771 3554 825 in
3593 772 3726 841 ipso,

2143 859 2605 929 quemadmodum
2635 869 2690 915 et
2719 860 2773 914 in
2803 871 3026 931 peccato
3057 861 3125 917 de
3155 864 3364 918 sanctis
3388 862 3559 917 Deum
3579 862 3726 933 loqui

2144 951 2310 1021 Moysi
2346 952 2658 1021 specialiter
2691 955 2935 1023 exponit.

2219 1041 2446 1097 Locutus
2475 1053 2717 1115 estergo.
2745 1045 2937 1098 Anima
2983 1061 3099 1115 quw
3143 1045 3462 1116 peccaverit,
3519 1054 3569 1098 et
3609 1061 3728 1098 cou-

2145 1144 2339 1205 tempto
2373 1136 2484 1190 Deo
2523 1138 2791 1208 negaverit
2815 1138 3108 1206 depositum
3149 1139 3386 1207 proximo
3426 1153 3542 1204 suo,
3594 1140 3728 1207 quod

2141 1233 2266 1302 ﬁdei
2305 1235 2419 1305 ejus
2450 1239 2708 1290 creditum
2755 1237 2937 1309 fuerit,
2978 1236 3059 1290 vel
3099 1235 3149 1290 vi
3182 1235 3390 1306 aliquid
3429 1235 3729 1300 extorserit,

2143 1335 2235 1379 aut
2267 1326 2592 1382 calumniam
2622 1329 2822 1399 fecerit,
2857 1329 2962 1383 sive
2994 1347 3101 1383 rem
3141 1330 3407 1398 perditam
3449 1329 3725 1395 invenerit,

2143 1429 2191 1471 et
2239 1418 2483 1487 inﬁcians
2520 1421 2734 1489 insuper
2760 1421 3045 1490 juraverit.
3089 1421 3221 1487 Quae
3268 1421 3434 1478 verba
3476 1419 3619 1475 LXX
3656 1421 3731 1475 sic

2142 1504 2314 1559 edunt
2342 1523 2355 1559 :
2391 1506 2584 1561 Anima
2609 1525 2928 1580 quaecunque
2975 1510 3286 1578 peccaverit,
3338 1521 3386 1564 et
3416 1508 3731 1580 praeterierit

2142 1607 2403 1666 praecepta
2432 1599 2665 1665 Domini,
2698 1612 2745 1654 et
2773 1603 3060 1655 mentiatur
3104 1603 3158 1655 in
3197 1603 3520 1673 proximum,
3554 1605 3613 1656 in
3644 1604 3733 1656 de-

2142 1690 2312 1758 posito
2339 1700 2429 1744 aut
2456 1691 2520 1745 de
2561 1693 2832 1759 societate,
2864 1705 2957 1747 aut
3003 1698 3065 1748 de
3105 1696 3295 1764 rapina
3345 1696 3517 1749 nocuit
3546 1698 3733 1764 proxi-

2143 1798 2308 1846 mum,
2346 1792 2394 1835 et
2418 1783 2673 1839 invenerit
2698 1787 3065 1856 perditionem,
3098 1795 3145 1841 et
3168 1789 3450 1841 mentietur
3487 1788 3543 1840 in
3574 1804 3660 1853 ea,
3684 1798 3733 1841 et

452 1894 770 1950 purgemur,
819 1885 1128 1948 reputatur,
1161 1851 1418 1931 delictum
1453 1880 1636 1928 autem
1663 1871 1717 1925 id
1756 1869 1902 1940 quod
1961 1878 2043 1925 est
2072 1851 2114 1908 Β
2137 1870 2405 1940 juraverit
2446 1874 2659 1944 injuste.
2698 1851 2822 1930 Non
2853 1851 3059 1931 autem
3083 1875 3285 1931 frustra
3318 1877 3403 1933 bis
3451 1877 3591 1933 dixit
3625 1851 3733 1934 :VSi

451 1983 645 2027 contra
701 1971 1015 2036 Dominum,
1062 1970 1307 2039 duplicat
1354 1967 1501 2022 enim
1553 1966 1816 2021 delictum
1842 1979 2043 2019 secun-

451 2063 583 2118 dum
614 2060 758 2115 LXX
786 2061 976 2115 dicens
1021 2078 1033 2114 :
1074 2059 1307 2129 Deliquit
1333 2058 1472 2112 enim
1495 2057 1742 2111 delictum
1769 2065 1894 2109 ante
1935 2054 2044 2108 Do-

450 2156 675 2208 minum.
715 2153 780 2206 Et
812 2154 915 2207 hoc
959 2153 1117 2223 cujus
1147 2151 1224 2205 rei
1248 2150 1462 2223 gratia?
1488 2149 1758 2216 Quoniam
1784 2147 2043 2203 delictum

449 2261 573 2300 esse
605 2243 938 2299 intellectum
974 2242 1090 2295 sive
1140 2241 1505 2313 cognitionem
1545 2239 1755 2312 peccati
1784 2238 2041 2305 diximus,

449 2345 508 2390 et
553 2335 732 2390 omnis
788 2334 952 2388 homo
1010 2331 1233 2403 quidem
1278 2331 1515 2388 naturali
1578 2332 1703 2402 jure
1755 2330 2043 2386 scientiam

449 2422 661 2497 peccati
696 2426 883 2491 habet,
917 2423 1014 2479 sed
1048 2424 1159 2488 hic,
1194 2424 1338 2478 sicut
1388 2423 1648 2487 diximus,
1679 2436 1801 2477 eam
1822 2416 1832 2429 “
1856 2436 2043 2475 amore

452 2519 744 2574 libidinum
778 2519 1103 2573 tenebravit.
1134 2517 1289 2571 Alius
1351 2526 1533 2571 autem
1580 2516 1787 2570 tardior
1826 2524 2046 2569 natnra-

451 2614 577 2670 liter
605 2623 707 2682 est,
740 2624 795 2670 et
823 2614 1049 2669 alterius
1080 2614 1385 2683 doctrinam
1415 2614 1628 2669 habens
1655 2613 2038 2667 necessariam.

450 2705 544 2761 Sic
564 2722 693 2776 ergo
716 2714 812 2761 aut
837 2706 1182 2777 resipiscenti
1213 2706 1285 2771 ei,
1320 2716 1415 2760 aut
1448 2705 1517 2761 ab
1547 2705 1654 2759 alio
1680 2705 1911 2760 discenti
1943 2704 2042 2759 de-

450 2797 662 2861 lictum,
695 2797 748 2852 id
777 2805 862 2852 est
915 2797 1127 2867 peccati
1158 2796 1475 2860 scientiam,
1508 2797 1692 2853 delicti
1749 2806 2042 2868 perpetra-

454 2889 532 2945 tio
585 2898 712 2944 ante
745 2888 1057 2952 Dominum,
1087 2889 1287 2959 duplex
1341 2905 1429 2958 per
1480 2889 1775 2944 scientiam
1816 2898 2042 2959 reputa-

454 2991 566 3045 tur,
595 2990 725 3036 tunc
757 2981 903 3036 enim
940 2983 1079 3036 Deus
1103 2983 1222 3052 ejus
1258 2972 1540 3037 scientiam
1572 2982 1861 3036 obnoxiam
1890 2981 2037 3048 facit,

452 3083 509 3129 et
541 3073 875 3130 sacriﬁcium
909 3091 1007 3146 per
1040 3074 1412 3146 ignorantiam
1442 3091 1471 3130 e
1504 3086 1727 3147 peccato
1769 3075 1951 3146 exigit,
1985 3083 2040 3130 et

451 3168 857 3238 paenitentiam.

1051 3256 1281 3314 CAPUT
1313 3257 1401 3313 Vl.

522 3349 692 3405 Vens.
746 3351 864 3405 1-7.
926 3350 1212 3406 «Locutus
1273 3360 1357 3405 est
1414 3350 1677 3406 Dominus
1725 3350 1792 3406 ad
1821 3349 2039 3421 Moysen

454 3441 678 3498 dicens:
716 3440 911 3495 Anima
954 3457 1075 3511 qure
1121 3440 1451 3513 peccaverit,
1485 3449 1541 3495 et
1569 3450 1884 3512 contempto
1932 3443 2040 3497 Ι)εο

455 3532 737 3603 negaverit
757 3533 1066 3602 depositum
1105 3533 1358 3604 proximo
1393 3550 1514 3601 suo,
1559 3534 1705 3604 quod
1750 3534 1874 3589 ﬁdei
1919 3535 2039 3605 ejus

453 3625 721 3680 creditum
763 3623 949 3692 fuerit,
974 3625 1060 3680 vel
1088 3625 1135 3677 vi
1157 3625 1359 3696 aliquid
1377 3626 1684 3694 extorserit,
1712 3636 1806 3682 aut
1827 3628 2037 3682 calum-

444 3706 601 3783 niam
637 3715 832 3770 fecerit
866 3733 880 3768 :
914 3716 1029 3770 sive
1071 3731 1185 3770 rem
1219 3717 1488 3787 perditam
1520 3717 1808 3785 invenerit,
1837 3729 1892 3774 et
1950 3720 2036 3774 in-

453 3807 642 3863 ﬁeians
685 3807 911 3879 insuper
961 3808 1251 3879 juraverit,
1317 3819 1374 3865 et
1430 3811 1712 3880 quodlibet
1766 3813 1910 3868 aliud
1966 3829 2036 3869 ex

452 3899 702 3970 pluribus
732 3899 945 3964 fecerit,
968 3899 1022 3954 in
1053 3900 1251 3970 quibus
1280 3917 1508 3971 peccare
1556 3905 1736 3960 solent
1784 3905 2036 3959 homines

451 3988 692 4044 convicti
740 3988 945 4055 delicti,
987 3990 1187 4045 reddet
1228 3991 1418 4046 omnia
1459 4008 1582 4063 quae
1624 3993 1816 4049 fraude
1864 3994 2037 4050 voluit

450 4079 700 4135 obtinere
716 4079 946 4152 integra,
979 4089 1035 4136 et
1051 4081 1297 4151 quintam
1323 4083 1549 4154 insuper
1564 4093 1777 4155 partem
1801 4085 2035 4140 Domino

451 4170 540 4224 cui
579 4170 837 4224 damnum
883 4171 1164 4237 intulerat,
1199 4188 1297 4243 pro
1326 4183 1553 4245 peccato
1579 4183 1762 4229 autem
1809 4189 1908 4229 suo
1949 4173 2035 4230 of-

449 4258 590 4313 feret
629 4258 855 4313 arietem
877 4259 1289 4316 immaculatum
1320 4261 1388 4317 de
1428 4277 1612 4334 grege,
1641 4271 1697 4317 et.
1727 4262 1878 4317 dabit
1907 4278 2032 4318 eum

451 4347 719 4403 sacerdoti
746 4347 901 4418 juxta
924 4351 1346 4407 mstimationem
1377 4368 1802 4423 mensuramque
1826 4354 2030 4420 delicti,

450 4438 543 4508 qui
566 4439 774 4510 rogabit
802 4456 902 4511 pro
927 4456 994 4496 eo
1021 4459 1205 4498 coram
1239 4442 1494 4509 Domino,
1541 4453 1596 4499 et
1624 4445 1933 4501 dimittetur
1957 4446 2029 4500 illi

449 4540 549 4596 pro
587 4526 814 4597 singulis
843 4544 964 4598 qua:
989 4529 1238 4585 faciendo
1261 4531 1588 4601 peccaverit.
1629 4549 1649 4583 ι

521 4619 713 4674 Cernis
752 4621 898 4691 quod
946 4621 1003 4676 in
1048 4623 1242 4677 eodem
1293 4622 1485 4678 ordine
1546 4638 1691 4692 esse,
1745 4633 2028 4695 peceatum

449 4710 596 4779 quod
629 4710 682 4765 in
715 4720 922 4778 sancta,
956 4721 1010 4767 et
1034 4715 1087 4768 id
1110 4714 1622 4784 quodjurejurando
1648 4718 2027 4785 committitur,

448 4802 675 4871 spiritus
704 4801 798 4856 Dei
833 4804 1030 4870 tradit;
1055 4814 1207 4875 patet
1234 4814 1415 4860 autem
1445 4822 1592 4863 exeo
1617 4808 1763 4878 quod
1793 4808 1845 4863 in
1876 4818 2030 4863 utro-

447 4909 553 4964 que
580 4893 722 4948 idem
740 4895 929 4950 arietis
958 4897 1291 4952 sacriﬁcium
1315 4898 1498 4954 oﬁerri
1528 4902 1809 4972 praecepit.
1850 4901 2025 4969 Quam

447 4985 519 5040 ob
547 5001 662 5039 rem
713 4987 861 5040 enim
904 4987 1066 5057 paulo
1106 4996 1234 5043 ante
1266 4988 1321 5042 in
1352 4989 1502 5044 omni
1538 5000 1764 5061 peccato
1801 4992 2027 5048 arietem

443 5068 607 5146 jussit
637 5076 841 5145 offerri,
873 5095 984 5134 non
1027 5095 1057 5134 a
1110 5080 1271 5135 nobis
1299 5081 1677 5152 conjicientes,
1715 5083 1811 5139 sed
1846 5084 2029 5139 inten-

449 5168 653 5224 tionem
693 5170 1022 5242 legislatoris
1056 5184 1372 5243 sequentes,
1417 5173 1675 5231 diximus.
1701 5175 1814 5230 Cur
1846 5186 2029 5232 autem

450 5272 731 5331 peceatum
757 5264 900 5333 quod
927 5265 1287 5335 jurejurando
1317 5273 1421 5332 est,
1482 5276 1538 5322 et
1565 5268 1709 5338 quod
1743 5267 1799 5322 in
1827 5268 2029 5324 sanctis

446 5353 803 5422 conjunctum
846 5356 1096 5426 putavit?
1134 5355 1267 5423 Quia
1296 5359 1609 5415 omnimodo
1638 5369 1931 5431 utrumque
1960 5360 2027 5416 ad

445 5441 616 5498 Deum
644 5446 883 5516 pertinet
911 5465 925 5501 :
959 5456 1015 5503 et
1054 5448 1149 5517 qui
1183 5449 1572 5521 jusjurandum
1599 5454 2024 5525 transgreditur,

446 5551 556 5590 non
594 5539 771 5593 solum
814 5541 1064 5610 proximo
1112 5552 1295 5611 nocet,
1339 5544 1436 5600 sed
1475 5554 1531 5601 et
1570 5546 1673 5616 ipsi
1707 5546 1834 5613 Deo,
1860 5565 2025 5619 quem

446 5628 805 5684 mediatorem
830 5630 982 5700 fecit,
1008 5633 1266 5704 injuriam
1310 5632 1477 5704 facit;
1514 5636 1714 5694 docere
1742 5648 1926 5695 autem
1972 5650 2024 5696 te

547 5827 590 5858 η
627 5823 770 5901 ιξεειι.
820 5846 999 5896 Lxxxt,
1046 5831 1099 5885 5.

2146 1963 2446 2017 mentietur.
2496 1964 2685 2035 Neque
2708 1967 2856 2021 enim
2885 1968 3023 2023 solet
3044 1968 3225 2024 divina
3242 1966 3525 2039 Scriptura
3539 1971 3732 2024 eadem

2145 2052 2309 2107 verba
2346 2060 2616 2123 repetere,
2661 2073 2782 2127 quae
2830 2069 2885 2114 et
2935 2060 3107 2115 multa
3149 2061 3403 2117 omittere
3443 2062 3733 2117 brevitatis

2144 2159 2310 2200 causa
2347 2148 2582 2202 videtur.
2622 2147 2721 2204 llic
2753 2166 2882 2224 ergo
2913 2153 3271 2223 jurisjurandi
3303 2156 3732 2228 transgressioni

2145 2234 2491 2291 mendacium
2526 2249 2841 2310 comparat:
2863 2253 2919 2297 et
2941 2243 3062 2299 ideo
3086 2246 3338 2317 superius
3360 2249 3581 2317 quidem
3612 2250 3734 2305 sine

2140 2325 2503 2397 jurejurando
2562 2335 3038 2403 commemoravit,
3072 2337 3162 2393 hic
3212 2345 3396 2394 autem
3443 2342 3735 2397 mendacio

2120 2415 2526 2487 jusjurandum
2561 2420 2880 2491 conjunxit;
2917 2424 2994 2479 ait
3023 2425 3171 2480 enim
3203 2444 3217 2480 :
3246 2425 3316 2481 Et
3359 2429 3614 2483 mentitur
3635 2445 3733 2502 pro

2142 2525 2227 2577 ea,
2254 2520 2302 2565 et
2316 2513 2583 2582 juraverit
2631 2514 2845 2585 injuste.
2887 2515 3021 2573 Nam
3064 2527 3121 2574 et
3172 2520 3356 2576 caeteri
3400 2520 3734 2593 interpretes

2142 2605 2339 2677 Aquila
2387 2617 2442 2662 et
2490 2607 2868 2676 Theodotion,
2922 2621 2978 2667 et
3019 2612 3381 2685 Symmachus
3431 2616 3524 2671 ubi
3575 2617 3733 2673 dixe-

2120 2696 2274 2753 ‘runt
2308 2696 2452 2753 LXX
2484 2719 2498 2754 :
2536 2698 2594 2756 Si
2620 2703 2797 2757 nocuit
2838 2704 3043 2776 aliquid
3095 2709 3394 2778 proximum
3419 2727 3575 2764 suum
3595 2750 3610 2775 ,
3642 2710 3730 2766 isti

2141 2787 2200 2844 Si
2223 2791 2581 2848 calumniatus
2606 2804 2680 2849 est
2714 2795 2939 2867 aliquid.
2992 2796 3149 2866 Quod
3199 2799 3496 2870 intuentes,
3554 2803 3731 2860 absti-

2142 2894 2371 2937 neamus
2424 2898 2526 2939 nos
2560 2889 2687 2940 totis
2727 2885 2933 2945 viribus
2970 2905 3001 2944 a
3038 2890 3265 2958 fallacia,
3299 2895 3557 2965 quoniam
3585 2895 3731 2952 Deus

2141 2986 2241 3041 per
2263 2971 2537 3029 fallaciam
2569 2975 2883 3046 injuriatur,
2914 2981 3007 3050 qui
3031 2982 3232 3039 veritas
3260 2994 3364 3040 est.
3399 2987 3505 3042 Sed
3528 2995 3584 3042 et
3619 2988 3729 3044 vim

2138 3079 2237 3119 seu
2267 3066 2512 3137 rapinam
2541 3082 2665 3123 cum
2694 3079 2893 3140 negato
2920 3072 3191 3143 deposito,
3241 3076 3327 3131 vel
3372 3078 3516 3134 sicut
3555 3081 3724 3136 etiam

2143 3153 2497 3229 Septuaginta
2535 3160 2729 3214 dicunt
2776 3177 2949 3217 :cum
3022 3165 3301 3231 societate,
3356 3171 3727 3241 commiscuit,

2142 3263 2307 3304 omne
2336 3250 2603 3321 injustum
2634 3250 2847 3307 lucrum
2878 3255 2987 3309 vim
3018 3272 3117 3312 seu
3163 3259 3407 3329 rapinam
3448 3263 3726 3332 judicans.

2141 3338 2489 3395 Manifestum
2522 3353 2606 3399 est
2633 3355 2817 3401 autem
2848 3362 2915 3401 ex
2941 3347 3027 3403 his
3050 3366 3170 3420 qua:
3189 3352 3523 3409 subnectunt
3544 3355 3725 3412 LXX:

2142 3427 2261 3484 Erit
2282 3448 2400 3486 cum
2443 3439 2733 3503 peccaverit
2758 3447 2805 3492 et
2829 3441 3149 3510 pamituerit,
3194 3454 3241 3498 et
3278 3448 3561 3504 reddiderit
3591 3452 3729 3520 rapi-

2142 3538 2267 3577 nam
2298 3542 2459 3596 quam
2489 3529 2690 3597 rapuit,
2723 3531 2804 3585 vel
2833 3532 3157 3602 injustitiam
3181 3554 3339 3607 quam
3372 3540 3568 3611 injuste
3599 3545 3725 3614 egit.

2139 3626 2236 3670 aut
2259 3617 2554 3688 depositum
2589 3621 2753 3686 quod’
2768 3623 3062 3693 depositum
3088 3640 3162 3682 est
3201 3632 3270 3696 ei,
3320 3633 3426 3687 sive
3459 3637 3726 3703 perditum

2140 3709 2279 3777 quod
2300 3709 2518 3778 invenit,
2541 3711 2683 3781 quod
2719 3719 3143 3788 unumquodque
3177 3723 3560 3791 praedictorum
3596 3743 3727 3795 pec-

2139 3810 2388 3856 catorum
2425 3802 2511 3858 his
2544 3821 2665 3875 qum
2695 3819 3088 3865 connumerata
3118 3822 3249 3867 sunt
3276 3814 3453 3871 simile
3474 3817 3563 3872 sit.
3593 3818 3723 3875 Pro-

2138 3899 2261 3961 pter
2291 3893 2435 3948 enim
2457 3897 2744 3954 avaritiam
2772 3901 3154 3963 committitur.
3197 3904 3505 3978 Unicuique
3535 3921 3718 3965 autem

2138 3995 2327 4038 eorum
2365 3996 2529 4055 caput
2560 3988 2762 4059 ipsum,
2790 4002 2845 4047 et
2876 3993 3122 4063 quintam
3152 3997 3274 4052 addi
3307 4003 3599 4072 praecepit;
3626 4006 3721 4058 sed

2139 4071 2229 4129 hic
2260 4090 2370 4130 non
2404 4080 2694 4149 sacerdoti,
2730 4083 2824 4138 sed
2844 4083 2893 4138 ci
2924 4085 3016 4155 qui
3047 4086 3371 4157 injUstitiam
3406 4071 3604 4161 passus
3637 4106 3722 4150 est

2137 4164 2251 4218 dari
2284 4169 2541 4238 praecepit
2565 4170 2831 4240 quintam,
2855 4174 2908 4228 in
2943 4178 3125 4233 verbis
3154 4179 3534 4239 differentibus
3564 4186 3720 4241 sitni-

2136 4255 2207 4310 lia
2238 4258 2499 4314 sentiens.
2544 4260 2816 4328 Quoniam
2854 4266 3001 4321 enim
3042 4286 3165 4324 cum
3198 4287 3265 4327 eo
3308 4274 3401 4343 qui
3455 4277 3719 4346 przejudi-

2137 4349 2278 4404 cium
2312 4368 2503 4421 passus
2536 4364 2620 4411 est
2653 4355 2705 4410 in
2731 4359 2919 4428 rapina
2943 4361 3025 4415 vel
3060 4362 3114 4417 in
3147 4364 3412 4436 deposito,
3447 4378 3504 4424 et
3529 4378 3719 4425 contra

2137 4441 2312 4511 ipsum
2349 4460 2567 4515 quoque
2607 4445 2778 4502 Deum
2815 4450 3018 4522 injuste
3052 4455 3229 4526 agitur
3279 4473 3377 4527 per
3414 4458 3717 4533 fallaciam,

2063 4519 2108 4575 Β
2140 4535 2221 4589 vel
2283 4539 2606 4607 perjurium,
2684 4552 2832 4597 recte
2871 4519 3113 4601 illorum.
3141 4519 3387 4619 quiniam
3429 4553 3550 4610 .Deo
3605 4519 3717 4613 dari

2133 4626 2311 4697 jubet,
2346 4630 2411 4684 ad
2441 4646 2602 4700 quem
2638 4634 2811 4688 tendit
2835 4635 3056 4706 injuria.
3081 4628 3289 4706 Quinta.
3313 4654 3496 4700 autem
3536 4648 3718 4721 lingua

2137 4728 2239 4773 est.
2276 4719 2403 4775 Esse
2430 4722 2575 4777 enim
2599 4724 2848 4794 quintam
2879 4728 3042 4784 etiam
3095 4733 3235 4789 hanc
3293 4736 3551 4805 diximus,
3595 4719 3718 4797 cum

2136 4811 2207 4864 sit
2248 4827 2352 4865 una
2375 4811 2442 4867 de
2461 4814 2704 4887 quinque
2734 4819 3006 4876 sensibus.
3035 4821 3302 4897 litecergo
3324 4828 3553 4885 oﬂ'ertur
3588 4833 3716 4900 Deo,

2136 4909 2197 4957 ut
2227 4904 2488 4975 deinceps
2520 4922 2631 4963 non
2653 4919 2862 4979 peccet,
2891 4913 3017 4982 quia
3039 4931 3135 4985 per
3166 4918 3340 4988 ipsam
3369 4927 3719 4995 unumquod-

2137 5011 2244 5066 que
2266 4998 2651 5067 praedictorum
2674 5004 3054 5062 committitur.
3098 5008 3238 5080 Ergo
3296 5013 3488 5069 eadem
3545 5019 3719 5073 sancit

2137 5087 2193 5141 in
2244 5087 2629 5147 diﬂ'erentihus
2671 5094 2876 5161 verbis,
2920 5106 2975 5152 et
3023 5098 3318 5169 aliquando
3382 5105 3607 5174 quidem
3663 5109 3716 5161 in

2134 5193 2368 5249 persona
2389 5183 2708 5252 sacerdotis,
2739 5185 3034 5256 aliquando
3054 5200 3235 5247 autem
3259 5193 3315 5247 in
3345 5196 3462 5264 ejus
3494 5204 3589 5268 qui
3631 5200 3717 5254 in-

2130 5271 2399 5341 justitiam
2446 5289 2641 5345 passus
2672 5288 2756 5332 est
2798 5278 2971 5333 Deum
3017 5280 3288 5353 ﬁguravit.
3332 5285 3442 5341 Aut
3475 5289 3602 5358 quia
3630 5306 3715 5345 se-

2134 5365 2376 5420 cundum
2414 5368 2660 5423 eamdem
2693 5371 2964 5428 rationem
2992 5385 3047 5429 et
3070 5378 3324 5434 sacerdos
3350 5390 3536 5436 noster
3560 5382 3718 5438 Chri-

2135 5464 2253 5512 stus
2282 5472 2427 5524 esse,
2452 5468 2508 5513 et
2537 5459 2826 5515 nobiscum
2884 5477 2985 5532 pro
3018 5465 3177 5520 nobis
3228 5466 3554 5538 injustitiam
3603 5473 3714 5542 pati

2133 5548 2397 5616 creditur,
2442 5551 2744 5607 secundum
2790 5552 2963 5625 legem
3003 5557 3260 5614 videlicet
3315 5565 3713 5633 compassionfs

2133 5650 2358 5704 nostrae,
2388 5641 2443 5695 in
2473 5641 2580 5698 ﬁne
2611 5644 2912 5702 sanctionis
2942 5646 3106 5719 hujus
3139 5652 3368 5707 arietem
3400 5653 3556 5722 jubet
3608 5655 3713 5710 im-
