3942 6422
368 396 479 460 8l5

1530 404 1613 464 IN
1638 404 2076 466 LEVITICUM.
2113 433 2177 443 -
2212 408 2358 467 LIB.
2396 408 2478 469 ΙΙ.

3531 419 3636 486 ΒΜ

364 508 697 563 maculatum
725 510 990 567 sacerdoti
1020 511 1227 577 offerri,
1257 515 1349 585 qui
1401 527 1521 571 oret
1549 528 1605 572 et
1664 520 1948 576 remissio—
1976 529 2021 581 Α
2051 520 2157 592 pla,
2190 522 2394 592 quibus
2423 521 2505 577 uti
2532 521 2864 593 supplicanti
2887 522 3091 578 bonum
3117 524 3207 581 sit.
3240 525 3371 583 licet:
3398 530 3547 589 enim
3581 542 3634 591 in

362 615 489 655 nem
529 601 797 659 obtineat.
855 602 1060 659 florum
1104 615 1287 661 autem
1350 606 1627 665 suﬂiciens
1675 613 1948 681 expositio

360 702 463 755 est,
498 708 563 747 ex
594 692 681 748 his
718 709 839 763 quae
876 695 929 749 in
961 696 1175 752 delictis
1217 709 1530 755 sanctorum
1592 702 1734 758 dicta
1797 714 1944 760 sunt.

363 784 472 839 Sed
504 800 607 839 nos
630 786 698 840 ab
722 796 952 858 utroque
987 798 1229 856 peccato,
1282 793 1453 863 magis
1483 802 1666 850 autem
1693 796 1761 850 ab
1797 796 1944 850 omni

367 876 752 946 resipiscentes
775 879 1151 936 custodiamus
1180 883 1566 952 nosmetipsos.
1600 885 1657 940 Si
1680 887 1830 941 enim
1862 887 1945 941 vel

365 967 417 1022 in
446 985 558 1023 uno
589 970 833 1039 quolibet
862 986 1050 1026 eorum
1077 974 1196 1044 capi
1230 989 1353 1039 nos,
1390 989 1484 1031 aut
1520 978 1761 1033 incidere
1784 980 1944 1033 'con-

364 1059 567 1130 tigerit,
604 1062 872 1119 habemus
901 1064 1307 1135 deprecationis
1332 1074 1387 1122 et
1425 1067 1715 1126 oblationis
1759 1085 1943 1126 exem‘

2052 612 2224 684 ﬁgura
2248 615 2619 685 contingebant
2657 615 2766 671 illis
2806 632 2824 669 :
2868 617 3066 683 scripta
3119 626 3243 671 sunt
3305 630 3485 676 autem
3562 625 3635 680 ad

2052 715 2290 759 nostram
2321 707 2723 775 correptionem,
2764 704 2820 759 in
2851 722 2979 777 quos
3011 707 3142 777 ﬁnes
3184 709 3499 768 saeculorum
3538 714 3636 769 de~

2051 807 2299 852 venerunt
2331 800 2400 854 ’³.
2431 799 2492 853 in
2540 798 2763 855 Christo
2792 797 2925 854 Jesu
2980 799 3217 857 Domino
3261 814 3471 861 nostro.
3528 806 3636 877 Ipsi

2050 890 2218 965 gloria
2244 906 2370 946 cum
2398 890 2580 959 Patre,
2617 898 2673 947 et
2695 891 2901 962 Spiritu
2925 900 3138 961 sancto,
3171 910 3323 952 nunc
3352 904 3407 953 et
3436 897 3494 954 in
3533 912 3635 954 sa:-

2056 985 2176 1039 cula
2211 985 2554 1041 Saeculorum.
2592 984 2788 1042 Amen.

379 1166 3584 1208 _.____________________________________________________
3639 1189 3643 1197 ,

1452 1365 1805 1453 LIBER
1882 1366 2534 1455 SECUNDUS.

729 1730 883 1788 CAP.
920 1729 989 1787 Vl
1030 1730 1210 1786 PARS
1250 1732 1550 1790 ALTERA.

426 1819 589 1876 Vens.
626 1822 776 1877 8-12.
813 1843 831 1875 ί
860 1822 1101 1879 Locutus
1136 1834 1224 1879 cst
1265 1824 1530 1880 Dominus
1561 1825 1629 1879 ad
1692 1825 1933 1898 Moysen,

2047 1735 2154 1790 Sed
2188 1737 2317 1806 quia
2346 1736 2724 1793 holocaustum
2752 1740 3028 1808 quomodo
3065 1740 3432 1810 particulatim
3486 1743 3628 1800 divi-

2044 1826 2224 1894 datur,
2268 1828 2545 1899 quomodo
2579 1828 2894 1885 effundatur
2924 1831 3045 1902 ejus
3075 1833 3318 1904 sanguis,
3352 1837 3627 1904 quomodo

352 1912 584 1969 dicens:
626 1914 867 1985 Praecipe
900 1916 1084 1971 Aaron
1126 1926 1182 1972 et
1222 1916 1345 1971 ﬁliis
1385 1918 1524 1988 ejus.
1563 1917 1689 1973 Hrec
1741 1928 1820 1974 est
1851 1919 1940 1974 lex
1974 1902 2014 1957 Β
2044 1919 2362 1991 imponatur
2384 1937 2550 1992 super
2580 1922 2772 1990 altare,
2832 1923 2887 1976 in
2920 1922 3078 1979 initio
3113 1902 3277 1995 hujus
3310 1902 3435 1980 libri
3466 1926 3627 1982 Levi.

352 2007 699 2063 holocausti:
747 2009 1085 2063 cremabitur
1113 2008 1171 2063 in
1215 2010 1375 2065 altari
1426 2018 1536 2065 tota
1566 2021 1730 2067 nocte
1769 2025 1940 2081 usque

349 2101 418 2154 ad
441 2115 604 2156 mane
633 2120 645 2155 :
678 2101 820 2171 ignis
845 2117 907 2157 ex
943 2101 1138 2157 eodem
1168 2102 1322 2157 altari
1362 2103 1491 2160 erit.
1530 2101 1804 2159 Vestietur
1849 2119 1939 2159 sa-

348 2193 547 2248 cerdos
576 2194 784 2262 tunica,
815 2204 872 2250 et
897 2194 1246 2251 feminalibus
1269 2194 1430 2251 lineis
1460 2214 1474 2251 :
1506 2195 1766 2266 tolletque
1791 2196 1940 2252 cine-

345 2299 439 2341 res
502 2273 643 2357 quos
715 2303 917 2342 vorans
963 2287 1103 2360 ignis
1163 2287 1393 2351 exussit,
1454 2297 1510 2343 et
1558 2296 1726 2358 ponet
1783 2288 1938 2359 juxta

345 2378 548 2434 altare.
626 2379 961 2449 Spoliabitur
1038 2381 1313 2455 prioribus
1355 2381 1713 2447 vestimentis,
1774 2382 1936 2437 indu-

344 2477 548 2540 tusque
589 2471 730 2535 aliis,
769 2471 964 2527 efferet
1007 2487 1102 2527 eos
1132 2482 1287 2528 extra
1343 2480 1540 2538 castra,
1600 2481 1654 2527 et
1699 2472 1755 2527 in
1815 2474 1935 2529 loco

343 2558 730 2627 mundissimo,
786 2576 960 2628 usque
1020 2562 1089 2616 ad
1136 2562 1374 2619 favillam
1433 2564 1685 2619 consumi
1746 2564 1931 2622 faciet.

345 2650 495 2722 Ignis
518 2660 704 2707 autem
727 2651 783 2706 in
815 2653 971 2707 altari
994 2668 1212 2725 semper
1238 2654 1475 2719 ardebit,
1508 2672 1671 2725 quem
1727 2657 1934 2713 nutriet

341 2746 607 2804 sacerdos
655 2745 956 2815 subjiciens
987 2745 1131 2817 ligna
1170 2760 1329 2800 mane
1357 2761 1451 2816 per
1503 2746 1743 2817 singulos
1791 2746 1931 2815 dies,

342 2845 400 2894 et
424 2837 687 2908 imposito
719 2837 1062 2904 holocausto,
1093 2838 1334 2907 desuper
1357 2837 1600 2893 adolebit
1633 2838 1820 2908 adipes
1843 2854 1933 2909 pa-

342 2928 647 2984 cilicorum.
693 2928 837 3000 Ignis
887 2938 972 2983 est
1019 2928 1126 2984 iste
1178 2937 1493 2999 perpetuus,
1523 2928 1616 2999 qui
1649 2945 1929 3000 nunquam

341 3021 566 3078 deficiet
588 3022 644 3075 in
679 3022 862 3076 altari.
897 3039 916 3072 ι

414 3112 553 3180 Quia
610 3113 935 3186 legislatoris
992 3112 1216 3168 modum
1272 3112 1603 3169 suilicienter
1669 3114 1724 3168 in
1789 3130 1930 3184 prae-

342 3205 673 3261 cedentibus
724 3205 1086 3269 ostendimus,
1141 3213 1197 3259 et
1254 3205 1613 3276 expositionis
1670 3207 1927 3278 legalium

2041 2013 2133 2068 tici
2165 2012 2441 2085 legislator
2480 2013 2755 2082 exposuit,
2792 2029 2937 2068 nunc
2966 2023 3155 2084 utpote
3173 2015 3278 2070 illis
3295 2016 3630 2075 sufﬁcienter

2039 2106 2222 2172 dictis,
2257 2105 2325 2161 de
2358 2106 2474 2161 solo
2506 2105 2643 2161 dicit
2689 2105 3149 2164 holocautomate.
3208 2109 3626 2181 Consequeutcr

2037 2213 2169 2271 ergo
2198 2200 2443 2256 subdidit
2477 2222 2489 2256 :

2106 2292 2251 2364 Ignis
2276 2294 2333 2346 in
2364 2292 2537 2348 altare
2560 2310 2766 2364 semper
2788 2294 3014 2359 ardebit,
3047 2311 3200 2365 quem
3227 2295 3423 2348 nutriet
3446 2312 3625 2350 sacer-

2036 2386 2148 2438 dos.
2184 2383 2411 2455 Oportet
2440 2385 2642 2455 quippe
2666 2399 2793 2439 eum
2842 2385 2936 2455 qui
2972 2385 3375 2452 holocaustum,
3438 2386 3491 2441 id
3537 2394 3624 2445 est

2033 2476 2291 2547 perfectae
2319 2476 2602 2548 sapientiae
2634 2476 3009 2547 operationem
3044 2476 3228 2542 debet,
3280 2492 3498 2547 semper
3526 2490 3623 2532 ac-
3690 2488 3697 2491 '

2034 2568 2270 2624 cendere
2327 2570 2508 2640 ignem
2540 2569 2716 2624 sancti
2747 2567 3003 2639 Spiritus,
3033 2577 3086 2623 et
3126 2584 3236 2624 non
3302 2569 3483 2625 sinere
3531 2584 3623 2625 ex-

2033 2659 2253 2728 stingui.
2296 2659 2672 2731 Exstinguitur
2698 2670 2881 2715 autem
2915 2675 3106 2714 eorum
3146 2660 3347 2730 quibus
3385 2662 3620 2717 donatus

2032 2763 2117 2810 est
2148 2754 2509 2824 negligentia;
2535 2766 2757 2823 proper
2794 2752 2940 2822 quod
2972 2760 3030 2806 et
3062 2752 3264 2806 Paulus
3285 2752 3358 2807 ait
3395 2771 3409 2807 :
3441 2752 3618 2823 Spiri-

2034 2856 2144 2901 tum
2170 2847 2330 2901 nolite
2358 2848 2690 2918 exstinguere
2721 2843 2788 2910 ¹⁴,
2828 2845 2979 2899 velut
3026 2844 3079 2897 in
3116 2854 3302 2898 nostra
3344 2850 3620 2914 potestate

2031 2937 2103 2992 sit
2132 2937 2370 3007 positum
2400 2936 2751 3007 exstinguere
2781 2935 2956 3001 illum,
2986 2934 3102 2989 sive
3129 2935 3455 2990 accendere.
3478 2935 3619 2991 Tota

2029 3038 2210 3084 autem
2240 3037 2404 3084 nocte
2435 3027 2654 3083 incendi
2692 3027 2873 3098 ignem
2902 3026 3089 3096 jussit,
3132 3042 3239 3081 non
3262 3026 3407 3096 quod
3441 3027 3494 3082 in
3525 3026 3617 3082 die

2027 3135 2137 3175 non
2171 3119 2575 3185 incenderetur,
2607 3117 2704 3174 sed
2740 3117 3014 3188 quomodo
3045 3118 3286 3173 secundo
3319 3117 3476 3172 ﬁeret
3499 3117 3619 3173 dic-

2028 3211 2132 3267 bus
2159 3212 2385 3284 singulis
2416 3211 2795 3266 holocaustum
2845 3227 2860 3262 :
2918 3225 3046 3264 nam
3103 3208 3231 3279 quia
3294 3208 3618 3266 manifestus

341 3297 642 3354 verborum
666 3296 1084 3353 fundamentum
1120 3297 1358 3368 positum
1419 3303 1523 3363 est.
1581 3304 1734 3353 extra
1780 3298 1926 3367 quod
1957 3285 1999 3347 C
2031 3314 2151 3360 erat
2181 3305 2323 3376 ignis
2357 3304 2606 3368 diurnus,
2644 3312 2976 3358 nocturnum
3023 3302 3251 3357 addidit.
3289 3302 3429 3369 Quia
3485 3292 3617 3372 ergo

338 3387 494 3445 aliud
551 3404 715 3445 nemo
756 3387 1141 3444 aedificandum
1205 3388 1263 3443 in
1336 3388 1534 3458 spiritu
1589 3402 1795 3459 ponere
1826 3403 1928 3459 po-

337 3489 452 3537 test
484 3498 498 3535 :
528 3479 781 3536 Christus
819 3480 966 3535 enim
1010 3488 1113 3543 εει,
1138 3480 1232 3550 qui
1266 3480 1427 3535 nobis
1466 3480 1607 3535 sicut
1651 3480 1927 3550 angularia

336 3572 556 3629 aedilicii
594 3572 735 3643 lapis
762 3589 863 3644 per
912 3581 1080 3628 totam
1132 3572 1266 3643 legis
1314 3571 1712 3643 expositionem
1748 3571 1922 3641 jacet;

334 3665 462 3736 ejus
498 3678 626 3736 ergo
669 3665 842 3735 gratia
896 3673 951 3718 et
1007 3663 1279 3730 doctrina,
1330 3663 1457 3732 quia
1499 3673 1555 3718 et
1593 3662 1924 3717 architectus

334 3768 444 3822 est,
471 3772 685 3824 aurum,
715 3767 1020 3829 argentum,
1066 3756 1275 3826 lapides
1315 3755 1580 3827 pretiosos
1624 3754 1924 3825 supersedi-

335 3849 587 3906 ﬁcemus.

411 3941 642 3996 Locutus
661 3949 737 3994 est
764 3939 1020 3995 Dominus
1043 3941 1115 3994 ad
1150 3939 1381 4010 Moysen,
1428 3939 1601 3993 dicens
1626 3955 1644 3992 :
1688 3936 1955 4005 Praecipe.

333 4035 518 4087 Aaron
554 4043 602 4087 et
623 4033 749 4104 ﬁliis
778 4033 914 4102 ejus.
942 4030 1071 4087 Hazc
1111 4040 1185 4085 est
1236 4032 1319 4085 lea:
1354 4029 1663 4084 holocausti.
1708 4029 1813 4084 Hic
1855 4028 1924 4083 de

330 4126 452 4197 jugi
486 4125 757 4182 sacrificio
797 4126 884 4179 lex
936 4125 1197 4192 loquitur,
1229 4122 1374 4194 quod
1398 4121 1641 4193 quotidie
1689 4122 1741 4176 in
1782 4121 1920 4176 libro

332 4218 508 4274 Exodi
533 4217 729 4272 offerre
752 4217 1009 4288 praecepit
1031 4214 1366 4282 sacerdotes;
1395 4215 1473 4269 ait
1494 4214 1640 4268 enim
1671 4213 1781 4269 sic:
1807 4212 1922 4267 Hoc

331 4321 411 4365 est
433 4312 572 4383 quod
599 4312 763 4382 facies
805 4311 861 4363 in
889 4309 1054 4363 altari
1087 4325 1106 4362 :
1147 4324 1311 4379 agnos
1348 4305 1620 4361 anniculus
1664 4306 1795 4360 duos
1824 4321 1919 4375 per

329 4390 572 4476 singulos
623 4405 736 4459 dies
774 4403 983 4474 jugiter
1006 4402 1102 4473 ¹¹;,
1137 4410 1191 4455 ει
1230 4400 1394 4471 paulo
1458 4407 1601 4469 post.
1647 4397 1922 4455 Oblatione

328 4504 587 4567 perpetua
638 4495 694 4548 in
733 4494 1094 4565 generationes
1141 4489 1429 4546 vestras".
1493 4489 1633 4544 Dicit
1688 4498 1914 4545 autem:

330 4589 522 4645 Facies
554 4587 935 4653 holocaustum,
973 4601 1138 4641 unum
1186 4600 1382 4656 agnum
1441 4599 1617 4649 mane,
1667 4592 1715 4637 et
1747 4582 1913 4637 alium

327 4682 498 4755 facies
555 4696 760 4750 vespere
785 4679 853 4731 ’³.
895 4679 998 4733 Ρει·
1036 4678 1152 4732 haec
1195 4691 1324 4747 ergo
1357 4675 1729 4746 intelligimus,
1788 4675 1914 4746 quia

329 4769 391 4824 in
417 4782 605 4822 eorum
631 4766 849 4837 quidem
871 4766 962 4837 qui
989 4773 1117 4821 sunt
1137 4765 1204 4820 de
1235 4765 1410 4836 plebe,
1430 4765 1708 4820 voluntate
1727 4766 1915 4821 datum

327 4872 438 4924 est,
460 4860 505 4915 si
537 4861 726 4915 volunt
747 4860 946 4916 offerre
978 4861 1381 4926 holocaustum,
1409 4867 1631 4931 propter
1653 4857 1797 4930 quod
1824 4874 1914 4914 sa-

326 4952 598 5008 criﬁcium
661 4952 792 5007 illud
842 4969 1045 5009 munus
1109 4967 1321 5017 eorum,
1376 4959 1566 5022 utpote
1614 4958 1915 5020 spontanca

324 5044 555 5111 oblatio,
575 5045 910 5099 nominatur.
932 5044 1122 5115 Neque
1150 5044 1296 5099 enim
1325 5045 1504 5099 omnis
1532 5043 1698 5099 homo
1726 5043 1911 5114 perfe-

326 5136 634 5193 ctissimam
669 5137 839 5209 exigit
884 5136 1229 5207 sapientiam,
1271 5135 1528 5190 sacerdos
1565 5143 1744 5189 tamen
1788 5149 1912 5189 om-

324 5230 559 5287 nimodo
595 5230 758 5286 debet
811 5230 1054 5301 perfecte
1112 5242 1321 5299 sapere.
1380 5226 1712 5298 Perpetuam
1763 5228 1908 5283 enim

329 5322 689 5389 sacriﬁcium,
730 5321 783 5377 id
846 5329 930 5377 est
987 5321 1313 5376 continuum
1368 5319 1774 5383 holocaustum,
1826 5334 1914 5375 se-

328 5412 514 5470 eundo
546 5412 601 5468 in
636 5412 727 5468 die
756 5426 920 5467 mane
974 5421 1030 5465 et
1061 5425 1286 5480 vespere
1314 5409 1515 5464 oti'erre
1574 5408 1910 5479 praecipitur,

331 5516 449 5563 uta
487 5504 734 5577 perfecta
767 5502 1034 5574 sapientia
1073 5501 1361 5573 incipiens,
1404 5501 1459 5555 in
1486 5501 1677 5556 eadem
1737 5500 1909 5566 ﬁniat,

328 5609 384 5655 et
428 5606 600 5656 totam
641 5612 796 5652 suam
848 5595 1019 5652 vitam
1058 5603 1351 5665 componat
1386 5593 1453 5650 ad
1494 5592 1909 5664 perfectionem.

2031 3413 2138 3452 nox
2167 3397 2339 3469 caligo
2376 3406 2462 3452 est
2493 3396 2618 3452 vita:
2648 3395 2833 3465 hujus,
2860 3395 2911 3451 id
2963 3403 3069 3461 est,
3116 3410 3181 3449 ea
3236 3410 3358 3464 quae
3413 3396 3617 3450 multos

2029 3487 2239 3542 obtinet
2274 3487 2602 3558 ignorantia,
2664 3486 2733 3541 de
2775 3502 2878 3555 qua
2923 3485 3125 3540 Paulus
3175 3485 3397 3540 dicebat
3442 3503 3455 3537 τ
3499 3485 3617 3540 Non:

2026 3581 2309 3648 prtecessit,
2348 3579 2457 3633 dies
2483 3587 2662 3632 autem
2696 3578 3145 3649 appropinquabit
3169 3577 3238 3641 “,
3272 3592 3375 3633 nos
3404 3592 3613 3648 praece-

2027 3672 2108 3741 pit
2129 3671 2221 3742 qui
2251 3671 2628 3726 holocaustum
2652 3670 2745 3724 Dei
2775 3668 2900 3724 facti
2933 3685 3144 3739 sumus,
3169 3670 3333 3726 etiam
3369 3671 3425 3726 in
3452 3680 3615 3727 nocte

2020 3761 2326 3816 accendere
2359 3761 2562 3831 ignem,
2591 3768 2653 3814 ut
2684 3775 2809 3814 cum
2841 3759 2930 3814 alii
2996 3761 3168 3831 legem
3206 3762 3612 3834 transgredian-

2026 3861 2134 3917 tur,
2166 3861 2220 3907 et
2254 3853 2456 3907 terreni
2489 3851 2620 3920 sint,
2665 3867 2767 3906 nos
2803 3851 2974 3906 simus
3006 3852 3340 3921 spirituales,
3386 3852 3611 3908 remini-

2025 3951 2240 3998 scentes
2270 3943 2437 3999 David
2470 3945 2747 4000 dicentem
2780 3961 2792 3997 :
2833 3943 3057 4011 Tempus
3081 3944 3333 4012 faciendi,
3365 3944 3608 4011 Domine,

2022 4034 2406 4104 dissipaverunt
2456 4034 2624 4098 iniqui
2665 4035 2828 4106 legem
2890 4037 3134 4100 tuam”;
3190 4036 3407 4105 quando
3462 4036 3609 4092 enim

2021 4124 2111 4178 alii
2145 4127 2622 4196 transgrediuntur
2650 4126 2847 4198 legem,
2879 4141 2982 4180 nos
3017 4133 3236 4197 oportet
3268 4127 3503 4182 maxime
3540 4127 3609 4182 ad

2020 4217 2386 4273 obedientiam
2412 4218 2545 4290 legis
2572 4218 2799 4289 subrigi.
2835 4217 3088 4275 Subdidit
3108 4228 3290 4274 autem
3329 4237 3343 4271 ε

2098 4310 2351 4364 Vestietur
2405 4311 2651 4365 sacerdos
2702 4310 2883 4365 tunica
2945 4320 2997 4365 et
3046 4311 3384 4385 feminalibus
3433 4311 3605 4366 lineis.

2022 4401 2289 4460 Sacerdos
2318 4405 2408 4459 hic
2453 4405 2549 4475 qui
2585 4404 2965 4459 holocaustum
2996 4401 3177 4467 offert,
3231 4404 3607 4475 unusquisque

2018 4495 2261 4566 perfecte
2282 4495 2859 4567 sapiensintelligitur,
2877 4494 3002 4565 quia
3037 4494 3405 4551 sacerdotium
3434 4494 3608 4564 perfe-

2019 4584 2216 4640 ctionis
2247 4585 2558 4656 exemplum
2590 4594 2692 4650 est,
2740 4592 2969 4656 propter
3029 4584 3175 4652 quod
3214 4594 3269 4638 et
3298 4584 3475 4654 regale
3514 4599 3605 4638 sa-

2017 4676 2321 4733 cerdotium
2350 4677 2584 4747 populus
2628 4675 2805 4731 fidelis
2843 4673 3168 4744 appellatur,
3202 4683 3390 4746 utpote
3429 4674 3605 4746 legem

2018 4751 2317 4840 perfectam
2350 4767 2632 4839 Evangelii
2677 4767 3001 4837 suscipiens.
3042 4765 3146 4832 Qui
3175 4782 3304 4837 ergo
3352 4766 3468 4821 vult
3521 4766 3606 4821 ol-

2020 4863 2164 4919 ferre
2204 4861 2604 4925 holocaustum,
2635 4860 2844 4923 tunica,
2876 4858 2931 4915 id
2966 4868 3051 4913 est
3076 4858 3312 4928 justitia,
3346 4865 3401 4913 et
3438 4857 3603 4912 femi-
3659 4884 3671 4893 -

2017 4955 2256 5017 nalibus,
2306 4952 2360 5008 id
2419 4961 2505 5007 est
2574 4951 2826 5006 castitate
2882 4949 3162 5006 induatur.
3197 4948 3303 5003 Sed
3332 4948 3462 5018 quia
3502 4962 3605 5018 per

2018 5047 2295 5103 feminulia
2362 5045 2671 5101 castitatem
2736 5050 2955 5113 oportet
3014 5040 3281 5111 intelligi,
3356 5039 3600 5095 membra

2019 5141 2304 5213 probant,
2357 5152 2591 5208 quorum
2651 5135 2772 5207 ipsa
2838 5134 3204 5205 tegimentum
3259 5140 3392 5187 sunt
3441 5131 3602 5186 femi.

2019 5233 2187 5288 nalia.

2090 5323 2353 5378 Tunicam
2388 5333 2571 5378 autem
2596 5321 2862 5393 justitiam
2893 5320 3151 5385 diximus,
3189 5316 3317 5390 quia
3367 5313 3596 5387 perfecti

2018 5417 2285 5487 cujusque
2315 5415 2552 5471 maxime
2598 5415 2810 5486 justitia
2867 5413 3038 5469 vestis
3078 5421 3181 5477 est,
3223 5410 3368 5465 unde
3400 5407 3600 5465 Paulus

2019 5507 2199 5563 dixit:
2253 5505 2403 5562 State
2441 5508 2693 5562 succincti
2744 5507 2944 5562 lumbos
3009 5512 3205 5560 vestros
3249 5501 3304 5555 in
3355 5501 3611 5566 veritate,

2020 5599 2192 5652 induti
2239 5598 2405 5652 lorica
2444 5598 2675 5667 justitia!
2699 5597 2766 5652 ".
2809 5596 2886 5653 De
2952 5595 3066 5652 lino
3119 5599 3304 5649 autem
3364 5597 3420 5645 et
3453 5588 3606 5652 iuni;

400 5807 449 5877 2°
481 5805 501 5860 l
532 5804 660 5860 Cor.
689 5821 745 5867 ι,
784 5803 876 5877 _t_t._
953 5800 1225 5877 *gtgqu.
1272 5798 1563 5877 musa.
1637 5798 1837 5855 "una.
1870 5799 1956 5877 ιε.
2019 5799 2063 5829 ιδ
2094 5799 2233 5857 ibid.
2272 5797 2362 5854 39.
2440 5797 2487 5831 ’δ
2531 5798 2551 5854 ι
2593 5798 2790 5855 Thess.
2819 5816 2876 5867 v,
2913 5798 3031 5857 t9...
3070 5798 3117 5832 η
3145 5797 3305 5853 Rom.
3347 5806 3471 5859 xm,
3510 5789 3595 5854 ts.

328 5879 377 5911 ⁸⁵
394 5876 541 5933 Psal.
561 5891 748 5939 cxvm,
777 5874 900 5931 126.
980 5873 1026 5907 ³⁷
1073 5872 1274 5943 Ephes.
1303 5885 1377 5936 vI,
1402 5869 1489 5923 Μ.
1796 5884 1810 5896 ο
