3942 6412
392 380 495 444 84⁵1

1576 369 1934 432 HESYCHll
1976 370 2438 432 PRESBYTER]

3547 355 3654 421 848

395 509 515 551 eam
547 501 601 546 et
633 486 907 545 feminalia
932 484 1047 542 vult
1081 498 1226 550 esse,
1263 498 1371 538 non
1408 498 1470 538 ex
1503 482 1645 549 lana,
1670 484 1799 553 quia
1833 483 1973 538 linea
2008 493 2047 546 Α
2072 481 2195 538 ‘Non
2231 484 2407 538 solum
2440 482 2586 537 enim
2619 478 2779 535 nobis
2807 477 2862 533 in
2896 476 3003 543 die,
3032 473 3126 531 sed
3158 482 3215 531 et
3269 477 3450 529 nocte.
3495 470 3547 526 id
3575 481 3661 527 est

398 583 568 641 vestis
618 582 839 646 habilis,
898 578 1227 648 molliusque
1272 577 1558 633 adha'rens
1610 585 1695 630 est
1736 575 1977 646 corpori,

399 690 592 749 aspera
620 683 803 729 autem
857 688 920 727 ea
951 686 1072 741 qua:
1106 685 1174 725 ex
1211 669 1333 723 lana
1372 676 1475 723 est.
1526 666 1605 722 Ex
1666 682 1777 736 quo
1819 665 1983 721 docet

400 768 530 839 quia
565 766 801 822 humiles
830 764 1167 832 multmnque
1199 761 1543 816 cohaerentes
1588 769 1719 815 sunt
1763 758 1982 823 animae,

396 859 608 931 justitia
648 868 703 913 ct
721 856 980 921 castitas;
1007 853 1276 924 simulque
1293 853 1397 907 hoc
1427 851 1608 915 docet,
1641 851 1767 921 quia
1787 864 1984 920 quem-

402 951 696 1007 admodum
763 948 934 1002 linum
977 945 1136 1000 facile
1190 944 1389 1013 cuique
1420 944 1489 999 ad
1538 942 1873 1002 habendum.
1907 939 1987 995 sic

403 1044 634 1098 virtutes
660 1038 967 1095 volentibus
989 1051 1083 1092 eas
1114 1036 1373 1105 consequi
1404 1033 1589 1090 faciles
1615 1041 1745 1088 sunt
1764 1041 1847 1087 :et
1866 1046 1988 1102 quae

404 1135 514 1189 cito
545 1130 794 1200 conquiri
819 1136 1070 1201 possunt.
1096 1126 1192 1182 llis
1219 1135 1403 1182 autem
1428 1125 1702 1189 indutum,
1725 1123 1882 1195 jubet
1901 1121 1987 1178 of-

408 1229 552 1282 ferre
585 1226 801 1281 eineres
838 1220 1140 1276 holocausti
1186 1233 1326 1288 quos
1350 1217 1490 1289 ignis
1521 1214 1858 1285 consumpsit
1921 1213 1990 1268 de

407 1318 584 1375 altari.
619 1315 758 1382 Quid
796 1329 892 1384 per
915 1312 1033 1366 hzec
1057 1311 1282 1371 docens,
1308 1309 1411 1365 nisi
1444 1318 1502 1363 ut
1530 1305 1989 1379 quemadmodum

409 1410 585 1467 hostia
607 1405 940 1470 aufertur,id
971 1412 1055 1457 est
1083 1400 1410 1456 sacriﬁcium
1436 1399 1578 1469 quod
1598 1407 1878 1469 peractum
1909 1405 1993 1451 cst

408 1500 889 1562 holocautomatis,
940 1505 998 1551 ut
1031 1493 1176 1549 aliud
1202 1494 1400 1548 iterum
1459 1491 1637 1546 simile
1705 1489 1989 1552 oﬁ‘eratur,

409 1597 484 1651 ita
518 1605 571 1650 et
591 1609 694 1650 nos
725 1592 1023 1655 faciamus;
1064 1588 1293 1642 virtutes
1340 1585 1543 1656 quippe
1596 1598 1734 1655 quas
1791 1596 1995 1652 coope-

413 1698 571 1744 rante
595 1686 804 1758 Spiritu
827 1682 1091 1756 gerimus,
1120 1677 1395 1749 sigillatim
1454 1676 1721 1732 debemus
1767 1688 1992 1746 ponere,

413 1790 477 1836 ut
506 1781 639 1837 alias
675 1792 866 1833 rursus
895 1788 1186 1846 operemur
1220 1788 1235 1825 :
1285 1778 1341 1825 et
1366 1785 1479 1825 non
1519 1776 1731 1825 tantum
1787 1780 1997 1836 praace-

2083 590 2195 629 non
2222 575 2397 630 solum
2421 575 2478 629 in
2513 583 2758 644 tempore
2789 567 3121 631 sobrietatis.
3154 566 3250 621 sed
3303 572 3359 619 et
3408 560 3663 633 intelligi-

2084 663 2178 718 bili
2204 671 2386 727 nocte,
2417 664 2485 720 de
2514 679 2621 734 qua
2660 661 2860 717 Paulus
2906 660 3123 716 diccbat
3171 677 3185 712 :
3225 656 3344 711 Non
3382 671 3504 726 ergo
3538 655 3665 707 dor-

2086 756 2316 811 miamus
2344 759 2479 812 sicut
2498 765 2547 811 et
2576 755 2755 811 caeteri
2780 769 2883 807 non
2903 752 3147 806 habentes
3168 762 3332 820 spem,
3355 748 3445 801 sed
3484 746 3668 816 uigile-

2085 864 2203 902 mus
2231 857 2280 903 et
2307 848 2468 902 sobrii
2496 849 2659 901 simus
2694 864 2707 899 :
2742 845 2833 915 qui
2876 844 3011 897 enim
3053 840 3337 901 dormiunt,
3369 846 3517 891 nocte
3542 836 3669 888 dor-

2088 940 2307 995 miunt:
2352 947 2401 993 et
2428 939 2524 1009 qui
2572 937 2702 992 ebrii
2732 944 2879 998 sunt,
2909 942 3062 988 nocte
3100 931 3233 985 ebrii
3273 937 3396 984 sunt
3426 929 3493 981 ⁸⁸.
3529 927 3672 996 ignis

2087 1031 2321 1089 suﬁiciat
2344 1026 2870 1086 subministrationis
2902 1023 3148 1095 spiritus,
3182 1023 3237 1076 in
3275 1037 3384 1092 quo
3426 1018 3671 1074 ordinari

2089 1132 2302 1195 oportet
2349 1119 2745 1191 intelligibilem
2782 1115 3040 1181 hostiam,
3077 1121 3132 1168 et
3159 1112 3373 1181 adipem
3418 1108 3675 1180 paciﬁco-

2090 1230 2233 1281 rum,
2252 1227 2415 1283 quem
2434 1209 2576 1266 LXX
2596 1208 2837 1264 salutare
2853 1204 3161 1261 ediderunt.
3181 1201 3316 1268 Quia
3338 1215 3436 1271 per
3455 1199 3672 1270 adipem

2092 1305 2424 1363 desiderium
2458 1299 2752 1373 signiﬁcari
2783 1297 2838 1352 in
2861 1295 3231 1369 paciﬁcorum,
3257 1307 3352 1346 seu
3376 1291 3431 1345 iu
3451 1288 3676 1345 salutari

2092 1398 2361 1454 sacriﬁcio
2394 1395 2650 1455 diximus,
2681 1400 2742 1447 ut
2770 1388 3102 1446 desiderium
3141 1384 3456 1440 salvationis
3485 1382 3681 1436 oﬁ'erat

2094 1504 2191 1544 seu
2218 1488 2504 1547 devoveat.
2556 1483 2649 1553 qui
2689 1480 2903 1553 spiritui
2957 1487 3108 1533 totus
3153 1475 3330 1531 iactus
3386 1472 3680 1544 Spiritalis.

2093 1579 2232 1637 nihil
2269 1576 2550 1633 materiale
2585 1574 2814 1638 habens,
2845 1570 2984 1626 nihil
3032 1569 3295 1624 miserum
3336 1579 3517 1635 neque
3569 1571 3684 1618 ter-

2097 1686 2314 1736 renum,
2338 1683 2402 1724 ac
2429 1666 2574 1739 quod
2609 1680 2711 1721 nos
2739 1664 3017 1735 legislator
3041 1675 3247 1717 vocans
3294 1680 3306 1715 :
3353 1657 3525 1730 Ignis,
3578 1656 3682 1720 ait,

2096 1771 2183 1818 est
2210 1763 2306 1816 iste
2329 1768 2629 1831 perpetuus,
2661 1757 2750 1828 qui
2777 1771 3043 1827 nunquam
3075 1752 3274 1823 deﬁciet
3313 1751 3376 1805 de
3408 1748 3595 1804 altari.
3615 1776 3689 1790 —

412 1872 669 1931 dentibus
703 1841 949 1928 contenti
980 1866 1168 1930 simus,
1197 1863 1290 1920 sed
1326 1872 1380 1917 et
1432 1860 1569 1915 alias
1613 1859 1992 1930 adjungamus,
2024 1859 2069 1916 Β
2097 1850 2329 1922 Spiritus
2351 1850 2500 1906 enim
2555 1858 2632 1904 est
2659 1848 2819 1914 Deus,
2846 1856 2895 1901 et
2913 1847 3002 1918 qui
3032 1845 3261 1899 adorant
3287 1859 3435 1931 eum,
3459 1842 3516 1894 in
3546 1841 3680 1931 iapi-

413 1962 871 2038 quemadmodum
921 1959 968 2014 is
993 1956 1084 2029 qui
1109 1955 1280 2011 currit
1313 1953 1628 2023 relinquens
1659 1959 1990 2013 transcursa,

415 2036 484 2112 ad
519 2055 728 2125 reliqua
752 2047 1017 2108 currenda
1053 2043 1372 2121 contendit:
1406 2040 1535 2112 quia
1560 2038 1813 2095 videlicet
1840 2036 1997 2091 aliter

416 2124 753 2203 atlhravium
791 2155 902 2196 non
962 2137 1163 2209 poterit
1215 2132 1522 2207 pervenire.
1577 2128 1809 2201 Propter
1851 2124 1998 2197 quod

418 2252 543 2294 cum
589 2231 791 2289 auferri
833 2230 902 2285 de
956 2227 1112 2282 altari
1162 2223 1517 2297 praecepisset
1557 2226 2001 2276 consummatum

417 2332 543 2402 igne
564 2326 967 2388 holocaustum,
997 2319 1125 2393 poni
1153 2318 1284 2373 illud
1301 2302 1457 2388 juxta
1505 2314 1677 2369 altare
1696 2309 1997 2402 praecepit:

419 2400 542 2477 esse
594 2429 778 2474 autem
812 2413 1090 2472 Christum
1141 2406 1595 2467 holocautomatis
1644 2405 1815 2461 altare
1858 2400 2001 2458 dixi-

417 2529 558 2569 mus.
590 2509 914 2566 Aulcramus
948 2517 1078 2575 ergo
1102 2502 1152 2557 ei
1196 2500 1326 2556 olim
1374 2512 1542 2570 opere
1594 2502 2006 2553 consummatas

418 2607 672 2670 virtutes,
703 2599 925 2673 quando
970 2596 1235 2652 habemus
1267 2603 1511 2662 tempora
1561 2589 1665 2645 has
1719 2585 2004 2659 operandi,

420 2696 577 2769 quasi
606 2710 716 2751 non
750 2691 910 2748 nobis
933 2689 1166 2760 imputet
1188 2684 1562 2757 praecedentes
1587 2679 2005 2752 negligentibus,

421 2789 466 2844 si
495 2802 608 2842 non
638 2799 802 2855 super
829 2795 924 2838 eas
960 2778 1095 2835 alias
1114 2774 1533 2832 constituamus.
1574 2771 1778 2826 Probat
1826 2777 2009 2824 autem

423 2881 545 2936 hzec
569 2874 823 2933 Ezechiel
845 2887 971 2928 cum
1007 2869 1182 2927 dicit:
1216 2867 1277 2924 Si
1317 2868 1502 2922 dixero
1536 2865 1683 2936 justo
1725 2862 1864 2934 quod
1901 2862 2009 2916 vita

423 2971 585 3036 vivat,
607 2976 654 3023 et
672 2965 892 3036 conﬁsus
909 2963 963 3017 in
976 2961 1193 3033 justitia
1216 2975 1313 3014 sua
1327 2957 1504 3031 fecerit
1525 2955 1881 3028 iniquitatem,
1897 2969 2012 3007 om-

426 3056 877 3133 nes'justititeejus
891 3054 1137 3110 oblivioni
1158 3053 1458 3116 tradentur,
1472 3059 1519 3106 et
1541 3051 1595 3105 in
1616 3049 1899 3120 iniquitate
1915 3063 2010 3103 sua

426 3168 586 3225 quam
606 3159 854 3221 operatus
877 3155 971 3214 est,
998 3146 1054 3200 in
1075 3145 1466 3216 ipsa‘morietur
1487 3142 1556 3199 ’⁸.
1576 3142 1814 3213 Imputat
1830 3148 2011 3196 autem

2100 1940 2207 1993 ritu
2242 1947 2292 1993 et
2316 1939 2533 1992 veritate
2551 1945 2748 2007 oportet
2790 1936 3019 1991 adorare
3040 1934 3128 1987 '9‘.
3155 1932 3309 1989 Unde
3338 1941 3392 1987 et
3427 1929 3687 2002 intelligi—

2100 2030 2211 2086 hile
2236 2030 2429 2095 altare,
2451 2029 2598 2101 quod
2623 2037 2706 2084 est
2721 2027 2926 2083 Christi
2942 2040 3163 2098 corpus,
3184 2021 3692 2095 inexstinguibilem

2103 2123 2268 2180 habet
2298 2122 2477 2194 ignem
2506 2120 3025 2178 subministrationis
3054 2118 3297 2189 spiritus.

2175 2212 2342 2269 Vsus.
2370 2213 2556 2269 14-48.
2595 2232 2615 2265 ‹
2650 2212 2776 2267 Hmc
2804 2219 2885 2267 est
2925 2212 3013 2266 lex
3036 2209 3286 2266 sacriﬁcii
3312 2206 3369 2265 et
3416 2207 3696 2262 libamen—

2106 2311 2454 2372 torum,qua:
2484 2299 2720 2357 oﬂerent
2742 2300 2843 2355 ﬁlii
2866 2300 3048 2355 Aaron
3097 2314 3281 2354 coram
3338 2296 3595 2364 Domino,
3638 2304 3701 2352 et

2109 2410 2292 2452 coram
2322 2394 2498 2451 altari.
2534 2392 2714 2449 Tenet
2738 2391 2994 2449 sacerdos
3037 2389 3297 2461 pugillum
3329 2388 3542 2455 similae,
3571 2403 3701 2458 qua:

2109 2501 2407 2556 conspersa
2426 2496 2510 2542 est
2536 2485 2680 2551 oleo,
2699 2493 2753 2540 et
2784 2492 2957 2539 totum
2985 2484 3114 2538 thus
3131 2483 3279 2554 quod
3336 2498 3505 2553 super
3531 2482 3693 2537 simi—

2104 2579 2219 2634 lam
2240 2578 2478 2648 positum
2499 2586 2603 2644 est,
2635 2576 2984 2647 adolcbitque
3036 2575 3167 2631 illud
3198 2576 3251 2629 in
3273 2575 3429 2629 altari
3454 2576 3507 2629 in
3525 2575 3703 2630 moni-

2111 2679 2360 2725 mentum
2386 2668 2572 2723 odoris
2608 2667 2916 2722 suavissimi
2954 2662 3188 2721 Domino
3225 2684 3239 2721 :
3282 2665 3547 2736 reliquam
3599 2650 3701 2720 au;

2115 2770 2227 2816 tem
2260 2768 2471 2831 partem
2507 2758 2697 2815 similae
2725 2758 2977 2814 comedet
3025 2759 3203 2812 Aaron
3236 2773 3361 2813 cum
3412 2756 3540 2812 ﬁliis
3583 2757 3702 2813 suis

2114 2851 2322 2922 absque
2351 2850 2642 2914 fermento,
2677 2858 2734 2904 et
2759 2848 3008 2905 comedet
3059 2848 3114 2902 in
3150 2848 3269 2902 loco
3298 2848 3594 2902 sanctuarii
3620 2857 3702 2902 ta-

2114 2943 2416 3000 bernaculi.
2449 2942 2576 2998 Ideo
2611 2948 2792 2995 autem
2815 2954 2924 2994 non
2954 2938 3396 3004 fermentahitur,
3428 2938 3553 3011 quia
3573 2953 3702 3009 pars

2117 3039 2240 3111 ejus
2267 3038 2321 3092 in
2346 3036 2580 3093 Domino
2601 3035 2830 3090 offertur
2860 3033 3168 3089 incensum.
3196 3031 3459 3088 Sanctum
3489 3042 3704 3088 sancto.

2118 3146 2240 3187 rum
2264 3129 2387 3196 erit,
2412 3129 2553 3185 sicut
2580 3143 2681 3199 pro
2700 3135 2924 3199 peccato
2942 3135 3106 3196 atque
3135 3125 3355 3180 delicto.
3385 3124 3561 3179 Mares
3578 3131 3703 3179 tan-

425 3211 470 3299 si
511 3211 787 3317 praeterita
822 3211 1026 3296 futuris
1059 3211 1354 3312 augeamus
1391 3247 1556 3308 atque
1580 3211 1969 3291 conﬁrmemus
1999 3250 2012 3287 :
2043 3211 2085 3271 ο
2119 3231 2236 3278 tum
2266 3221 2456 3293 Stirpis
2505 3223 2687 3275 Aaron
2744 3218 3037 3275 COmedeﬂt
3076 3217 3231 3284 illud.
3278 3217 3584 3289 legitimum
3637 3232 3702 3273 ac

427 3337 574 3395 unde
596 3336 753 3409 juxta
799 3332 969 3388 altare
998 3331 1155 3403 jubet
1187 3331 1570 3387 holocaustum
1622 3329 1775 3400 poni,
1834 3336 2018 3384 servat

428 3429 572 3485 enim
606 3427 770 3483 nobis
799 3424 1255 3508 Christus‘justus
1280 3422 1467 3494 judex,
1510 3435 1850 3492 quaecunque
1874 3420 2017 3476 bona

430 3520 724 3594 egerimus,
758 3517 805 3573 si
827 3532 939 3572 non
970 3517 1090 3572 haec
1120 3531 1218 3587 per
1244 3514 1461 3586 iniquas
1505 3514 1753 3570 actiones
1802 3528 2016 3585 praeva-

428 3609 582 3666 ricati
610 3605 1166 3678 fuerimus.’Propter
1219 3605 1327 3661 hoc
1370 3605 1533 3661 etiam
1580 3605 1801 3677 spoliari
1850 3605 2018 3661 vesti-

429 3700 653 3768 mentis,
686 3698 930 3755 et’indui
958 3698 1098 3764 aliis,
1125 3706 1180 3753 et
1208 3696 1393 3754 eﬁ‘erri
1416 3696 1630 3753 eineres
1655 3704 1806 3753 extra
1838 3704 2017 3752 castra

430 3793 485 3851 in
518 3792 640 3849 loco
665 3790 1029 3848 mundissimo
1053 3790 1237 3862 jussit,
1275 3805 1385 3847 non
1422 3789 1649 3847 alterius
1676 3788 1892 3863 generis
1916 3802 2019 3844 nos

432 3885 796 3952 vestimentis,
840 3892 996 3941 extra
1051 3899 1115 3939 ea
1161 3899 1284 3954 quae
1328 3883 1483 3956 prius
1549 3882 1705 3950 dixit,
1757 3882 2015 3938 induens.

430 3977 619 4051 Neque
649 3976 797 4034 enim
833 3991 935 4048 pro
954 3975 1099 4031 linea
1128 3985 1279 4031 veste
1335 3974 1490 4030 indui
1520 3974 1694 4030 ‘ianea
1718 3989 1831 4028 nos
1878 3988 2019 4044 pra:-

431 4072 597 4143 ccpit,
625 4072 720 4128 sed
754 4070 859 4126 hoc
879 4069 1024 4126 idem
1071 4069 1240 4125 multa
1293 4067 1598 4141 signiﬁcat;
1639 4067 1697 4123 id
1748 4075 1832 4122 est
1874 4065 2018 4136 quod

430 4178 554 4234 quae
580 4161 733 4233 prius
762 4168 881 4216 acta
911 4169 1074 4231 atque
1089 4169 1339 4231 correpta
1361 4169 1631 4225 sunt,non
1657 4157 2018 4229 imputentur,

431 4258 653 4332 quando
682 4266 899 4329 tempus
928 4266 1014 4314 est
1040 4257 1145 4312 alia
1163 4255 1482 4329 peragendi.
1510 4253 1577 4308 Et
1605 4263 1894 4325 pr0pterea
1919 4253 2017 4309 de-

429 4356 704 4423 ponentes
766 4348 1156 4404 vestimentum
1214 4347 1386 4418 prius,
1425 4344 1572 4402 aliud
1619 4345 1727 4400 tale
1769 4344 1889 4402 vult
1936 4344 2020 4399 in-

428 4441 551 4498 dui.
574 4440 746 4498 Extra
802 4454 980 4499 castra
1027 4451 1208 4498 autem
1275 4441 1330 4496 in
1378 4440 1558 4496 locum
1599 4437 2019 4495 mundissimum

2117 3315 2518 3386 sempiternum
2538 3313 2594 3368 in
2640 3311 3084 3384 generationibus
3135 3311 3333 3366 vestris
3377 3310 3445 3365 de
3491 3310 3700 3365 sacriﬁ-

2115 3407 2216 3463 ciis
2254 3404 2493 3462 Domini.
2526 3403 2718 3460 Omnis
2774 3402 2866 3475 qui
2918 3402 3157 3474 tetigerit
3201 3403 3292 3459 illa
3335 3403 3700 3461 sanctiﬁcabi-

2118 3510 2227 3558 tur.
2260 3518 2279 3554 ι

2188 3611 2540 3668 Meminimus
2585 3609 2810 3667 beatum
2839 3607 3068 3664 Paulum
3099 3607 3336 3665 dixisse:
3389 3608 3592 3665 Eadem
3615 3610 3699 3664 di-

2118 3720 2232 3761 cere
2266 3703 2396 3759 mihi
2420 3718 2521 3758 non
2540 3703 2773 3774 pigrum,
2834 3701 2977 3757 vobis
3031 3710 3210 3755 autem
3258 3702 3611 3760 necessarium
3633 3700 3697 3756 ”.

2118 3794 2296 3862 Quam
2325 3793 2688 3849 intentionem
2713 3792 2769 3846 in
2798 3791 3056 3862 praesenti
3093 3789 3215 3845 loco
3248 3791 3451 3846 habere
3490 3790 3701 3863 legisla-

2121 3894 2206 3939 tor
2239 3883 2476 3948 videtur,
2517 3882 2789 3938 reiterans
2818 3897 2941 3952 qua:
2969 3881 3139 3954 semel
3167 3882 3442 3952 exposuit,
3475 3891 3534 3936 ut
3566 3881 3701 3937 mul—

2121 3975 2293 4048 tiplici
2320 3973 2653 4045 repetitione
2691 3972 2933 4028 mandati
2983 3972 3212 4044 legentis
3257 3972 3325 4027 ad
3383 3972 3697 4029 memoriam

2120 4068 2424 4116 revocaret.
2449 4058 2730 4125 Quatenus
2757 4067 2939 4113 autem
2984 4074 3084 4129 per
3135 4057 3517 4128 repetitionem
3571 4058 3701 4130 legis

2121 4151 2555 4207 necessariorem
2584 4150 2842 4206 redderet
2885 4150 3206 4216 lectionem,
3246 4151 3551 4225 interpqnit
3601 4151 3699 4205 ali-

2121 4243 2249 4315 quid
2280 4243 2534 4314 amplius,
2560 4243 2717 4314 cujus
2771 4242 2943 4312 gratia
2977 4242 3347 4297 necessarium
3378 4243 3485 4298 hoc
3545 4258 3697 4297 man—

2122 4337 2309 4391 datum
2341 4345 2397 4391 et
2422 4335 2793 4392 inexcusabile
2851 4335 3017 4390 nimis
3042 4335 3346 4390 exsisteret.
3372 4336 3525 4391 Sicut
3574 4352 3699 4408 ergo

2126 4430 2181 4486 in
2206 4429 2647 4501 praecedentibus
2674 4429 2742 4485 de
2783 4427 3118 4486 holocaustis
3170 4428 3434 4485 sacriﬁcia
3465 4430 3702 4498 iteravit,

432 4535 639 4600 eﬁ‘erri,
665 4536 720 4592 id
776 4546 862 4592 est
905 4536 1249 4606 praemittere
1298 4533 1366 4588 ad
1414 4531 1658 4587 futurum
1706 4530 2012 4602 judicium;
2053 4555 2094 4611 ι)
2125 4524 2466 4596 permiscens
2495 4523 3191 4595 eisassiduitatem,ipsius
3214 4533 3296 4579 est
3316 4525 3464 4580 enim
3485 4534 3546 4580 ut
3566 4525 3702 4598 ignis

434 4627 568 4683 illud
599 4628 747 4684 enim
785 4637 936 4683 extra
962 4636 1140 4684 castra
1166 4636 1252 4684 est
1272 4625 1564 4698 prtesentis
1582 4623 1788 4689 steculi,
1819 4631 1875 4679 et
1938 4622 2020 4678 lo-

433 4734 532 4775 cus
560 4728 646 4775 est
707 4719 965 4785 mundus,
999 4717 1126 4788 quia
1167 4718 1238 4771 ab
1268 4716 1418 4770 omni
1465 4715 1820 4785 corruptione
1857 4729 2019 4769 mun-

433 4811 564 4866 dum
590 4819 676 4866 est
710 4810 877 4866 futuri
907 4809 1087 4865 saeculi
1116 4807 1407 4878 judicium.
1441 4806 1547 4863 Sed
1578 4806 1708 4879 quid
1754 4814 1837 4862 est
1873 4805 2020 4877 quod

435 4902 682 4958 addidit?

507 4993 651 5065 Ignis
678 5002 856 5047 autem
886 4993 942 5046 in
965 4990 1129 5046 altari
1158 5007 1360 5062 semper
1385 4992 1608 5056 ardebit,
1644 5008 1795 5064 quem
1824 4990 2020 5045 nutriet

435 5087 681 5144 sacerdos
740 5077 1019 5155 subiiciens
1080 5084 1225 5156 ligna
1277 5101 1431 5138 mane
1479 5101 1573 5152 per
1610 5083 1845 5154 singulos
1891 5083 2022 5138 dies.

436 5174 910 5245 Quemadmodum
941 5189 1070 5246 ergo
1094 5173 1323 5229 materia
1354 5173 1494 5246 ignis
1521 5182 1649 5228 sunt
1675 5173 1839 5244 ligna,
1862 5188 2024 5227 mane

437 5278 619 5324 autem
649 5282 712 5322 ea
752 5266 909 5337 jubet
939 5266 1196 5337 componi
1232 5282 1247 5320 :
1285 5265 1366 5320 sic
1417 5265 1580 5321 nobis
1624 5274 1754 5321 sunt
1793 5265 2022 5321 materia

437 5357 966 5417 subministrationis
994 5357 1222 5430 spiritus
1264 5357 1465 5412 divina:
1513 5357 1650 5428 legis
1686 5357 2018 5424 testimonia,

435 5465 492 5511 et
521 5468 806 5510 sacrorum
847 5451 1191 5522 eloquiorum
1228 5448 1535 5516 meditatio,
1578 5464 1700 5518 quae
1726 5448 1870 5521 ligna
1897 5463 2019 5504 esse

437 5562 602 5621 supra
635 5545 890 5603 diximus.
923 5545 1066 5617 Ergo
1099 5543 1219 5603 huic
1253 5557 1414 5598 mane
1447 5541 1503 5597 in
1543 5541 1750 5597 lumine
1795 5557 2021 5612 compo-

438 5654 568 5695 nere
581 5639 861 5705 debemus,
879 5637 931 5694 id
946 5637 1094 5694 estin
1115 5633 1783 5708 vigilantia,etsohrietate
1803 5634 2020 5689 animie.

543 5833 589 5866 "
612 5831 808 5888 Ezech.
832 5850 1024 5900 χχχιιι,
1059 5832 1144 5889 l5.
1222 5834 1267 5866 ’θ
1295 5831 1313 5886 1
1362 5831 1559 5887 Thess.
1581 5849 1635 5897 v,
1664 5830 1718 5897 6,
1764 5831 1819 5885 7.

1909 5832 1974 5864 "‘
2014 5830 2171 5886 Joan.
2207 5847 2279 5897 tv,
2315 5830 2405 5885 24.

2123 4617 2218 4689 qui
2260 4617 2315 4672 in
2346 4617 2503 4672 altari
2528 4625 2632 4683 est,
2669 4631 2887 4688 semper
2931 4618 3123 4673 ardeat
3153 4634 3546 4690 nunquamque
3571 4618 3705 4675 deﬁ-

2123 4709 2264 4764 ciat:
2289 4709 2369 4765 sic
2396 4718 2452 4764 et
2481 4724 2632 4766 nunc
2652 4723 2778 4764 cum
2817 4709 3146 4766 sacriﬁcium
3168 4711 3362 4768 similae
3390 4712 3709 4768 deduxisset

2125 4803 2194 4859 ad
2224 4803 2491 4869 medium,
2524 4791 2800 4875 perquam
2831 4803 3124 4877 signiﬁcari
3156 4804 3485 4875 theologiam
3520 4806 3574 4860 in
3610 4806 3709 4860 hu-

2120 4897 2213 4968 jus
2273 4895 2400 4952 libri
2456 4897 2685 4952 exordio
2729 4896 3250 4965 demonstravimus,
3304 4899 3538 4963 addidit,
3584 4899 3709 4970 quia

2127 4995 2345 5057 oportet
2370 5003 2490 5044 eam
2508 4988 2562 5042 in
2590 4989 2712 5045 loco
2739 4998 2949 5046 tantum
2994 5000 3201 5056 saneto,
3238 5006 3267 5045 a
3295 4992 3574 5059 masculis,
3599 5008 3710 5048 non

2126 5092 2313 5135 autem
2346 5079 2568 5151 ubique,
2609 5090 2705 5137 aut
2736 5081 2899 5137 etiam
2928 5082 2997 5138 ab
3037 5083 3296 5138 omnibus
3343 5085 3598 5140 comedi:
3644 5085 3710 5141 de

2126 5187 2232 5243 qua
2271 5171 2396 5228 vide
2422 5173 2604 5243 qualia
2630 5173 2795 5229 etiam
2850 5189 2998 5230 nunc
3026 5174 3306 5245 praecepit.
3342 5174 3469 5229 Htec
3504 5185 3579 5230 est
3631 5176 3714 5231 lea:

2124 5266 2380 5337 sacriﬁcii
2432 5275 2480 5321 et
2516 5265 2922 5322 libamentorum
2970 5283 3088 5337 qua:
3128 5268 3342 5337 offerent
3386 5267 3490 5336 ﬁlii
3535 5269 3712 5323 Aaron

2127 5374 2311 5413 coram
2337 5357 2584 5423 Domino,
2611 5370 2659 5413 et
2683 5374 2860 5412 coram
2916 5358 3102 5414 altari.
3153 5359 3265 5414 lloc
3310 5373 3441 5431 ergo
3486 5360 3555 5416 de
3607 5376 3716 5430 quo

2126 5465 2276 5506 nunc
2303 5466 2486 5506 sermo
2515 5463 2621 5516 est,
2648 5450 2741 5505 ﬁlii
2781 5451 2984 5517 Aaron,
3009 5452 3062 5507 id
3096 5461 3182 5507 est
3234 5453 3497 5509 sublimes
3525 5453 3578 5508 in
3630 5468 3717 5509 sa-

2129 5542 2335 5613 pientia
2364 5542 2633 5608 homines,
2668 5543 2768 5598 soli
2797 5542 3000 5600 offerre
3029 5544 3228 5600 debent
3256 5560 3439 5601 coram
3460 5545 3713 5612 Domino,

2132 5634 2185 5691 id
2220 5643 2305 5691 est
2325 5635 2625 5691 secundum
2647 5637 2793 5707 quod
2829 5635 2922 5692 Dei
2972 5638 3226 5693 voluntas
3242 5646 3348 5705 est,
3388 5653 3499 5695 non
3520 5652 3716 5709 supcr-

2502 5831 2544 5862 ³ο
2574 5830 2806 5902 Philipp.
2842 5849 2921 5900 tn,
2953 5833 3003 5888 l.
