3942 6404
382 363 495 427 8&3

1530 360 1615 424 IN
1655 331 2098 425 lEVlTICUM.
2137 388 2203 398 —
2254 364 2401 424 LIB.
2444 362 2527 422 11.

3552 357 3656 419 8Ξο

384 479 496 532 llua
525 476 579 531 in
612 476 801 533 divino
830 476 1048 547 eloquio
1082 475 1448 547 disputantes,
1479 476 1577 531 sed
1626 489 1973 546 quascunque
2001 479 2046 536 Α
2075 476 2292 546 Oportet
2320 471 2636 530 omnimodo
2655 473 2724 529 de
2757 471 3044 529 divinitate
3085 469 3254 542 loqui,
3278 470 3395 528 sive
3443 470 3657 526 theolo-

386 572 548 628 nobis
569 570 820 628 Christus
839 572 1124 637 revelavit,
1148 573 1254 630 hoc
1276 572 1424 627 enim
1454 572 1701 643 intelligo
1729 571 1876 643 quod
1900 570 1976 628 ait

387 678 571 717 coram
589 660 788 728 altari;
809 662 937 733 quia
971 662 1145 716 altare
1173 676 1295 716 esse
1343 661 1741 716 humanitatem
1774 659 1977 733 Unige-

388 755 491 809 niti
544 753 982 822 demonstratum
1036 762 1162 808 est:
1216 768 1347 824 ergo
1400 753 1457 808 in
1509 753 1596 809 his
1647 753 1975 825 theologiam

389 847 807 912 constituamus,
832 845 888 899 in
918 860 1040 915 quae
1099 845 1260 900 nobis
1289 845 1605 901 incarnatus
1629 846 1977 900 tradiditDo-

389 932 595 997 minus,
622 939 680 986 ut
708 933 922 987 Patrem
945 933 998 986 in
1024 948 1110 997 eo,
1146 940 1203 988 et
1255 934 1434 1004 ipsum
1475 936 1531 989 in
1562 934 1729 989 Patre
1771 935 1980 1005 cogite-

389 1039 538 1084 mus.
565 1033 623 1078 et
651 1024 719 1079 de
749 1032 942 1079 sancto
962 1023 1174 1094 Spiritu
1223 1025 1486 1091 sciamus,
1540 1027 1664 1097 quia
1716 1034 1769 1081 et
1809 1026 1981 1095 ipsius

391 1126 477 1171 est
505 1115 647 1182 Filii,
681 1124 736 1171 et
761 1131 792 1170 a
817 1118 979 1171 Patre
1002 1117 1271 1187 procedit.
1312 1115 1438 1173 llaec
1465 1119 1612 1173 enim
1636 1118 1794 1174 nobis
1832 1117 1982 1174 sulIi-

391 1208 548 1261 ciunt
597 1208 666 1262 ad
713 1208 1042 1279 theologiam
1077 1224 1200 1279 qum
1243 1210 1396 1280 juvat
1432 1219 1490 1265 et
1539 1211 1730 1266 salvat.
1775 1210 1982 1265 Altiora

393 1310 574 1354 autem
605 1301 874 1370 quiSpiam
910 1316 1164 1371 quaerens
1214 1302 1299 1357 vel
1337 1302 1714 1373 profundiora,
1767 1302 1984 1358 excidet

394 1392 464 1445 ab
493 1392 801 1446 intentione
823 1392 1089 1461 veritatis,
1115 1402 1175 1447 et
1198 1402 1410 1463 peccat.
1433 1393 1593 1450 Unde
1618 1394 1783 1450 etiam
1834 1408 1985 1450 nunc

397 1480 674 1550 legislator
721 1482 986 1537 subdidit.

470 1570 634 1625 Tollet
659 1573 903 1627 sacerdos
940 1573 1200 1643 pugillum
1240 1575 1433 1631 simila:
1454 1592 1574 1648 qua:
1612 1580 1890 1647 conspersa
1910 1586 1985 1632 est

399 1664 512 1718 oleo
544 1674 592 1718 et
614 1673 782 1719 totum
812 1666 930 1720 thus
967 1669 1108 1737 quod
1142 1683 1302 1736 super
1332 1669 1566 1724 similam
1596 1671 1825 1740 positum
1884 1678 1984 1737 est,

399 1756 737 1827 adolebitque
790 1757 924 1812 illud
968 1758 1023 1812 in
1066 1759 1230 1814 altari
1286 1762 1341 1814 in
1388 1763 1770 1816 monimentum
1813 1762 1987 1817 odoris

398 1842 700 1901 suavissimi
760 1847 1004 1903 Domino.
1049 1848 1183 1904 Cum
1235 1851 1579 1923 eleemosyna
1598 1858 1657 1906 et
1709 1852 1979 1917 oratione,

401 1938 486 1994 hcc
513 1940 658 1993 enim
691 1938 995 2011 ﬁgurantur
1031 1956 1132 2012 per
1156 1942 1337 1999 oleum
1360 1951 1417 1999 et
1447 1943 1598 2008 thus,
1631 1940 1831 2011 quibus
1879 1956 1981 1996 ne-

399 2034 639 2089 cessarie
667 2035 940 2106 theologia
982 2035 1345 2107 conquiritur,
1394 2036 1679 2106 utriusque
1713 2035 1983 2107 siquidem

401 2122 759 2192 adiutorium,
801 2132 863 2179 ut
892 2140 1003 2180 non
1029 2124 1282 2181 excidant
1320 2140 1353 2180 a
1387 2126 1625 2180 veritate
1641 2126 1743 2196 qui:
1776 2126 1844 2181 de
1876 2125 1984 2181 Deo

402 2215 723 2286 loquuntur,
768 2218 1144 2272 necessarium
1200 2217 1426 2272 habent.
1477 2216 1652 2286 Hujus
1702 2217 1758 2271 in
1804 2216 1986 2271 moni-

402 2317 649 2362 mentum
689 2297 1045 2381 intelligibilis
1098 2309 1356 2365 sacerdos
1413 2308 1666 2365 Christus
1723 2309 1986 2380 pugillum

404 2398 562 2465 tollit,
577 2399 705 2469 quia
720 2414 931 2455 summa
947 2399 1196 2455 scientia:
1205 2399 1349 2470 apud
1367 2414 1492 2453 eum
1515 2408 1820 2469 permanet,
1839 2398 1988 2469 quod

404 2488 460 2543 in
487 2491 888 2569 monimentum
910 2491 1133 2561 quidem
1156 2500 1261 2554 est,
1287 2489 1415 2560 quia
1440 2491 1498 2544 in
1524 2499 1851 2562 perpetuum
1883 2490 1990 2546 erit

402 2595 756 2651 permansura
775 2582 1059 2637 memoria.
1078 2581 1264 2651 Neque
1281 2581 1426 2637 enim
1445 2582 1905 2651 quemadmodum
1925 2596 1989 2637 ea

402 2688 527 2742 qum
552 2688 699 2727 nunc
728 2682 812 2727 est
838 2682 1024 2727 nostra
1051 2673 1281 2729 scientia
1326 2683 1590 2742 provectu
1644 2674 1947 2730 destruitur
1972 2691 1988 2732 :

404 2764 536 2833 quia
586 2766 801 2835 quando
852 2766 1049 2820 venerit
1086 2766 1224 2837 quod
1274 2767 1563 2837 perfectum
1595 2776 1690 2831 est,
1728 2767 1873 2823 sicut
1913 2767 1993 2824 ait

406 2856 627 2921 Paulus,
661 2858 951 2912 destruitur
972 2859 1112 2930 quod
1141 2875 1205 2913 ex
1233 2869 1386 2928 parte
1408 2860 1567 2914 est”.
1593 2858 1686 2915 Sic
1714 2860 1823 2915 erit
1852 2870 1909 2916 et
1928 2875 1992 2916 ea

406 2967 531 3021 quae
560 2952 704 3021 apud
722 2951 1002 3007 Christum
1048 2961 1155 3019 est,
1212 2967 1376 3023 quam
1434 2954 1593 3008 nobis
1645 2953 1701 3007 in
1748 2952 1994 3009 futurum

409 3044 691 3109 sa-culum,
717 3052 778 3099 ut
800 3044 1217 3114 perfectioribus
1271 3053 1402 3101 tunc
1456 3044 1776 3109 efficiendis,
1818 3061 1995 3100 reser-

2020 1816 2074 1870 Β

2075 564 2215 638 giam
2243 579 2498 621 exercere
2538 580 2553 618 :
2603 563 2670 620 In
2728 561 2978 619 Ecclesiis
3023 561 3193 629 enim,
3235 561 3333 628 ait,
3374 560 3660 616 benedicite

2077 656 2446 713 Dominum".
2480 656 2538 711 Si
2560 656 2682 728 quis
2712 665 2896 712 autem
2932 655 3171 711 indomo
3205 654 3505 712 Ecclesiam
3562 653 3661 709 ha-

2076 753 2169 808 bet
2201 752 2298 822 (ait
2322 753 2524 823 quippe
2550 751 2750 807 Paulus
2784 768 2799 805 :
2832 748 3079 806 Salutate
3107 748 3432 819 Nympham,
3474 754 3523 803 et
3575 748 3662 800 do-

2078 846 2354 900 mesticam
2373 844 2488 915 ejus
2514 843 2807 898 Ecclesium
2839 841 2885 875 ³³
2922 858 2935 895 :
2966 841 3136 897 habet
3180 848 3365 896 autem
3404 837 3527 908 quis
3561 837 3661 893 do—

2080 938 2361 994 mesticam
2382 936 2704 1003 Ecclesiam,
2738 934 2958 1006 quando
2978 933 3331 1004 semetipsum
3358 929 3665 988 sanctiﬁca-

2079 1030 2221 1086 verit
2254 1028 2364 1084 Deo
2381 1037 2433 1084 et
2474 1043 2505 1083 a
2544 1027 2898 1083 saecularibus
2932 1023 3232 1083 cessaverit
3258 1022 3534 1095 negotiiS),
3576 1022 3665 1076 hic

2082 1124 2255 1180 etiam
2287 1121 2437 1178 domi
2462 1122 2529 1199 de
2569 1121 2681 1176 Deo
2705 1121 2876 1191 loqui,
2904 1120 3019 1176 sive
3040 1116 3368 1191 theologiam
3407 1129 3664 1171 exercere

2081 1222 2283 1287 potest.
2320 1212 2481 1269 Tales
2514 1220 2665 1277 sunt,
2695 1211 2894 1282 quibus
2953 1226 3082 1282 pars
3114 1211 3181 1266 de
3232 1206 3517 1264 sacriﬁciis
3554 1204 3663 1259 Do.-

2084 1306 2241 1373 tni‘ni,
2272 1305 2326 1361 id
2355 1312 2442 1360 est
2476 1303 2622 1374 loqui
2649 1303 2718 1359 de
2758 1303 2889 1370 Deo,
2922 1303 3009 1359 vel
3072 1300 3365 1373 theologia,
3401 1298 3467 1354 de
3505 1296 3666 1354 donis

2085 1407 2141 1454 et
2168 1397 2539 1453 oblationibus
2571 1395 2756 1451 datur.
2792 1396 2867 1450 De
2910 1410 3020 1465 quo
3064 1393 3303 1449 subdidit
3338 1409 3352 1451 :
3410 1390 3664 1447 Sanctum

2084 1500 2387 1547 sanctorum
2408 1490 2530 1557 erit,
2563 1489 2689 1560 quia
2709 1486 2905 1543 Sancti
2925 1496 3227 1542 mactarunt
3265 1484 3665 1554 contemplatio-

2087 1598 2206 1636 nem
2233 1580 2518 1652 possident.
2545 1578 2801 1635 Suhdidit
2821 1587 3005 1633 autem
3039 1596 3054 1632 :

2159 1673 2307 1730 Sicut
2327 1689 2421 1743 pro
2449 1681 2659 1743 peccato
2688 1680 2848 1742 atque
2863 1670 3077 1725 delicto.
3111 1667 3300 1723 Simile
3333 1665 3463 1721 illud
3480 1664 3670 1721 volens

2088 1764 2385 1821 ostendere
2415 1779 2514 1835 pro
2531 1771 2779 1834 peccato,
2801 1771 2857 1817 et
2889 1761 3090 1817 delicto
3107 1758 3455 1815 sacriﬁcium.
3474 1756 3671 1812 Sermo

2087 1857 2235 1914 enim
2274 1856 2342 1912 de
2366 1855 2480 1912 Deo
2500 1854 2737 1910 maxime
2772 1852 2841 1909 ad
2871 1851 3211 1923 ereptionem
3240 1857 3296 1905 et
3319 1847 3671 1904 emundatio-

2085 1964 2214 2005 nem
2248 1947 2449 2003 anima:
2481 1947 2736 2012 habetur,
2791 1944 3011 2016 quando
3041 1944 3172 1999 oleo
3212 1950 3270 1998 et
3320 1940 3489 2006 thuri,
3522 1941 3670 1996 elec-

2084 2057 2327 2114 mosynze
2357 2039 2612 2097 videlicet
2638 2047 2693 2095 et
2713 2037 2971 2104 orationi,
2995 2033 3327 2092 sacriﬁcium
3363 2032 3511 2090 verbi
3549 2030 3666 2097 Dei,

2086 2133 2143 2190 id
2171 2140 2255 2190 est
2279 2130 2590 2204 theologica,
2628 2128 2998 2202 coniungitur,
3037 2126 3340 2184 secundum
3379 2124 3526 2196 quod
3566 2123 3673 2179 hoc

2087 2224 2366 2294 legislator
2403 2221 2588 2279 ollerri
2621 2221 2901 2293 praecepit,
2943 2234 3056 2275 non
3083 2218 3284 2273 frustra
3311 2215 3417 2271 hoc
3448 2215 3670 2286 jubens,

2089 2317 2185 2374 sed
2228 2315 2356 2388 quia
2387 2314 2749 2387 eleemosynis
2782 2322 2839 2369 et
2880 2312 2988 2369 ﬁde
3021 2310 3354 2367 mundantur
3392 2315 3612 2378 peccata
3655 2326 3667 2361 :

2087 2407 2546 2481 quemadmodum
2602 2405 2857 2462 Salomon
2925 2404 2983 2459 in
3043 2402 3353 2459 Proverbiis
3421 2398 3557 2454 dixit
3600 2397 3667 2452 ³³.

2162 2499 2354 2561 Mares,
2382 2495 2579 2565 inquit,
2606 2502 2813 2549 tantum
2835 2494 3014 2563 stirpis
3030 2493 3210 2546 Aaron
3233 2491 3499 2545 comedent
3515 2488 3671 2553 illud,

2090 2583 2403 2654 Legitimum
2422 2599 2485 2637 ac
2503 2584 2879 2653 sempiternum
2894 2590 2968 2637 est
2988 2583 3045 2637 in
3064 2578 3484 2652 generationibus
3493 2578 3675 2633 vestris

2091 2675 2156 2729 de
2180 2674 2457 2745 sacriﬁciis
2477 2674 2706 2730 Domini.
2735 2674 2856 2731 Non
2883 2690 3013 2747 ergo
3046 2674 3291 2730 omnium
3325 2681 3412 2728 est
3440 2672 3507 2727 de
3566 2671 3675 2724 Deo

2093 2765 2395 2834 disputare,
2452 2765 2547 2820 sed
2603 2763 2793 2819 talium
2843 2764 2935 2835 qui
2964 2763 3101 2819 nihil
3154 2761 3481 2825 femineum,
3535 2758 3676 2815 nihil

2093 2853 2300 2910 ﬂuxum
2325 2855 2381 2910 in
2409 2853 2829 2927 cogitationibus
2855 2854 3088 2920 habent;
3118 2852 3262 2924 quod
3293 2850 3597 2923 legitimum
3631 2857 3703 2905 et.

2095 2959 2360 3003 mter-num
2390 2946 2448 3001 in
2478 2946 2925 3018 generationibus
2967 2943 3251 3009 eorum,id
3282 2953 3367 3000 est
3397 2943 3451 2998 in
3478 2956 3693 3014 perper.

2098 3047 2252 3094 tuum
2282 3037 2548 3094 custodiri
2587 3037 2866 3109 praecepit,
2892 3046 2952 3092 ut
3000 3036 3056 3092 in
3085 3035 3236 3092 omni
3287 3044 3536 3105 tempore
3594 3031 3681 3089 in.-

408 3133 580 3189 vavit.
602 3134 694 3188 Illa
713 3137 880 3202 enim,
910 3144 1102 3206 utpote
1126 3143 1505 3191 consummata
1522 3178 1537 3203 ,
1577 3137 1696 3192 sine
1717 3136 1995 3194 oblivione
2022 3150 2065 3208 α
2099 3130 2406 3195 tendamus,
2436 3131 2749 3187 nullatenus
2776 3131 2844 3187 de
2883 3129 2993 3186 Deo
3019 3130 3301 3200 disputare
3329 3139 3681 3198 praesumere.

408 3240 632 3297 semper
661 3228 717 3282 in
755 3230 1073 3284 memoriam
1112 3236 1317 3283 manet.
1374 3228 1528 3283 Sicut
1556 3238 1739 3284 autem
1761 3244 1884 3300 quae
1909 3238 1999 3286 to-‘

410 3317 525 3374 tius
547 3334 760 3373 summa
788 3329 872 3375 est
891 3319 1191 3390 sapientiae,
1225 3319 1431 3391 pugillo
1456 3320 1712 3383 sumitur,
1739 3321 1869 3391 quia
1900 3337 1998 3393 per

418 3412 632 3483 singula
657 3412 835 3482 capita
857 3414 1122 3484 pugillum
1160 3429 1258 3484 per
1287 3414 1505 3483 Moysen
1558 3414 1613 3469 in
1656 3414 1793 3470 libro
1820 3414 1997 3470 Exodi

419 3519 522 3574 pro
574 3504 699 3558 ﬁliis
749 3504 912 3560 Israel
950 3505 1115 3575 jussit
1157 3505 1302 3561 Deus
1356 3505 1539 3561 oll'erri
1572 3524 1587 3561 :
1624 3504 1806 3577 itaque
1847 3521 1999 3562 sum-

406 3611 559 3652 mam
577 3596 921 3667 cognitionis,
939 3607 995 3652 et
1010 3597 1264 3668 perfectae
1284 3597 1525 3653 scientiae
1541 3612 1662 3653 esse
1679 3599 1823 3668 apud
1840 3598 2000 3654 Chri-

408 3697 559 3742 stum
578 3687 1212 3758 lr-gislatorinnuit.Quid
1228 3698 1410 3744 autem
1430 3689 1515 3745 his
1535 3689 1733 3745 subdat
1750 3689 1995 3746 intende.

490 3778 767 3848 Reliquam
820 3790 1001 3835 autent
1057 3790 1263 3850 partem
1291 3781 1482 3836 similae
1533 3783 1766 3836 comedet
1818 3781 2000 3837 Aaron

409 3888 537 3926 cum
565 3870 691 3940 ﬁliis
707 3872 833 3925 suis.
876 3871 946 3928 Ut
972 3888 1083 3927 non
1141 3888 1208 3928 ex
1267 3879 1382 3928 toto
1419 3888 1450 3927 a
1493 3872 1763 3942 theologia
1811 3887 1999 3928 cesse-

410 3978 562 4027 mus,
592 3979 693 4033 pro
723 3979 789 4019 eo
816 3963 961 4034 quod
994 3956 1207 4019 su‘lnnm
1239 3964 1483 4020 scientiae
1505 3965 1558 4018 in
1591 3964 1837 4020 futurum
1862 3980 1997 4021 con-

410 4063 688 4121 servatur;
718 4071 840 4127 qua}
862 4067 1048 4112 autem
1067 4056 1227 4112 nobis
1251 4057 1321 4111 ab
1357 4071 1425 4112 eo
1454 4057 1645 4113 relicta
1672 4067 1774 4124 est,
1813 4057 1866 4113 id
1917 4067 2002 4114 est

410 4147 641 4211 tradita,
661 4147 802 4201 hanc
826 4148 1119 4203 comedere
1142 4162 1242 4203 nos
1267 4148 1427 4218 jubet
1447 4148 1755 4214 scientiam,
1781 4158 1836 4205 et
1868 4165 2003 4221 ope-

414 4239 547 4302 rari,
577 4238 646 4293 de
674 4255 780 4309 qua
810 4239 973 4293 nobis
1001 4246 1058 4294 et
1086 4249 1424 4310 praeceptum
1455 4248 1561 4304 est,
1587 4255 1818 4311 qumque
1840 4242 2002 4297 nobis

411 4330 694 4387 suﬁiciens
719 4340 824 4397 est,
854 4340 910 4387 et
928 4331 1082 4400 juxta
1106 4340 1324 4389 nostras
1347 4334 1513 4389 vires.
1541 4334 1649 4390 Sed
1676 4335 2000 4391 intuendum

414 4423 509 4476 ubi
549 4425 690 4479 hanc
723 4432 780 4479 et
809 4424 1086 4493 quomodo
1121 4430 1371 4494 oporteat
1410 4425 1649 4494 operari.
1688 4425 1950 4497 Sequitur
1981 4445 1996 4482 :

490 4515 693 4585 Absque
759 4517 1051 4586 fermento,
1114 4526 1164 4572 et
1237 4519 1501 4584 comedet,
1559 4521 1617 4575 in
1679 4520 1792 4577 loco
1841 4539 2002 4577 sanc-

412 4608 585 4661 tuarii
632 4607 984 4663 tabernaculi.
1034 4608 1156 4665 Non
1216 4611 1473 4682 coquitur
1529 4627 1657 4668 cum
1730 4613 2001 4671 fermento

411 4696 539 4762 Dei,
588 4714 766 4770 neque
813 4701 1115 4756 secundum
1167 4701 1451 4759 Iudaicam
1509 4704 1837 4773 doctrinam,
1904 4721 2002 4762 ne-

408 4803 525 4859 que
592 4789 898 4844 secundum
962 4783 1163 4861 gentile
1226 4791 1554 4848 fermentum
1611 4810 1627 4849 :
1678 4792 1808 4861 quia
1886 4807 1999 4848 non

410 4881 656 4936 vultnos
681 4871 907 4937 verbum
925 4882 1094 4953 loqui,
1129 4883 1224 4938 sed
1256 4893 1319 4938 ut
1371 4883 1576 4938 munda
1625 4883 1697 4938 sit
1724 4882 1794 4938 ab
1847 4883 1996 4938 omni

411 4970 793 5040 permistione,
825 4980 880 5026 et
903 4972 1108 5041 absque
1134 4974 1284 5027 omni
1336 4972 1626 5028 fermento.
1650 4972 1876 5029 Comedi
1900 4988 2002 5027 au-

415 5067 528 5114 tem
564 5059 708 5114 illam
738 5060 792 5114 in
820 5061 958 5116 atrio
981 5060 1314 5118 tabernaculi
1377 5061 1674 5117 testimonii
1716 5062 1998 5134 praecepit,

415 5151 470 5206 id
510 5159 616 5216 est,
686 5151 901 5222 Operari
958 5153 1015 5207 in
1063 5153 1322 5209 Ecclesia.
1376 5152 1812 5210 Tabernaculum
1855 5153 2002 5209 enim

416 5244 740 5309 testimonii,
773 5245 973 5301 omium
1008 5255 1111 5313 est,
1148 5247 1203 5302 in
1245 5263 1355 5317 quo
1389 5247 1535 5317 quod
1596 5247 1807 5303 habitet
1834 5246 2001 5310 Deus,

417 5335 701 5405 Scriptura
727 5345 980 5391 testatur.
1027 5339 1240 5393 Atrium
1280 5346 1461 5393 autem
1487 5337 1824 5393 tabernaculi
1847 5337 2004 5392 testi-

418 5426 608 5490 monii,
636 5426 689 5481 id
722 5436 808 5483 est
839 5429 984 5492 cmli,
1016 5429 1263 5485 Ecclesia
1294 5438 1399 5493 est,
1464 5445 1574 5484 non
1621 5429 1798 5485 solum
1856 5428 2004 5484 sicut

415 5516 697 5581 introitus,
727 5526 784 5572 et
812 5519 1139 5574 vestibulum
1173 5520 1459 5583 caelorum,
1493 5520 1591 5575 sed
1613 5520 1776 5574 etiam
1807 5533 2002 5589 quem-

414 5608 713 5667 admodum
757 5610 953 5665 domus
1016 5611 1135 5667 Dei.
1191 5610 1269 5667 lbi
1307 5626 1458 5683 ergo,
1514 5609 1566 5665 id
1622 5619 1726 5670 cst,
1778 5609 1833 5663 in
1908 5625 1994 5674 ea,

510 5746 553 5779 ³⁸
587 5743 607 5799 l
643 5744 770 5801 Cor.
825 5762 947 5813 xm,
999 5748 1083 5805 10.

420 5815 465 5850 ⁸⁸
494 5814 514 5869 ι
548 5815 690 5872 Tim.
753 5818 897 5883 tv,4.

2032 4485 2076 4543 D

1211 5750 1255 5783 ³¹
1278 5747 1422 5804 Psal.
1453 5764 1616 5815 mn,
1651 5747 1740 5802 ‘27.
1820 5748 1863 5782 ³³
1896 5747 2105 5805 Coloss.
2144 5764 2252 5813 xiv,
2284 5748 2371 5803 15.

2098 3225 2340 3296 quandiu
2363 3240 2461 3295 per
2488 3222 2751 3294 quasdam
2775 3222 3170 3278 declinationes
3212 3218 3545 3280 diﬁluentes,
3598 3215 3683 3271 vel

2098 3318 2389 3374 saeculares
2417 3317 2549 3372 alias
2572 3316 2909 3387 phantasias,
2942 3332 2972 3370 a
2990 3314 3358 3370 masculorum
3376 3310 3683 3369 excidimus

2099 3410 2383 3481 dignitate,
2416 3425 2485 3464 ne
2504 3416 2559 3463 et
2579 3409 2735 3465 nobis
2760 3408 3006 3464 dicatur:
3036 3405 3310 3462 Peccatori
3343 3415 3520 3459 autem
3549 3403 3684 3461 dixit

2103 3499 2455 3568 Deus,Quare
2476 3510 2532 3555 tu
2563 3517 2789 3555 enarras
2813 3491 3061 3571 justt'tias
3091 3516 3236 3554 meas
3273 3508 3321 3553 et
3348 3497 3574 3556 assumis
3607 3507 3685 3551 te-

2098 3603 2418 3650 stamentum
2440 3610 2612 3649 meum
2639 3611 2733 3666 per
2748 3610 2804 3648 os
2842 3603 2986 3648 tuum
3010 3593 3092 3648 ³⁵⁸2
3119 3591 3469 3649 Concludunt
3498 3596 3681 3646 autem

2101 3689 2244 3743 hanc
2266 3689 2437 3759 legem
2459 3687 2624 3743 verba
2652 3685 2969 3756 sequentia:

2170 3776 2353 3832 Omnis
2380 3776 2470 3846 qui
2487 3775 2716 3846 tetigerit
2734 3791 2797 3829 ea
2825 3772 3275 3844 sancti/imbitur.
3334 3772 3537 3847 Tangit
3586 3785 3684 3827 au-

2103 3879 2233 3933 tem,
2259 3869 2351 3939 qui
2376 3875 2500 3939 apte
2528 3868 2634 3922 hoc
2658 3866 2935 3937 praesumit
2995 3881 3193 3937 agere,
3240 3864 3329 3921 lti‘c
3354 3866 3501 3936 juste
3554 3879 3686 3919 san-

2102 3960 2431 4018 etiﬁcabitur
2461 3957 2689 4014 :Omnis
2713 3957 2916 4028 quippe
2948 3956 3043 4012 Dei
3073 3958 3522 4014 commemoratio
3559 3970 3687 4009 sau-

2101 4053 2491 4109 ctiﬁcationem
2521 4058 2763 4122 praestat,
2788 4049 2934 4121 quod
2959 4057 3187 4105 testatur
3216 4047 3642 4110 Paulus,dicens
3666 4062 3681 4099 :

2103 4145 2239 4210 Quia
2270 4144 2439 4199 omnis
2465 4151 2710 4197 creatura
2742 4141 2836 4196 Dei
2874 4141 3041 4207 bona,
3065 4152 3131 4196 et:
3171 4140 3303 4195 nihil
3340 4140 3686 4210 rejiciendnm

2103 4236 2241 4308 quod
2257 4251 2376 4289 cum
2408 4233 2712 4306 gratiarum
2745 4232 2954 4287 actione
3002 4232 3292 4305 percipitur
3334 4232 3399 4285 ³³.
3431 4229 3687 4285 Sanctiﬁ-

2103 4338 2260 4385 catur
2305 4335 2488 4383 autem
2542 4340 2644 4397 per
2682 4324 2925 4381 verbum.
2944 4323 3049 4379 Dei
3055 4376 3060 4381 .
3093 4331 3149 4379 et
3201 4323 3531 4379 orationem.
3578 4320 3686 4376 Sed

2105 4434 2230 4475 cum
2263 4418 2397 4474 dicit
2443 4424 2757 4487 tangentem
2798 4414 3149 4479 sanetiticari,
3210 4414 3370 4482 plane
3422 4411 3685 4474 ostendit,

2106 4511 2232 4581 quia
2260 4509 2316 4564 in
2347 4507 2679 4579 disputando
2708 4506 2777 4562 de
2812 4505 2941 4573 Deo,
2975 4505 3029 4562 id
3051 4514 3135 4561 est
3165 4504 3221 4559 in
3256 4504 3548 4575 theologia,
3574 4502 3691 4555 sul—

2108 4602 2222 4657 ﬁcit
2255 4599 2413 4655 nobis
2443 4599 2608 4654 etiam
2660 4606 2871 4652 tantum
2933 4607 3175 4669 tangere,
3227 4594 3684 4667 quemadmodum

2108 4694 2233 4763 igne
2250 4691 2344 4762 qui
2366 4689 2481 4745 vult
2496 4686 2752 4753 caleﬁeri,
2770 4703 2896 4742 nam
2923 4684 3219 4742 sitinterius
3237 4686 3415 4740 mittat
3442 4699 3684 4746 manum,

2108 4801 2207 4856 pro
2242 4799 2308 4838 eo
2335 4781 2481 4852 quod
2506 4780 2683 4851 potuit
2718 4778 2956 4834 caleﬁeri
2999 4779 3360 4834 comburitur.
3387 4778 3480 4833 Sic
3502 4786 3557 4833 et
3593 4780 3688 4848 qui

2108 4875 2457 4948 profundius,
2489 4872 2575 4929 vel
2598 4871 2761 4927 altius
2790 4872 2858 4927 de
2890 4872 3003 4927 Deo
3059 4870 3339 4942 disputare
3385 4872 3687 4943 praesumit,

2109 4983 2209 5038 pro
2230 4981 2299 5021 eo
2318 4964 2465 5037 quod
2487 4962 2779 5036 gloriosius
2804 4962 2936 5032 quid
2975 4962 3088 5018 vult
3120 4964 3432 5026 ostendere,
3478 4963 3531 5017 in
3577 4962 3692 5019 bla-

2109 5057 2412 5128 sphemiam
2436 5055 2601 5119 cadit,
2651 5053 2780 5109 dum
2822 5053 3291 5123 comprehendere
3343 5053 3688 5110 altitudinem

2108 5152 2426 5208 divinorum
2448 5150 2763 5220 dogmatum
2798 5163 2907 5201 non
2949 5147 3143 5218 possit.

2184 5244 2344 5300 Vens.
2373 5244 2560 5299 19-23.
2591 5260 2610 5293 ι
2633 5240 2699 5295 Ει
2718 5241 2933 5296 locutus
2966 5249 3048 5295 est
3079 5240 3342 5297 Dominus
3371 5242 3436 5297 ad
3470 5241 3688 5315 Moysen

2108 5337 2343 5392 dicens:
2387 5331 2514 5388 limo
2541 5340 2624 5387 est
2678 5331 2880 5387 oblatio
2904 5329 3084 5386 Aaron
3143 5340 3196 5389 ct
3257 5329 3490 5389 ﬁliorum
3543 5332 3687 5402 ejus,

2105 5444 2270 5500 quam
2293 5425 2495 5482 oll'crre
2524 5424 2725 5479 debent
2754 5422 2983 5479 Domino
3043 5422 3098 5479 in
3138 5424 3225 5479 die
3251 5423 3533 5480 unctionis
3550 5441 3686 5482 suae.

2107 5521 2384 5577 Decimam
2407 5526 2619 5591 partem
2651 5517 2777 5588 ephi
2803 5516 3037 5573 oll‘erent
3087 5517 3279 5574 similar
3326 5518 3382 5573 in
3418 5519 3689 5579 sacriﬁcio

2103 5612 2460 5683 sempiterno,
2480 5609 2721 5665 medium
2751 5610 3069 5680 cjusmaue,
3094 5619 3151 5665 et
3187 5610 3426 5666 medium
3453 5612 3572 5681 ejus
3596 5628 3690 5668 ve-

2448 5746 2494 5783 ”
2534 5746 2667 5811 lmo,
2707 5744 3089 5813 Eccli.m,55.
3162 5747 3207 5780 ³⁸
3242 5746 3384 5803 Psal.
3421 5747 3686 5815 xux,16.
