3992 6442
379 348 481 421 851

1589 352 1952 417 HESYCHII
1989 354 2463 419 PRESBYTER!

3554 347 3666 416 852

378 475 561 537 spere,
607 465 808 537 1111111111
873 468 1149 540 sartagine
1183 467 1307 524 oleo
1371 482 1665 539 conspersa
1720 467 1960 538 (rigetur.
1995 477 2044 530 Α
2141 471 2270 524 Πωε
2287 478 2468 524 autem
2505 471 2563 524 in
2606 471 2884 542 sartagine
2932 467 3046 523 oleo
3084 480 3363 534 conspersa
3413 463 3663 535 frigetur.

378 560 581 617 Oti'eret
601 568 785 616 autem
816 574 936 616 eam
963 559 1194 615 calidam
1242 559 1297 613 in
1327 560 1549 614 odorem
1581 556 1967 614 suavissimum

380 653 613 709 Domino
633 654 910 719 sacerdos,
941 653 1035 723 qui
1063 652 1205 724 patri
1238 654 1361 723 jure
1400 653 1746 717 successerit,
1780 657 1835 706 et
1857 657 1970 705 tota

381 746 720 800 cremabitur
749 743 803 800 in
839 744 1015 800 altari.
1048 743 1222 800 Omne
1263 745 1409 799 enim
1433 743 1758 800 sacriﬁcium
1785 758 1970 798 sacer-

382 836 572 892 dotum
601 837 726 909 igne
750 845 1127 904 consumatur,
1175 851 1279 893 nec
1297 836 1588 907 quisquam
1621 835 1873 890 comedet
1905 850 1973 890 ex

385 942 473 982 eo.
510 946 528 979 1

455 1015 630 1089 Omne
658 1016 982 1072 sacriﬁcium
1002 1018 1147 1089 quod
1174 1018 1242 1073 ad
1272 1017 1569 1072 sacerdotis
1594 1015 1829 1071 refertur
1850 1028 1976 1085 per-

386 1123 600 1170 sonam.
635 1106 915 1179 Unigeniti
952 1108 1201 1164 sacriﬁcii
1225 1108 1453 1181 ﬁguram
1493 1109 1652 1180 gerit,
1693 1109 1835 1163 sicut
1877 1122 1977 1176 per

388 1210 713 1271 praesentem
745 1202 1152 1258 demonstratur
1184 1202 1393 1274 legem;
1427 1202 1503 1257 ait
1531 1202 1679 1256 enim
1711 1216 1725 1253 :

460 1292 528 1346 Et
562 1292 765 1347 locutus
796 1303 871 1347 est
913 1294 1168 1348 Dominus
1222 1294 1293 1348 ad
1330 1293 1543 1363 Moysen
1589 1293 1813 1346 dicens:
1853 1288 1979 1345 Hcce

389 1395 463 1440 est
508 1385 705 1440 oblatio
734 1384 915 1440 Aaron
973 1397 1020 1442 et
1042 1386 1277 1457 ﬁliorum
1307 1385 1442 1456 ejus,
1470 1401 1629 1456 quam
1657 1384 1842 1454 o/j‘crre
1885 1384 1977 1437 de-

391 1478 508 1537 bent
535 1480 761 1537 Domino
792 1483 845 1535 in
870 1482 953 1536 die
978 1480 1241 1535 unctionis
1262 1494 1391 1535 sitm.
1423 1479 1714 1534 Multorum
1756 1480 1977 1550 quidem

392 1574 744 1628 sacerdotum
786 1574 891 1629 hoc
929 1573 1136 1628 donum
1158 1582 1261 1634 cst,
1319 1573 1396 1627 ait
1439 1572 1641 1643 quippe
1694 1573 1875 1626 Aaron
1926 1578 1982 1628 et

394 1662 626 1718 ﬁliorum
649 1665 799 1734 ejus;
829 1665 925 1719 sed
955 1677 1066 1719 uno
1104 1677 1271 1719 uncto
1342 1663 1588 1728 oﬁ'ertur,
1647 1664 1775 1734 quia
1803 1663 1982 1719 omnis

396 1754 690 1810 sacerdotii
747 1755 927 1826 imago
1011 1764 1065 1810 et
1135 1756 1382 1820 ﬁrmitas,
1436 1754 1551 1809 sive
1604 1754 1978 1820 subsistentia,

395 1846 599 1902 Christi
633 1844 963 1902 sacriﬁcium
995 1856 1111 1902 est:
1152 1845 1271 1916 ipso
1321 1846 1468 1901 enim
1511 1847 1625 1901 solo
1655 1846 1838 1902 oblato
1890 1862 1988 1917 per

401 1945 575 1992 totum
618 1947 721 1993 est.
752 1938 819 1994 Et
845 1940 1064 2009 quando
1098 1947 1277 2016 actum
1323 1940 1451 1995 est?
1505 1936 1562 1994 in
1608 1940 1692 1994 die
1728 1938 1989 1994 unctionis

399 2029 541 2099 ejus,
568 2028 620 2083 id
649 2037 733 2083 est
763 2037 1009 2099 tempore
1030 2044 1137 2100 quo
1157 2030 1474 2086 incarnatus
1492 2043 1604 2087 est:
1638 2034 1823 2088 unctio
1842 2033 1986 2088 enim

402 2113 457 2171 in
493 2117 768 2189 Unigcnitl
793 2122 1356 2189 personaincarnatio
1393 2120 1611 2178 dicitur.
1652 2121 1727 2178 De
1755 2140 1863 2194 qua
1913 2125 1991 2180 ait

400 2205 598 2264 Petrus
641 2224 655 2263 :
694 2209 875 2265 Iesum
927 2210 1293 2279 Nazarenam,
1371 2215 1631 2284 quomodo
1679 2230 1796 2270 cum
1838 2216 1987 2269 unxit

403 2300 542 2354 Deus
573 2300 777 2371 Spiritu
811 2313 993 2357 sancto
1015 2313 1063 2357 et
1096 2298 1288 2358 virtute
1323 2304 1386 2356 ³⁷.
1412 2302 1536 2360 llaec
1565 2323 1692 2362 vero
1717 2307 1990 2376 quomodo

402 2398 498 2445 aut
521 2391 740 2459 quando
764 2391 905 2447 facta
952 2394 1061 2449 sint
1106 2393 1323 2449 Gabriel
1352 2394 1536 2450 Maria:
1559 2397 1731 2453 dixit:
1763 2397 1991 2467 Spiritus

401 2489 641 2547 sanctus,
672 2483 1289 2553 inquiens,supervenict
1326 2486 1378 2539 in
1398 2496 1513 2540 teet
1548 2488 1714 2542 virtus
1737 2488 1992 2543 ditissimi

403 2572 738 2629 obumbrabit
768 2575 861 2630 tibi
905 2577 971 2631 ⁸⁸.
1030 2576 1187 2633 Unde
1236 2579 1408 2635 David
1457 2580 1595 2635 dixit
1634 2601 1648 2635 :
1708 2578 1993 2651 Propterea

405 2664 555 2718 unxit
576 2673 623 2718 te
646 2666 782 2721 Deus
814 2665 951 2720 Deus
978 2676 1096 2722 tuus
1132 2668 1246 2723 oleo
1272 2668 1496 2736 lictitia',
1526 2688 1638 2742 pra:
1668 2675 1993 2728 consortibus

405 2757 510 2811 tuis
537 2759 600 2812 ³ο.
628 2760 983 2829 Apertissime
1013 2763 1406 2834 interpretans,
1443 2767 1587 2836 quod
1621 2777 1768 2823 esset
1792 2769 1995 2824 sancti-

404 2851 678 2910 ﬁcationis
707 2855 911 2921 oleum,
947 2857 1073 2927 quia
1104 2874 1214 2914 non
1270 2870 1419 2917 esset
1453 2862 1630 2918 simile
1665 2864 1790 2920 huic
1847 2865 1992 2929 oleo,

405 2960 516 3014 quo
538 2961 731 3002 omnes
748 2948 1084 3014 sacerdotes,
1115 2958 1171 3005 et
1201 2967 1379 3022 reges,
1417 2961 1472 3007 et
1501 2955 1788 3023 prOphette
1822 2972 1994 3025 unge-

405 3034 624 3095 bantur.
663 3037 890 3111 Propter
914 3041 1062 3108 quod
1097 3044 1209 3099 ait:
1241 3044 1363 3100 Prw
1393 3048 1743 3116 participibus
1769 3050 1895 3108 tuis.
1941 3049 1991 3105 id

2072 547 2416 633 Sartaginem
2441 563 2660 619 Domini
2686 579 2930 627 crucem,
2959 568 3156 630 utpote
3203 559 3425 623 fortem,
3449 567 3503 612 et
3521 556 3667 610 nihil

2072 652 2141 707 ab
2159 652 2281 724 igne
2305 655 2670 710 humanorum
2699 663 3048 725 peccatorum
3073 648 3467 718 laesam,accipi
3494 662 3660 717 opor-

2074 753 2189 802 tet:
2220 763 2343 818 quaa
2393 747 2559 805 etiam
2631 744 3114 818 superimpositum
3164 740 3499 798 Dominicam
3547 754 3673 794 car-

2072 855 2222 905 nem,
2251 840 2502 896 esibilem
2532 840 2848 896 hominibus
2872 837 3132 893 reddidit.
3150 834 3266 891 Nisi
3290 833 3439 888 enim
3464 847 3671 902 super-

2074 929 2329 1000 imposita
2356 930 2552 989 fuisset
2601 931 2775 995 cruci,
2812 944 2916 984 nos
2952 942 3155 997 corpus
3195 923 3402 980 Christi
3458 937 3671 992 nequa-

2076 1035 2241 1093 quam
2271 1022 2501 1094 mystice
2533 1021 2988 1092 percepissemus.
3053 1017 3183 1073 Hec
3231 1016 3355 1071 oleo
3403 1028 3673 1083 consper—

2077 1116 2242 1187 gitur,
2271 1116 2397 1186 quia
2424 1116 2571 1171 enim
2601 1115 2762 1170 nobis
2802 1126 3127 1184 compassus
3180 1118 3269 1165 est
3290 1104 3675 1179 impassibilis,

2078 1206 2390 1277 passionem
2419 1204 2902 1264 sustinuitcarnis.
2937 1201 3164 1258 Addidit
3199 1209 3384 1254 autem
3441 1206 3490 1252 et
3548 1212 3679 1250 con-

2078 1316 2339 1369 spersam,
2363 1298 2510 1369 quod
2546 1296 2688 1352 LXX
2720 1297 2801 1353 sic
2845 1294 3136 1351 ediderunt
3162 1310 3175 1347 :
3208 1289 3567 1361 Conspersam
3597 1291 3677 1360 of-

2082 1393 2212 1461 feret
2243 1408 2364 1446 eam
2393 1389 2654 1446 buccellas
2683 1389 3008 1460 sacriﬁcium
3046 1386 3169 1441 boni
3208 1385 3385 1439 odoris
3422 1382 3675 1444 Domino,

2082 1484 2674 1553 odoremconspersam
2714 1481 2964 1537 eamdem
2998 1479 3247 1534 dicentes
3278 1473 3578 1530 buccellas.
3612 1472 3683 1527 Et

2085 1576 2359 1634 huccellas
2381 1575 2603 1646 quidem
2634 1573 2840 1629 dixisse
2876 1571 3281 1640 intelliguntur,
3307 1573 3499 1635 utpote
3534 1563 3680 1618 mul-

2086 1668 2349 1739 tipliciter
2381 1665 2770 1736 procedentem
2809 1668 3035 1732 propter
3055 1657 3343 1729 passiones
3369 1669 3470 1725 per
3493 1660 3685 1723 partes

2089 1761 2507 1834 provenientes;
2540 1771 2895 1827 conspersam
2928 1761 3138 1817 autem,
3177 1756 3369 1819 utpote
3411 1746 3466 1799 in
3504 1759 3680 1799 unum

2090 1854 2395 1916 collectam,
2427 1851 2573 1905 unde
2604 1864 2704 1920 pro
2739 1845 2982 1901 bucceltis
3006 1841 3366 1914 Symmachus
3391 1836 3685 1892 dilatatam

2091 1945 2290 2011 edidit;
2326 1940 2576 2013 quadam
2608 1946 2793 1993 autem
2822 1934 3134 2005 ἀντίγραφα
3154 1930 3320 1986 electa
3344 1928 3576 1988 habent,
3632 1923 3685 1978 111

2090 2047 2177 2095 est
2209 2037 2514 2107 complexa,
2547 2032 2675 2103 quia
2710 2031 2948 2085 invicem
3015 2026 3117 2082 sibi
3150 2025 3435 2079 cohaerent
3466 2020 3689 2090 passio-

2092 2147 2190 2186 nes
2224 2129 2461 2184 Domini.
2494 2126 2652 2181 Unde
2681 2123 2873 2179 eadem
2902 2129 2959 2175 et
2995 2136 3064 2174 ex
3114 2117 3384 2187 partibus,
3412 2128 3508 2166 seu
3554 2125 3691 2165 con-

2092 2220 2478 2279 tractionibus,
2511 2214 2819 2272 secundum
2846 2210 3235 2280 [medii-torum
3280 2203 3428 2260 LXX
3486 2199 3690 2257 editio-

2092 2328 2242 2377 nem,
2272 2327 2398 2366 esse
2428 2309 2506 2364 ait
2539 2305 2818 2377 legislator
2871 2303 2970 2357 has
3019 2298 3430 2355 contracriones
3485 2308 3691 2364 procc-

2092 2406 2309 2469 dentes,
2340 2416 2440 2472 per
2468 2408 2653 2470 partes
2683 2394 2965 2467 passiones
3006 2390 3356 2461 intelligens:
3393 2386 3563 2442 Omne
3589 2401 3691 2438 au-

2095 2507 2200 2553 tem
2229 2500 2327 2550 hoc
2355 2491 2679 2561 sacriﬁcium
2709 2497 2784 2543 est
2845 2483 3151 2540 suavissimi
3216 2481 3392 2535 odoris
3436 2478 3691 2532 Domino.

2096 2587 2334 2645 Humani
2365 2585 2571 2657 quippe
2597 2581 2815 2653 generis
2841 2578 3075 2633 salutem
3134 2572 3413 2645 prrestitit,
3441 2572 3545 2625 hac
3589 2584 3690 2622 au-

2097 2694 2205 2740 tem
2241 2681 2370 2742 Deo,
2392 2684 2580 2746 utpote
2609 2672 2854 2730 Creatori
2888 2678 3120 2732 naturaa,
3156 2667 3293 2720 nihil
3327 2674 3411 2721 est
3436 2662 3690 2719 suavius.

2096 2774 2178 2830 Ad
2204 2772 2468 2838 majorem
2503 2775 2687 2822 autem
2726 2760 3195 2832 explanationem,
3221 2755 3368 2827 quod
3402 2749 3692 2823 Unigeniti

2096 2861 2425 2920 sacriﬁcium
2455 2856 2745 2929 signiﬁcet,
2787 2853 3010 2908 intende
3035 2850 3166 2921 quid
3198 2845 3463 2905 subdidit,
3490 2842 3694 2898 Sacer-

2096 2958 2189 3011 dos
2218 2954 2308 3024 qui
2330 2952 2474 3021 patri
2505 2951 2623 3013 iure
2645 2946 2916 3006 successit,
2965 2942 3120 3009 Quod
3179 2937 3540 3009 Septuaginta
3621 2937 3694 2990 ita

2098 3047 2393 3105 ediderunt
2421 3061 2435 3098 :
2466 3042 2711 3098 sacerdos
2756 3047 2943 3093 unctus
2996 3051 3092 3105 pro
3117 3050 3178 3088 co
3200 3049 3266 3086 ea:
3288 3031 3417 3105 filiis
3447 3029 3565 3097 ejus
3613 3029 3694 3097 {a-

405 3138 491 3184 est
524 3144 692 3199 super
726 3131 1021 3202 participes
1045 3140 1187 3188 tuos.
1216 3133 1521 3206 Participes
1540 3147 1728 3197 autem
1749 3141 1999 3209 cjus,aut
2027 3144 2069 3202 C
2102 3141 2200 3195 ciet
2216 3132 2305 3203 ea,
2327 3138 2454 3207 quia
2483 3135 2705 3205 quidem
2727 3131 2982 3188 Christus
3014 3138 3066 3183 et
3116 3125 3278 3181 Jcsus
3329 3131 3437 3187 est,
3485 3120 3695 3175 Paulus

406 3228 630 3289 propter
659 3235 900 3287 carnem,
924 3232 1019 3278 aut
1037 3234 1262 3295 propter
1290 3225 1529 3297 Spiritus
1554 3231 1997 3287 communionem

407 3310 583 3366 sancti
617 3319 766 3365 sunt.
794 3310 952 3368 Unde
1014 3312 1217 3372 Paulus
1254 3316 1388 3373 dicit
1428 3317 1764 3389 :Participes
1821 3333 1999 3378 autem

407 3398 606 3455 Christi
640 3401 804 3472 effecti
842 3418 1046 3469 simius,
1109 3406 1155 3459 si
1204 3414 1383 3461 tamen
1421 3409 1635 3464 initium
1692 3412 1999 3469 substantia:

406 3492 522 3557 eius
554 3510 716 3563 usque
737 3495 810 3548 ad
850 3493 1010 3564 ﬁnem
1060 3496 1277 3565 ﬁrmum
1338 3501 1657 3557 retineamus
1685 3503 1752 3558 ιθ.
1822 3505 1995 3570 Quam

407 3600 538 3656 ergo
566 3584 923 3653 oblationem,
956 3603 1081 3643 cum
1116 3590 1373 3646 sacerdos
1393 3602 1594 3656 unctus
1648 3595 1831 3657 fuerit,
1878 3607 1997 3667 post

409 3677 846 3734 incarnationem
874 3678 1332 3745 videlicctVerbi,
1357 3683 1632 3755 legislator
1659 3686 1841 3742 oﬁ'erri
1861 3705 2001 3759 prm-

411 3768 598 3839 cepit?

489 3858 756 3914 Decimam
779 3870 985 3927 partem
1019 3864 1135 3929 cplzi
1173 3865 1388 3935 offerent
1442 3865 1708 3925 similazin
1737 3872 2000 3941 sacri/icio

408 3953 743 4020 sempiterno,
774 3955 1003 4010 medium
1032 3956 1146 4026 ejus
1174 3975 1348 4023 mane,
1409 3970 1457 4014 et
1491 3963 1719 4018 medium
1741 3965 1858 4034 ejus
1913 3984 2000 4021 ve-

410 4059 579 4111 spere,
607 4058 724 4115 qua?
759 4046 815 4099 in
847 4048 1116 4118 sartagine
1168 4049 1282 4104 oleo
1317 4069 1599 4122 conspersa
1626 4056 1872 4125 (rigetur.
1894 4058 2001 4114 Sed

412 4135 686 4190 decimum
714 4137 1086 4208 quidcmephi
1132 4140 1346 4208 similae,
1396 4160 1520 4202 esse
1567 4145 1842 4218 Unigcniti
1896 4151 2000 4205 hu-

412 4231 735 4281 manitatem
765 4229 818 4282 in
841 4230 1217 4300 superioribus
1266 4244 1546 4290 ostensum
1606 4246 1710 4301 est,
1769 4255 1893 4295 cum
1947 4253 2003 4297 et

416 4317 561 4386 ephi,
598 4325 788 4387 utpote
831 4335 1142 4375 mensuram
1203 4332 1314 4377 tres
1351 4341 1639 4383 mensuras
1667 4330 1996 4400 capientem,

415 4405 741 4463 Trinitatem
774 4424 895 4464 esse
927 4421 1073 4466 recte
1122 4411 1380 4467 diximus.
1418 4416 1475 4470 Si
1501 4426 1688 4471 autem
1711 4423 1840 4490 ephi
1892 4426 2001 4480 Do-

2100 3233 2295 3304 probat
2320 3231 2510 3287 dicens
2537 3246 2551 3282 :
2588 3225 2753 3279 Nobis
2778 3240 2913 3277 unus
2964 3220 3220 3274 Dominus
3244 3217 3397 3272 Jcsus
3424 3213 3692 3271 Christus.

2101 3340 2193 3394 per
2219 3339 2372 3394 quem
2401 3320 2581 3374 omnia
2615 3320 2683 3371 δ’.
2717 3316 2854 3382 Quia
2885 3314 3034 3369 enim
3076 3327 3178 3382 per
3206 3311 3392 3364 Aaron
3421 3312 3529 3367 est,
3578 3320 3692 3360 non

2101 3417 2156 3471 in
2189 3415 2308 3470 loco
2333 3411 2527 3481 ipsius,
2548 3409 2644 3464 sed
2677 3423 2776 3477 pro
2806 3423 2893 3472 eo,
2951 3403 3214 3459 translato
3249 3401 3302 3455 in
3335 3415 3395 3454 se
3434 3397 3696 3452 videlicet

2102 3506 2430 3567 sacerdotio,
2470 3502 2821 3558 manifestum
2861 3509 2948 3555 est
2986 3513 3051 3552 ex
3081 3512 3149 3551 eo
3185 3497 3330 3565 quod
3358 3494 3475 3562 ipsc
3502 3506 3695 3545 sacer—

2101 3598 2309 3653 dotium
2364 3594 2696 3664 suscipiens,
2752 3591 2898 3645 illius
2960 3586 3251 3644 sacerdotii
3319 3581 3694 3639 ministerium

2104 3705 2317 3747 cessare
2346 3688 2496 3743 fecit.
2529 3686 2637 3741 Sed
2664 3694 2719 3740 et
2753 3683 2896 3752 quod
2919 3680 3233 3741 ediderunt,
3271 3692 3334 3729 ea:
3368 3673 3497 3742 ﬁliis
3531 3672 3653 3740 ejus
3678 3710 3693 3734 ,

2106 3798 2230 3837 esse
2266 3796 2332 3835 ex
2365 3783 2484 3848 ejus
2515 3779 2804 3847 ﬁliisjustc
2845 3771 3112 3833 creditur,
3139 3778 3332 3838 utpote
3357 3764 3450 3835 qui
3483 3779 3550 3817 ex
3605 3762 3696 3817 Ja-

2106 3874 2208 3930 cob
2229 3869 2531 3928 femoribus
2574 3866 2967 3926 descendebat,
3009 3860 3344 3918 beatissinne
3395 3855 3695 3912 Genitricis

2105 3964 2322 4020 Domini
2349 3978 2415 4017 ex
2447 3960 2641 4016 eadem
2677 3959 2821 4013 tribu
2886 3956 3029 4011 linea
3081 3952 3485 4008 descendente:
3547 3946 3718 4017 adji-.

2103 4057 2368 4124 cientque
2394 4050 2641 4123 praedicti
2676 4046 3031 4118 Septuaginta
3070 4062 3084 4098 :
3140 4042 3249 4096 Lea:
3309 4050 3560 4109 perpetua
3622 4044 3695 4091 est

2107 4152 2349 4205 Domino.
2378 4145 2536 4213 Quod
2585 4144 2783 4199 iterum
2843 4137 3052 4193 Christi
3107 4133 3476 4191 sacerdotium
3542 4139 3694 4185 recte

2105 4242 2449 4309 intelligitur,
2471 4239 2600 4308 quia
2642 4236 2742 4307 ipsi
2772 4234 2978 4290 dictum
3029 4239 3160 4285 est:
3210 4226 3288 4281 Tu
3335 4243 3388 4279 es
3437 4225 3693 4278 sacerdos

2103 4338 2162 4391 in
2200 4344 2456 4390 internum
2507 4335 2793 4385 secundum
2832 4326 3068 4380 ordinem
3097 4317 3467 4377 Melchisedech
3494 4315 3561 4369 ⁸⁸.
3604 4314 3691 4369 Si—

2108 4429 2334 4498 mulque
2359 4436 2415 4483 et
2447 4424 2593 4494 quod
2623 4422 2691 4477 ad
2730 4419 3144 4476 conclusionem
3201 4411 3339 4483 legis
3394 4409 3560 4478 hujus
3601 4423 3693 4498 se-

417 4501 552 4555 mini
575 4517 702 4558 caro
720 4517 862 4567 esse,
888 4513 949 4558 ut
976 4512 1025 4558 et
1055 4503 1361 4561 divinitatis
1404 4511 1872 4578 superem'inentia
1903 4519 2002 4574 de-
2038 4491 2083 4547 θ
2110 4491 2316 4590 quitur,
2358 4491 2756 4572 intendendum
2789 4520 2893 4565 est.
2935 4508 3002 4563 Et
3023 4516 3135 4561 tota
3162 4502 3483 4559 cremabitur
3508 4500 3565 4553 in
3608 4497 3694 4552 at-

419 4602 777 4658 monstretur,
822 4593 1444 4671 Dominicrequecaruis
1476 4615 1601 4655 cum
1640 4619 1704 4659 ea
1733 4605 2005 4676 insepara-

420 4685 622 4751 bilitas,
659 4687 762 4741 hoc
814 4686 1174 4741 nihilominus
1206 4690 1260 4743 in
1303 4691 1631 4748 sacriﬁcium
1681 4712 2002 4768 perpetuum

420 4784 528 4842 cst,
563 4777 690 4848 quia
724 4768 866 4832 sicut
894 4778 971 4833 ait
1003 4777 1240 4835 Paulus:
1283 4782 1394 4837 Una
1423 4786 1564 4839 enim
1592 4789 1853 4848 oblatione
1878 4810 2005 4850 con-

419 4867 705 4922 summavit
729 4865 786 4919 in
810 4867 1184 4935 sempiternum
1239 4874 1684 4941 sanctiﬁcatos“.
1744 4878 1898 4937 Unde
1951 4893 2008 4939 et

421 4956 634 5011 salvare
660 4956 713 5010 in
737 4964 1059 5025 perpetuum
1084 4966 1285 5029 potest,
1339 4965 1607 5021 accedens
1656 4984 1754 5039 per
1800 4985 2005 5031 semet-

423 5049 601 5119 ipsum
631 5047 698 5102 ad
719 5047 907 5102 Deum.

495 5139 729 5196 Medium
754 5150 932 5196 autem
966 5143 1080 5213 ejus
1122 5161 1295 5212 mane,
1328 5157 1375 5201 et
1396 5151 1626 5205 medium
1646 5154 1759 5222 ejus
1776 5172 2003 5226 vespere.

422 5228 580 5289 Mane
611 5234 792 5304 passio
817 5233 1106 5307 incipiens,
1141 5253 1208 5292 ex
1230 5255 1339 5308 quo
1388 5256 1513 5296 eum
1548 5243 1601 5296 in
1626 5246 1770 5300 atrio
1786 5247 2006 5319 Caipha:

424 5325 594 5398 alapis
616 5326 898 5382 credebant
941 5326 1247 5400 alligantes,
1276 5348 1451 5402 usque
1475 5334 1541 5390 ad
1565 5352 1852 5406 vesperum
1880 5358 2007 5410 pro-

426 5418 591 5472 telata
623 5430 745 5487 est;
775 5419 1017 5475 tenebris
1052 5423 1199 5476 enim
1232 5440 1350 5479 eam
1381 5425 1861 5498 interpolantihus,
1898 5445 1951 5491 et
1979 5454 2008 5491 a

424 5517 576 5563 sexta
605 5509 740 5563 hora
773 5524 944 5580 usque
984 5511 1051 5566 ad
1076 5528 1275 5566 nonam
1320 5514 1512 5578 factis,
1558 5523 1869 5579 necessarie
1918 5541 2008 5581 sa-

425 5600 689 5655 criﬁcium
716 5602 770 5656 in
807 5619 965 5657 mane
987 5613 1041 5659 et
1081 5621 1306 5676 vespere
1346 5606 1511 5665 dividi
1536 5609 1754 5668 dicitur.

527 5737 572 5769 ³⁷
603 5737 722 5792 Act.
754 5755 809 5803 x,
846 5739 935 5794 58.
1013 5741 1055 5773 ³⁸
1087 5740 1259 5805 1.11‹·.1,
1290 5741 1382 5796 55.

527 5744 571 5769 ³⁷
603 5744 722 5792 Act.
754 5755 809 5803 x,
846 5744 935 5794 58.
1013 5744 1055 5773 ³⁸
1087 5744 1259 5805 lauat,
1290 5744 1382 5796 55.
1460 5744 1501 5778 ²⁹
1530 5744 1671 5802 Psal.
1696 5765 1834 5816 κων,
1864 5751 1918 5806 8.

427 5800 478 5840 ιδ
504 5805 648 5861 Psal.
684 5824 790 5874 crx,
825 5809 876 5862 4.
956 5810 998 5842 ⁵⁵
1031 5812 1048 5866 1
1086 5814 1209 5866 Cor.
1252 5829 1310 5881 11,
1352 5812 1405 5866 ὃ.

2109 4613 2237 4669 tari.
2270 4608 2435 4664 Omne
2473 4605 2613 4660 enim
2670 4599 2989 4668 sacriﬁcium
3022 4595 3356 4651 sacerdotum
3401 4592 3521 4661 igne
3566 4604 3693 4642 con-

2107 4712 2344 4759 sumetur
2374 4712 2395 4752 :
2430 4712 2522 4751 nec
2556 4695 2839 4766 quisquam
2877 4688 3109 4745 comedet
3140 4702 3206 4741 ea:
3234 4701 3312 4739 eo.

2178 4793 2321 4861 Quid
2339 4806 2470 4862 ergo
2495 4804 2588 4860 per
2610 4788 2727 4842 haec
2743 4780 3155 4839 contestamur?
3177 4778 3282 4832 nisi
3313 4781 3373 4830 ut
3407 4789 3515 4828 non
3543 4772 3694 4828 dica-

2108 4899 2197 4944 tur
2228 4888 2298 4943 de
2330 4884 2561 4939 Domino
2594 4898 2606 4932 :
2635 4878 2762 4949 quia
2790 4877 2836 4931 is
2865 4876 2957 4945 qui
2989 4889 3056 4928 ex
3117 4872 3349 4928 muliere
3396 4877 3563 4923 natus
3587 4875 3691 4927 est,

2107 4996 2305 5052 passus
2335 4985 2421 5033 est
2448 4995 2461 5031 :
2484 4975 2576 5045 qui
2602 4982 2789 5028 autem
2854 4966 3138 5024 descendit
3170 4964 3239 5019 de
3267 4970 3429 5026 cceto,
3494 4973 3689 5029 passus

2108 5050 2219 5129 non
2245 5076 2351 5125 est.
2380 5066 2544 5121 Nobis
2577 5065 2724 5120 enim
2755 5077 2888 5115 unus
2920 5058 3176 5113 Dominus
3223 5053 3381 5109 Iesus
3432 5050 3688 5109 Christus,

2108 5182 2205 5236 per
2231 5178 2384 5234 quem
2415 5158 2621 5220 omnia,
2652 5170 2816 5226 quem
2847 5153 2900 5205 hi
2925 5150 3017 5221 qui
3048 5146 3439 5204 cruciﬁxerunt
3460 5157 3571 5197 non
3597 5157 3689 5195 co-

2110 5234 2418 5329 gnoverunt
2480 5251 2640 5320 cujus
2680 5255 2831 5302 esset
2850 5242 3140 5314 dignitatis
3202 5247 3368 5309 atque
3428 5234 3685 5291 virtutis:

2111 5324 2170 5402 Si
2207 5346 2347 5400 enim
2406 5341 2782 5414 cognovissent,
2834 5349 3108 5404 nunquam
3164 5329 3450 5384 Dominum
3510 5324 3690 5397 gloria’

2112 5412 2592 5506 cruciﬁxissenvt“.
2658 5430 2831 5499 lpsius
2889 5441 3019 5496 ergo
3075 5432 3159 5479 est
3200 5420 3361 5475 Verbi
3426 5412 3689 5471 incarnati

2112 5526 2314 5597 passio,
2341 5540 2460 5596 quac
2485 5522 2738 5594 provenit
2768 5519 2822 5572 in
2839 5533 3026 5580 carne,
3058 5513 3414 5584 quamobrem
3448 5516 3560 5563 tota
3579 5520 3691 5561 crc-

2116 5596 2358 5676 niabitur
2390 5618 2445 5672 in
2484 5615 2662 5671 altari.
2697 5611 2875 5683 Ipsius
2907 5624 3039 5680 ergo
3071 5596 3199 5671 'est,
3230 5605 3322 5676 qui
3358 5601 3687 5672 semetipsum

1997 5753 2039 5786 ⁵⁸
2065 5753 2231 5809 llebr.
2267 5768 2347 5820 111,
2374 5753 2456 5809 14.
2535 5751 2578 5784 ’⁸⁸
2606 5749 2770 5804 Hebr.
2800 5762 2854 5813 κ,
2886 5745 2969 5799 11.
3050 5743 3094 5773 ⁸³
3118 5739 3283 5797 lCor.
3313 5752 3432 5804 \‘ttt,
3463 5735 3516 5791 6.
