3992 6424
384 316 497 380 853

1551 318 1630 378 1N
1675 318 2121 380 LEVlTlCUM.
2156 344 2229 354 --
2265 320 2413 379 LIB.
2458 319 2539 378 ῘΙ.

3564 314 3670 382 85-1

382 439 553 486 totum
584 430 896 497 exinanivit,
925 438 974 486 et
1004 433 1230 503 formam
1272 433 1407 487 servi
1436 435 1657 503 accepit,
1684 444 1732 490 et
1786 436 1969 490 habitu
2004 438 2044 494 Λ
2075 434 2445 501 Quamobrem
2506 445 2560 491 et
2607 434 2951 489 Tltmdutinn
3002 448 3101 504 pro
3153 449 3219 489 eo
3248 435 3393 504 quod
3424 443 3510 489 est
3539 436 3668 505 offe-

383 525 623 579 invcntus
677 533 755 579 est
812 534 870 578 ut
918 525 1111 590 homo;
1162 525 1564 597 humiliavit-que
1611 529 1969 597 semetipsum,

380 618 624 671 obcdiens
653 619 826 688 factus
850 636 1011 691 usque
1038 620 1110 673 ad
1140 628 1380 686 mortem,
1405 629 1624 673 mortem
1655 630 1830 675 autem
1852 637 1973 675 cru-

383 709 460 761 cis
483 706 551 760 ‘5.
578 706 670 763 Sic
704 725 834 781 ergo
866 710 1124 781 intelligis
1148 712 1332 767 ethoc
1363 712 1508 782 quod
1533 713 1730 768 dicitur
1759 730 1773 766 :
1810 715 1972 769 Omne

382 799 523 853 enim
545 801 868 870 sacriﬁcium
912 803 1243 856 sacerdotum
1296 804 1415 873 igne
1471 815 1827 865 consumetur,
1881 821 1973 858 nec

383 893 616 946 comedet
637 910 702 947 ex
731 910 789 947 eo
812 895 1108 965 quisquam.
1139 894 1398 949 Eamdem
1431 895 1632 966 quippe
1665 897 1831 951 etiam
1857 896 1972 951 hmc

386 981 645 1035 virtutem
698 991 863 1053 atque
912 981 1272 1038 intentionem
1333 984 1571 1049 habent,
1628 987 1773 1042 unde
1822 1004 1972 1041 omne

384 1070 707 1139 sacriﬁcium
788 1073 906 1144 igne
990 1084 1357 1140 consumatur,
1419 1074 1563 1130 LXX
1626 1077 1885 1133 dixerunt
1953 1099 1967 1134 :

386 1160 772 1219 Holocaustum
801 1166 910 1234 ﬁet,
938 1164 1129 1236 Aquila
1159 1167 1354 1232 edidit,
1384 1169 1645 1239 integrum
1669 1171 1787 1224 erit.
1848 1171 1966 1225 Non

382 1272 512 1326 ergo
538 1256 788 1310 comedet
826 1271 889 1310 ex
919 1270 986 1309 eo
1017 1256 1326 1326 quisquam,
1358 1257 1514 1313 idest
1545 1275 1652 1313 non
1673 1259 1968 1326 dividetur,

381 1349 507 1417 quia
531 1340 778 1401 dentium
804 1346 1153 1401 estdividere
1188 1356 1242 1401 et
1271 1348 1460 1417 partiri
1503 1350 1676 1415 cibos,
1714 1366 1839 1405 cum
1870 1352 1970 1405 ali-

384 1448 465 1493 ter
495 1438 680 1492 mandi
706 1454 814 1491 non
846 1437 1074 1507 possint.
1099 1437 1302 1493 Christi
1332 1447 1512 1494 autem
1541 1442 1864 1496 sacriﬁcium
1884 1442 1967 1495 in-

381 1530 648 1586 divisihile
688 1529 1123 1585 demonstratum
1156 1539 1260 1598 est,
1320 1538 1376 1586 et
1427 1542 1718 1603 propterea
1754 1535 1965 1590 comedi

380 1640 491 1676 non
528 1629 731 1691 potest.

448 1712 614 1768 Vens.
642 1712 735 1767 24.
769 1732 788 1764 ‹
835 1712 1070 1768 Locutus
1099 1724 1184 1769 est
1210 1714 1473 1771 Dominus
1510 1717 1580 1772 ad
1635 1718 1851 1791 Moysen
1878 1717 1964 1773 di-

381 1820 514 1858 cens
549 1803 838 1874 :Loquere
862 1803 1046 1858 Aaron
1085 1813 1140 1858 et
1203 1805 1331 1861 filiis
1393 1808 1535 1878 ejus,
1610 1808 1711 1864 ista
1737 1820 1816 1865 est
1875 1810 1963 1864 lex

382 1895 574 1951 hostiae
606 1912 702 1967 pro
728 1903 953 1966 peccato
996 1916 1010 1952 :
1043 1897 1104 1951 In
1163 1898 1285 1953 loco
1318 1900 1410 1954 ubi
1445 1901 1679 1956 offertur
1704 1902 1966 1957 holocau-

378 1997 541 2051 stum,
586 1987 954 2042 immolabitur
972 2003 1154 2043 eoram
1222 1989 1489 2061 Domino,
1525 1990 1786 2048 Sanctum
1837 2008 1968 2047 san-

377 2089 590 2135 ctorum
643 2088 746 2136 est.
774 2078 1043 2136 Sacerdos
1079 2083 1173 2152 qui
1201 2082 1419 2150 offeret,
1473 2085 1725 2152 comedet
1788 2099 1854 2140 ea
1910 2086 1963 2139 in

376 2171 497 2227 loco
526 2180 716 2228 sancto
751 2172 807 2227 in
846 2174 987 2229 atrio
1006 2175 1365 2230 tabernaculi.
1413 2174 1692 2247 Quidquid
1724 2176 1967 2248 tetigerit

377 2279 573 2318 carnes
600 2263 738 2333 ejus,
768 2264 1221 2320 sanetiﬁcabitur.
1279 2266 1335 2320 Si
1376 2267 1444 2322 de
1502 2268 1767 2339 sanguine
1822 2267 1967 2323 illius

377 2355 545 2437 vestis
574 2353 740 2409 fuerit
787 2371 1032 2425 aspersa,
1065 2355 1334 2411 lavahitur
1369 2358 1424 2413 in
1455 2358 1574 2413 loco
1599 2368 1810 2422 sancto,
1871 2374 1967 2415 vas

375 2454 560 2500 autem
597 2444 761 2500 fictile
788 2445 843 2499 in
879 2462 989 2516 quo
1029 2456 1182 2501 cocta
1231 2456 1335 2514 est,
1361 2448 1754 2521 confringetur.
1806 2449 1964 2516 Quod

377 2538 422 2592 si
462 2553 556 2591 vas
575 2553 811 2603 aeneum,
843 2537 1199 2593 defricahitur
1220 2549 1275 2594 et
1293 2539 1563 2595 lavabitur
1592 2556 1752 2611 aqua.
1773 2540 1965 2597 Omnis

378 2629 655 2683 masculus
699 2628 768 2684 de
788 2645 991 2700 genere
1032 2632 1356 2685 sacerdotali
1384 2640 1638 2687 vescetur
1702 2634 1964 2690 carnibus

376 2713 518 2790 ejus,
546 2719 671 2789 quia
696 2718 956 2775 Sanctum
983 2728 1298 2776 sanctorum
1322 2731 1426 2779 est.
1460 2721 1647 2778 Hostia
1670 2725 1814 2778 enim
1843 2740 1963 2795 quas

376 2813 608 2868 caeditur
659 2829 758 2882 pro
827 2821 1078 2884 peccato,
1146 2814 1305 2883 cujus
1334 2815 1560 2887 sanguis
1613 2816 1847 2873 infertur
1905 2817 1961 2873 in

379 2905 793 2959 tabernaculum
866 2904 1166 2960 testimonii
1204 2906 1272 2960 ad
1337 2907 1673 2976 expiandum
1724 2908 1779 2962 in
1833 2925 1960 2964 san—

377 2996 609 3061 ctuario,
648 3012 753 3051 non
787 2997 1126 3063 (-omedetur;
1170 2997 1263 3053 sed
1283 2999 1636 3054 comburetur
1661 2999 1792 3071 igni.
1842 3019 1860 3053 ι

2076 546 2216 593 rens,
2250 530 2469 598 expians
2498 528 2690 594 edidit,
2728 528 2778 581 id
2807 535 2891 582 est
2918 526 3243 589 emundans,
3277 534 3334 580 et
3357 542 3455 596 per
3481 541 3669 581 sacer-

2074 622 2207 676 dotii
2258 622 2342 675 sui
2393 622 2777 686 ministerium,
2815 620 3118 691 perfectum
3170 618 3378 673 faciens
3411 634 3539 673 eum
3570 619 3665 689 qui

2074 713 2419 767 emundatur.
2458 711 2522 767 Et
2549 712 2824 783 quomodo
2872 726 2992 765 eam
3023 709 3319 764 manducet
3350 708 3604 763 Christus
3631 724 3662 763 a

2074 804 2192 860 loco
2246 820 2522 874 cognosce
2581 806 2636 858 in
2687 818 2797 874 quo
2855 802 3156 857 comedet:
3196 800 3260 855 In
3311 800 3423 854 loco
3456 809 3662 863 sancto,

2073 891 2127 943 in
2177 891 2315 943 atrio
2351 892 2697 944 tabernaculi.
2736 889 2831 944 Vel
2860 890 3001 945 sicut
3057 887 3200 943 LXX
3232 889 3541 954 ediderunt,
3599 888 3664 943 In

2073 984 2213 1034 atrio
2260 983 2590 1036 tabernaculi
2639 982 2940 1036 testimonii.
2991 980 3207 1036 Atrium
3244 989 3427 1035 autem
3475 980 3662 1034 taber-

2073 1073 2253 1127 uaculi
2309 1074 2628 1137 testimonii,
2682 1073 2925 1129 Ecclesia
2986 1080 3109 1139 est;
3150 1071 3267 1142 ipsa
3292 1072 3495 1142 quippe
3530 1082 3660 1125 ante

2074 1165 2292 1228 ccelum,
2355 1166 2552 1219 atrium
2631 1164 2971 1218 tabernaculi
3048 1162 3350 1219 testimonii
3405 1171 3511 1228 est,
3565 1163 3655 1217 ubi

2073 1258 2321 1312 Christus
2360 1256 2747 1328 poenitentium
2776 1258 3005 1311 salutem
3039 1263 3318 1327 operatur,
3350 1271 3472 1325 qua:
3504 1255 3655 1309 salus

2070 1350 2190 1420 ejus
2239 1352 2400 1404 etiam
2451 1350 2606 1404 cibus
2639 1351 2978 1418 appellatur:
3026 1348 3169 1402 Meus
3215 1350 3353 1402 enim
3384 1348 3526 1409 cibus
3560 1356 3654 1411 est,

2071 1441 2266 1513 inquit,
2308 1453 2362 1496 ut
2402 1443 2600 1514 faciam
2628 1443 2951 1496 voluntatem
2987 1442 3167 1495 Patris
3201 1443 3302 1494 mei
3320 1441 3385 1506 ⁵⁸,
3407 1440 3656 1495 voluntas

2069 1541 2249 1587 autem
2280 1533 2399 1602 ejus
2430 1542 2515 1587 est
2554 1539 2612 1586 ut
2645 1540 2900 1602 peccator
2931 1540 3283 1587 convertatur
3310 1541 3361 1585 et
3394 1531 3654 1584 salvetur.

2069 1626 2297 1697 Insuper
2325 1626 2435 1680 ait:
3190 1670 3195 1675 .
3638 1611 3645 1619 ’
3712 1616 3717 1621 “

2139 1718 2407 1790 Quidquid
2476 1717 2707 1789 tetigerit
2774 1734 2955 1770 carnes
3014 1717 3147 1782 eius,
3210 1713 3653 1801 sancti/imbitur.

2067 1809 2273 1865 Carnes
2322 1818 2506 1864 autem
2551 1808 2913 1880 poenitentiae,
2960 1807 3313 1879 intelligimus
3363 1806 3651 1877 jejunium,

2066 1906 2300 1977 vigilias,
2379 1904 2655 1958 cilieinum
2733 1902 3136 1964 vestimentum.
3210 1916 3337 1955 cum
3402 1898 3657 1971 laerymis

2067 1995 2407 2054 orationem,
2476 1992 2909 2062 eleemosynam;
2965 2005 3032 2045 ex
3098 1990 3185 2044 his
3240 1989 3391 2044 enim
3465 1988 3655 2044 consi-

2067 2088 2161 2142 stit
2210 2084 2550 2156 prenitentia,
2601 2100 2721 2155 quae
2770 2082 2862 2154 qui
2923 2082 3111 2155 tangit,
3163 2090 3308 2138 recte
3343 2081 3654 2137 sanctifica-

2066 2175 2231 2233 bitur.

2139 2267 2204 2320 Et
2231 2268 2277 2321 si
2303 2266 2365 2320 de
2386 2266 2642 2335 sanguine
2681 2263 2825 2318 illius
2858 2263 3014 2317 vestis
3046 2262 3208 2334 fuerit
3231 2280 3474 2333 aspersa,
3503 2262 3653 2316 lava-

2065 2357 2206 2411 bitur
2266 2358 2321 2410 in
2379 2357 2488 2410 loco
2540 2363 2743 2409 sancto.
2780 2355 3012 2425 Sanguis
3070 2354 3407 2424 poenitentiae
3433 2354 3653 2424 preprie

2065 2449 2368 2518 baptismus
2407 2456 2509 2514 est,
2553 2451 2678 2518 quia
2715 2447 2856 2502 sicut
2908 2446 3018 2501 vita
3086 2445 3267 2500 omnis
3319 2446 3501 2500 carnis
3526 2460 3655 2501 san—
3694 2472 3701 2477 -

2065 2540 2184 2611 guis
2219 2549 2320 2602 est,
2355 2540 2433 2595 sic
2459 2547 2514 2594 et
2545 2538 2881 2610 pmnitentiae
2912 2538 3115 2592 donum
3148 2536 3425 2607 baptismi.
3461 2536 3656 2592 Omnis

2064 2633 2209 2687 enim
2266 2631 2360 2702 qui
2414 2632 2525 2701 agit
2578 2629 2994 2700 pmnitcntiam,
3058 2627 3103 2681 si
3159 2642 3269 2681 non
3347 2627 3653 2697 perceperit

2063 2723 2416 2794 baptismmn,
2448 2722 2656 2775 inutilis
2708 2720 2828 2791 ejus
2872 2720 2955 2775 est
2999 2727 3053 2773 et
3094 2718 3213 2772 sine
3263 2704 3444 2787 aliquo
3504 2718 3656 2773 lucro

2066 2814 2384 2886 poenitentia
2443 2822 2766 2882 mortuaque
2797 2819 2851 2865 et
2881 2809 3188 2865 exanimis:
3241 2810 3368 2880 quia
3412 2818 3652 2864 veterem

2063 2906 2268 2979 peccati
2305 2905 2579 2960 hominem
2605 2920 2714 2958 non
2747 2904 2904 2957 aliter
2929 2902 3203 2972 quispiam
3234 2900 3342 2957 nisi
3374 2900 3655 2960 ablatione

2064 2995 2496 3068 regenerationis
2542 2994 2788 3064 deponit.
2818 2990 2973 3058 Quod
3017 2993 3059 3046 si
3089 2992 3245 3056 dicis,
3284 2999 3339 3045 et
3377 2991 3656 3061 quomodo

451 3086 588 3154 Quia
624 3104 732 3142 non
777 3088 978 3144 frustra
1041 3089 1231 3143 eadem
1276 3089 1543 3144 sacrificia
1584 3092 1803 3160 repetit,
1867 3107 1961 3147 su-
1993 3101 2036 3158 (ι
2069 3086 2159 3157 qui
2244 3086 2371 3140 olim
2428 3084 2685 3154 baptizati
2758 3091 2889 3137 sunt
2946 3082 3221 3146 homines,
3272 3081 3655 3152 ptenitentiam

377 3180 571 3249 perius
629 3181 887 3247 diximus,
940 3181 1085 3251 quod
1110 3188 1163 3234 et
1207 3180 1263 3234 in
1325 3182 1691 3251 praesentibus
1732 3182 1966 3237 demon-

378 3279 611 3327 stratur.

452 3361 680 3417 Locutus
735 3372 808 3418 est
861 3364 1121 3419 Dominus
1144 3366 1212 3419 ad
1240 3368 1457 3437 Moysen
1480 3366 1675 3420 dicens.
1737 3366 1968 3439 Loquere

378 3455 565 3508 Aaron
591 3454 780 3524 etﬁlt'is
814 3455 947 3523 ejus.
977 3455 1092 3511 Ista
1110 3466 1185 3510 est
1213 3456 1298 3510 lea:
1346 3456 1531 3511 hostia:
1584 3474 1679 3526 pro
1729 3468 1962 3526 peccato.

380 3545 483 3602 Vel
506 3550 728 3618 peccati,
769 3549 848 3603 sic
874 3548 1092 3619 quidem
1122 3548 1466 3605 Theodotion
1500 3558 1555 3605 et
1603 3550 1967 3622 Symmachus

377 3640 699 3694 ediderunt.
729 3639 860 3706 Quze
898 3648 981 3696 est
1036 3649 1220 3696 autem
1269 3641 1386 3697 haec
1435 3643 1557 3698 lex?
1597 3641 1664 3697 In
1708 3644 1818 3698 loco
1880 3645 1967 3699 ubi

377 3729 599 3798 cﬂ'erlur
624 3730 1014 3794 holocaustum,
1075 3731 1439 3786 immolabitur
1467 3750 1648 3787 coram
1707 3734 1962 3800 Domino,

379 3822 513 3892 quia
532 3820 785 3876 Sanctum
806 3830 1111 3876 sanctorum
1129 3833 1223 3877 est.
1242 3822 1536 3894 Propterea
1559 3826 1738 3880 Aaron
1762 3836 1816 3882 et
1839 3827 1966 3883 filiis

380 3914 503 3984 ejus
529 3914 787 3984 praedicta
819 3915 1168 3980 mandantur,
1229 3917 1354 3987 quia
1383 3916 1580 3973 offerre
1607 3935 1707 3989 pro
1738 3930 1966 3991 peccato

382 4006 737 4069 sacrificium,
768 4007 819 4061 id
852 4008 1354 4077 estpoenitentiam,
1391 4011 1704 4066 sublimium
1730 4022 1786 4068 et
1815 4030 1967 4069 sum-

383 4114 600 4152 morum
633 4107 734 4162 est,
763 4107 924 4168 atque
954 4114 983 4152 a
1013 4108 1154 4154 terra
1210 4101 1638 4167 sublevatorum,
1681 4106 1826 4174 quod
1857 4121 1964 4161 non

385 4198 611 4259 perstat
653 4190 756 4244 nisi
785 4207 815 4245 a
849 4191 989 4245 malo
1021 4192 1277 4249 recessio.
1314 4193 1451 4264 Ergo
1492 4196 1585 4250 ubi
1641 4197 1967 4255 holocausta

389 4283 761 4349 immolantur,
796 4284 870 4339 ibi
901 4293 957 4339 et
988 4302 1107 4354 qua:
1147 4301 1245 4356 pro
1279 4297 1504 4357 peccato
1544 4300 1674 4346 sunt
1701 4292 1966 4347 occidun-

391 4383 481 4427 tur
514 4378 539 4423 εί
563 4374 689 4443 quia
723 4374 814 4445 qui
853 4375 1048 4430 offeret
1100 4378 1502 4446 ptenitentiam,
1542 4380 1653 4450 jam
1721 4381 1967 4438 imitatur

2075 3178 2278 3251 agent?
2306 3193 2592 3249 cognosce,
2617 3177 2740 3248 quia
2774 3176 2945 3230 virtus
2971 3173 3329 3245 praecedentis
3356 3173 3657 3243 baptisma-

2076 3272 2144 3327 tis
2173 3280 2432 3342 operatur
2476 3281 2530 3325 et
2580 3270 2631 3323 in
2665 3284 2726 3324 ea
2766 3284 2886 3339 qua:
2917 3275 3106 3338 postea
3137 3276 3254 3320 aeta
3289 3265 3453 3320 fuerit
3481 3265 3658 3334 pomi-

2076 3363 2264 3417 tentia.
2326 3360 2453 3416 llaec
2500 3376 2627 3431 ergo
2682 3369 2767 3414 est
2831 3359 3062 3413 intentio
3118 3358 3463 3429 legislatoris,
3529 3357 3664 3427 quia.

2073 3453 2164 3523 qui
2208 3453 2458 3508 comedet
2520 3466 2713 3505 carnes
2776 3449 3015 3520 przrdieti
3064 3448 3346 3511 sacrificii,
3403 3448 3655 3518 quamvis

2071 3542 2274 3597 oblatio
2346 3541 2420 3595 sit
2470 3541 2717 3606 alterius,
2769 3538 3160 3593 sanctificatur.
3222 3537 3327 3592 Per
3395 3538 3500 3591 hoc
3551 3552 3655 3590 au-

2075 3643 2181 3690 tem
2246 3633 2585 3696 ostenditur,
2639 3631 2765 3702 quia
2829 3639 2883 3685 et
2939 3630 2984 3684 is
3043 3629 3135 3700 qui
3195 3645 3306 3683 non
3367 3637 3490 3699 eget
3536 3644 3658 3700 pm-

2073 3725 2320 3788 nitentia,
2355 3726 2396 3780 si
2434 3725 2562 3796 quid
2596 3725 2770 3793 egerit
2815 3723 3043 3785 horum,
3076 3721 3456 3792 pmnitentiam
3489 3737 3657 3792 agens

2073 3813 2464 3870 sanetiilcatur.
2501 3812 2761 3868 Similiter
2812 3811 2897 3866 vel
2935 3811 2980 3866 si
3005 3809 3238 3864 multum
3266 3823 3469 3879 parvus
3500 3811 3656 3880 quis~

2073 3909 2216 3979 piam
2260 3906 2564 3977 baptizatus
2603 3902 2782 3965 fuerit,
2814 3901 2905 3972 qui
2939 3901 3172 3956 necdum
3216 3899 3353 3953 forte
3387 3899 3651 3968 peccavit,

2074 3997 2387 4052 mundatur.
2439 3994 2504 4048 Et
2528 3992 2656 4064 quid
2690 3992 2738 4047 ei
2783 4000 2867 4046 est
2901 4005 3038 4061 opus
3081 3987 3365 4043 mundatio
3387 3988 3410 4040 ?
3436 3987 3518 4041 Ad
3554 3987 3656 4042 hoc

2073 4089 2123 4143 ei
2179 4100 2316 4156 opus
2366 4093 2471 4149 est,
2505 4084 2629 4153 quia
2668 4096 2831 4136 nemo
2858 4087 2944 4135 est
2974 4077 3212 4134 mundus
3256 4092 3285 4131 a
3315 4076 3476 4132 sorde
3527 4091 3655 4130 nam

2074 4181 2199 4235 licet
2241 4177 2404 4232 unius
2455 4176 2563 4231 diei
2587 4173 2696 4231 vita
2725 4175 2844 4245 ejus
2869 4174 2943 4227 sit
2969 4186 3133 4241 super
3160 4179 3383 4235 terram,
3434 4168 3655 4223 sordem

2076 4283 2256 4326 tamen
2306 4284 2467 4340 quam
2517 4282 2583 4322 ex
2633 4266 2803 4321 Adam
2860 4264 3206 4319 successione
3243 4270 3296 4316 et
3347 4260 3655 4331 generatio-

2074 4380 2143 4418 ne
2176 4363 2360 4426 traxit,
2392 4360 2594 4413 retinet
2625 4376 2638 4413 :
2673 4366 2728 4412 et
2753 4356 2876 4412 ideo
2897 4370 3021 4409 eum
3055 4351 3147 4424 qui
3179 4353 3443 4425 sanguine
3476 4351 3656 4423 paeni-

388 4478 516 4516 eum
537 4464 626 4533 qui
651 4444 824 4519 totum
851 4444 1202 4536 semetipsum
1227 4468 1423 4523 obtulit
1446 4444 1556 4525 Deo
1579 4477 1633 4525 et
1653 4472 1969 4529 omnimodo
2004 4456 2044 4511 θ
2077 4456 2258 4512 lenm”
2304 4465 2563 4522 aspersus
2595 4458 2680 4506 εει
2703 4464 2815 4504 ηοη
2851 4449 2989 4505 dim
3018 4447 3160 4502 είευι
3205 4444 3546 4501 immundum
3578 4444 3661 4499 1³-

393 4555 619 4610 recessit
653 4573 682 4611 a
728 4557 929 4612 saeculo
952 4598 968 4624 ,
1009 4559 1158 4614 unde
1212 4568 1269 4616 et
1315 4562 1693 4618 holocaustum
1726 4565 1845 4635 ejus
1873 4582 1971 4636 ap-

398 4646 627 4716 pellatur
651 4650 995 4705 conversatio
1038 4670 1051 4706 :
1081 4660 1136 4706 et
1158 4652 1441 4723 utriusque
1465 4654 1670 4710 oblatio
1728 4656 1784 4710 in
1833 4674 1970 4713 con-

394 4749 587 4809 spectu
615 4750 698 4796 est
725 4740 962 4806 Domini,
1005 4743 1204 4813 placita
1246 4744 1391 4799 enim
1415 4752 1501 4801 est
1551 4747 1685 4814 Deo,
1752 4751 1974 4818 quando

392 4831 693 4885 secundum
746 4831 866 4901 ejus
920 4832 1281 4888 intentionem
1332 4834 1602 4890 offertur:
1659 4837 1739 4893 sic
1791 4848 1974 4894 autem

395 4922 747 4992 plaeitaDeo,
781 4924 1045 4980 Sanctum
1112 4935 1430 4981 sanctorum
1494 4937 1640 4984 recte
1700 4930 1972 4999 appellata

394 5022 477 5068 est
514 5030 527 5066 :
566 5015 610 5069 si
642 5016 789 5069 enim
824 5032 935 5071 non
969 5027 1115 5073 esset
1166 5027 1481 5073 sanctorum
1511 5029 1761 5076 sanctum
1796 5023 1976 5092 poeni-

398 5108 584 5161 tentia:
633 5105 983 5173 sacrificium,
1053 5125 1333 5179 nunquam
1399 5111 1755 5180 poenitentem
1799 5112 1976 5187 intro-

395 5199 640 5254 duxisset
664 5200 721 5254 in
756 5198 956 5255 Sancta
979 5210 1294 5257 sanctorum
1326 5221 1339 5257 :
1386 5216 1622 5273 eumque
1651 5220 1748 5273 per
1779 5220 1976 5275 pecca-

399 5300 535 5356 tum,
565 5291 710 5345 uude
739 5292 891 5361 prius
929 5292 1189 5362 expulsus
1222 5303 1327 5348 est.

468 5382 728 5437 Sacerdos
772 5384 862 5453 qui
915 5384 1111 5454 offeret,
1176 5386 1406 5439 comedet
1463 5402 1601 5441 eam.
1654 5385 1756 5454 Qui
1791 5387 1986 5445 offeret

395 5474 494 5538 ait,
554 5473 646 5528 hie
708 5482 890 5529 autem
948 5474 1201 5532 Christus
1247 5486 1352 5540 est,
1401 5477 1493 5547 qui
1544 5487 1730 5534 nostra
1759 5489 1984 5549 peccata

395 5564 665 5636 suscepit,
716 5572 974 5637 recteque
1027 5577 1270 5624 nostram
1337 5570 1532 5627 oﬂ‘eret
1581 5571 1980 5641 paenitentiam.

470 5741 517 5774 "
558 5739 795 5813 Philipp.
843 5762 901 5809 ιι,
927 5747 979 5812 7,
1012 5749 1061 5802 8.
1145 5747 1355 5803 “Joan.
1380 5764 1450 5811 tv,
1485 5746 1573 5802 5i.
1610 5805 1618 5810 _

2074 4546 2211 4610 vari,
2237 4545 2314 4599 ait
2337 4543 2483 4598 enim
2513 4561 2526 4596 :
3532 4620 3537 4629 ι

2147 4659 2206 4715 Si
2246 4660 2310 4713 de
2359 4656 2618 4726 sanguine
2650 4655 2794 4709 illius
2837 4654 2993 4708 restis
3024 4653 3181 4723 fuerit
3218 4666 3455 4720 aspersa.
3497 4647 3552 4702 id
3580 4659 3691 4727 est

2078 4767 2225 4817 caro,
2274 4749 2389 4820 ipsa
2423 4755 2505 4802 est
2548 4747 2693 4802 enim
2726 4745 2896 4800 vestis
2933 4743 3213 4798 interioris
3246 4738 3507 4803 hominis,
3540 4755 3662 4810 quae

2079 4845 2124 4901 si
2177 4856 2398 4912 aspersa
2450 4839 2633 4905 fuerit,
2687 4837 2759 4891 ibi
2796 4835 3061 4888 lavabilur
3105 4834 3160 4886 in
3203 4832 3313 4886 loco
3364 4840 3578 4896 sancto,
3609 4830 3664 4886 id

2083 4944 2166 4991 est
2190 4935 2292 4989 hoc
2318 4933 2495 5002 ipsum
2525 4930 2672 5000 quod
2701 4927 3027 4999 aspergitur,
3065 4925 3356 4991 lavabitur,
3395 4938 3507 4978 non
3535 4923 3664 4993 quia

2085 5025 2413 5082 maculatum
2439 5032 2522 5078 est
2546 5020 2897 5092 aspersione:
2924 5017 2966 5072 si
2993 5017 3140 5072 enim
3172 5017 3243 5071 ita
3273 5021 3440 5080 esset,
3474 5015 3665 5084 utique

2084 5118 2309 5174 dixisset
2337 5115 2422 5171 vel
2451 5113 2740 5182 adiecisset
2776 5110 2946 5174 illud;
2988 5107 3083 5162 sed
3124 5108 3229 5162 hoc
3256 5107 3399 5177 quod
3434 5105 3665 5160 efﬁcitur

2085 5208 2153 5263 ab
2202 5207 2315 5276 ipsa
2368 5204 2703 5275 aspersione,
2749 5199 3072 5254 lavationem
3122 5195 3417 5266 appellavit
3460 5195 3512 5247 in
3544 5194 3664 5249 loco

2086 5300 2282 5354 factam
2336 5305 2544 5360 sancto,
2589 5295 2641 5348 in
2690 5294 2853 5348 domo
2899 5289 3145 5360 mystica.
3190 5286 3426 5356 Spiritus
3456 5300 3587 5356 ergo
3616 5286 3662 5340 si

2082 5391 2205 5462 quis
2230 5389 2387 5445 fortis
2415 5389 2558 5444 lotus
2587 5384 2771 5449 fuerit,
2806 5382 2948 5438 sicut
2986 5388 3134 5442 sunt,
3164 5379 3314 5433 verbi
3338 5376 3531 5448 gratia,
3563 5391 3663 5447 pa,

2084 5497 2345 5553 ganorum
2404 5479 2767 5550 aspersiones,
2825 5489 2934 5529 non
3002 5473 3234 5535 lavatur,
3296 5469 3425 5541 quia
3453 5483 3566 5524 non
3607 5468 3662 5522 in

2084 5573 2204 5629 loco
2231 5580 2421 5627 sancto
2461 5567 2838 5639 aspersionem
2885 5579 2951 5619 ne
2971 5578 3059 5634 pte
3098 5560 3435 5617 ablutionem
3473 5571 3662 5615 suscev
