3992 6426
378 322 488 386 855

1576 338 1939 400 HESYCHII
1982 341 2457 405 PRESBYTERI

3549 349 3651 414 81.6

374 436 475 533 pit.
543 435 668 533 [hcc
724 452 854 533 ergo
903 437 1609 533 legislator._baptismatis
1644 464 1954 505 sermonem
1990 455 2030 509 Α
2062 455 2113 508 id
2153 464 2257 520 est,
2307 470 2529 510 onlnem
2572 457 2639 512 de
2686 455 3012 528 cognatione
3052 457 3398 515 sacerdotum
3445 477 3652 533 mascu-

378 523 570 579 volens
602 525 986 592 introducere,
1027 527 1182 583 dixit.
1218 527 1513 588 Evidentcr
1549 545 1733 590 autem
1771 538 1962 607 proxi-

379 630 502 670 mus
559 624 645 672 est
717 618 917 673 rationi
976 621 1313 691 poenitentia:
1369 641 1551 681 sermo
1595 628 1962 699 baptismatis,

382 707 526 763 unde
554 708 796 767 Joannes
825 713 1203 783 pcnnitentiam
1243 718 1537 787 praedicare
1585 722 1876 794 incipiens,
1907 725 1963 779 in

381 802 768 871 pnedicatione
811 822 907 860 sua
939 806 1210 863 inferebat
1254 812 1582 881 baptismum
1602 814 1668 882 ‘7,
1708 824 1767 871 ut
1813 817 1963 873 vide-

380 894 509 950 licet
556 898 813 968 mysterio
873 900 1209 969 pmniteutiae
1253 902 1307 956 in
1358 904 1685 974 baptismate
1729 907 1965 964 habente

378 991 758 1046 substantiam.
809 991 915 1047 Sed
970 993 1034 1047 ad
1082 1009 1144 1049 ea
1177 1011 1297 1065 qua:
1328 998 1736 1068 subsequuntur
1771 1016 1965 1072 proce-

379 1084 590 1139 damus.

456 1177 553 1232 Vas
587 1189 771 1250 autem
810 1181 974 1250 fictile
1028 1185 1083 1237 in
1109 1201 1211 1256 quo
1240 1201 1387 1241 coetu
1422 1196 1522 1251 est,
1583 1189 1961 1261 confringetur.

380 1265 531 1333 Quod
560 1271 606 1324 si
640 1288 729 1327 vas
758 1289 986 1342 (meum,
1014 1277 1381 1346 defricubitur,
1412 1288 1459 1333 et
1497 1278 1767 1335 lavabitur
1797 1300 1962 1352 aqua.

378 1352 534 1420 Quod
578 1366 661 1414 est
716 1369 897 1417 autem
941 1379 1036 1419 vas
1077 1365 1259 1432 ﬁctile,
1297 1375 1353 1421 et
1384 1367 1475 1423 ubi
1517 1369 1723 1439 jaccns,
1765 1370 1967 1428 Paulus

383 1450 647 1505 ostendit‘
682 1468 804 1519 cum
858 1454 1031 1510 dicit:
1088 1456 1157 1511 In
1200 1475 1394 1529 magna
1448 1469 1628 1515 autent
1665 1463 1818 1517 domo
1862 1481 1966 1518 non

382 1541 552 1601 solum
595 1556 716 1600 sunt
746 1564 876 1603 vasa
911 1566 1075 1605 aurea
1110 1561 1159 1606 et
1190 1561 1461 1624 argentea,
1490 1554 1581 1608 sed
1611 1564 1660 1609 et
1688 1555 1882 1624 lignea,
1917 1569 1967 1613 et

381 1634 591 1702 ﬁctilia,
637 1642 883 1709 quendam
930 1644 1139 1714 quidem
1190 1647 1245 1700 in
1270 1647 1486 1712 honore,
1525 1648 1965 1727 quaedamauteoi

382 1729 442 1781 in
478 1731 877 1788 contumelias”.
928 1733 985 1790 ln
1033 1742 1420 1796 contumeliam
1472 1743 1724 1799 videlicet
1749 1758 1812 1797 ea
1846 1757 1966 1812 qua:

384 1832 513 1875 sunt
559 1822 761 1879 ﬁctilia.
820 1826 1064 1900 Magnam
1101 1840 1282 1888 autem
1327 1834 1575 1901 domum,
1616 1844 1806 1907 utpote
1844 1850 1967 1905 qua:

383 1912 580 1970 domus
632 1915 725 1972 Dei
768 1928 870 1988 est,
907 1920 1206 1981 Ecclesiam
1258 1925 1548 1991 intellexit,
1587 1929 1641 1984 in
1667 1945 1774 2001 qua
1805 1946 1969 1987 aurea

383 2020 514 2059 vasa
551 2016 603 2062 et
631 2019 887 2079 argentea
912 2011 1068 2082 justi,
1092 2016 1271 2073 ﬁctilia
1290 2027 1606 2089 peccatores
1627 2030 1775 2076 sunt.
1791 2020 1969 2078 Dixit-

383 2112 491 2167 que
547 2100 749 2171 quippe
799 2112 856 2158 ct
903 2104 1065 2161 Isaias
1118 2109 1187 2164 de
1236 2110 1576 2168 Jerusalem:
1616 2111 1797 2170 Veniet
1844 2131 1971 2168 cou-

384 2191 529 2245 tritio
583 2193 717 2262 ejus,
780 2205 829 2249 et
885 2200 1265 2257 comminuetur
1291 2205 1425 2258 sicut
1458 2208 1745 2262 conteritur
1778 2206 1969 2279 lagcna

380 2283 534 2353 ﬁguli
598 2289 909 2345 contritione
970 2293 1285 2362 pervalida,
1344 2307 1520 2353 etnon
1567 2301 1867 2355 invenietur
1906 2300 1971 2355 de

381 2376 692 2446 fragmentis
720 2381 1026 2451 ejus'testa,
1069 2387 1125 2440 in
1162 2404 1268 2459 qua
1317 2400 1558 2460 portetur
1604 2392 1872 2464 igniculus
1907 2393 1970 2447 de

381 2466 638 2534 incendio,
672 2483 763 2525 aut
789 2474 1072 2531 Imuriatur
1091 2494 1283 2547 parum
1314 2497 1466 2553 aqua:
1499 2486 1562 2536 de
1586 2483 1732 2554 fovea
1750 2483 1970 2555 “.Ergo

378 2557 504 2626 quia
534 2575 660 2615 vasa
687 2561 740 2615 in
771 2564 971 2633 quibus
1016 2581 1210 2623 carnes
1261 2569 1509 2625 sacriﬁcii
1541 2581 1880 2641 coquuntur,
1913 2574 1969 2626 in

381 2648 583 2718 templo
637 2661 785 2718 sunt,
831 2668 953 2711 esse
1001 2665 1184 2712 autem
1227 2658 1281 2713 in
1335 2661 1538 2731 templo
1591 2662 1684 2717 Dei
1718 2663 1968 2732 qumdam

379 2735 593 2794 inﬁrma
626 2757 751 2797 vasa
807 2757 873 2797 ex
912 2745 1186 2815 prmdictis
1210 2748 1524 2818 apostolicis
1564 2751 1748 2806 verbis
1784 2761 1970 2807 osten-

379 2831 582 2896 dimus,
629 2836 943 2907 quicunque
989 2847 1075 2893 est
1127 2842 1181 2895 in
1231 2842 1431 2913 templo
1458 2858 1552 2900 vas
1578 2844 1762 2910 ﬁctile,
1799 2844 1853 2900 id
1885 2853 1971 2901 est

380 2920 632 2978 inﬁrmus
677 2925 945 2997 quispiam
980 2941 1035 2984 et
1060 2930 1332 2998 sordidus,
1369 2942 1424 2988 et
1453 2934 1545 3004 qui
1578 2933 1632 2988 in
1686 2937 1969 3006 peccando

380 3016 834 3073 consuetudinem
885 3020 1030 3085 fecit,
1076 3032 1223 3078 utcx
1270 3024 1393 3091 hoc,
1425 3027 1566 3083 sicut
1591 3039 1803 3084 amator
1836 3046 1970 3101 pec-

379 3114 648 3175 catorum,
696 3125 790 3164 vas
828 3114 1175 3171 contumeliae
1218 3119 1551 3185 nominetur,
1605 3130 1760 3177 cocto
1794 3125 1965 3178 saeri-
1997 3156 2043 3220 ο

382 3198 523 3265 licio,
572 3217 670 3272 per
724 3205 870 3275 quod
913 3217 1262 3276 peccatorum
1302 3211 1656 3283 dispensatur
1688 3216 1966 3282 remissio,

381 3303 671 3364 propterea
725 3298 1086 3371 confringitur
1138 3302 1254 3358 sive
1311 3305 1652 3374 conteritur,
1686 3309 1813 3380 quia
1844 3324 1971 3364 cum

382 3397 529 3442 esset
578 3380 846 3457 inﬁrmus,
892 3392 1035 3449 bona
1084 3396 1224 3450 male
1268 3399 1562 3470 percepit:
1603 3401 1794 3457 videns
1823 3403 1970 3457 enim

384 3490 607 3553 peccata
645 3484 865 3551 dimitti,
903 3497 1058 3557 putat
1085 3505 1303 3562 semper
1345 3492 1510 3549 licere
1548 3510 1797 3565 peccare,
1821 3504 1878 3551 et
1907 3511 1975 3550 ex

385 3590 452 3630 co
474 3576 619 3647 quod
668 3578 913 3650 juvatur,
954 3582 1120 3637 altera
1159 3583 1309 3640 lzesio
1346 3594 1402 3639 et
1432 3587 1691 3642 contritio
1740 3588 1974 3644 inﬁrmi-

390 3670 515 3726 tatis
544 3671 817 3728 invenitur
846 3674 1090 3732 alterius.
1121 3676 1446 3750 Quicunque
1485 3691 1669 3737 autem
1702 3682 1857 3739 fortis
1889 3692 1976 3739 est

392 3770 452 3816 ut
488 3777 585 3828 ms,
630 3772 687 3819 et
743 3767 1042 3837 aeruginem
1117 3770 1326 3839 peccati
1406 3788 1518 3827 non
1597 3774 1830 3841 habens,
1886 3776 1977 3833 hic

387 3856 636 3912 cet-tione
655 3859 988 3929 poenitentia:
1005 3878 1114 3917 non
1138 3874 1470 3931 conteretur,
1515 3884 1694 3940 neque
1728 3868 1976 3925 confrin-

360 3956 562 4023 ‘getur,
591 3954 688 4009 sed
718 3954 1014 4011 defricatur
1033 3958 1150 4013 sive
1171 3961 1488 4031 exlergitur,
1516 3961 1569 4017 id
1593 3970 1700 4031 est,
1718 3964 1973 4020 diluitur.

390 4044 458 4100 Et
495 4047 773 4117 quomodo
829 4049 1102 4105 diluitur?
1145 4054 1299 4122 Aqua
1346 4053 1492 4110 lotus
1533 4072 1549 4112 :
1589 4056 1786 4113 videns
1828 4058 1975 4112 enim

386 4137 555 4193 alium
611 4140 989 4210 poenitentem,
1051 4153 1304 4199 movetur
1346 4147 1413 4202 ad
1469 4149 1974 4219 compunctionem,

389 4239 447 4287 et
488 4233 785 4288 mundatur
839 4249 980 4305 aqua
1021 4236 1381 4309 lacrymarum
1432 4239 1598 4296 lotus.
1650 4240 1765 4295 Cur
1794 4249 1976 4296 autem

388 4321 613 4380 alterius
663 4326 983 4394 poenitentia
1034 4329 1198 4400 coqui
1228 4330 1282 4384 in
1320 4331 1484 4396 vasis,
1518 4347 1641 4403 qua:
1681 4332 1737 4387 in
1770 4333 1975 4405 templo

388 4425 514 4472 sunt
584 4418 902 4486 constituta,
965 4421 1210 4478 dicitur?
1275 4423 1411 4491 Quia
1444 4425 1498 4479 hi
1527 4425 1620 4496 qui
1665 4436 1833 4498 agunt.
1860 4442 1978 4498 βω·
2023 4462 2026 4465 λ

2070 549 2203 615 lum,
2245 548 2391 620 quod
2440 549 2655 605 videtur
2706 564 2830 604 esse
2866 550 3206 605 contrarium
3257 544 3439 622 aliq'uo
3473 556 3649 621 modo,

2067 640 2173 695 nisi
2213 640 2547 711 competenti
2584 641 2927 711 expositione
2978 642 3242 697 solvatur.
3288 642 3652 710 Quamobrem

2067 733 2406 788 sacerdotem
2463 732 2682 804 quidem
2742 732 3064 788 oﬁ‘erentem
3123 733 3394 804 integrum
3448 736 3655 791 sacriﬁ-

2065 824 2235 887 cium,
2281 831 2337 878 et
2396 824 2776 879 comedentem
2838 823 3095 895 intelligis
3169 822 3471 880 Christum.
3534 826 3656 897 Ipse

2065 916 2249 963 autem
2291 919 2532 964 nostram
2576 910 2770 965 oﬁ‘eret
2808 912 3205 981 paenitentiam,
3239 912 3353 984 ipse
3392 922 3446 969 et
3472 930 3655 970 come-

2066 1001 2177 1066 det,
2206 1002 2334 1073 quia
2363 1003 2546 1058 cibum
2573 1002 2805 1058 salutem
2837 1014 3185 1074 peccatorum
3219 1006 3406 1061 habet.
3450 1006 3656 1064 Carnes

2067 1102 2249 1149 autem
2302 1094 2576 1161 sacriﬁcii,
2621 1110 2744 1166 quae
2801 1098 3080 1166 pertinent
3127 1098 3198 1153 ad
3251 1098 3652 1168 pcnnitenttam.

2066 1187 2247 1243 omnis
2288 1187 2564 1243 masculus
2596 1188 2665 1243 de
2717 1189 3099 1245 sacerdotibus
3133 1191 3406 1256 comedet,
3434 1206 3656 1247 onmem

2068 1275 2443 1333 fortitudinem
2493 1279 2889 1335 convenienter
2925 1280 3216 1349 exhibens,
3257 1284 3346 1337 cui
3391 1295 3539 1338 recte
3573 1283 3658 1337 di-

2067 1376 2259 1423 catur:
2296 1369 2525 1424 Viriliter
2559 1388 2679 1440 age.
2709 1380 2759 1425 et
2802 1372 3103 1443 conforture
3146 1384 3196 1427 et
3242 1374 3440 1428 sustine
3479 1373 3660 1428 Domi-

2069 1460 2272 1516 num“.
2326 1460 2392 1516 Et
2418 1462 2536 1518 haec
2584 1463 2802 1532 quidem
2830 1464 2899 1519 ita
2935 1481 2994 1519 se
3023 1465 3247 1521 habent.
3302 1465 3412 1521 Sed
3437 1467 3659 1521 intuen-

2069 1550 2196 1606 dum
2232 1562 2335 1617 est,
2366 1556 2531 1622 quem
2567 1553 2871 1608 subinferat
2905 1554 3225 1609 terminum.

2129 1643 2319 1697 Hostia
2341 1643 2477 1697 enim
2504 1659 2620 1715 qua:
2647 1646 2870 1699 cwditur
2885 1661 2980 1714 pro
2999 1658 3232 1715 peccato,
3265 1648 3419 1718 cujus
3443 1652 3662 1721 sanguis

2069 1736 2301 1809 infertur
2330 1739 2386 1791 in
2427 1737 2769 1792 tabernaculo
2801 1739 3104 1802 testimonii,
3137 1741 3207 1793 ad
3255 1740 3581 1809 expiandum
3610 1743 3664 1794 in

2070 1830 2398 1895 sanrtuario,
2439 1847 2541 1884 non
2583 1831 2904 1895 concedetur,
2943 1833 3036 1886 scd
3072 1831 3405 1886 comburetur
3437 1833 3570 1904 igni.
3604 1831 3667 1887 Et

2071 1923 2228 1989 cujus
2262 1921 2486 1990 sanguis
2519 1938 2618 1992 pro
2659 1931 2884 1992 peccato
2924 1924 2979 1977 in
3016 1923 3369 1978 tabernaculo
3412 1925 3668 1979 testimo-

2071 2016 2148 2070 nii
2176 2015 2244 2070 ad
2274 2014 2602 2086 expiandum
2635 2031 2730 2070 seu
2759 2016 3162 2086 deprecandum
3192 2015 3460 2072 oﬁ‘ertur?
3495 2014 3667 2072 Vitnli

2070 2107 2281 2163 scilicet
2334 2107 2774 2179 congregationis
2853 2108 2970 2164 sive
3029 2107 3366 2180 Synagogaa,
3437 2109 3491 2164 id
3586 2117 3670 2164 est

2072 2197 2246 2262 vituli,
2300 2214 2398 2269 pro
2444 2209 2669 2270 peccato
2698 2198 2996 2270 pontiﬁcis,
3035 2199 3139 2253 hoc
3167 2198 3317 2253 enim
3346 2197 3670 2269 plenissime

2072 2290 2328 2362 superius
2353 2289 2509 2345 dixit.
2545 2289 2683 2356 Quia
2713 2303 2844 2360 ergo
2874 2289 2964 2344 illa
3013 2289 3278 2345 sacriﬁcia
3309 2289 3499 2345 multis
3534 2306 3670 2361 prec

2072 2382 2386 2441 bationibus
2453 2382 2522 2437 ad
2596 2381 2877 2438 Christum
2936 2380 3279 2440 ostendimus
3339 2382 3666 2453 pertinere:

2072 2484 2221 2530 recte
2270 2489 2333 2529 ea
2374 2472 2584 2529 comedi
2635 2489 2743 2527 non
2782 2474 3063 2544 praecepit,
3104 2473 3200 2529 sed
3232 2473 3357 2544 igne
3388 2462 3666 2529 comburi.

2070 2565 2260 2637 Neque
2319 2564 2465 2620 enim
2524 2580 2624 2635 per
2679 2580 2764 2630 ea,
2814 2580 2906 2635 per
2955 2579 3076 2634 quae
3123 2564 3225 2620 sibi
3286 2564 3670 2635 unusquiSque

2072 2659 2449 2714 remissionem
2500 2664 2848 2728 peccatorum
2897 2655 3168 2727 proﬁigat,
3222 2671 3321 2725 per
3363 2655 3666 2725 jejunium,

2070 2751 2221 2807 verbi
2264 2750 2455 2823 gratia,
2493 2759 2586 2804 aut
2614 2750 2826 2821 vigilias
2862 2749 2946 2806 vel
2973 2748 3132 2803 aliam
3163 2748 3399 2803 similem
3428 2764 3670 2804 conver—

2071 2842 2361 2904 sationem,
2410 2841 2553 2896 unde
2585 2849 2641 2896 et
2680 2842 2798 2896 biec
2843 2847 3045 2896 nostra:
3101 2840 3285 2894 carnis
3324 2840 3670 2910 poenitentiae

2072 2934 2366 2989 dicuntur:
2423 2948 2526 2987 nec
2581 2948 2711 3004 ergo
2764 2949 2862 3002 per
2903 2933 3020 2988 haec
3069 2930 3322 2986 Christus
3354 2934 3673 2988 communis

2072 3024 2281 3094 peccati
2344 3024 2421 3092 (id
2475 3032 2557 3081 est
2615 3023 2840 3079 humani
2896 3023 3153 3095 generis,
3218 3023 3366 3094 quod
3428 3025 3674 3096 populus

2073 3115 2339 3187 signiﬁcat
2379 3125 2434 3170 et
2477 3114 2676 3169 snuuni
2725 3115 3025 3170 sacerdotis
3090 3129 3347 3185 persona.
3391 3115 3486 3185 qui
3538 3115 3672 3187 quia

2075 3213 2275 3278 praeest
2311 3205 2533 3277 populo,
2555 3205 2775 3276 propria
2809 3204 2941 3261 facit
2971 3205 3159 3276 utique
3192 3205 3377 3276 p0puli
3419 3206 3671 3278 peccata)

2074 3299 2284 3372 peragit
2308 3296 2712 3361 remissionem,
2745 3297 2841 3353 sed
2872 3297 3198 3352 auctoritate
3227 3307 3279 3352 et
3311 3297 3514 3353 virtute
3539 3314 3676 3368 pro-

2073 3395 2206 3466 priaa
2243 3390 2568 3449 divinitatis.
2619 3390 2823 3446 Christi
2871 3389 3022 3446 enim
3049 3390 3356 3460 passiones,
3392 3405 3491 3460 per
3532 3406 3678 3461 quas

2073 3487 2232 3542 nobis
2262 3484 2513 3541 remissio
2544 3493 2887 3556 procuratur,
2930 3498 3043 3538 non
3075 3482 3315 3538 hominis
3344 3483 3673 3553 cujusquam

2074 3578 2218 3652 puri,
2253 3577 2349 3634 sed
2381 3575 2477 3633 Dei
2506 3586 2637 3633 sunt
2660 3574 2953 3631 incarnati.
2982 3573 3216 3646 Propter
3242 3575 3387 3645 quod
3428 3590 3542 3628 non
3582 3584 3674 3628 est

2074 3672 2282 3731 esibilis
2316 3670 2652 3736 hominibus,
2678 3669 2773 3726 sed
2804 3668 2927 3741 igne
2951 3668 3317 3734 consumitur,
3347 3667 3472 3737 quia
3501 3667 3679 3722 solius

2080 3765 2170 3821 Dei
2211 3772 2297 3820 est
2347 3761 2723 3819 remissionem
2766 3758 2915 3814 omni
2972 3758 3216 3828 praebere
3265 3774 3365 3813 suo
3395 3757 3676 3828 plasmati,

2075 3856 2220 3927 quod
2252 3870 2349 3926 per
2384 3850 2565 3925 ignem
2608 3848 2899 3922 signiﬁcat.
2958 3848 3098 3903 Deus
3145 3848 3293 3904 enim
3327 3858 3503 3903 noster
3536 3848 3680 3921 ignis

2077 3963 2381 4004 consumens
2403 3952 2478 3999 est
2494 3944 2562 3999 ".

2678 4031 2905 4088 CAPUT
2957 4029 3069 4087 Vll.

2151 4130 2312 4185 Vens.
2352 4126 2472 4182 l-7.
2511 4147 2529 4178 ‹
2566 4124 2694 4180 [hec
2723 4138 2943 4194 quoque
2980 4130 3065 4177 est
3094 4122 3180 4178 lex
3211 4121 3407 4177 hostia:
3441 4137 3541 4193 pro
3578 4121 3681 4177 (le-

2080 4223 2229 4285 liclo,
2252 4220 2511 4277 Sanctum
2529 4229 2843 4274 sanctorum
2862 4228 2975 4282 est;
2998 4216 3223 4281 idcirco,
3249 4217 3340 4272 ubi
3361 4218 3683 4272 immolatur

2082 4313 2487 4375 holocaustum,
2539 4308 2865 4365 mactabitur
2914 4314 2971 4363 et
3014 4309 3233 4363 victima
3279 4325 3376 4378 pro
3432 4308 3678 4375 delicto;

2084 4410 2304 4483 sanguis
2332 4411 2453 4481 ejus
2477 4424 2575 4480 per
2598 4423 2789 4480 gyrum
2816 4406 3077 4462 fundetur
3103 4407 3310 4462 altaris.
3344 4406 3591 4463 Olferent
3616 4423 3682 4463 ex

390 4508 697 4575 nitentiam,
743 4513 1109 4569 necessariam
1132 4515 1202 4570 ad
1243 4515 1578 4586 adjotorium
1614 4518 1818 4574 habent
1846 4535 1973 4575 ora-
2007 4516 2050 4571 ο
2080 4522 2143 4563 ea
2182 4505 2435 4572 calidam.
2476 4511 2531 4559 θῑ
2575 4502 2791 4573 adipem
2825 4499 2921 4571 qui
2964 4499 3146 4571 οβθτίι
3189 4500 3392 4565 Vltima:
3419 4500 3561 4555 duos
3593 4516 3683 4553 τε·

388 4604 595 4657 tionem
651 4605 858 4675 populi,
907 4608 1107 4678 quibus
1144 4619 1436 4666 attestatur
1469 4609 1710 4668 Jacobus
1746 4613 1977 4671 dicens:

342 4712 351 4717 ·
388 4695 724 4768 Conﬁtemini
754 4700 1069 4757 alterutrum
1107 4713 1323 4773 peccata
1362 4712 1559 4771 vestra,
1595 4715 1644 4760 et
1682 4716 1831 4761 orate
1885 4723 1982 4777 pro

389 4791 608 4847 invicem
646 4803 700 4848 ut
734 4795 1093 4851 solvemini”.

458 4884 639 4942 Omnis
680 4890 947 4945 masculus
1004 4891 1068 4945 de
1120 4908 1307 4963 genere
1346 4893 1701 4961 sacerdotali,
1748 4903 1983 4949 vescetur

389 4978 634 5034 carnibus
654 4980 789 5050 ejus,
832 4981 957 5052 quia
992 4980 1248 5037 Sanctum
1294 4993 1600 5038 sanctorum
1639 4994 1736 5039 est.
1779 4985 1836 5040 ld
1868 4993 1975 5051 est,

389 5067 497 5122 hoc
539 5069 686 5138 quod
728 5071 970 5140 pertinet
1017 5072 1085 5127 ad
1138 5074 1473 5144 poenitentia:
1506 5077 1802 5143 actionem,
1851 5076 1978 5131 forti

390 5160 535 5216 enim
592 5178 730 5233 opus
775 5172 860 5220 est
898 5181 1062 5222 sensu
1098 5175 1153 5221 et
1189 5166 1328 5221 virili
1360 5168 1668 5239 intentione
1715 5169 1853 5222 nihil
1898 5167 1981 5223 fe-

392 5256 633 5312 mineum
671 5273 851 5331 neque
890 5260 1092 5315 ﬁuxum
1135 5261 1393 5324 habente,
1450 5261 1508 5315 in
1554 5261 1764 5333 agenda
1809 5262 1986 5331 poeni-

394 5354 587 5408 tentia.
620 5354 931 5409 Notandum
975 5362 1178 5417 autem,
1215 5354 1340 5424 quia
1380 5353 1705 5409 sacriﬁcium
1754 5352 1977 5424 quidem

392 5462 518 5501 eum
546 5446 637 5517 qui
664 5446 860 5502 oﬁ'cret
887 5445 1224 5502 sacerdotem
1258 5447 1394 5502 dixit
1422 5447 1713 5502 comedere
1736 5464 1749 5501 :
1791 5460 1986 5502 carnes

392 5546 574 5592 autem
627 5537 877 5594 sacriﬁcii
922 5552 1117 5592 omnes
1167 5539 1440 5594 masculos
1484 5539 1553 5591 de
1586 5536 1982 5596 sacerdotibus,

2089 4596 2380 4662 nunculos,
2413 4604 2468 4651 et
2493 4592 2903 4666 pinguedinem,
2947 4607 3070 4662 quae
3107 4591 3263 4661 juxta
3295 4590 3385 4646 ilia
3415 4598 3519 4658 est,
3551 4593 3682 4646 reti-

2089 4694 2384 4762 culumque
2425 4689 2627 4762 jecoris
2666 4703 2790 4743 cum
2842 4687 3180 4753 rcnunculis,
3225 4695 3282 4742 et
3331 4688 3575 4743 adolebit
3620 4707 3684 4743 ea

2090 4784 2348 4842 sacerdos
2395 4798 2560 4853 super
2599 4782 2807 4837 altare:
2860 4781 3142 4836 incensum
3189 4791 3274 4836 est
3323 4780 3536 4836 Domini
3584 4798 3686 4851 pro

2091 4880 2317 4936 delicto.
2345 4877 2536 4935 Omnis
2580 4876 2859 4932 masculus
2903 4876 2971 4931 de
3002 4875 3322 4929 sacerdotali
3369 4891 3589 4947 genere,
3626 4876 3682 4930 in

2087 4973 2208 5029 loco
2249 4980 2441 5029 sancto
2488 4977 2742 5025 vescetur
2801 4969 2887 5022 his
2939 4967 3220 5028 carnibus.
3256 4967 3384 5038 quia
3416 4968 3683 5022 Sanctum

2083 5071 2399 5119 sanctorum
2466 5068 2572 5116 est.
2646 5059 2713 5115 Et
2789 5060 2932 5115 sicut
3002 5074 3102 5130 pro
3174 5068 3402 5131 peccato
3457 5059 3687 5114 oﬁ'ertor

2085 5154 2313 5218 hostia,
2389 5153 2463 5209 ita
2547 5158 2603 5206 et
2674 5167 2775 5221 pro
2847 5151 3409 5222 delicto;utriusque
3493 5150 3686 5205 h0sti:e

2087 5266 2194 5306 una
2232 5249 2315 5302 lex
2345 5246 2472 5313 erit,
2506 5246 2586 5301 Ad
2618 5246 2961 5300 sacerdotem
2991 5246 3082 5317 qui
3109 5261 3230 5299 eam
3266 5243 3529 5301 obtulerit
3556 5258 3685 5315 per-

2090 5341 2302 5398 tinehit.
2348 5359 2367 5390 ι

2170 5434 2435 5490 Delictum
2486 5432 2778 5503 aliquando
2832 5433 3053 5503 quidem
3104 5431 3445 5504 recognitum
3492 5445 3683 5501 pecca-

2099 5541 2213 5585 tum
2253 5537 2430 5591 vocat,
2477 5525 2769 5595 aliquando
2818 5536 3004 5581 autem
3038 5525 3194 5590 illud,
3230 5525 3375 5596 quod
3410 5526 3465 5579 in
3507 5524 3683 5594 ipsum

465 5758 732 5834 "Alitth.
765 5780 848 5831 ut,
909 5763 1116 5834 8seqq.
1210 5763 1322 5819 “ll
1368 5764 1510 5819 Tim.
1556 5776 1615 5833 ll,
1646 5763 1739 5821 ‘20.
1839 5758 1972 5816 “Is:

2079 5772 2183 5821 xx,
2213 5749 2298 5807 Η.
2372 5748 2424 5783 ⁸ο
2447 5747 2561 5806 Jac.
2594 5765 2648 5819 v,
2686 5748 2771 5807 16.
2851 5750 2892 5783 ’τ
2919 5747 3064 5805 Psal.
3096 5764 3247 5813 xm,
3278 5747 3360 5804 ll.
3439 5748 3489 5781 ει
3516 5744 3673 5800 lieut.

398 5839 471 5895 Iv,
497 5827 590 5887 εὖ.
