3992 6426
362 360 471 428 857

1520 371 1599 432 IN
1638 373 2078 436 LEVITLCUM.
2119 402 2188 414 ·-·
2224 379 2369 438 LIB.
2416 380 2500 440 ΙΙ.

3530 378 3637 443 853

360 478 722 534 committitur
756 476 949 543 Deum,
978 480 1119 536 sicut
1148 481 1278 535 illud
1307 481 1451 551 quod
1496 483 1554 538 ia
1583 486 1790 539 sanctis
1822 502 1945 555 per-
1975 498 2020 549 Α
2051 490 2356 547 litationem
2404 493 2706 563 signiﬁcat,
2753 508 2875 564 qua
2923 493 3082 548 nobis
3134 490 3385 548 ordinata
3430 504 3513 548 eat
3566 494 3636 546 ad

359 580 629 641 petratur,
678 571 1140 642 quemadmodum
1175 574 1427 643 superius
1465 574 1828 631 ostendimus.
1872 577 1947 633 De

358 660 449 716 his
492 675 684 716 rursus
736 676 972 731 przesens
1030 661 1184 717 locus
1237 660 1389 717 dicit.
1455 660 1805 717 Manifestum
1864 673 1949 718 cst

355 761 542 807 autem
569 767 634 807 ex
667 768 753 815 eo,
797 752 943 823 quod
984 762 1041 808 et
1079 769 1180 823 pro
1225 755 1347 819 hoc,
1378 753 1680 809 secundum
1718 754 1863 824 quod
1893 763 1948 810 et

353 840 502 897 LXX
545 844 856 912 specialiter
903 844 1111 908 dicunt,
1172 845 1396 900 arietem
1433 845 1617 900 offerri
1663 846 1942 916 praecepit.

356 928 467 985 Sed
500 930 639 985 etin
674 947 783 1001 quo
823 935 1267 988 communionem
1300 934 1465 988 habet
1495 950 1620 989 cum
1655 935 1944 991 sacriﬁciis

350 1022 582 1077 aliorum
623 1033 992 1093 peccatorum,
1041 1025 1181 1080 etin
1216 1041 1328 1094 quo
1356 1041 1553 1081 rursus
1590 1024 1775 1081 differt
1807 1026 1941 1082 sub-

348 1114 516 1171 tiliter
555 1115 911 1173 discutientes
937 1118 1301 1174 inveniemus.

424 1206 552 1263 llarc
597 1225 799 1280 quoque
851 1217 926 1264 est
956 1209 1041 1264 lea:
1086 1211 1270 1266 hostiae
1315 1228 1410 1280 pro
1447 1212 1657 1266 delicto.
1708 1210 1771 1265 In
1830 1225 1940 1280 quo

348 1298 495 1353 LXX
552 1302 786 1356 arietem
844 1301 1171 1373 specialiter,
1239 1312 1299 1359 ut
1349 1319 1515 1374 supra
1577 1304 1793 1358 dictum
1829 1312 1934 1367 est,

346 1402 742 1463 expresserunt
772 1395 1053 1451 dicentes:
1107 1395 1236 1450 [huc
1265 1406 1339 1451 est
1370 1396 1454 1450 lea:
1492 1398 1674 1451 arietis
1698 1414 1793 1466 pro
1828 1413 1937 1466 par-

344 1484 592 1549 nitentia,
624 1485 822 1542 Sancta
869 1499 1174 1545 sanctorum
1203 1500 1342 1545 sunt.
1376 1488 1441 1544 In
1484 1489 1596 1545 loco
1624 1507 1725 1559 quo
1747 1492 1937 1543 immo-

300 1607 315 1615 ρ
346 1576 533 1630 labunt
566 1578 1018 1646 holocautomata,
1070 1582 1394 1653 jugulabunt
1441 1592 1489 1637 et
1517 1584 1739 1636 arietem
1768 1582 1933 1650 paeni-

342 1671 525 1723 tentia:
547 1682 731 1725 contra
767 1672 938 1726 Deum
970 1683 1016 1727 et
1059 1676 1369 1744 sanguinem
1414 1674 1577 1743 ipsius
1616 1675 1834 1744 fundent
1861 1674 1933 1727 ad

2052 583 2299 639 salutem:
2332 584 2641 640 Notandum
2670 593 2872 652 autem,
2903 584 3031 656 quia
3067 598 3409 655 quaecunque
3459 583 3514 638 in
3544 597 3635 638 sa—

2050 674 2254 730 criﬁcio
2293 677 2663 747 paciﬁcorum.
2707 693 2771 733 ea
2811 678 2866 732 in
2902 678 3007 733 hoc
3050 677 3320 732 sacriﬁcio
3372 675 3633 745 praecepit

2048 767 2184 823 ﬁcri.
2210 769 2616 842 Adipemjnbet
2646 772 2852 829 oﬁ'crri.
2892 773 3171 828 Desiderat
3200 770 3347 826 enim
3377 770 3631 824 Christus

2045 868 2102 914 et
2154 876 2283 916 cum
2332 862 2424 932 qui
2474 864 2657 934 gravia
2710 865 2873 920 habet
2929 873 3174 935 peccata,
3220 861 3452 916 salvare.
3489 859 3629 914 Cum

2044 951 2225 1021 adipe,
2264 953 2565 1007 secundum
2602 953 2767 1018 LXX,
2812 962 2868 1009 et
2908 954 3153 1008 lumbum
3193 952 3404 1007 oﬁ‘eret.
3438 948 3628 1019 Neque

2042 1045 2189 1098 enim
2221 1045 2563 1100 solummodo
2600 1047 2703 1102 hoc
2749 1048 2885 1110 vult,
2931 1046 3027 1102 sed
3059 1053 3115 1100 et
3141 1054 3340 1115 potest.
3382 1043 3626 1098 Lumbus

2041 1144 2265 1202 autem,
2321 1144 2509 1206 utpote
2557 1137 2698 1193 forte
2746 1139 3078 1204 membrum,
3117 1136 3389 1208 signiﬁcat
3446 1136 3625 1190 virtu-

2040 1237 2149 1285 tem
2158 1270 2171 1285 .

2110 1320 2254 1375 Duos
2284 1320 2616 1385 ranunculos,
2662 1333 2712 1376 et
2753 1321 3121 1390 pinguedinem
3158 1335 3276 1390 qut:
3324 1320 3483 1389 juxta
3521 1318 3620 1372 ilia

2039 1421 2138 1467 est.
2175 1411 2302 1468 Vult
2334 1412 2537 1482 quippe
2577 1413 2811 1468 maxime
2842 1413 3158 1482 paenitentis
3179 1412 3431 1465 mandari
3462 1411 3620 1465 inte-

2038 1505 2235 1560 riorem
2282 1505 2581 1569 hominem,
2615 1506 2729 1559 vult
2758 1504 2924 1558 etiam
2960 1503 3165 1557 habere
3202 1518 3328 1557 eum
3358 1511 3414 1557 et
3453 1501 3621 1556 casti-

2036 1606 2223 1676 tatem.
2279 1596 2510 1667 Propter
2557 1597 2703 1667 quod
2754 1612 2863 1650 non
2917 1595 3092 1651 solum
3139 1594 3377 1657 renium,
3419 1593 3515 1648 sed
3562 1601 3620 1647 et

2034 1685 2285 1749 iliorum,
2332 1687 2419 1739 vel
2466 1686 2733 1740 lentarum
2777 1684 3162 1756 pinguedinem
3190 1723 3205 1747 ,
3253 1698 3350 1738 seu
3398 1683 3617 1751 adipem

341 1760 516 1815 basim
544 1762 735 1818 altaris
767 1764 825 1818 in
859 1767 1106 1823 circuitu.
1141 1766 1265 1822 llaec
1296 1782 1427 1837 ergo
1465 1766 1774 1821 communia
1804 1772 1934 1820 sunt
1969 1843 1994 1848 A
2034 1777 2237 1833 auferri
2280 1778 2468 1848 jussit,
2505 1777 2633 1847 quia
2662 1777 2781 1832 ιιωο
2811 1775 3210 1830 commisiiunis
3232 1774 3534 1828 ministeria
3563 1782 3620 1828 et

338 1865 469 1905 cum
496 1852 784 1917 sacriﬁcio,
815 1856 961 1925 quod
990 1872 1091 1926 pro
1134 1856 1240 1910 alio
1276 1855 1370 1910 illo
1412 1865 1635 1935 peccato
1675 1854 1928 1911 oﬁ‘ertur.

2037 1843 2304 1923 seminum
2354 1843 2634 1936 putantur.
2688 1865 2825 1920 Cum
2874 1864 2961 1919 his
3005 1865 3169 1919 etiam
3218 1863 3506 1918 reticulum
3534 1862 3618 1932 je-

339 1942 573 2015 Propter
603 1951 748 2019 quod
774 1964 837 2004 ea
870 1949 944 2005 ibi
983 1952 1360 2021 interpretata,
1404 1951 1492 2006 hic
1534 1960 1685 2006 recte
1705 1960 1931 2021 praeter-

339 2037 651 2094 mittentur.
684 2039 826 2107 Quid
864 2050 1046 2097 autem
1078 2043 1163 2098 his
1201 2043 1433 2106 addidit,

413 2123 602 2196 Offeret
632 2145 697 2181 ea:
724 2145 785 2183 ea
815 2131 1062 2190 caudam,
1097 2139 1147 2184 et
1179 2130 1388 2201 adipem
1417 2131 1508 2201 qui
1527 2132 1694 2201 operit
1717 2130 1926 2194 vitalia,

339 2217 475 2270 duos
504 2217 837 2280 ranunculos,
870 2230 918 2273 et
945 2221 1338 2289 pinguedinem,
1371 2237 1487 2289 qum
1500 2220 1664 2290 juxta
1703 2219 1801 2273 ilia
1830 2228 1925 2284 est,

340 2305 726 2378 reticulumque
761 2309 960 2378 jecoris
997 2326 1117 2364 cum
1157 2310 1478 2375 ranunculis,
1529 2321 1575 2365 et
1606 2311 1833 2364 adolebit
1865 2326 1927 2364 ea

339 2409 501 2462 super
532 2396 706 2453 altare
751 2401 1015 2467 sacerdos,
1065 2402 1337 2457 incensum
1365 2410 1437 2456 est
1474 2401 1688 2455 Domini
1715 2416 1811 2470 pro
1840 2402 1931 2455 de-

342 2485 488 2543 licto.
549 2488 707 2554 Quod
768 2491 913 2547 LXX
975 2494 1055 2549 sic
1105 2494 1323 2549 edunt:
1359 2494 1427 2548 Et
1469 2510 1676 2548 omnem
1717 2495 1927 2563 adipem

341 2580 460 2650 ejus
490 2583 694 2652 auferet
732 2585 798 2637 ab
833 2601 912 2650 eo,
965 2585 1200 2640 lumbum
1246 2596 1295 2640 et
1335 2603 1539 2641 omnem
1584 2587 1795 2656 adipem
1836 2588 1927 2657 qui

340 2672 513 2739 operit
557 2672 851 2739 interiora,
899 2684 946 2729 et
987 2692 1193 2732 omnem
1251 2679 1464 2749 adipem
1499 2680 1590 2748 qui
1632 2688 1707 2732 est
1740 2680 1797 2731 in
1846 2680 1929 2731 in-

341 2763 641 2827 terioribus,
681 2775 732 2820 et
763 2768 894 2822 duos
926 2786 1098 2835 renes,
1153 2780 1203 2825 et
1238 2772 1449 2841 adipem
1491 2772 1549 2825 in
1575 2772 1670 2837 eis,
1699 2773 1789 2843 qui
1851 2781 1927 2825 est

339 2854 398 2909 in
462 2857 773 2927 femoribus,
837 2868 886 2914 et
959 2862 1211 2931 pinnulas
1265 2863 1464 2933 jecoris
1529 2880 1649 2918 cum
1719 2866 1928 2918 renibus

338 2956 389 3002 et
454 2948 635 3019 oﬁ‘eret
688 2967 752 3005 ea
812 2953 886 3006 ad
939 2953 1114 3007 altare
1167 2955 1410 3008 sacerdos
1461 2955 1690 3010 hostiam
1744 2955 1929 3009 Domi-

340 3053 428 3092 no.
467 3038 593 3094 llam
618 3055 960 3112 nequaquam
998 3046 1271 3113 pertinent
1314 3045 1381 3100 ad
1406 3044 1638 3101 aliorum
1670 3056 1926 3116 peccato-

340 3144 463 3184 rum
510 3130 793 3196 sacriﬁcia,
855 3142 1072 3203 oportet
1119 3150 1251 3206 ergo
1309 3151 1372 3190 ea
1428 3136 1724 3191 discutere.
1789 3137 1926 3191 Illud

337 3230 523 3278 autem
567 3224 851 3281 intendere
900 3228 1049 3296 prius
1077 3236 1160 3282 cst
1205 3229 1599 3293 necessarium,
1632 3230 1759 3301 quia
1789 3230 1925 3286 deli-

337 3322 487 3368 ctum
552 3315 621 3370 ad
692 3316 860 3370 Deum
909 3318 1187 3373 refertur:
1225 3335 1570 3390 quaecunque
1626 3331 1815 3376 autem
1858 3321 1925 3376 ad

338 3404 510 3461 Deum
561 3407 896 3473 referuntur,
931 3409 1204 3468 diiﬁcilem
1241 3412 1445 3467 habent
1487 3413 1726 3475 veniam,
1758 3413 1835 3468 ita
1867 3421 1928 3468 ut

338 3496 456 3553 Heli
502 3498 631 3554 ﬁliis
664 3499 891 3557 diceret:
923 3500 982 3556 Si
1023 3502 1177 3557 homo
1210 3505 1500 3573 peccauerit
1546 3505 1604 3558 in
1641 3507 1925 3572 hominem,

336 3591 511 3647 orabit
530 3609 628 3663 pro
661 3609 760 3648 eo:
785 3594 832 3647 si
861 3611 978 3651 vero
1019 3596 1077 3650 in
1115 3595 1281 3650 Deum
1317 3600 1629 3668 peccauerit,
1667 3599 1784 3668 quis
1830 3614 1926 3669 pro

336 3700 397 3739 eo
443 3685 717 3740 orabit”?
753 3686 1074 3744 Necessario
1116 3701 1248 3759 ergo
1290 3689 1518 3744 arietem
1562 3688 1787 3760 ﬁguram
1828 3703 1926 3759 ge-

337 3787 553 3832 rentem
587 3778 823 3843 Domini,
862 3779 932 3834 de
968 3794 1077 3849 quo
1101 3779 1312 3835 dictum
1363 3790 1449 3835 est
1485 3799 1503 3834 :
1558 3781 1692 3836 Ecce
1744 3780 1926 3853 Agnus

335 3868 456 3937 Dei,
502 3885 620 3923 cccc
650 3870 740 3940 qui
785 3870 921 3924 tollit
953 3880 1226 3941 peccatum
1275 3873 1538 3936 mundi“,
1576 3873 1717 3927 sumi
1752 3873 1807 3926 in
1834 3889 1924 3927 sa-

334 3959 546 4015 criﬁcio
590 3959 850 4027 diximus,
899 3962 955 4016 in
1007 3977 1118 4033 quo
1144 3964 1263 4018 solo
1291 3971 1414 4029 est,
1446 3970 1666 4033 peccata
1711 3979 1833 4033 quae
1869 3964 1925 4018 in

338 4067 463 4105 cum
495 4054 786 4108 commissa
818 4063 946 4108 sunt
969 4055 1230 4110 relaxare.
1269 4053 1498 4126 Oportet
1519 4064 1701 4111 autem
1731 4057 1922 4126 quaeri,

339 4160 509 4215 quare
543 4162 654 4202 non
688 4147 868 4202 omnis
892 4152 1036 4204 aries
1067 4149 1122 4204 in
1163 4149 1542 4204 holocaustum
1573 4150 1663 4214 sit,
1705 4151 1845 4205 sicut
1871 4157 1929 4205 et

339 4237 564 4301 vitulus,
618 4238 711 4309 qui
748 4253 847 4309 pro
898 4240 1101 4309 populo
1140 4247 1197 4295 et
1248 4255 1349 4310 pro
1394 4239 1682 4295 sacerdote
1712 4239 1928 4294 oblatus

339 4337 442 4393 est,
472 4336 532 4383 et
562 4328 679 4398 ipse
713 4328 860 4382 enim
895 4328 1121 4400 ﬁguram
1150 4345 1341 4402 gerere
1369 4330 1616 4385 sacrificii
1650 4330 1926 4402 Unigcniti

340 4429 423 4475 cst
454 4420 737 4489 probatus.
772 4419 878 4475 Sed
910 4420 981 4476 ibi
1014 4421 1235 4491 quidem
1259 4422 1383 4491 quia
1411 4422 1678 4492 generalis
1709 4423 1928 4491 dispen-

2028 1958 2195 2026 coris,
2239 1959 2326 2013 vel
2354 1959 2496 2014 sicut
2524 1957 2688 2020 LXX,
2735 1958 3018 2028 pinnulam
3045 1957 3225 2026 epatis
3251 1971 3375 2010 cum
3406 1969 3615 2009 renun-

2028 2050 2164 2105 culis
2191 2048 2392 2103 auferri
2429 2049 2710 2119 praecepit,
2740 2056 2797 2102 et
2824 2046 3011 2102 oﬁ‘erri
3039 2062 3164 2103 cum
3198 2044 3322 2100 aliis
3359 2045 3417 2099 in
3455 2043 3614 2098 altari

2029 2141 2260 2196 hostiam
2298 2139 2541 2193 Domino.
2583 2137 2708 2191 Vult
2749 2138 2896 2193 enim
2929 2154 3054 2193 eum
3090 2137 3183 2207 qui
3232 2136 3612 2206 paenitentiam

2028 2234 2157 2304 agit,
2203 2231 2699 2301 concupiscentiam
2728 2230 3007 2300 propriam
3057 2245 3169 2284 non
3212 2230 3454 2292 habere,
3514 2229 3614 2286 sed

2026 2339 2247 2379 onmem
2307 2338 2426 2376 eam
2491 2321 2692 2376 oﬁ‘erre
2753 2321 2888 2376 Deo.
2933 2318 3072 2386 Quia
3111 2321 3610 2390 concupiscentias,

2027 2415 2145 2471 sive
2177 2413 2467 2478 desideria,
2508 2413 2565 2466 in
2599 2413 2796 2482 hepate
2828 2412 3036 2467 moveri
3061 2412 3274 2479 dicunt,
3303 2421 3360 2467 et
3386 2412 3608 2477 nutriri,

2026 2523 2256 2578 quarum
2307 2505 2561 2576 primitiae
2593 2520 2693 2575 per
2737 2504 3017 2574 pinnulam
3055 2504 3251 2559 oblatu:
3274 2505 3331 2559 in
3367 2506 3613 2561 sanctiﬁ-

2027 2597 2241 2652 catione
2299 2596 2503 2667 peragi,
2558 2609 2858 2665 omnesque
2907 2593 3106 2665 corrigi
3162 2593 3395 2652 faciunt.
3482 2595 3613 2653 Haec

2027 2689 2236 2753 dicens,
2269 2689 2478 2743 addidit
2503 2704 2520 2742 :

2105 2779 2207 2833 Pro
2226 2778 2417 2833 delicto
2434 2786 2529 2831 est.
2554 2774 2882 2842 Ostendens,
2896 2776 3024 2847 quia
3044 2792 3157 2833 non
3179 2777 3383 2841 [rustra
3400 2775 3613 2832 sacriﬁ-

2028 2872 2171 2926 cium
2203 2871 2308 2925 hoc
2344 2867 2567 2924 differre
2599 2869 2667 2923 ab
2704 2867 2826 2924 aliis
2852 2868 3154 2934 sacriﬁciis,
3194 2884 3316 2938 quae
3357 2875 3488 2922 sunt
3514 2884 3616 2938 pro

2027 2961 2286 3032 peccatis,
2330 2959 2485 3026 dixit,
2515 2959 2610 3014 sed
2653 2958 2780 3029 quia
2821 2973 2924 3029 pro
2948 2959 3147 3014 delicto
3175 2966 3279 3025 est,
3321 2958 3376 3013 id
3405 2966 3512 3023 est,
3556 2957 3615 3013 in

2031 3056 2201 3109 Deum
2233 3053 2406 3108 tendit
2439 3060 2724 3121 peccatum
2756 3051 2897 3119 ejus.
2927 3049 3084 3105 Unde
3119 3059 3172 3105 et
3200 3059 3407 3120 partem
3451 3048 3614 3105 Chri-

2030 3144 2100 3198 sti
2145 3140 2422 3203 sacriﬁcii,
2462 3140 2609 3210 quod
2645 3154 2745 3209 pro
2781 3140 2929 3195 omni
2962 3154 3160 3210 genere
3187 3140 3428 3194 humano
3457 3138 3615 3194 obla-

2032 3243 2145 3290 tum
2193 3242 2295 3298 est,
2351 3232 2406 3287 in
2457 3246 2564 3287 una
2615 3232 2780 3287 etiam
2822 3246 3055 3302 persona
3098 3231 3347 3301 accipere
3386 3245 3616 3287 necesse

2028 3326 2239 3382 habuit.
2273 3324 2500 3393 Reliqua
2540 3333 2723 3378 autem
2755 3337 2864 3377 non
2895 3324 3127 3393 accepit,
3165 3321 3294 3392 quia
3328 3322 3428 3376 soli
3459 3322 3615 3377 obla-

2027 3412 2194 3480 tioni,
2247 3427 2370 3483 quae
2410 3427 2509 3482 pro
2563 3411 2823 3466 omnibus
2867 3411 3049 3467 oblata
3102 3420 3209 3477 est,
3264 3417 3611 3481 competunt.

2025 3504 2216 3573 Neque
2265 3504 2411 3558 enim
2454 3502 2569 3558 sola
2637 3517 2761 3572 qua:
2816 3501 3074 3572 pnedicta
3132 3510 3279 3567 sunt,
3333 3499 3653 3570 Unigeniti.

2027 3593 2353 3649 sacriﬁcium
2404 3592 2698 3663 praestitit:
2748 3593 2845 3647 sed
2892 3601 2948 3647 et
2980 3602 3323 3648 mortuorum
3369 3608 3619 3648 resurre-

2026 3686 2311 3744 ctionem.’
2345 3697 2402 3740 et
2457 3684 2663 3740 diaboli
2723 3686 3281 3753 condemnationem,
3332 3686 3615 3742 maledicti

2027 3776 2438 3839 liberationem,
2535 3776 2774 3847 paradisi
2865 3778 3297 3843 restitutionem,
3382 3794 3614 3849 quarum

2028 3869 2455 3938 unumquodque
2510 3868 2764 3922 virtutem
2828 3866 3147 3935 paenitentis
3227 3850 3461 3923 excedit;
3530 3869 3617 3922 Ad

2026 3959 2188 4030 cujus
2244 3957 2714 4028 supplementum,
2752 3964 2941 4027 utpote
2995 3973 3109 4012 non
3165 3958 3271 4013 sibi
3312 3957 3619 4014 sufﬁciente

2025 4060 2250 4122 propter
2300 4047 2734 4118 magnitudinem
2790 4048 2997 4118 peccati
3057 4065 3124 4104 eo
3178 4050 3270 4120 qui
3326 4050 3611 4121 .peccavit,

2027 4152 2236 4215 partem
2288 4141 2554 4198 Dominici
2599 4141 2849 4197 sacriﬁcii
2892 4141 3331 4212 comprehendit.
3386 4140 3616 4211 Reliqua

2029 4243 2209 4291 autem
2259 4235 2331 4300 ei,
2379 4234 2525 4305 quod
2573 4250 2673 4304 pro
2699 4219 2956 4290 omnibus
2986 4243 3089 4299 est,
3135 4232 3407 4288 sacriﬁcio
3434 4241 3619 4289 custo-

2027 4328 2275 4384 diuntur.
2304 4326 2666 4397 Participatur
2686 4335 2867 4382 autem
2892 4340 2959 4381 eo
2979 4333 3036 4381 et
3058 4326 3180 4391 iste,
3213 4341 3312 4396 pro
3330 4342 3439 4396 quo
3470 4342 3618 4382 nunc
3648 4370 3653 4373 -

2029 4419 2357 4475 sacriﬁcium
2406 4419 2486 4483 ﬁt,
2527 4432 2652 4474 cum
2700 4434 2845 4473 unus
2890 4426 2947 4473 et
2996 4418 3112 4488 ipse
3147 4433 3215 4473 ex
3258 4418 3406 4473 omni
3438 4434 3618 4474 massa

341 4522 456 4566 sata
484 4519 569 4568 est
601 4513 871 4577 remissio,
900 4524 956 4569 et
980 4513 1162 4568 omnis
1191 4513 1415 4568 humani
1450 4506 1685 4583 generis
1707 4520 1923 4582 peracta
1960 4541 2003 4598 ί)
2029 4512 2118 4567 sit.
2161 4510 2455 4581 Postquam
2489 4516 2670 4564 autem
2729 4508 2883 4575 dixit,
2935 4508 3184 4579 quaedam
3233 4508 3487 4564 sacriﬁcii
3520 4524 3619 4578 pro

341 4614 425 4660 cst
450 4605 633 4669 venia,
662 4606 973 4661 necessarie
998 4621 1161 4660 omne
1185 4604 1390 4661 Christi
1416 4604 1739 4660 sacriﬁcium
1763 4603 1929 4659 oder-

345 4706 453 4757 tur,
502 4696 593 4753 hic
627 4705 812 4752 autem
859 4697 989 4753 illud
1026 4698 1285 4770 estquod
1326 4713 1425 4768 pro
1470 4698 1553 4754 eis
1604 4696 1686 4763 ﬁt,
1730 4698 1930 4768 quibus

344 4789 673 4846 sacriﬁcium
728 4800 783 4845 et
841 4791 1096 4847 remissio
1167 4800 1514 4863 procuratur.
1579 4789 1931 4859 Quaecunque

346 4897 477 4954 ergo
499 4899 626 4939 eum
652 4895 884 4953 possunt
904 4884 1137 4947 salvare,
1181 4885 1298 4939 haec
1330 4885 1385 4938 in
1412 4883 1738 4938 sacriﬁcium
1779 4883 1931 4936 Chri-

345 4976 413 5031 sti
471 4976 674 5045 suscipi
728 4976 1004 5045 legislator
1044 4977 1227 5043 jussit.
1260 4974 1392 5042 Qua:
1436 4977 1547 5030 sint
1594 4984 1778 5030 autem
1814 4975 1931 5029 lucc

347 5068 548 5125 Paulus
574 5071 696 5133 ait,
750 5069 941 5123 Pacem
977 5062 1259 5139 sequimini
1290 5085 1408 5122 cum
1438 5068 1678 5121 onmibus
1717 5068 1926 5130 dicens,

347 5166 397 5211 ct
438 5159 868 5220 sanctimoniam,
924 5157 1037 5210 sine
1084 5173 1189 5225 qua
1239 5172 1389 5210 nemo
1443 5157 1631 5210 ridebit
1674 5155 1928 5209 Deum”.

348 5249 504 5315 Quod
533 5259 589 5305 et
613 5264 761 5304 nunc
788 5249 1062 5319 lcgislator
1093 5248 1417 5318 signiﬁcavit
1469 5265 1568 5317 per
1602 5248 1930 5303 anteiactam

349 5341 718 5395 oblationem:
784 5341 1107 5395 interiorum
1160 5341 1308 5394 enim
1388 5342 1748 5411 cogitationes
1803 5348 1935 5395 sunt

266 5426 272 5437 ’
350 5431 706 5505 intelligihilia
754 5432 1038 5497 interiora,
1088 5432 1289 5502 quibus
1344 5448 1533 5502 pacem
1578 5432 1929 5496 habentibus,

350 5539 539 5596 pacem
580 5542 704 5580 cum
754 5525 1010 5580 omnibus
1058 5523 1399 5580 habebimus.
1431 5524 1719 5579 Ohlatione
1746 5533 1931 5579 autem

350 5618 589 5683 renium,
631 5626 687 5673 ct
720 5616 981 5688 pinnulae,
1007 5626 1063 5672 et
1092 5615 1289 5687 epatis,
1324 5626 1375 5672 et
1424 5615 1691 5672 femorum
1723 5617 1932 5672 sancti-

420 5819 468 5853 ⁸³
505 5817 524 5873 Ι
556 5817 692 5889 Reg.
746 5836 805 5886 lt,
835 5821 927 5877 9.3.
1003 5821 1227 5879 ll"Idan.
1255 5838 1294 5887 t,
1323 5823 1411 5880 29.
1488 5828 1533 5860 ⁵³
1568 5824 1735 5881 Hebr.
1764 5841 1858 5889 sit,
1902 5823 1984 5880 Η.

2031 4603 2232 4659 delicto
2265 4602 2562 4671 praecipua,
2602 4599 2846 4655 subdidit
2871 4599 3187 4655 communia
3233 4613 3357 4669 quae
3385 4598 3454 4653 de
3488 4612 3623 4669 pec-

2031 4695 2169 4751 catis
2197 4694 2380 4748 habet.

2107 4787 2293 4843 Omnis
2312 4783 2578 4838 masculus
2595 4785 2659 4839 de
2685 4783 3002 4838 sacerdotali
3024 4800 3210 4854 genere
3232 4784 3288 4837 in
3314 4784 3425 4836 loco
3438 4790 3621 4836 sancto

2034 4889 2266 4935 vescatur
2293 4878 2372 4931 his
2396 4877 2666 4939 carnibus,
2720 4876 2845 4947 quia
2886 4874 3139 4931 Sanctum
3174 4887 3479 4930 sanctorum
3524 4883 3620 4930 est.

2038 4968 2184 5024 Sicut
2217 4983 2313 5036 pro
2344 4974 2557 5036 peccato
2601 4966 2815 5036 oﬂ'ertur
2843 4966 3037 5027 hostia,
3073 4968 3150 5020 ita
3184 4977 3235 5020 et
3276 4981 3372 5037 pro
3409 4965 3619 5019 delicto.

2044 5064 2322 5132 Utriusque
2380 5062 2562 5116 hostiae
2617 5077 2724 5115 una
2774 5059 2859 5114 lex
2917 5061 3041 5115 erit.
3097 5059 3240 5131 Ergo
3289 5061 3426 5115 nihil
3472 5060 3624 5114 aliud

2039 5170 2314 5226 exponere
2357 5152 2468 5219 hic,
2518 5164 2610 5208 aut
2657 5153 2859 5208 addere
2901 5168 3131 5207 necesse
3167 5152 3452 5215 habemus,
3495 5151 3624 5218 quia

2039 5246 2350 5303 communia
2409 5247 2524 5301 haec
2568 5260 2689 5301 esse
2727 5260 2824 5315 pro
2876 5252 3119 5314 peccato,
3186 5253 3242 5298 et
3276 5259 3374 5313 pro
3423 5243 3626 5297 delicto

2041 5338 2304 5395 sacriﬁcia
2365 5338 2694 5393 audivimus.
2755 5335 3102 5391 Suilicienter
3165 5343 3345 5390 autem
3417 5334 3485 5387 de
3539 5333 3627 5389 his

2040 5446 2161 5501 qua:
2214 5447 2312 5501 pro
2365 5439 2589 5501 peccato
2638 5438 2767 5485 sunt
2815 5430 2870 5483 in
2924 5429 3200 5499 praedictis
3246 5427 3622 5498 exposuimus.

2044 5524 2149 5578 Sed
2185 5523 2656 5580 conﬁrmationem
2713 5522 2876 5578 etiam
2909 5523 3034 5578 huic
3065 5522 3169 5591 legi
3229 5521 3389 5576 talem
3435 5532 3624 5588 snper-

2042 5617 2249 5671 atltliJEl
2277 5634 2291 5670 :
