3992 6408
488 336 602 402 8'59

1693 322 2060 387 IIESYCHII
2098 320 2575 382 PRESBYTERI

3644 324 3734 389 860

560 451 643 507 Ad
699 451 1026 506 sacerdotem
1075 450 1168 518 qui
1206 465 1325 504 eam
1376 447 1624 501 obtulerit
1669 442 1973 515 pertinebit.
2021 471 2092 482 -—
2121 443 2166 498 Α
2200 450 2319 494 tur:
2354 436 2482 507 quia
2506 436 2627 511 ipse
2651 434 2808 489 nobis
2835 432 3151 504 patientiam
3182 431 3581 497 demonstravit,
3609 439 3739 523 ptius

489 544 731 599 Christus
773 553 952 598 autem
982 543 1127 596 nobis
1166 541 1476 612 propitiatio
1528 540 1699 609 factus
1729 545 1804 590 est
1822 536 1892 587 “.
1932 534 2077 603 Ergo

490 636 548 689 in
597 636 718 705 ipso
774 650 938 689 omne
986 633 1326 704 poenitentiae
1372 630 1704 688 sacriﬁcium
1731 627 2078 682 ministratur

489 736 546 781 et
571 726 767 798 agitur,
800 733 856 779 et
889 740 1052 779 omne
1100 722 1248 793 quod
1283 738 1348 778 ex
1382 722 1702 792 pmniteiitia
1728 718 1852 788 quis
1878 732 2078 773 conse-

489 819 692 889 quitur,
726 819 794 872 ad
823 834 947 872 eum
976 817 1235 883 refertur;
1274 816 1443 886 ipsius
1460 813 1706 878 eatjenim
1732 809 2075 881 poenitentia,

490 919 547 964 et
568 918 790 978 propter
820 908 984 971 hanc,
1013 918 1072 962 ut
1095 923 1198 963 nos
1222 907 1479 971 salvaret,
1498 904 1756 968 advenit;
1788 902 1935 971 quod
1962 916 2080 955 ma-

489 997 749 1053 nifestum
812 1008 990 1054 estex
1039 1013 1106 1053 eo
1152 998 1300 1067 quod
1349 997 1487 1051 dixit
1518 1015 1531 1049 :
1566 995 1687 1049 Non
1733 994 1851 1048 veni
1894 1007 2082 1048 vocare

483 1088 680 1156 justas,
715 1089 807 1142 sed
837 1098 1132 1157 peccatores
1165 1088 1222 1143 in
1266 1087 1628 1157 paenitentiam
1652 1086 1724 1139 ³⁷.

563 1176 726 1230 Vens.
770 1177 930 1230 8-10.
968 1196 986 1227 ι
1023 1177 1290 1232 Sacerdos
1318 1176 1409 1246 qui
1448 1174 1639 1230 oﬁ‘eret
1677 1174 1974 1229 holocausti
2001 1173 2083 1227 vi-

492 1266 737 1332 ctimam,
789 1267 1013 1322 habebit
1062 1268 1257 1337 pellem
1303 1267 1425 1336 ejus
1466 1273 1522 1320 et
1551 1281 1714 1321 omne
1741 1264 2067 1320 sacriﬁcium

491 1356 683 1411 similae
722 1358 867 1427 quod
912 1358 1169 1428 coquitur
1208 1358 1263 1411 in
1303 1348 1544 1421 clibano,
1589 1365 1645 1411 et
1698 1354 1963 1425 quidquid
2023 1354 2081 1407 in

490 1449 774 1512 craticula,
802 1450 889 1506 vel
914 1450 969 1502 in
991 1450 1264 1520 sartagine
1298 1460 1655 1518 praeparatur,
1695 1448 1815 1514 ejus
1861 1447 1974 1501 erit
1995 1462 2084 1500 sa-

492 1540 751 1604 cerdotis,
781 1556 812 1595 a
848 1556 959 1610 quo
994 1540 1257 1595 oﬁ‘ertur:
1300 1542 1415 1595 sive
1442 1540 1566 1594 oleo
1604 1554 1932 1608 conspersa,
1966 1538 2083 1592 sive

492 1630 644 1685 arida
677 1630 898 1693 fuerint,
932 1635 1147 1688 cunctis
1171 1632 1293 1687 ﬁliis
1324 1632 1508 1686 Aaron
1525 1647 1777 1686 mensura
1805 1645 1960 1701 aequa
1988 1646 2084 1700 per

492 1723 737 1793 singulos
773 1725 1106 1780 dividentur.
1138 1744 1157 1776 ι

552 1811 670 1867 Νοη
695 1816 1095 1886 qualiacunque
1124 1831 1220 1886 per
1245 1831 1309 1871 ea
1334 1830 1456 1885 quae
1476 1830 1625 1870 nunc
1648 1814 1923 1876 dicuntur,
1945 1813 2077 1884 legi-

492 1904 660 1960 slator
692 1907 963 1978 signiﬁcat
989 1927 1002 1963 :
1032 1909 1149 1964 haec
1164 1908 1454 1963 enimsunt
1476 1907 1530 1960 in
1555 1906 1754 1977 quibus
1784 1922 1909 1960 eum
1954 1922 2080 1977 per-

490 2007 800 2054 scrutantes
843 2008 904 2054 ut
938 2001 1406 2070 obstupescanms,
1456 2000 1681 2071 dignum
1717 2009 1821 2055 est.

559 2088 816 2145 Sacerdos
858 2094 947 2162 qui
991 2094 1168 2162 offeret
1212 2092 1506 2147 holocausti
1554 2094 1843 2158 victimam,
1873 2090 2082 2146 habebit

488 2180 677 2249 pellem
707 2183 841 2253 ejus.
867 2184 1008 2250 Quid
1047 2200 1147 2253 per
1189 2184 1385 2255 pellem
1419 2184 1647 2255 intelligi
1682 2184 1874 2254 possit,
1913 2182 2083 2237 mani-

487 2273 629 2328 feste
683 2275 925 2330 ostendit
978 2277 1083 2331 hoc
1133 2277 1281 2347 quod
1342 2276 1455 2331 Deo
1497 2292 1528 2330 a
1581 2276 1803 2331 diabolo
1855 2275 1923 2331 de
1976 2275 2082 2332 Job

486 2362 692 2418 dictum
723 2380 828 2420 ess.
855 2364 1085 2431 Quando
1121 2366 1270 2421 enim
1316 2365 1438 2430 Job,
1484 2381 1647 2435 quem
1692 2376 1751 2421 ut
1792 2365 2083 2420 abundan-

488 2461 597 2508 tem
627 2454 883 2510 omnibus
906 2456 1204 2518 accusavit.
1235 2471 1456 2511 omnem
1482 2455 1666 2512 saeculi
1693 2456 2079 2521 substantiam,

485 2543 604 2599 sive
640 2546 822 2600 omnia
865 2562 986 2617 quae
1025 2548 1172 2602 circa
1216 2564 1343 2603 eum
1385 2556 1545 2603 erant
1591 2547 1949 2617 disperdidit,
1990 2547 2082 2607 ille

486 2644 668 2690 autem
695 2637 749 2690 in
771 2652 869 2691 sua
905 2637 1186 2707 impietate
1226 2639 1549 2709 permansit,
1589 2639 1820 2695 audiens
1852 2655 1882 2694 a
1918 2640 2029 2695 Deo
2063 2657 2079 2695 :

487 2724 744 2796 Nunquid
777 2727 1123 2781 considerasti
1160 2742 1370 2782 servum
1417 2744 1590 2781 meum
1634 2726 1754 2793 Job,
1790 2728 1930 2797 quod
1975 2744 2084 2782 non

486 2817 557 2871 sit
588 2816 636 2870 ei
680 2817 871 2872 similis
916 2820 968 2871 in
1002 2828 1142 2872 terra
1179 2834 1198 2872 :
1250 2820 1330 2873 vir
1361 2818 1587 2888 simplex
1615 2828 1665 2873 et
1702 2827 1894 2885 rectus,
1927 2836 1991 2873 ac
2012 2820 2084 2873 ti-

488 2923 633 2961 mens
666 2908 866 2975 Deum,
900 2917 949 2962 et
983 2909 1230 2964 recedens
1267 2926 1301 2964 a
1339 2909 1502 2989 malo,
1548 2918 1600 2965 et
1631 2911 1803 2964 adhuc
1848 2912 2083 2966 retinens

486 2999 881 3052 innocentiam?
936 2999 1009 3054 Tu
1053 3009 1235 3054 autem
1300 3002 1625 3055 commovisti
1685 3017 1767 3055 me
1833 3004 2081 3058 adversus

2177 533 2400 605 quidem
2435 529 2624 584 dicens
2652 547 2663 581 :
2705 526 2769 580 In
2796 525 3057 595 patientia
3092 535 3262 578 vestra
3303 525 3614 592 possidebitis
3646 533 3749 584 ani-

2178 640 2295 677 mas
2334 630 2535 676 vestras
2550 619 2610 672 ⁸⁵.
2654 616 2903 671 Deinde:
2938 615 3003 669 In
3040 615 3236 668 mundo
3293 615 3641 670 tribulationes
3664 620 3748 672 ba-

2179 713 2383 776 bebitis,
2428 711 2519 764 sed
2541 708 2805 778 conﬁdite,
2840 707 2969 779 quia
3002 722 3095 777 ego
3134 705 3233 758 vici
3282 713 3523 760 mumtum
3546 709 3602 762 “.
3641 708 3739 764 Non

2178 806 2357 861 solum
2389 812 2572 857 autem
2609 802 2666 856 in
2709 801 2829 870 ejus
2862 798 3149 863 doctrinis,
3192 798 3288 853 sed
3327 808 3382 852 et
3421 798 3473 851 in
3517 811 3739 870 respectu

2179 900 2335 966 ejus,
2384 893 2703 963 patientiam
2760 891 2814 945 in
2870 888 3219 960 passionihus
3265 888 3552 953 habemus,
3601 890 3742 946 Paulo

2178 987 2438 1043 dicente:
2488 984 2728 1056 Cogitate
2775 993 2954 1037 autem
2998 982 3088 1047 qui
3120 980 3280 1035 talem
3326 983 3621 1036 sustinuita
3646 1001 3745 1052 pec-

2182 1078 2447 1133 catoribus
2489 1079 2740 1132 adversus
2771 1076 3111 1145 semetipsum
3137 1064 3607 1139 contradictionem,
3623 1086 3744 1132 utne

2184 1169 2483 1239 fatigemiui
2511 1169 2707 1223 animis
2737 1167 2919 1221 vestris
2955 1166 3257 1228 deﬁcientes
3269 1166 3337 1218 "’.
3371 1164 3589 1236 Propter
3618 1169 3745 1237 quod

2118 1260 2123 1263 ’
2185 1265 2361 1321 David
2392 1264 2509 1319 ait:
2562 1265 2630 1320 Et
2670 1279 2810 1317 nunc
2839 1277 2956 1333 qua:
2991 1270 3065 1316 est
3107 1262 3371 1331 patientia
3423 1262 3570 1314 mea?
3601 1277 3746 1316 nonne

2185 1357 2467 1420 Dominus,
2532 1367 2581 1411 et
2639 1355 2940 1411 substantia
3001 1371 3120 1408 mea
3175 1363 3299 1407 ante
3329 1363 3379 1406 te
3433 1352 3746 1419 est“'?Qttia

2181 1459 2367 1505 autem
2416 1446 2759 1517 intelligibile
2805 1446 2895 1499 hic
2938 1443 3206 1499 describit
3230 1443 3622 1505 holocaustum,
3648 1443 3748 1513 ipse

2184 1549 2368 1596 textus
2393 1539 2654 1601 ostendit,
2687 1537 2762 1591 ait
2788 1537 2935 1590 enim
2965 1555 2977 1589 :

2257 1631 2513 1686 Sacerdos
2558 1631 2649 1701 qui
2709 1630 2881 1699 offeret
2941 1628 3235 1683 holocausti
3301 1627 3585 1681 victimam.
3642 1626 3751 1681 Non

2189 1724 2374 1784 boum,
2404 1729 2500 1776 aut
2527 1721 2736 1785 ovium,
2771 1730 2866 1775 aut
2893 1721 3127 1775 aliorum
3156 1719 3440 1785 similium,
3478 1719 3566 1773 sed
3592 1718 3751 1774 homi-

2186 1813 2291 1869 nis.
2324 1810 2429 1867 Ubi
2461 1812 2608 1867 enim
2639 1828 2749 1867 non
2780 1812 2849 1866 ab
2877 1811 2960 1866 his
2997 1810 3090 1881 qui
3140 1810 3403 1877 oﬁ‘erunt,
3445 1811 3538 1864 sed
3565 1810 3628 1864 ab
3678 1810 3751 1864 his

2186 1920 2312 1976 quae
2341 1903 2671 1971 offeruntur,
2699 1902 2961 1959 sacriﬁcia
2991 1902 3433 1965 considerantur,
3467 1900 3752 1956 necessarie

2184 1996 2511 2050 animalium
2544 1995 2880 2050 mentionem
2904 1994 3052 2050 facit.
3092 1993 3189 2049 llic
3214 2002 3420 2059 autem,
3446 1992 3566 2062 quia
3612 2006 3752 2062 aper-

2186 2086 2295 2142 tius
2314 2086 2488 2142 voluit
2522 2085 2870 2140 introducere
2901 2100 3193 2155 personam
3244 2082 3488 2149 Domini,
3519 2083 3752 2137 sacerdo-

2186 2186 2293 2234 tem
2352 2179 2555 2249 posuit,
2591 2179 2970 2234 holocaustum
3021 2178 3257 2233 hominis
3315 2176 3640 2232 oﬁ'erentem.
3675 2177 3753 2228 ln-

2185 2270 2483 2342 telligibilia
2518 2272 2663 2327 enim
2692 2280 2881 2327 nostra
2928 2271 3245 2326 holocausta
3317 2270 3463 2325 solus
3524 2268 3752 2324 Christus

2184 2362 2366 2427 oll‘ert,
2399 2363 2467 2419 ad
2489 2364 2645 2433 cujus
2678 2363 3041 2420 imitationem
3079 2376 3279 2418 eorum
3319 2361 3508 2417 hostiae
3545 2369 3597 2417 et
3636 2375 3752 2416 con-

2185 2455 2521 2510 versationes
2534 2456 2843 2510 studentur.
2877 2454 3007 2510 Post
3037 2455 3154 2511 haec
3180 2454 3325 2509 dixit
3360 2469 3374 2505 :

2253 2544 2418 2602 Omne
2444 2547 2763 2616 sacriﬁcium
2788 2547 2927 2617 quod
2957 2548 3201 2619 coquitur
3222 2545 3438 2601 clibano
3453 2555 3501 2600 et
3524 2546 3753 2617 quidquid

2183 2636 2239 2690 in
2266 2637 2547 2702 craticula,
2570 2638 2649 2692 vel
2668 2640 2723 2691 in
2745 2638 3018 2709 sartagine
3036 2647 3404 2708 prmparatur,
3429 2637 3540 2707 ejus
3570 2638 3661 2691 erit
3681 2654 3755 2691 sa-

2183 2728 2406 2782 cerdotis
2436 2746 2470 2783 a
2529 2747 2631 2795 quo
2668 2732 2931 2800 oﬂ‘eretur.
2967 2730 3454 2786 Reminiscendum
3498 2740 3579 2785 est
3643 2730 3754 2799 quia

2185 2821 2454 2877 sacriﬁcia
2502 2823 2619 2878 haec
2652 2822 2938 2893 theologia:
2985 2837 3109 2878 esse
3157 2821 3443 2894 Unigeniti
3496 2809 3755 2891 dispensa-

2186 2913 2351 2969 tionis
2373 2914 2631 2979 diximus,
2664 2922 2720 2969 et
2753 2914 2885 2970 illud
2906 2913 3126 2984 quidem
3148 2915 3300 2984 quod
3332 2923 3416 2971 est
3447 2915 3512 2969 de
3538 2914 3751 2980 clibano,

2185 3005 2423 3061 diximus
2453 3006 2763 3078 signiﬁcare
2784 3006 3021 3077 Virginis
3054 3016 3269 3077 partum
3300 3025 3317 3075 ;
3358 3007 3501 3076 quod
3534 3022 3654 3062 vero
3694 3005 3754 3061 de

487 3104 629 3154 eum,
671 3097 728 3141 ut
789 3089 1071 3159 aﬂligerem
1121 3107 1241 3144 eum
1294 3092 1575 3162 frustra".
1605 3089 1706 3147 Cui
1743 3093 2082 3162 respondens
2113 3103 2155 3164 ρ
2186 3094 2458 3166 sartagine
2486 3104 2589 3161 est,
2622 3096 2802 3151 crucis
2834 3097 3148 3166 passionem
3183 3113 3198 3151 :
3242 3097 3380 3152 illud
3416 3096 3575 3152 etiam
3625 3096 3754 3167 quod

489 3179 680 3243 Satan,
704 3179 821 3234 ait:
871 3179 1068 3235 Pellem
1111 3198 1206 3252 pro
1246 3183 1400 3252 pelle,
1447 3192 1497 3237 et
1524 3195 1713 3238 cuncta
1768 3201 1887 3255 qua:
1929 3185 2080 3239 habet

486 3273 660 3341 homo,
707 3273 855 3328 dabit
893 3290 988 3343 pro
1030 3277 1212 3329 anima
1249 3277 1429 3333 sua”.
1480 3276 1622 3347 Ergo
1660 3276 1816 3346 pellis
1858 3277 2079 3332 divitia-

486 3377 611 3417 rum
641 3363 1074 3429 circumstantia,
1123 3365 1277 3434 quasi
1312 3351 1558 3421 exterius
1604 3365 1953 3424 circumdans
1995 3376 2080 3423 est

486 3454 787 3519 hominem,
817 3473 980 3526 quam
1018 3457 1218 3512 oll‘erre
1249 3457 1573 3529 intelligibili
1601 3459 1872 3514 sacerdoti
1900 3460 1954 3514 hi
1985 3460 2077 3529 qui

485 3548 679 3604 volunt
710 3549 1089 3605 holocaustum
1121 3550 1260 3615 ﬁeri,
1300 3551 1522 3607 debent.
1555 3551 1786 3622 Propter
1839 3554 1981 3623 quod
2021 3554 2076 3609 hi

485 3639 579 3707 qui
607 3639 867 3694 doctrime
900 3641 1209 3710 apostolica:
1228 3642 1599 3708 crediderunt,
1621 3644 1923 3701 vendentes
1943 3647 2078 3702 sub-

484 3728 717 3783 stantias
766 3744 913 3792 suas,
952 3731 1022 3786 ad
1065 3732 1232 3801 pcdcs
1282 3735 1656 3802 apostolorum
1711 3738 2070 3806 ponebant“.

483 3818 620 3881 Quia
661 3834 793 3891 ergo
823 3823 1017 3890 pellem
1071 3838 1169 3892 pro
1201 3824 1341 3894 pelle
1379 3825 1535 3892 dixit,
1577 3830 1892 3883 necessarie
1925 3830 2072 3885 divi-

485 3910 683 3965 tiarum
749 3912 1238 3981 circumstantiam,
1306 3932 1468 3986 quam
1530 3919 1767 3989 perdidit
1815 3919 1921 3976 Joh
1974 3937 2073 3992 pro

481 4002 763 4072 patientia.
814 4020 935 4074 quae
973 4007 1024 4060 ei
1071 4008 1260 4062 relicta
1306 4017 1408 4072 est,
1448 4010 1819 4081 intelligimus.
1868 4010 2072 4068 Pellem

479 4104 690 4162 autem,
750 4097 877 4166 quia
932 4099 1102 4154 multa
1156 4116 1224 4155 ex
1268 4117 1331 4155 ea
1382 4101 1535 4157 utilia
1577 4103 1716 4158 ﬁunt
1746 4103 2069 4172 patientiam

480 4188 823 4256 proﬁtemur.
859 4189 991 4256 Quae
1041 4193 1243 4247 multa?
1291 4194 1718 4263 Acquirentibus
1781 4210 1841 4249 se
1881 4197 2069 4266 provi-

479 4276 577 4330 det
629 4276 823 4333 bona:
876 4282 1197 4350 patientiam
1252 4293 1437 4338 autem
1490 4299 1611 4339 eam
1660 4286 1917 4352 maxime,
1948 4305 2070 4357 quas

482 4369 538 4423 in
576 4370 1020 4429 tribulationibus
1068 4385 1174 4440 est,
1230 4378 1374 4432 unde
1424 4386 1480 4433 et
1536 4377 1708 4433 David
1754 4380 2061 4448 psallebat:

483 4457 621 4525 Quia
659 4463 831 4532 [actus
861 4482 979 4520 sum
1007 4467 1141 4521 sicut
1173 4478 1290 4522 uter
1316 4470 1374 4523 in
1402 4470 1617 4539 pruina,
1653 4471 2066 4540 justiﬁcationes

482 4560 605 4606 tuas
652 4568 756 4607 non
801 4571 921 4609 sum
951 4556 1219 4612 oblitus“.
1257 4560 1726 4625 Quemadmodum
1762 4563 1909 4617 enim
1946 4575 2067 4621 uter

481 4642 537 4695 in
569 4644 765 4713 pruina
786 4648 966 4716 juvari
989 4658 1043 4704 et
1072 4650 1365 4706 confortari
1399 4652 1619 4718 dicitur,
1669 4653 1751 4709 sic
1773 4666 1829 4709 et
1854 4658 2068 4725 patien-

483 4735 555 4789 tia
585 4740 782 4794 crescit
825 4742 1285 4799 tribulationibus.
1327 4744 1555 4815 Propter
1580 4748 1727 4816 quod
1775 4756 1830 4803 et
1870 4749 2066 4807 Paulus

478 4830 617 4886 dixit
642 4849 655 4884 :
683 4832 967 4889 Tribulatio
995 4837 1307 4904 patientiam
1337 4847 1588 4912 operatur
1601 4841 1666 4894 ⁸³.
1693 4839 1863 4896 Simul
1898 4845 2061 4900 etiam

480 4926 537 4972 et
569 4919 799 4975 inferius
851 4925 1061 4979 addidit
1094 4944 1106 4979 :
1140 4926 1412 4982 Patientia
1445 4929 1828 4998 probationem,
1862 4936 2061 5003 proba—

480 5011 552 5064 tio
591 5027 765 5081 spem,
812 5032 926 5084 spes
967 5027 1144 5073 autem
1180 5036 1281 5074 non
1329 5023 1676 5092 confundit“.
1716 5023 1853 5091 Quia
1883 5037 2061 5084 autem

478 5104 735 5160 sacerdos
779 5107 1017 5164 oﬂ‘erens
1056 5120 1305 5166 nostrum
1344 5112 1746 5178 holocaustum,
1777 5125 1860 5172 est
1903 5118 2065 5175 Chri-

477 5198 595 5245 stus
627 5209 641 5244 :
671 5191 779 5264 Ipsi
827 5198 965 5251 enim
1005 5200 1302 5255 exhibemus
1358 5218 1577 5272 corpora
1620 5216 1799 5261 nostra
1841 5209 2067 5265 hostiam

477 5296 670 5344 vivam,
692 5293 951 5350 sanctam,
976 5286 1082 5341 Deo
1096 5288 1409 5358 placentem,
1430 5294 1747 5349 rationabile
1763 5298 2064 5369 obsequium

480 5375 798 5441 nostrum“,
842 5377 1015 5446 ipsius
1053 5383 1368 5438 necessario
1413 5400 1535 5439 esse
1572 5387 1916 5457 patientiam,
1966 5411 2064 5465 per

477 5480 642 5535 quam
673 5469 1019 5538 assequimur
1046 5473 1360 5543 praedictam
1397 5480 1892 5550 conversationem,
1924 5485 2055 5542 dici-

2183 3186 2253 3242 de
2277 3188 2539 3243 craticula
2565 3196 2669 3250 est,
2709 3203 2739 3242 a
2769 3196 2945 3244 morte
2975 3191 3464 3255 resurrectionem,
3512 3189 3752 3244 rationem

2182 3278 2236 3333 in
2267 3279 2522 3334 omnibus
2555 3279 2868 3347 reddentes,
2901 3290 2956 3337 et
2985 3282 3374 3352 probationem
3403 3299 3536 3354 quas
3565 3291 3757 3353 oporte-

2181 3368 2294 3433 bat,
2322 3369 2662 3438 adjicientcs.
2698 3369 2834 3436 Quia
2865 3387 2994 3443 ergo
3018 3372 3137 3429 haec
3188 3373 3478 3445 theologia:
3525 3376 3754 3430 incarna-

2182 3460 2345 3515 tionis
2368 3462 2611 3531 proxima
2659 3472 2808 3526 sunt,
2842 3466 3152 3522 necessarie
3203 3468 3508 3523 sacerdotis
3537 3466 3756 3522 offeren-

2180 3554 2251 3608 tis
2271 3569 2415 3618 eam,
2438 3554 2643 3610 Christi
2675 3556 2927 3611 videlicet
2944 3557 3059 3611 nati
3083 3566 3138 3614 et
3157 3560 3310 3628 passi
3338 3568 3393 3616 et
3412 3558 3748 3631 resurgentis,

2178 3654 2279 3701 est.
2310 3645 2416 3702 Sed
2445 3647 2704 3702 nimirum
2728 3663 2928 3704 novum
2951 3649 3049 3704 tibi
3076 3650 3295 3705 videtur
3320 3652 3467 3722 quod
3492 3651 3749 3706 infertur:

2249 3741 2368 3797 Sive
2402 3742 2516 3797 oleo
2550 3759 2850 3813 conspersa,
2877 3746 2983 3799 sive
3013 3746 3170 3800 arida
3212 3748 3401 3817 fuerit,
3431 3749 3624 3801 cunctis
3642 3746 3754 3815 [iliis

2174 3836 2357 3890 Aaron
2398 3853 2551 3907 teque
2599 3854 2845 3892 mensura
2890 3854 2984 3907 per
3023 3839 3260 3909 singulos
3314 3842 3596 3896 dividetur.
3622 3839 3755 3895 Con-

2174 3942 2425 3996 spersum
2488 3928 2756 3998 siquidem
2826 3928 2880 3983 in
2913 3928 3035 3985 oleo
3091 3930 3430 3987 sacriﬁcium
3477 3933 3544 3988 de
3587 3930 3749 3986 simila

2173 4016 2306 4071 dicit
2350 4019 2494 4086 quod
2531 4034 2632 4072 nec
2661 4019 2717 4072 in
2756 4019 2975 4074 clibano
3015 4036 3119 4076 nec
3154 4022 3209 4075 in
3237 4024 3536 4095 sartagine,
3569 4037 3666 4077 nec
3706 4021 3752 4073 in

2172 4109 2434 4165 craticula
2465 4110 2718 4165 mittitur.
2751 4110 2891 4180 Ergo
2942 4120 2999 4166 et
3030 4112 3203 4181 ipsam
3266 4128 3397 4170 esse
3444 4112 3749 4184 theologiam

2171 4199 2428 4265 diximus,
2462 4201 2557 4257 sed
2593 4217 2703 4256 non
2729 4200 2797 4256 de
2816 4200 3095 4257 Dominica
3131 4203 3532 4261 incarnatione.
3562 4203 3630 4260 Ut
3651 4217 3750 4257 non

2172 4307 2305 4363 ergo
2332 4309 2553 4348 omnem
2588 4295 2920 4365 theologiam
2979 4296 3503 4354 circumscribamus
3547 4312 3598 4352 tu
3634 4295 3750 4352 Uni-

2099 4388 2341 4492 I,geniti
2410 4388 2787 4454 humanitate,
2841 4400 3057 4459 oportet
3118 4406 3220 4447 nos
3286 4403 3343 4449 et
3406 4395 3476 4449 de
3548 4393 3748 4455 Patris,

2171 4489 2228 4534 et
2252 4481 2321 4536 de
2348 4480 2584 4551 Spiritus
2614 4482 2788 4537 sancti
2820 4490 2876 4537 et
2908 4485 3073 4539 etiam
3112 4485 3285 4556 ipsius
3343 4487 3490 4553 Filii,
3523 4504 3640 4558 qum
3690 4502 3749 4539 ex

2172 4571 2332 4629 Patre
2351 4581 2456 4638 est,
2514 4574 2815 4629 substantia
2861 4576 3160 4648 disputare.
3216 4579 3516 4650 Propterea
3544 4596 3649 4635 non
3701 4578 3752 4632 iu

2174 4665 2467 4734 semetipso
2492 4674 2706 4735 portare
2731 4668 2836 4723 hoc
2880 4670 3208 4726 sacriﬁcium
3238 4673 3518 4742 repetivit,
3547 4672 3641 4726 scd
3693 4669 3751 4723 ﬁ-

2174 4755 2259 4811 liis
2287 4756 2470 4812 Aaron
2496 4757 2652 4825 illud,
2683 4761 2752 4817 ad
2799 4762 3126 4836 theologiam
3183 4778 3283 4833 per
3348 4763 3753 4819 meditationem

2173 4847 2582 4918 proﬁcientibus
2638 4854 3066 4925 Scripturarum,
3113 4856 3422 4925 deputavit,
3470 4856 3753 4924 unicuique

2165 4941 2445 5009 aequaliter
2473 4941 2823 5014 diSpertiens,
2852 4953 2912 5000 ut
2940 4962 3052 5001 non
3089 4945 3396 5012 dissimilia,
3432 4947 3530 5002 sed
3573 4957 3754 5000 omnes

2167 5031 2364 5087 similia
2392 5034 2460 5089 de
2493 5034 2603 5091 Deo
2631 5038 2919 5093 sentirent.
2947 5038 3015 5093 Et
3060 5038 3164 5102 hoc
3196 5038 3577 5099 manifestum,
3633 5038 3752 5108 quia

2168 5123 2441 5181 haereticis
2466 5126 2534 5181 de
2556 5127 2647 5181 tali
2678 5128 2962 5198 percipere
3013 5128 3282 5184 sacriﬁcio
3334 5145 3448 5185 non
3477 5129 3748 5201 praecepit,

2173 5217 2300 5286 quia
2329 5232 2437 5272 non
2458 5220 2651 5274 eadem
2675 5220 2744 5275 de
2773 5220 2885 5275 Deo
2915 5222 3154 5290 sapiunt,
3181 5220 3275 5275 sed
3307 5230 3362 5275 et
3391 5222 3561 5276 nimis
3601 5220 3749 5275 diﬁ'e-

2175 5308 2373 5364 rentia.
2407 5310 2522 5365 Non
2554 5327 2913 5382 conSpersum
2944 5322 3129 5367 autem
3180 5311 3250 5367 de
3280 5311 3464 5385 simila
3508 5310 3754 5366 dicitite-

2173 5416 2313 5467 rum,
2336 5401 2555 5470 quando
2584 5402 2794 5457 decima
2836 5402 2965 5474 ephi
3022 5403 3228 5473 absque
3288 5401 3432 5468 oleo,
3466 5410 3520 5458 et
3575 5403 3748 5458 thure.

2173 5507 2271 5561 pro
2301 5502 2525 5562 peccato
2551 5494 2797 5558 offertur,
2821 5510 2851 5549 a
2887 5510 2997 5549 non
3039 5495 3344 5551 valentibus
3390 5495 3631 5562 hircum,
3663 5503 3751 5549 aut

552 5673 808 5762 'fl‘J‘oatt:
829 5675 974 5762 μβ.
1028 5681 1295 5762 ηξῖριθῑιιι.
1319 5684 1497 5762 tx,_l5.
1648 5686 1747 5741 Job
1799 5704 1856 5747 ll,
1875 5689 1947 5762 5.7
1974 5761 1979 5762 γ
2006 5692 2050 5723 δ’
2076 5693 2204 5747 ibid.
2232 5696 2282 5748 .l.
2359 5697 2534 5750 “Act.
2561 5713 2631 5762 tv,
2655 5698 2742 5756 54.
2761 5699 2849 5753 23.
2930 5701 2971 5731 ⁶¹
2991 5701 3132 5754 Psal.
3158 5716 3343 5758 cxvm.
3365 5703 3455 5755 83.
3535 5700 3746 5754 "llum.

480 5749 533 5801 τι
561 5743 615 5798 ὅ.
646 5746 691 5776 ⁸³
729 5746 861 5801 ibid.
906 5751 951 5804 l.
1027 5751 1232 5808 “liom.
1269 5743 1448 5819 xu,'l.

1531 5759 1574 5789 ⁵⁸
1601 5758 1731 5813 Luc.
1784 5775 1893 5824 XXI,
1935 5761 2015 5815 l9.
2095 5764 2137 5795 ⁸⁸
2169 5765 2326 5819 Joan.
2360 5783 2470 5832 xw,
2501 5768 2588 5821 53.
2620 5758 2628 5762 ’
2667 5769 2709 5799 ⁸⁷
2731 5769 2899 5824 llcbr.
2929 5786 3021 5833 xu,
3077 5773 3128 5825 5.

3208 5772 3407 5827 c"t'sal.
3441 5789 3663 5837 xxxmt,
3697 5774 3743 5824 3.
