3992 6404
289 332 386 395 861

1425 326 1507 389 IN
1548 326 1992 413 LEVITICUM.
2034 353 2105 364 -—
2144 329 2295 388 LIB.
2337 328 2422 387 II.

3459 323 3566 387 862

214 470 229 481 υ
281 454 460 501 Ovem.
493 445 589 494 aut
646 456 742 511 par
797 447 1087 496 turturum,
1136 444 1228 491 aut
1259 436 1437 507 pullos
1491 439 1869 493 columbarum
1898 440 1942 495 Δ
1972 436 2099 491 dum
2137 437 2550 501 misericordiae,
2580 446 2799 508 propter
2855 436 3281 493 inobedientiam
3346 432 3566 489 Judzeo-

282 531 482 586 oll‘erre
505 534 556 585 in
580 530 925 586 sacriﬁcium.
948 529 1061 584 lloc
1083 538 1264 582 autem
1285 528 1384 582 etsi
1405 528 1728 583 sacriﬁcium
1750 527 1870 583 Sal-

284 623 489 680 vatoris
515 623 811 695 signiﬁcat,
845 632 1028 676 tamen
1062 621 1188 691 quia
1221 635 1332 675 non
1363 619 1647 691 theologiae
1675 620 1868 692 gratia,

285 714 380 771 sed
414 729 577 769 causa
609 712 859 768 utilitatis
890 711 1172 767 offerentis
1206 722 1477 783 praecepta
1502 721 1605 777 est,
1631 723 1685 766 et
1727 711 1873 766 hanc

285 806 406 861 ﬁliis
458 805 642 860 Aaron
709 805 1011 875 deputavit.
1073 802 1370 873 Oportebat
1429 803 1598 868 enim,
1657 811 1874 858 etcum

286 897 485 952 oblatio
517 897 709 951 eadem
735 904 898 957 esset,
923 909 1087 948 causa
1121 902 1303 947 autem
1334 893 1524 948 eadem
1550 908 1663 947 non
1703 900 1872 956 esset,

289 990 394 1045 hoc
423 988 693 1059 siquidem
718 996 942 1057 propter
967 985 1319 1056 theologiam,
1357 985 1489 1041 illud
1519 996 1703 1040 autem
1747 999 1878 1054 pro-

288 1091 410 1152 pter
441 1088 815 1150 paupertatem
846 1078 1171 1149 postulantis
1218 1093 1315 1148 pro
1344 1078 1584 1148 peccatis
1626 1076 1877 1143 oll‘ertur,

290 1173 654 1229 diﬂ'erentiam
678 1172 910 1242 aliquam
946 1170 1275 1226 sacriﬁcium
1332 1170 1555 1237 habere,
1590 1177 1652 1225 ut
1689 1176 1880 1226 osten-

290 1265 470 1325 datur.
503 1264 635 1335 quid
688 1279 787 1334 pro
816 1262 1107 1333 theologia,
1140 1270 1196 1316 et
1250 1261 1417 1332 gloria
1449 1277 1570 1331 quae
1611 1261 1665 1315 in
1720 1261 1885 1316 Chri-

293 1369 378 1412 sto
424 1365 526 1422 est,
580 1354 860 1418 offeratur,
901 1354 1032 1426 quid
1084 1369 1185 1425 pro
1219 1352 1331 1407 sola
1375 1351 1607 1407 utilitate
1646 1351 1886 1407 oﬁ‘eren-

296 1449 387 1505 tis.
1276 1487 1283 1492 .

365 1535 529 1591 Vsus.
567 1535 751 1589 11-15.
791 1553 808 1585 ι
840 1531 966 1588 llaec
1008 1542 1093 1589 est
1145 1533 1230 1587 lex
1262 1530 1454 1588 hostiae
1507 1530 1909 1603 paeiﬁcorum,-

293 1645 418 1699 quae
443 1628 672 1682 oﬁ‘ertur
698 1627 946 1681 Domino.
983 1625 1037 1679 Si
1072 1641 1170 1695 pro
1191 1625 1488 1696 gratiarum
1522 1625 1738 1679 actione
1763 1622 1885 1678 fue-

296 1721 611 1788 ritoblatio,
644 1719 878 1774 offerent
899 1734 1067 1788 panes
1090 1719 1297 1788 absque
1327 1717 1595 1771 fermento
1625 1730 1888 1786 consper-

1974 545 2116 597 rum,
2181 530 2517 601 permiscent
2556 531 2751 585 minas.
2812 530 2966 586 Unde
3007 539 3062 585 et
3106 545 3217 584 non
3271 543 3568 598 conspersa

1975 623 2096 678 oleo
2127 623 2338 693 lagana,
2372 622 2472 678 sed
2532 632 2748 678 tantum
2794 630 2956 677 uncta
2991 638 3112 677 esse
3150 621 3426 677 dicuntur.
3459 619 3567 674 Co-

1976 721 2119 770 ctam
2149 722 2331 769 autem
2368 713 2621 776 similam,
2650 723 2708 770 et
2745 712 3032 783 collyridas
3053 714 3160 768 olei
3186 712 3571 769 commistione

1977 819 2322 875 conspersas,
2385 804 2471 860 vel
2525 805 2666 860 sicut
2732 802 2877 858 LXX
2927 804 3120 859 dicunt
3167 821 3182 857 :
3232 803 3299 857 Et
3335 801 3571 855 similam

1980 914 2315 968 consparsam
2345 897 2458 952 oleo
2488 896 2759 967 collyridis
2799 913 3001 968 panum
3038 910 3388 965 azymorum:
3416 893 3570 947 simi-

1979 990 2089 1045 iam
2120 991 2176 1045 in
2205 991 2326 1045 oleo
2354 1005 2729 1059 conspersam,
2765 1005 2892 1044 cum
2948 988 3297 1058 eleemosyna
3355 985 3571 1041 theolo-

1984 1081 2127 1154 giam
2158 1081 2536 1153 intelligimus,
2566 1081 2709 1135 unde
2736 1090 2792 1136 et
2818 1080 2993 1134 simila
3042 1087 3269 1149 propter
3297 1078 3573 1133 subtilita-

1987 1182 2094 1229 tem
2126 1172 2350 1228 dicitur.
2380 1171 2770 1227 Verumtamen
2793 1172 2846 1226 in
2872 1170 3147 1241 collyridis
3175 1170 3411 1240 panibus
3449 1169 3572 1223 sine

1984 1265 2277 1332 fermento,
2322 1279 2552 1319 munera
2583 1263 2831 1318 sacriﬁcii
2874 1263 3246 1332 paciﬁcorum,
3283 1277 3382 1317 seu
3426 1260 3576 1315 salu-

1989 1351 2123 1407 taris
2154 1350 2417 1421 praecepit
2443 1349 2582 1417 ﬁeri,
2614 1351 2668 1405 in
2693 1351 3009 1420 apostolicis
3031 1351 3285 1406 videlicet
3321 1350 3573 1416 Scriptu—

1989 1443 2085 1498 ris.
2120 1442 2489 1513 Apostolicam
2535 1454 2716 1498 autem
2785 1443 3091 1498 doctrinam
3127 1443 3284 1513 sequi
3341 1442 3578 1497 maxime

1989 1544 2203 1606 Oportet
2225 1551 2374 1600 eum,
2405 1535 2496 1605 qui
2520 1535 2718 1591 salvari
2747 1535 3041 1592 desiderat.

2060 1625 2235 1680 Panes
2260 1642 2464 1696 quoque
2489 1627 2829 1697 fermentatos
2869 1642 2989 1680 cum
3051 1625 3224 1680 hostia
3261 1625 3577 1695 gratiarum,

1992 1733 2109 1787 qua;
2146 1715 2454 1769 immolatur
2498 1732 2594 1785 pro
2640 1715 2897 1785 paciﬁcis,
2955 1731 3019 1769 ex
3055 1715 3242 1785 quibus
3287 1729 3423 1767 unus
3478 1718 3582 1779 pro

296 1830 389 1870 sos
443 1813 585 1878 oleo,
611 1822 667 1868 et
722 1813 912 1883 lagana
955 1827 1141 1882 azyma
1173 1818 1335 1865 uncta
1392 1809 1533 1874 oleo,
1566 1818 1886 1877 coctamque
1920 1787 1961 1843 Β
1991 1808 2242 1877 primitiis
2263 1807 2509 1877 oﬂ'erctur
2537 1808 2804 1861 Domino:
2837 1814 2885 1860 et
2908 1807 3006 1859 erit
3035 1804 3322 1860 sacerdotis
3349 1804 3439 1872 qui
3464 1803 3587 1871 [un-

296 1907 552 1970 similam,
602 1914 657 1961 et
706 1905 992 1976 collyridas
1025 1904 1127 1960 olei
1185 1901 1513 1957 admistione
1538 1916 1885 1971 conspersas.

296 1998 473 2053 Panes
502 2013 720 2069 quoque
772 1998 1127 2052 fermentatus
1156 2011 1280 2049 cum
1334 1994 1513 2049 hostia
1566 1994 1886 2065 gratiarum,

296 2107 421 2162 quae
447 2090 759 2144 immolatur
796 2105 894 2158 pro
940 2087 1203 2160 paciﬁcis,
1234 2103 1302 2142 ex
1347 2086 1548 2156 quibus
1596 2102 1736 2139 unus
1790 2099 1891 2155 pro

298 2183 560 2255 primitiis
598 2182 860 2237 oil'eretur
912 2181 1166 2245 Domino,
1203 2188 1258 2233 et
1291 2178 1396 2232 erit
1451 2177 1750 2233 sacerdotis
1796 2176 1888 2246 qui

300 2275 491 2331 fundet
524 2275 721 2330 hostiae
752 2273 1096 2344 sanguinem,
1134 2271 1291 2341 cujus
1335 2284 1528 2325 carnes
1555 2268 1746 2323 eadem
1796 2283 1891 2322 co-

300 2367 596 2423 medentur
625 2367 734 2434 die,
761 2381 864 2420 nec
896 2363 1205 2419 remanebit
1239 2377 1303 2416 ex
1338 2361 1417 2416 eis
1447 2360 1745 2431 quidquam
1798 2374 1890 2412 us—

296 2475 409 2530 que
432 2475 611 2513 mane.
650 2477 673 2510 ι
937 2455 945 2461 ’

372 2549 843 2617 Quemadmodum
869 2548 1310 2603 holocaustorum
1335 2554 1390 2601 et
1419 2552 1765 2616 peccatorum
1806 2558 1896 2596 sa-

300 2643 530 2707 criﬁcia,
563 2642 641 2697 sic
692 2651 747 2697 et
797 2657 861 2695 ea
895 2655 1015 2711 qua:
1046 2655 1147 2710 pro
1174 2638 1435 2709 paciﬁcis,
1495 2637 1608 2693 sive
1668 2634 1893 2690 salutari

303 2734 635 2801 oﬂ‘eruntur,
677 2733 997 2797 reiteravit;
1033 2731 1274 2787 secundo
1311 2729 1444 2784 illud
1471 2730 1680 2790 dicens,
1714 2736 1771 2781 ut
1813 2742 1899 2779 re-

304 2828 573 2899 petitione
600 2825 918 2881 memoriam
943 2840 1135 2879 eorum
1167 2824 1342 2894 legem
1375 2821 1772 2877 meditantibus
1806 2819 1896 2872 in-

307 2927 541 2974 sereret.
575 2916 860 2972 Subinfert
880 2925 1061 2970 autem
1090 2930 1152 2969 ea
1182 2930 1304 2985 quae
1350 2922 1476 2967 ante
1504 2928 1612 2966 non
1650 2911 1806 2975 dixit,
1844 2918 1902 2964 ut

211 3059 221 3065 .
308 3012 470 3068 nobis
526 3012 687 3067 lectio
735 3009 1062 3075 necessaria,
1096 3016 1152 3063 et
1209 3023 1319 3062 non
1376 3006 1725 3077 despicabilis
1787 3004 1896 3059 ﬁat.

1989 1900 2073 1953 det
2103 1899 2288 1952 hostiae
2318 1899 2649 1968 sanguinem.
2677 1896 2817 1951 LXX
2858 1905 3042 1951 autem
3081 1894 3273 1950 dicunt
3308 1911 3321 1947 :
3355 1893 3421 1946 Et
3450 1891 3579 1961 οπε-

1989 1999 2067 2045 ret
2107 1990 2171 2044 de
2228 1982 2466 2044 amnibus
2523 1988 2823 2042 muneribus
2871 1987 2981 2041 suis
3052 1984 3414 2038 laudationem
3457 1980 3585 2041 Deo,

1988 2083 2253 2137 sacerdoti
2274 2078 2620 2152 profundeuti
2648 2076 2960 2146 sanguinem
2980 2073 3239 2128 salutaris
3264 2070 3409 2125 illius
3462 2068 3585 2123 erit.

1990 2172 2095 2228 Per
2113 2172 2231 2228 haec
2264 2171 2638 2236 ostendentes,
2708 2167 2833 2237 quia
2881 2174 3369 2239 quantumcunque
3422 2159 3588 2214 homo

1993 2265 2165 2337 egerit
2211 2273 2263 2319 et
2326 2260 2538 2326 vixerit,
2589 2257 2912 2321 cucurrerit,
2964 2263 3020 2310 et
3078 2250 3582 2323 comprehenderit,

1994 2359 2110 2416 sive
2140 2365 2422 2413 assecutus
2444 2354 2629 2419 fuerit,
2657 2352 2777 2407 sine
2800 2349 3073 2421 adiutorio
3108 2345 3324 2400 Domini
3348 2344 3583 2400 salutem

1994 2450 2227 2523 adipisci
2288 2450 2407 2504 sive
2439 2446 2660 2517 assequi
2688 2460 2801 2500 non
2844 2448 3046 2514 potest.
3104 2440 3335 2510 Propter
3363 2435 3507 2508 quod
3535 2443 3593 2490 et

1997 2542 2197 2598 Paulus
2258 2539 2511 2595 dicebat:
2543 2535 2664 2592 Non
2719 2534 2938 2589 volentis
2974 2548 3136 2602 neque
3182 2529 3463 2593 currentis,
3500 2526 3592 2581 sed

1999 2632 2294 2689 miserantis
2324 2641 2398 2685 est
2428 2629 2522 2684 Dei
2553 2629 2619 2681 ⁷⁸.
2652 2626 2762 2697 lpsi
2807 2634 2991 2680 autem
3041 2619 3313 2677 sacerdoti
3367 2618 3594 2688 profun-

1999 2725 2149 2782 denti
2203 2722 2523 2795 sanguinem
2564 2717 2855 2778 salutaris,
2912 2715 2968 2771 id
3019 2721 3123 2775 est,
3173 2710 3379 2768 Christi
3427 2708 3593 2764 mini—

2000 2815 2194 2871 stranti
2225 2821 2280 2868 et
2312 2792 2617 2882 perﬁcienti
2655 2804 2980 2862 sacriﬁcium
3029 2819 3127 2873 per
3168 2808 3328 2856 suum
3371 2792 3592 2881 adjitto—

2002 2908 2167 2974 rium,
2208 2878 2482 2976 primitias
2508 2900 2674 2972 jussit
2710 2896 2915 2973 offerri.
2949 2893 3185 2950 Attende
3231 2899 3414 2946 autem
3448 2878 3596 2959 qua-

2002 2999 2131 3053 liter
2184 2997 2347 3052 etiam
2400 2999 2726 3066 przesentem
2778 2989 2913 3061 legis
2976 2984 3318 3043 sanctionem
3376 2980 3602 3038 conclu-

310 3105 489 3160 Dividi
521 3112 700 3158 autem
722 3102 854 3156 illud
879 3117 987 3154 non
1013 3100 1236 3160 frustra,
1264 3097 1357 3152 sed
1397 3108 1451 3151 et
1484 3096 1646 3150 nimis
1670 3097 1904 3149 ratioua-
1931 3126 1973 3183 ο
2013 3089 2123 3145 sit:

310 3196 497 3251 biliter
522 3192 789 3263 praevidit,
822 3192 940 3245 hasc
964 3188 1109 3245 enim
1133 3187 1408 3259 inquisitis
1434 3185 1756 3259 legislatoris
1785 3200 1904 3240 ver-

316 3290 401 3344 bis
434 3285 771 3341 invenimus.

385 3379 514 3434 Htcc
537 3387 610 3433 est
630 3377 714 3432 lea:
748 3377 930 3432 hostia:
946 3376 1308 3448 paciﬁcorum,
1342 3389 1459 3443 qua:
1481 3371 1696 3442 offertur
1727 3368 1906 3423 Domi-

318 3489 401 3537 no,
437 3473 483 3525 si
509 3486 605 3539 pro
628 3469 931 3540 gratiarum
967 3467 1173 3520 actione
1216 3465 1411 3535 oﬂ'erct,
1444 3464 1551 3517 sive
1581 3479 1676 3532 pro
1715 3460 1907 3515 lauda-

319 3568 481 3619 tione.
511 3562 676 3618 Vides
704 3562 935 3615 activam
971 3559 1192 3630 quidem
1221 3558 1392 3612 solam
1416 3570 1558 3621 esse,
1587 3553 1909 3608 rationalem

317 3667 523 3723 autem,
554 3650 610 3709 et
640 3654 873 3707 activam
904 3667 1025 3708 esse
1056 3650 1244 3711 vitam.
1276 3663 1342 3703 ex
1381 3647 1465 3701 his
1495 3661 1616 3715 quae
1653 3643 1813 3698 nobis
1843 3641 1910 3696 ad

319 3755 569 3827 paciﬁca,
596 3755 713 3808 sive
748 3750 817 3804 ad
846 3747 1076 3803 salutem
1111 3740 1521 3798 transeuntibus
1551 3737 1718 3799 dedit,
1755 3745 1911 3806 pote-

323 3857 521 3906 statem
546 3846 812 3907 tribuens,
848 3856 1010 3911 quam
1035 3853 1102 3892 ex
1135 3834 1420 3902 utriusque
1452 3830 1787 3886 voluerimus
1818 3828 1915 3883 eli-

323 3959 451 4014 gere
478 3959 494 4008 ;
529 3939 657 4011 quia
684 3935 830 3992 enim
857 3930 1119 3987 rationale
1153 3926 1425 3998 quoddam
1457 3931 1541 3979 est
1587 3920 1914 3977 sacriﬁcium

325 4010 625 4110 gratiarum
653 4025 909 4087 actionis,
941 4023 1056 4079 sive
1081 4018 1385 4076 secundum
1432 4011 1592 4077 LXX,
1648 4010 1916 4064 laudatio-

327 4104 453 4193 nis;
487 4126 615 4181 audi
654 4120 845 4184 David,
883 4127 1169 4189 postquam
1196 4107 1478 4182 prohibuit
1511 4104 1776 4161 sacriﬁcia
1798 4117 1919 4172 qua:

329 4219 632 4279 secundum
660 4194 832 4285 legem
863 4217 1039 4272 erant,
1063 4207 1333 4261 dicentem
1375 4219 1387 4255 :
1415 4197 1640 4254 Immola
1693 4196 1797 4250 Deo
1830 4212 1922 4249 sa-

330 4315 586 4385 criﬁcium
614 4308 785 4364 laudis
808 4313 856 4360 et
905 4302 1064 4357 redde
1105 4297 1372 4352 Altissimo
1424 4301 1543 4346 vota
1575 4301 1665 4345 tua
1684 4289 1751 4344 δν.
1783 4287 1921 4342 Audi

331 4419 386 4464 et
407 4383 646 4462 Paulum
681 4400 749 4457 ad
783 4397 1040 4453 llebrmos
1066 4391 1394 4448 scribentem
1419 4401 1516 4457 per
1537 4400 1614 4447 se,
1640 4383 1773 4438 dicit
1827 4398 1924 4436 au—

335 4510 444 4557 tem
489 4517 503 4553 :
538 4494 628 4552 Sic
645 4494 925 4565 offeramus
957 4486 1180 4540 hostiam
1203 4481 1374 4536 laudis
1398 4494 1600 4547 semper
1633 4475 1761 4534 Deo,
1804 4475 1917 4545 fru-

336 4602 477 4647 ctum
510 4588 767 4643 labiorum
813 4577 1174 4650 conﬁtentium
1206 4572 1408 4627 nomini
1437 4569 1552 4640 ejus
1573 4568 1639 4624 7°.
1683 4564 1927 4632 Quomo-

337 4685 407 4740 do
436 4691 623 4737 autem
655 4677 811 4749 jubet
840 4666 1236 4728 illud‘oﬂerri?

408 4776 598 4847 0,7‘eret
651 4786 813 4840 panes
846 4766 1036 4836 absque
1058 4762 1330 4834 fermento,
1383 4768 1679 4825 conspersos
1728 4751 1935 4816 oleo,et

343 4871 537 4942 lagona
593 4879 784 4935 azyma
830 4866 988 4913 uncta
1032 4853 1165 4917 oleo,
1213 4859 1519 4917 castamque
1572 4843 1828 4907 similam,
1888 4852 1937 4896 et

345 4934 626 5031 coilyridas
656 4954 755 5009 olei
784 4948 1098 5005 admistione
1124 4957 1447 5012 conspersos.
1477 4937 1628 5004 Quod
1670 4934 1811 4989 LXX
1862 4936 1934 4988 ita

346 5051 657 5111 eduntzEt
710 5044 944 5101 similam
1004 5050 1334 5107 conspersum
1388 5030 1519 5092 oleo,
1576 5029 1630 5082 in
1668 5026 1937 5095 collyridis

348 5161 546 5217 panum
568 5152 873 5210 azymorum
908 5131 1084 5202 oﬂ'eret
1121 5139 1338 5179 munera
1367 5135 1522 5190 super
1547 5116 1718 5170 altare
1741 5114 1937 5168 lauda-

351 5209 505 5291 tionis
533 5209 806 5287 salutaris.
838 5225 1015 5289 Panes
1045 5219 1163 5272 sine
1211 5214 1503 5276 fermento,
1558 5209 1673 5262 sive
1718 5221 1937 5278 azymos

352 5337 678 5396 conspersos
700 5320 754 5373 in
785 5317 929 5375 oleo,
961 5306 1293 5381 apostolicos
1341 5302 1547 5362 libros;
1588 5298 1778 5368 lagana
1828 5312 1931 5350 uu-

354 5429 439 5474 cta
465 5390 588 5471 oleo
617 5406 967 5483 prepheticos
993 5397 1252 5468 intelligo,
1277 5394 1403 5464 quia
1458 5392 1535 5446 illi
1584 5390 1802 5460 quidem
1849 5390 1938 5444 ni-

356 5511 458 5566 mis
502 5506 810 5579 opulenter,
862 5498 935 5554 illi
976 5503 1157 5549 autem
1207 5489 1306 5544 etsi
1363 5496 1418 5541 et
1474 5484 1574 5554 ipsi
1632 5486 1946 5553 opulenter,

358 5619 463 5657 non
490 5573 674 5656 tamen
705 5605 916 5652 tantum
956 5582 1285 5643 annuntiant
1340 5576 1773 5632 misericordiam
1819 5573 1940 5637 Dei,

431 5763 476 5795 ⁸³
509 5759 653 5815 Psal.
694 5770 841 5812 Iuv.
890 5752 971 5806 Μ.
1051 5747 1097 5780 ⁷ο
1136 5739 1575 5815 llebr._xtn,_;‘i_l.

364 5850 489 5899 xxv,
510 5813 735 5899 fleeqq.
811 5826 853 5857 ⁷⁵
879 5823 1041 5877 Prov.
1067 5833 1146 5879 ut,
1176 5815 1267 5881 9.8,
1300 5813 1390 5867 ‘29.

1672 5739 1718 5768 τ’
1755 5735 1911 5788 Rom.
1948 5750 2024 5792 Ix,
2062 5729 2141 5785 16.

1468 5812 1537 5843 ⁷³²
1569 5810 1728 5869 Prov.
1759 5821 1926 5867 xxv”,
1968 5806 1983 5855 1
2016 5791 2225 5853 ιιι-130.
2262 5810 2332 5857 Iv,
2378 5791 2438 5843 ii

2079 3181 2244 3251 Cujus
2274 3193 2461 3233 carnes
2487 3176 2673 3231 eadem
2711 3173 3051 3228 comedeutur
3076 3170 3183 3231 die,
3224 3184 3317 3223 nec
3360 3181 3604 3222 remane-

2007 3274 2079 3328 bit
2093 3290 2157 3328 ea:
2186 3272 2258 3326 eis
2284 3269 2578 3342 quidquam
2605 3282 2767 3337 usque
2794 3280 2966 3318 mane.
3007 3261 3107 3316 Vel
3141 3262 3283 3316 sicut
3305 3257 3449 3314 LXX
3478 3276 3492 3312 :
3535 3255 3607 3310 Et

2008 3381 2191 3419 carnes
2243 3359 2491 3429 sacrificii
2538 3357 2713 3412 laudis
2756 3354 3030 3419 salutaris,
3064 3354 3168 3423 ipsi
3218 3359 3371 3406 erunt
3418 3349 3606 3403 videli-

2010 3467 2087 3513 ret
2110 3454 2360 3526 offerenti,
2395 3460 2443 3505 et
2470 3452 2529 3503 in
2571 3463 2882 3521 quacunque
2920 3444 3005 3499 die
3034 3442 3251 3498 donabit
3281 3440 3606 3503 comedetur,

2013 3565 2117 3605 non
2146 3546 2438 3616 relinquent
2475 3558 2539 3595 ea:
2561 3557 2619 3594 eo
2651 3554 2813 3608 usque
2837 3552 3009 3590 mane.
3034 3534 3135 3589 llic
3166 3547 3328 3588 mane
3350 3529 3608 3586 saeculum

2013 3641 2258 3704 futurum
2299 3633 2556 3706 appellat,
2591 3639 2779 3699 utpote
2811 3627 2958 3698 quod
3019 3634 3193 3680 totum
3232 3631 3318 3679 est
3358 3622 3499 3677 lucis
3555 3628 3613 3675 et

2014 3729 2162 3786 nocti
2186 3722 2468 3798 praesentis
2503 3719 2685 3776 saeculi
2718 3715 2982 3774 succedit.
3015 3713 3093 3767 De
3157 3712 3274 3781 ipso
3304 3710 3508 3780 quippe
3557 3716 3615 3762 et

2014 3822 2215 3879 Paulus
2236 3819 2312 3874 ait
2341 3815 2498 3870 :Noa:
2517 3811 2801 3881 prazcessit,
2837 3808 2946 3861 dies
2979 3815 3157 3859 autem
3202 3802 3611 3872 appropinqua-

2018 3916 2090 3969 vit
2111 3914 2156 3944 τ’
2189 3932 2204 3966 :
2235 3907 2405 3965 David
2426 3914 2609 3960 autem
2634 3901 2768 3957 dicit
2802 3917 2815 3952 :
2844 3898 2997 3952 Mane
3027 3893 3212 3948 astabo
3232 3892 3323 3946 tibi
3338 3899 3385 3945 et
3408 3887 3612 3954 videbo,

2020 4005 2268 4080 quoniam
2304 4012 2405 4054 nou
2461 3996 2597 4050 Deus
2637 3994 2812 4047 volens
2862 3971 3195 4054 iniquitatem
3238 3994 3293 4035 tu
3328 3999 3379 4036 es
3397 3982 3463 4033 ⁷³.
3495 3979 3614 4032 Non
3682 4020 3685 4023 .

2018 4075 2135 4155 vult
2170 4110 2298 4167 ergo
2328 4096 2395 4149 de
2415 4089 2672 4147 carnibus
2692 4080 2943 4139 sacriﬁcii
2977 4076 3229 4132 salutaris
3258 4075 3311 4128 in
3336 4086 3496 4127 mane
3530 4086 3617 4124 re-

2023 4161 2314 4260 linqui,‘ut
2340 4198 2449 4238 non
2481 4175 2853 4248 imperfectam
2878 4170 3043 4224 vitam
3067 4166 3308 4221 noslram
3344 4161 3614 4230 relinqua-

2025 4252 2167 4349 mus,
2203 4295 2301 4352 per
2338 4291 2499 4347 quam
2525 4287 2625 4327 nos
2659 4274 2875 4338 Oportet
2906 4259 3147 4355 salvari:
3175 4259 3412 4313 scientes
3469 4252 3617 4307 enim

2026 4346 2163 4447 quia-
2189 4346 2296 4426 non
2326 4346 2497 4424 restat
2525 4363 2579 4417 in
2629 4360 2725 4415 illo
2761 4354 2960 4412 saeculo
3018 4346 3286 4422 operatio,
3309 4355 3366 4402 et
3397 4346 3451 4399 in
3497 4361 3613 4399 me-

1957 4464 2001 4521 D
2029 4439 2260 4522 muriam
2299 4468 2544 4515 nostram
2567 4461 2886 4509 revocantes
2916 4445 3159 4516 quinque
3200 4439 3462 4510 virgines,
3496 4452 3617 4506 qua:

2025 4558 2154 4629 quia
2181 4555 2395 4623 Sponso
2422 4553 2654 4602 vocante
2685 4540 2872 4596 venire
2894 4537 2960 4591 ad
2992 4533 3231 4604 nuptias,
3259 4530 3440 4584 oleum
3468 4541 3620 4581 eme-

2030 4621 2089 4705 re
2114 4621 2389 4704 volebant,
2419 4657 2447 4694 a
2478 4636 2682 4707 nuptiis
2702 4632 2935 4688 exclusa
2965 4637 3095 4683 sunt
3122 4625 3190 4689 ⁷⁸,
3247 4621 3381 4677 nihil
3407 4633 3621 4681 eorum,

2033 4750 2154 4806 quas
2181 4732 2248 4787 ad
2278 4730 2505 4786 salutem
2530 4721 2846 4796 proﬁciunt,
2868 4733 2979 4772 non
3010 4714 3420 4775 manducatum,
3456 4707 3511 4763 id
3543 4716 3630 4761 est

2039 4798 2145 4881 non
2175 4828 2458 4893 operatum
2487 4830 2648 4871 mane
2699 4808 3037 4881 intelligibile
3088 4805 3484 4875 relinquamus.
3515 4798 3632 4854 Hoc

2037 4919 2184 4973 enim
2214 4891 2379 4968 nobis
2426 4918 2481 4964 et
2540 4906 2796 4961 Salomon
2843 4901 2898 4955 in
2963 4895 3277 4953 Proverbiis
3306 4894 3479 4949 dicit:
3512 4891 3633 4946 Non

2037 5011 2220 5065 dicas:
2255 5004 2418 5067 Vade,
2455 5010 2501 5055 et
2536 5006 2813 5059 revertere,
2833 5002 2879 5047 et
2897 5007 3014 5045 cras
3047 4989 3183 5043 dabo
3207 4988 3300 5042 tibi
3321 5001 3436 5039 cum
3454 4984 3633 5037 statim

2037 5102 2203 5173 possis
2217 5100 2343 5153 dare
2358 5097 2427 5162 ";
2459 5107 2619 5162 neque
2638 5089 2776 5143 enim
2795 5085 2895 5140 scis
2914 5082 3040 5154 quid
3057 5080 3233 5150 pariat
3256 5084 3633 5173 superuentura

2039 5160 2182 5249 dies:
2207 5208 2269 5246 ne
2300 5192 2450 5261 forte,
2481 5186 2577 5245 ait,
2610 5180 2910 5241 deducat-is,
2950 5172 3039 5227 ubi
3070 5186 3174 5225 non
3211 5181 3373 5239 potes,
3412 5180 3503 5219 nec
3540 5160 3638 5218 mi-

2041 5286 2404 5347 sericordiam,
2435 5296 2526 5334 nec
2552 5277 2714 5331 aliam
2737 5273 2980 5327 virtutem
3008 5262 3219 5334 operari
3249 5259 3294 5291 ⁷⁸
3314 5264 3353 5313 ⁸.

2114 5379 2277 5434 Vens.
2307 5346 2488 5431 16.20.
2516 5392 2534 5424 ι
2561 5370 2617 5425 Si
2654 5376 2802 5430 voto,
2830 5361 2915 5418 vel
2945 5365 3143 5429 sponte
3168 5352 3455 5425 quisquam
3479 5346 3641 5401 obtu-

2056 5473 2182 5529 lerit
2212 5469 2467 5532 hostiam,
2497 5463 2687 5519 eadem
2723 5455 2976 5512 similiter
3002 5450 3198 5505 edetur
3224 5444 3332 5500 die.
3373 5435 3639 5532 Sedet-sl

2056 5562 2185 5635 quid
2204 5561 2257 5615 in
2277 5555 2578 5613 crastinum
2602 5543 2951 5607 remanserit,
2968 5539 3111 5595 vesci
3138 5536 3342 5592 licitum
3359 5540 3463 5588 est.
3477 5526 3645 5596 Quid-

2249 5724 2293 5753 τ’
2338 5719 2495 5773 Rom.
2527 5730 2645 5777 xm,
2709 5709 2791 5762 12.
2897 5704 2940 5737 ⁷³
2973 5700 3113 5756 Psal.
3148 5695 3279 5763 v,5.
3382 5685 3641 5743 “Matth.
