3992 6432
437 350 547 416 863

1630 348 1993 409 HESYCIIII
2028 347 2500 408 PRESBYTERI

3644 338 3656 363 .‘

3644 338 3656 363 9

3598 333 3688 400 δεδι

438 470 571 542 quid
606 477 794 526 autem
824 464 1025 523 tertius
1048 464 1331 521 invenerit
1355 464 1495 528 dies,
1519 463 1660 535 ignis
1686 467 1944 520 absumit.
1967 463 2023 518 Si
2055 470 2100 524 Α
2129 464 2286 531 Quod
2319 473 2614 533 utrumque
2649 461 2703 515 in
2737 457 2996 531 praesenti
3025 457 3225 512 saeculo
3276 452 3560 524 contingit,
3596 471 3692 510 non

437 560 564 632 quis
584 559 653 614 de
672 557 932 613 carnibus
944 555 1180 610 victimae
1198 553 1551 625 paciﬁcorum
1567 552 1656 607 die
1680 551 1841 606 tertio
1854 564 2032 606 come-

441 649 776 716 derit,irrita
803 647 896 703 ﬁet
921 646 1145 711 oblatio,
1174 661 1277 700 nec
1309 643 1821 714 proderitoflerenti
1850 659 1863 695 :
1897 643 2030 713 quin

443 743 630 814 potius
643 755 986 810 quaecunque
1007 738 1188 793 anima
1211 738 1301 792 tali
1323 752 1382 790 se
1402 737 1586 791 edulio
1617 736 2035 789 centaminave-

444 836 537 898 rit,
571 833 1039 904 praevaricationis
1070 848 1161 886 rea
1188 832 1311 885 erit.
1349 830 1488 884 Caro
1514 844 1637 899 qum
1667 826 1869 897 aliquid
1904 826 2034 880 teti-

445 926 581 997 gerit
613 925 976 990 immundum,
1004 938 1113 978 non
1168 923 1515 986 comedetur,
1533 921 1628 976 sed
1683 920 2036 975 comburetur

446 1018 579 1086 igni,
632 1018 728 1087 qui
775 1016 940 1070 fuerit
982 1015 1320 1079 immundus,
1353 1022 1604 1069 vescetur
1627 1030 1694 1068 ex
1723 1027 1807 1067 ea.
1838 1010 2035 1066 Anima

446 1111 651 1181 polluta
683 1124 805 1178 quae
837 1107 1014 1163 ederit
1042 1108 1111 1162 de
1135 1108 1393 1162 carnibus
1431 1105 1628 1159 hostiae
1680 1103 2037 1175 paciﬁcorum

446 1216 569 1269 quae
600 1198 780 1252 oblata
813 1205 899 1252 est
949 1197 1204 1260 Domino,
1241 1196 1440 1265 peribit
1471 1196 1542 1249 de
1591 1193 1807 1264 populis
1842 1194 1977 1247 suis.
2016 1212 2035 1246 ι

523 1291 650 1345 llaec
675 1291 764 1345 lex
796 1291 864 1346 ad
896 1291 1128 1360 primam
1158 1289 1380 1358 quidem
1423 1287 1618 1341 faciem
1650 1286 1924 1341 contraria
1956 1286 2039 1341 vi-

449 1382 610 1436 detur
679 1381 1136 1451 praecedentibus,
1186 1378 1283 1433 sed
1338 1394 1448 1432 non
1501 1378 1575 1431 ita
1621 1386 1706 1432 est
1770 1376 2038 1441 discussa,

450 1474 652 1543 quippe
692 1473 857 1528 nimis
899 1472 1180 1527 invenitur
1208 1472 1289 1525 eis
1331 1485 1456 1526 esse
1493 1470 1855 1525 concordans.
1907 1469 2042 1523 Illud

453 1573 634 1618 autem
664 1572 1002 1618 scrutantem
1039 1562 1336 1633 intelligere
1374 1561 1759 1632 oportet,quia
1791 1561 2039 1615 umbram

457 1655 664 1710 habens
730 1655 815 1709 lex
883 1655 1191 1709 futurorum
1238 1655 1526 1719 bonorum,
1580 1663 1728 1708 recte
1767 1652 1953 1707 multis
1990 1661 2046 1707 et

456 1746 842 1803 diﬁ‘erentibus
890 1747 1305 1818 quaestionibus,
1348 1747 1416 1802 ad
1473 1745 1753 1818 ﬁguranda
1799 1760 1865 1801 ea
1924 1760 2046 1816 qua

456 1836 815 1906 designantur
837 1837 1116 1907 mysteria,
1143 1851 1238 1891 usa
1267 1844 1369 1890 est.

528 1926 586 1982 Si
610 1937 728 1982 voto
772 1927 853 1982 uel
875 1936 1059 1997 sponte
1091 1927 1357 1998 quispiam
1391 1926 1636 1982 obtulerit
1665 1928 1913 1991 hostiam,
1953 1943 2046 1981 ea.

457 2019 576 2073 dem
604 2018 850 2072 similiter
873 2020 1057 2073 edetur
1078 2020 1183 2073 die.
1223 2018 1329 2074 Sed
1356 2027 1403 2073 et
1426 2020 1472 2073 si
1493 2020 1620 2084 quid
1664 2020 1721 2073 in
1755 2020 2050 2074 crastinum

461 2112 796 2173 remanserit,
822 2113 958 2166 vesti
985 2112 1187 2167 licitum
1232 2122 1305 2167 est
1330 2128 1348 2167 :
1375 2113 1632 2184 quidquid
1655 2124 1833 2168 autent
1866 2115 2051 2169 tertius

460 2204 716 2257 invenerit
756 2205 865 2259 dies
911 2206 1048 2276 ignis
1086 2205 1334 2260 absumit.
1356 2208 1528 2262 Omne
1568 2208 1787 2278 quidem
1841 2208 2051 2263 sacriﬁ-

462 2295 605 2350 cium
634 2296 982 2367 paciﬁcorum
1017 2313 1112 2352 seu
1139 2299 1376 2354 salutare
1393 2309 1756 2369 spontaneum
1783 2309 1887 2364 est,
1907 2303 2053 2356 unde

463 2387 597 2443 illud
618 2388 760 2443 inter
789 2389 933 2444 dona
961 2391 1229 2460 superiori
1275 2400 1430 2461 parte
1475 2392 1598 2446 libri
1646 2393 1846 2463 hujus,
1887 2393 2053 2465 legis-

463 2479 604 2534 lator
634 2480 924 2551 ascripsit;
959 2481 1054 2536 sed
1082 2482 1380 2553 gratiarum
1411 2483 1674 2548 actionis,
1729 2482 1843 2538 sive
1876 2484 2055 2539 laudis

465 2572 818 2639 sacriﬁcium,
849 2590 1162 2644 quanquam
1209 2575 1423 2645 species
1467 2576 1538 2631 sit
1590 2576 1884 2632 oblationis
1935 2578 2056 2649 ejus

465 2679 591 2734 qua:
624 2665 950 2721 nunc‘dicta
978 2676 1083 2729 est,
1120 2675 1302 2721 tamen
1347 2667 1476 2736 quia
1512 2668 1834 2723 rationabile
1884 2668 2059 2739 quod-

469 2761 595 2817 dam
628 2769 733 2827 est,
765 2769 1053 2831 propterea
1078 2764 1132 2814 in
1177 2760 1296 2831 lege
1332 2759 1694 2815 voluntarium
1724 2776 1837 2815 non
1890 2760 2059 2817 habet

472 2856 717 2912 additum
761 2874 775 2910 :
807 2857 931 2927 quia
966 2872 1090 2911 cum
1128 2856 1246 2912 sine
1295 2857 1462 2912 dubio
1500 2857 1796 2913 rationales
1861 2859 2056 2926 simus,

470 2947 715 3006 debitum
743 2944 1145 3020 quodammodo
1165 2950 1500 3020 praecipuum
1527 2949 1771 3005 Creatori
1798 2951 2062 3007 rationale

478 3038 811 3097 sacriﬁcium
843 3042 1126 3096 debemus.
1158 3040 1457 3112 Propterea
1487 3043 1540 3097 iu
1567 3059 1634 3098 eo
1690 3045 2061 3100 voluntarium

2134 556 2188 610 in
2226 556 2431 610 futuro.
2486 553 2641 610 Unde
2688 567 2789 607 nec
2842 551 2955 605 ullo
3004 547 3164 603 modo
3208 546 3352 602 diem
3399 543 3693 615 duplicavit,

2134 664 2299 704 unam
2353 647 2498 703 diem
2551 654 2759 700 tantum
2800 643 2991 698 dicens
3039 641 3095 695 in
3127 637 3392 695 sacriﬁcio
3424 637 3697 708 gratiarum

2134 740 2389 802 actionis,
2423 739 2538 794 sive
2553 738 2748 791 laudis.
2778 735 2885 790 Aut
2916 737 3055 788 forte
3075 732 3204 786 hinc
3236 729 3578 785 manifestum
3627 736 3701 784 est

2136 831 2263 901 quia
2286 830 2374 884 his
2409 828 2500 899 qui
2534 826 2856 881 rationalem
2883 823 3050 875 vitam
3096 819 3237 889 apud
3289 832 3348 871 se
3394 814 3702 869 deﬁnierunt

2136 933 2192 978 et
2223 921 2463 977 studium
2498 919 2717 990 quietis,
2769 914 2939 971 veluti
2995 911 3159 966 Maria
3188 924 3309 982 quaf
3348 908 3542 962 bonam
3597 920 3705 975 par-

2140 1023 2246 1070 tem
2275 1014 2456 1085 elegit,
2485 1021 2541 1067 et
2564 1011 2630 1065 ad
2677 1008 2843 1079 pedes
2866 1005 3079 1059 Domini
3137 1002 3266 1056 Jesu
3316 998 3514 1055 Christi
3565 997 3707 1052 sede-

2138 1106 2250 1171 bat,
2288 1103 2519 1172 simplex
2550 1109 2635 1155 est
2687 1099 2793 1153 vita
2822 1106 2877 1152 et
2903 1095 3061 1150 velox
3106 1102 3267 1162 atque
3314 1091 3383 1144 ad
3432 1088 3700 1142 transitum

2140 1204 2348 1267 parata.
2392 1194 2484 1248 Eis
2515 1207 2644 1246 vero
2678 1189 2768 1260 qui
2830 1186 3064 1242 activam
3118 1183 3418 1253 elegerunt,
3478 1195 3581 1232 non
3621 1179 3705 1243 ita,

2140 1288 2235 1342 sed
2264 1287 2552 1351 laboriosa,
2609 1282 2787 1353 qualis
2836 1287 2955 1336 erat
2988 1275 3208 1331 Martha:
3236 1291 3358 1345 quo:
3407 1272 3710 1326 turbabatur

2141 1396 2268 1451 erga
2299 1379 2454 1449 plura
2483 1378 2551 1432 3°.
2576 1375 2735 1432 Unde
2767 1384 2822 1429 et
2877 1372 2927 1426 ei
2956 1370 3156 1439 duplex
3214 1376 3450 1435 tempus,
3504 1374 3708 1434 propter

2139 1472 2380 1536 labores,
2427 1474 2815 1538 computatur;
2858 1470 3233 1519 verumtamen
3280 1457 3570 1528 legislator,
3621 1454 3713 1509 etsi

2142 1563 2328 1619 verbis
2377 1561 2609 1616 diversis
2652 1559 2827 1613 utitur
2850 1564 3071 1627 propter
3098 1550 3437 1622 opulentiam
3484 1546 3711 1617 spiritus,

2145 1666 2199 1712 et
2234 1665 2294 1709 ut
2324 1652 2643 1724 multiplicia
2676 1650 2950 1711 redderet,
2985 1648 3129 1702 sicut
3153 1660 3299 1714 saepe
3344 1641 3599 1704 diximus,
3637 1639 3716 1694 in-

2147 1746 2458 1819 telligentia:
2510 1745 2819 1816 aenigmata,
2862 1757 2894 1796 a
2921 1739 3168 1796 districta
3209 1748 3398 1793 tamen
3433 1734 3716 1790 subtilitate

2077 1827 2121 1886 Β
2148 1856 2257 1895 non
2291 1839 2516 1903 recedit,
2549 1839 2643 1892 sed
2679 1836 2756 1894 ibi
2787 1835 2943 1901 dixit,

2220 1933 2340 1988 Non
2358 1932 2651 2000 relinquent
2677 1936 2740 1985 de
2770 1946 2829 1983 eo
2849 1930 2903 1982 in
2929 1943 3101 1982 mane.
3132 1925 3257 1980 Non
3286 1921 3495 1980 dicens.
3523 1920 3575 1974 in
3614 1933 3722 1974 cra-

2152 2028 2317 2091 stino,
2351 2026 2478 2097 quia
2511 2024 2813 2079 crastinum
2834 2037 2943 2076 non
2979 2017 3253 2090 signiﬁcat
3275 2017 3516 2071 futurum
3560 2028 3722 2068 srecu-

2151 2121 2265 2175 lum
2298 2137 2311 2174 :
2339 2118 2428 2173 hic
2474 2125 2657 2171 autem
2697 2112 2963 2185 quidquid
3027 2111 3223 2166 tertius
3285 2107 3551 2163 invenerit
3595 2104 3721 2172 dies,

2154 2213 2296 2285 ignis
2324 2209 2583 2273 absumit,
2610 2222 2709 2278 per
2750 2206 2893 2261 diem
2927 2204 3169 2267 tertium,
3204 2201 3453 2256 futurum
3495 2198 3724 2253 indicans

2155 2305 2416 2361 szeculum
2441 2347 2455 2371 ,
2484 2303 2538 2357 in
2578 2301 2697 2371 ipso
2720 2298 2923 2369 quippe
2959 2297 3229 2368 generalis
3262 2303 3350 2350 est
3400 2301 3723 2348 mortuorum

2156 2395 2484 2454 resurrectio
2517 2414 2531 2449 :
2573 2408 2732 2463 quam
2766 2391 3014 2462 designat
3059 2387 3205 2444 tertii
3229 2387 3343 2442 diei
3372 2388 3512 2441 facta
3558 2401 3728 2440 resur-

2157 2490 2327 2546 rectio
2355 2486 2568 2545 Domini
2597 2500 2719 2556 quae
2750 2498 2913 2538 mane
2940 2480 3210 2552 provenit.
3252 2471 3485 2549 Propter
3511 2477 3648 2550 quod
3677 2483 3729 2534 et

2157 2600 2319 2640 tuante
2343 2581 2602 2638 saeculum
2624 2579 2865 2635 diximus
2885 2574 3197 2648 signiﬁcare
3226 2573 3498 2628 futurum.

2230 2679 2370 2733 Tum:
2390 2694 2512 2749 ergo
2531 2676 2671 2747 quod
2708 2675 2970 2745 reliquum
2993 2681 3067 2727 est
3089 2672 3152 2726 de
3189 2670 3456 2740 sacriﬁcio
3500 2666 3730 2739 paci/ica;

2160 2789 2279 2827 rum
2301 2787 2390 2826 seu
2431 2769 2753 2823 salutarium
2792 2767 2913 2838 igne
2966 2774 3328 2818 consumetur.
3375 2760 3731 2830 Quodcunque

2162 2866 2310 2921 enim
2349 2862 2731 2934 reliquerimus
2786 2860 2854 2915 ad
2887 2868 3128 2914 nostram
3182 2857 3419 2911 salutem
3452 2855 3731 2926 pertinens,

2163 2959 2505 3029 iuoperatum
2542 2966 2646 3019 est,
2704 2962 2888 3008 autem
2943 2952 3300 3021 inoperatum
3358 2957 3414 3006 et
3481 2951 3579 3003 hoc
3600 2943 3734 3018 quod
3803 3016 3812 3026 .

2165 3051 2304 3106 male
2332 3057 2621 3120 operatum
2645 3055 2752 3112 est,
2786 3055 2843 3101 et
2871 3045 3043 3116 ligna,
3095 3051 3189 3098 aut
3222 3042 3415 3097 l‘enum
3452 3050 3609 3111 atque
3643 3036 3735 3095 sti-

472 3134 561 3190 lex
601 3128 841 3200 reticuit,
881 3150 992 3190 non
1031 3135 1161 3190 illud
1194 3136 1473 3206 excipiens
1502 3153 1532 3191 a
1584 3137 1926 3201 voluntariis,
1959 3154 2060 3193 ne-
2085 3171 2128 3226 ο
2166 3143 2291 3214 pula
2337 3141 2558 3207 factum,
2588 3141 2694 3195 hoc
2715 3139 2836 3210 igne
2867 3148 3245 3201 consumelur,
3284 3153 3386 3191 nos
3422 3144 3601 3190 autem
3650 3132 3737 3188 de-

474 3241 582 3297 que
619 3226 767 3280 enim
821 3243 924 3297 pro
975 3227 1236 3297 peccatis,
1290 3229 1384 3283 sed
1425 3246 1528 3284 nec
1576 3246 1643 3284 ex
1693 3231 2061 3301 promissione

474 3316 717 3371 oblatum
752 3318 1012 3373 ostendit.
1046 3319 1278 3374 Tantum
1309 3328 1490 3375 autem
1516 3330 1679 3387 tacet,
1706 3323 2063 3392 quemadmo-

476 3408 607 3465 dum
659 3409 918 3475 diximus,
966 3408 1371 3478 voluntarium,
1410 3413 1527 3468 sive
1562 3425 1947 3483 spontaneum,
2005 3425 2064 3470 ut

475 3517 600 3557 cum
642 3501 836 3556 siletur
857 3502 961 3558 hoc
995 3506 1219 3560 verbum
1245 3504 1336 3575 qui
1394 3505 1683 3561 rationales
1728 3507 1919 3572 simus,
1975 3509 2067 3562 de-

474 3592 609 3650 bere
646 3611 748 3650 nos
782 3596 890 3651 Deo
912 3597 1197 3653 rationalia
1253 3599 1520 3654 sacriﬁcia
1581 3600 1967 3671 intelligamus,
2008 3610 2063 3656 et

476 3685 626 3739 omni
656 3687 705 3739 ei
728 3688 911 3742 studio
933 3688 1332 3747 adhtereamus.
1366 3689 1475 3745 Sed
1524 3690 1781 3761 quoniam
1840 3690 1950 3746 illic
2005 3690 2061 3744 in

474 3791 582 3847 qua
614 3777 701 3831 die
727 3777 976 3843 offertur,
1011 3780 1334 3842 comeditur,
1367 3781 1460 3846 ait,
1488 3781 1578 3836 hic
1607 3789 1811 3847 autem,
1836 3781 1891 3836 in
1925 3797 2063 3852 qua-

472 3883 688 3940 cunque
713 3868 802 3924 die
831 3871 1077 3935 oﬁ'ertur,
1110 3879 1164 3926 et
1187 3872 1249 3927 in
1275 3873 1512 3929 crastino
1540 3891 1554 3927 :
1587 3889 1690 3928 nec
1714 3872 1820 3930 hoc
1845 3883 2064 3929 contra-

471 3962 615 4016 rium
647 3970 750 4026 est,
781 3963 1122 4033 apertissime
1157 3965 1301 4020 enim
1326 3964 1505 4022 ethoc
1531 3966 1675 4036 quod
1698 3966 1932 4023 dicimus
1950 3983 2064 4023 era-

472 4054 698 4120 stinum,
749 4055 1127 4110 denuntiatum
1182 4058 1468 4127 prresentis
1528 4059 1711 4114 saeculi
1757 4066 1861 4121 est,
1913 4059 2061 4129 quod

474 4155 703 4201 testatur
724 4147 960 4202 Jacobus
985 4148 1173 4203 dicens
1197 4168 1207 4202 :
1227 4148 1356 4203 Ecce
1378 4166 1514 4203 nunc
1536 4150 1626 4221 qui
1651 4150 1827 4204 dicitis
1847 4166 1866 4204 :
1893 4152 2063 4206 Hodie

473 4246 523 4291 et
547 4238 775 4292 crastino
801 4238 1186 4292 ambulabimus
1232 4239 1289 4292 in
1313 4240 1464 4294 illam
1515 4241 1780 4294 civitatem
1817 4250 1866 4295 et
1912 4259 2063 4313 nego-

474 4330 748 4393 tiabimur,
779 4338 828 4384 et
852 4329 1056 4384 lucrum
1084 4332 1335 4402 faciemus
1361 4332 1427 4386 ⁷⁸.
1456 4332 1526 4385 Ει
1553 4332 1778 4387 omnino
1811 4349 1921 4387 non
1973 4334 2061 4389 in-

470 4421 661 4475 venies
679 4421 990 4491 ubicunque
1018 4422 1073 4475 in
1101 4420 1375 4488 Scriptura
1426 4421 1748 4485 crastinum,
1793 4424 2061 4478 assimila-

2167 3236 2485 3291 trimentum
2516 3232 2815 3304 patiemur.
2840 3230 2949 3286 Sed
2975 3230 3106 3301 quid
3141 3230 3225 3284 his
3252 3229 3467 3286 addidit
3492 3230 3516 3283 ἲ

2235 3325 2431 3397 Siquis
2453 3326 2516 3379 de
2539 3324 2787 3378 carnibus
2821 3324 3049 3377 victima:
3086 3322 3435 3392 paciﬁcorum
3471 3322 3554 3376 die
3598 3320 3737 3376 tertio

2165 3419 2466 3484 comederit,
2500 3418 2655 3471 irrita
2694 3416 2785 3485 ﬁet
2823 3414 3040 3480 oblatio,
3084 3430 3175 3468 nec
3200 3414 3439 3483 proderit
3474 3410 3691 3483 oﬂ'erenti
3719 3424 3738 3467 :

2164 3507 2292 3579 quin
2313 3506 2484 3576 potius
2506 3521 2827 3577 quaecunque
2848 3505 3027 3557 anima
3063 3502 3160 3556 tali
3186 3520 3240 3556 se
3280 3503 3459 3557 edulio
3494 3501 3735 3557 contami-

2166 3600 2386 3662 naverit,
2433 3599 2889 3670 prtevaricationis
2942 3613 3032 3651 rea
3057 3598 3175 3651 erit.
3215 3594 3329 3653 Nec
3378 3596 3496 3652 hmc
3552 3594 3739 3650 frustra

2164 3692 2426 3765 prtesenti
2452 3689 2726 3747 sanctioni
2767 3690 2996 3755 addidit,
3029 3689 3124 3745 sed
3168 3688 3300 3759 quia
3355 3690 3573 3760 quidam
3629 3694 3740 3758 post

2165 3784 2328 3838 ﬁnem
2381 3782 2544 3852 hujus
2610 3782 2734 3837 vitae
2800 3788 2856 3836 et
2899 3789 3243 3835 mortuorum
3294 3780 3739 3837 resurrectionem

2163 3875 2324 3929 aliam
2361 3873 2519 3929 talem
2548 3872 2734 3935 vitam,
2768 3870 2946 3941 qualis
2963 3886 3112 3925 nunc
3145 3878 3250 3935 est,
3278 3869 3593 3926 describere
3616 3884 3742 3939 prae-

2165 3973 2542 4038 sumpserunt,
2575 3964 2723 4019 mille
2755 3978 3024 4018 annorum
3063 3961 3340 4031 quoddam
3377 3963 3626 4018 saeculum
3661 3959 3738 4012 in-

2163 4057 2532 4119 troducentes,
2560 4055 2617 4108 in
2640 4054 2770 4125 quo,
2809 4061 2869 4107 ut
2909 4053 3083 4117 aiunt,
3113 4050 3421 4107 Jerusalem
3479 4048 3734 4106 sensibilis

2162 4149 2536 4220 tediﬁcabitur,
2567 4147 2939 4218 templumque
2980 4146 3118 4216 ejus,
3154 4153 3210 4199 et
3242 4160 3366 4215 qua:
3398 4144 3453 4199 in
3476 4161 3539 4200 ea
3571 4157 3736 4213 quon-

2162 4243 2287 4298 dam
2319 4240 2539 4295 fuerunt
2570 4238 2769 4294 Sancta
2818 4245 3132 4292 sanctorum
3190 4236 3663 4294 restaurabuutur,
3693 4238 3743 4284 et

2162 4332 2426 4388 sacriﬁcia
2450 4331 2770 4397 oﬁ'erentur,
2788 4326 3122 4398 nuptiaeque,
3149 4335 3205 4381 et
3233 4325 3472 4382 ﬁliorum
3502 4337 3736 4397 procrea-

2162 4427 2259 4493 tio,
2283 4434 2340 4482 et
2360 4426 2569 4481 delicia:
2597 4423 2845 4495 quaedam
2872 4437 2996 4477 cum
3016 4420 3224 4490 iustitia
3257 4420 3530 4485 sensibili,
3553 4426 3606 4473 et
3630 4418 3743 4471 lono

472 4521 587 4567 tum
637 4513 823 4568 futuro
883 4514 1107 4576 smculo,
1140 4512 1238 4567 sed
1289 4511 1490 4567 dicitur
1535 4514 1754 4583 quidem
1809 4531 2054 4585 pnesens
2092 4502 2137 4557 Ῑ)
2164 4536 2229 4591 ge
2256 4519 2358 4573 alia
2382 4516 2727 4573 conversatio
2755 4523 2962 4579 nostra,
2993 4528 3157 4583 quam
3186 4527 3249 4566 ea
3313 4529 3437 4583 qua:
3497 4525 3641 4566 nunc
3667 4514 3745 4562 est

471 4603 727 4657 smeulum
777 4602 959 4668 hodie,
1028 4602 1303 4672 quomodo
1352 4602 1518 4657 Davitl
1581 4604 1751 4660 dicit:
1801 4605 1972 4661 Hodie
2012 4609 2060 4662 si

470 4709 645 4747 vorem
691 4694 804 4762 ejus
847 4694 1143 4757 audieritis,
1171 4693 1332 4747 nolite
1362 4694 1622 4749 obdurare
1664 4698 1824 4752 corda
1863 4708 2056 4763 vestra,

469 4786 603 4838 sicut
625 4784 677 4836 in
699 4786 1099 4839 exacerbatione
1122 4786 1185 4839 ⁷⁷.
1217 4785 1287 4840 Et
1322 4802 1512 4841 rursus
1537 4787 1734 4844 Paulus
1767 4808 1778 4843 :
1815 4789 1919 4846 Sed
1962 4792 2063 4845 ad-

472 4875 761 4927 !tortamini
787 4877 1117 4944 vosntetipsos
1142 4894 1234 4947 per
1279 4879 1510 4950 singulos
1536 4880 1669 4944 dies,
1703 4882 1864 4936 donec
1910 4884 2063 4938 hodie

473 4967 872 5036 cognominatur
894 4967 958 5022 τε.
1016 4968 1224 5024 Dicitur
1249 4980 1431 5026 autem
1470 4981 1526 5029 et
1568 4988 1711 5039 eras,
1744 4991 1855 5031 non
1880 4986 2062 5031 tamen

470 5058 699 5112 omnino
726 5060 831 5112 ἀνὰ
855 5059 1146 5134 διαστολὴν
1177 5063 1425 5119 hodierni
1451 5082 1463 5118 :
1496 5065 1589 5120 sed
1617 5066 1741 5137 quia
1782 5069 2067 5137 praesentis

471 5149 654 5205 saeculi
672 5165 779 5205 non
793 5152 979 5207 eadem
995 5162 1122 5208 sunt
1135 5156 1326 5224 spatia,
1347 5156 1552 5212 sicutin
1570 5156 1878 5216 Proverbiis
1890 5170 2071 5215 osten-

470 5235 568 5308 dit,
620 5242 700 5297 Nc
721 5244 867 5298 dicas
892 5246 1062 5299 amico
1086 5257 1174 5300 tuo
1203 5263 1220 5302 :
1273 5246 1436 5313 Vade,
1468 5260 1517 5304 et
1547 5267 1664 5305 cras
1699 5252 1833 5305 veni.
1880 5252 2069 5324 Neque

472 5336 620 5391 enim
650 5336 909 5391 sreculum
970 5337 1230 5395 describit
1253 5339 1518 5409 futurum,
1551 5343 1646 5398 scd
1675 5346 2016 5415 subsequens
2041 5389 2057 5410 ,

471 5425 757 5495 praesentis
806 5427 931 5483 vitae
995 5438 1226 5499 tempus.
1251 5431 1484 5502 Propter
1506 5434 1650 5503 quod
1675 5434 1810 5491 dixit
1835 5454 1847 5490 :
1884 5436 2064 5509 Neque

470 5514 611 5568 enim
636 5518 759 5571 scies
785 5519 910 5590 quid
932 5520 1112 5589 pariat
1139 5534 1519 5590 superuentura
1541 5523 1651 5576 dies
1681 5523 1744 5590 7°,
1781 5524 1832 5578 id
1863 5535 1965 5587 est,
1994 5540 2065 5580 ne

469 5597 612 5657 forte
634 5603 690 5660 in
715 5620 778 5661 ea
804 5608 1075 5674 moriaris,
1105 5619 1200 5665 aut
1226 5610 1295 5665 ab
1318 5611 1493 5681 aliqua
1530 5613 1842 5685 impediaris
1870 5632 2056 5671 causa.

2163 4611 2457 4680 justorum,
2516 4622 2642 4661 cum
2677 4621 2743 4659 ex
2799 4604 3032 4659 mortuis
3095 4603 3562 4659 resurrexerimus
3598 4599 3738 4654 crit:

2168 4703 2310 4757 hanc
2339 4714 2468 4771 ergo
2499 4696 2979 4768 prmsumptionem
3001 4696 3070 4751 de
3092 4698 3286 4750 animo
3337 4706 3529 4750 nostro
3575 4706 3743 4748 remo-

2167 4808 2296 4848 vere
2330 4792 2556 4861 cupiens
2588 4808 2601 4845 :
2633 4789 2688 4844 Si
2713 4790 2836 4861 quis
2859 4790 2925 4845 de
2947 4790 3224 4854 carnibus,
3250 4789 3346 4855 ait,
3405 4788 3742 4859 paciﬁcorum

2168 4884 2255 4939 die
2284 4884 2447 4938 tertio
2475 4883 2797 4947 comederit,
2833 4881 2887 4936 id
2911 4889 3024 4945 est,
3066 4882 3111 4935 si
3138 4881 3261 4951 quis
3320 4880 3425 4935 sibi
3463 4880 3516 4934 in
3549 4878 3742 4949 cogita-

2169 4975 2316 5030 tione
2352 4983 2640 5045 proponat,
2674 4975 2801 5044 quia
2834 4983 2959 5044 post
3015 4972 3478 5027 resurrectionem
3510 4979 3742 5025 mortuo-

2168 5083 2309 5132 rum,
2343 5066 2598 5137 reliquias
2629 5067 2791 5137 hujus
2820 5067 2943 5121 vit;e
2961 5054 3183 5120 acturus
3204 5075 3305 5126 est.
3336 5073 3391 5120 et
3436 5064 3597 5119 modo
3620 5076 3744 5131 quo-

2169 5159 2292 5215 dam
2331 5159 2582 5214 comedat
2615 5159 2872 5229 praedicta
2933 5158 3009 5212 in-
3045 5167 3250 5227 mente,
3280 5167 3441 5212 utens
3485 5173 3583 5227 pro
3630 5154 3743 5207 cibo

2172 5250 2493 5323 phantasia;
2525 5261 2581 5305 et
2606 5266 2834 5321 sperans
2856 5268 2915 5307 se
2938 5251 3226 5307 comedere
3254 5266 3320 5306 eo
3371 5260 3613 5320 tempore
3644 5261 3744 5315 (luo

2176 5343 2466 5400 comedere
2525 5344 2862 5413 impossibile
2915 5350 3019 5404 est.
3054 5343 3107 5398 id
3147 5353 3249 5407 est,
3291 5342 3507 5414 operari
3540 5359 3552 5395 :
3592 5337 3744 5405 hujus

2172 5435 2377 5491 oblatio
2401 5452 2511 5491 non
2539 5436 2853 5508 suscipitur,
2883 5451 2984 5492 nec
3009 5437 3348 5507 reputabitur
3379 5434 3451 5488 ei.
3474 5432 3572 5499 Qui
3604 5427 3741 5485 enim

2171 5528 2305 5582 falsa
2324 5530 2393 5583 de
2424 5527 2608 5583 futuro
2631 5529 2830 5584 s:eculo
2860 5530 3111 5592 aestimat.
3133 5528 3456 5598 sibimetipsi
3486 5526 3739 5581 damnum

2169 5617 2316 5683 facit,
2349 5618 2771 5674 abominabilem
2824 5628 2881 5674 et
2910 5618 3172 5690 pullulant
3218 5617 3546 5675 oblationem
3595 5622 3740 5667 suam

550 5773 726 5836 "Jac.
755 5798 827 5851 tv,
865 5785 947 5839 15.
1028 5786 1071 5818 ⁷⁷
1097 5783 1241 5842 Psal.
1269 5802 1412 5856 χειν,
1441 5789 1500 5858 8;
1525 5788 1690 5846 llebr.
1723 5806 1798 5859 tv,
1818 5794 1869 5847 7.
1949 5793 1992 5825 ⁷⁸
2024 5790 2054 5847 ll

2160 5809 2188 5847 r.
2225 5809 2310 5863 tu,
2347 5795 2428 5849 l5.
2506 5795 2554 5826 7’
2580 5792 2696 5849 Jac.
2727 5785 2801 5860 tv,
2838 5756 2918 5850 ll.
2995 5794 3178 5851 “Luc.
3216 5813 3267 5862 λ,
3306 5796 3391 5862 40,
3418 5793 3505 5849 Η.
