3992 6424
342 384 456 449 865

1488 372 1565 432 1N
1617 367 2061 433 LEVITICUM.
2102 391 2169 401 --
2207 366 2356 427 LIB.
2394 366 2478 426 II.

3514 361 3623 426 εδδ

337 489 649 550 constituit.
684 487 802 542 Non
836 485 1009 541 solum
1041 490 1224 538 autem
1256 479 1381 543 hoc.
1414 478 1509 535 sed
1533 488 1589 535 et
1639 484 1923 550 peccatum
1951 483 1995 541 Α
2032 473 2315 531 rationalis
2352 473 2615 530 hominis.
2649 472 2806 530 Unde
2827 462 3051 544 quidem
3084 472 3474 546 cogitationum
3505 487 3624 526 ma-

335 586 561 645 sibimet
587 579 863 638 contrahit
889 595 905 647 ;
933 584 1156 648 propter
1184 574 1328 645 quod
1351 572 1487 628 dixit
1515 588 1531 622 :

412 676 552 742 Quin
580 673 757 744 potius
790 684 1111 742 qua'cuuque
1131 667 1313 720 anima
1344 665 1441 719 tuli
1466 681 1521 719 se
1540 663 1714 719 edulio
1739 672 1926 718 conta-

337 769 644 833 minaverit,
689 765 1139 838 pru’varicationis
1182 779 1271 816 rea
1299 761 1417 816 erit.
1451 758 1760 816 Ostendens
1800 759 1928 829 quia

338 873 398 920 et
421 864 475 918 in
504 862 706 915 damno
731 859 999 914 bonorum
1051 856 1203 937 vivit,
1228 864 1284 910 et
1312 860 1536 925 peccato
1570 867 1630 908 se
1654 906 1662 915 ,
1688 851 1927 923 subjicit,

339 958 656 1027 quicunque
688 968 798 1008 non
839 952 982 1008 bona
1008 951 1075 1005 de
1099 946 1459 1003 retributione
1485 944 1720 1000 aestimat
1767 942 1898 1000 Chri
1916 973 1931 986 -

340 1050 416 1104 sti
448 1065 463 1101 :
491 1063 604 1102 non
629 1046 777 1101 enim
809 1053 939 1100 sunt
968 1040 1354 1112 corruptibiles
1382 1037 1777 1093 retributiones
1813 1035 1929 1101 Dei,

341 1157 452 1197 nec
493 1154 619 1212 quae
666 1137 837 1193 semel
889 1133 1179 1198 destruxit,
1224 1132 1314 1187 illa
1367 1144 1558 1186 rursus
1606 1128 1934 1185 constituit:

343 1240 610 1303 praterea
642 1246 752 1285 non
782 1229 899 1287 vult
933 1227 1166 1284 virtutes
1193 1223 1326 1280 falsa
1380 1222 1686 1279 intentione
1734 1221 1934 1293 pollui;

344 1323 495 1378 unde
521 1329 579 1377 et
613 1321 792 1376 dixit:

417 1412 561 1469 Caro
586 1428 704 1483 qua:
723 1412 928 1483 aliquid
957 1412 1187 1484 tetigerit
1207 1411 1561 1475 immundum,
1580 1426 1683 1465 non
1702 1408 1939 1464 comede-

346 1514 456 1569 tur,
480 1506 570 1559 sed
594 1505 711 1575 igne
730 1514 1089 1560 consumetur.
1111 1502 1320 1559 Carnes
1348 1490 1537 1558 dicens
1577 1501 1834 1567 virtutes,
1872 1513 1937 1554 ex

345 1598 553 1666 quibus
581 1595 908 1652 sacriﬁcium
962 1595 1198 1651 salutare
1251 1602 1469 1650 constat
1499 1611 1513 1649 :
1554 1592 1709 1649 verbi
1746 1590 1936 1663 gratia,

346 1690 679 1752 castitatem,
728 1689 1155 1760 eleemosynam,
1198 1687 1487 1758 justitiam.
1542 1686 1670 1742 ΙΙωο
1727 1700 1856 1755 ergo
1896 1684 1942 1739 si

349 1783 630 1855 tetigerint
671 1782 1014 1837 immundum
1042 1779 1350 1851 quidpiam,
1387 1794 1512 1835 cum
1550 1778 1692 1834 forte
1728 1793 1826 1847 per
1854 1793 1947 1832 su-

350 1877 606 1948 perbiam
643 1875 854 1942 iustitia
900 1883 956 1930 et
1010 1874 1233 1929 castitas
1294 1872 1363 1927 ad
1398 1885 1592 1927 vanam
1616 1870 1863 1942 gloriam,
1890 1877 1947 1923 et

348 1970 693 2040 eleemosyna
727 1983 795 2023 ex
827 1966 1092 2037 injustitia
1118 1965 1196 2029 ﬁt,
1232 1966 1354 2037 igne
1381 1960 1949 2033 inccndentur'judicii

349 2060 545 2117 futuri.
574 2060 731 2128 Quod
751 2060 1095 2115 demonstrat
1124 2058 1315 2124 isaias,
1339 2059 1532 2113 dicens
1564 2073 1579 2109 :
1610 2055 1712 2122 Qui
1761 2057 1951 2109 immo-

352 2151 433 2207 lat
466 2153 669 2219 bovem,
693 2152 846 2224 quasi
867 2152 959 2221 qui
985 2150 1272 2220 interﬁciat
1306 2151 1509 2216 virum;
1539 2150 1629 2221 qui
1648 2156 1844 2202 mactat
1860 2164 1950 2216 pe-

354 2262 469 2311 cus,
501 2245 657 2316 quasi
688 2244 779 2315 qui
805 2242 1104 2298 excerebrat
1153 2258 1337 2297 canem
1360 2244 1426 2308 8',
1459 2251 1515 2297 et
1541 2241 1770 2311 reliqua.
1801 2240 1948 2295 Prte-

355 2338 532 2393 sentis
571 2345 753 2391 autem
786 2334 1027 2390 mandati
1064 2343 1211 2391 recta
1242 2335 1525 2391 conciusto
1554 2342 1676 2389 est:
1710 2332 1809 2398 Qui
1832 2334 1949 2403 fue-

354 2433 428 2487 rit
477 2430 728 2497 mundus,
776 2440 1013 2485 vescetur
1044 2446 1129 2485 ea.
1154 2430 1348 2483 Anima
1386 2428 1591 2495 polluta
1614 2442 1732 2498 qua
1785 2427 1949 2480 ederit

352 2523 423 2577 de
437 2521 684 2577 carnibus
701 2522 884 2576 hostia:
902 2520 1246 2592 paciﬁcatum
1263 2535 1382 2590 quae
1404 2518 1581 2573 oblata
1606 2528 1680 2572 est
1700 2517 1944 2581 Domino,

355 2615 547 2686 peribit
577 2617 642 2668 de
670 2613 879 2684 populis
908 2614 1039 2667 suis.
1063 2611 1265 2684 Aperte
1310 2610 1402 2666 hic
1427 2610 1656 2665 ironiam
1696 2608 1947 2673 destruit,

356 2720 416 2763 et
445 2705 782 2778 hypocrisin,
810 2705 928 2762 ham
950 2708 1099 2761 enim
1154 2713 1283 2761 sunt
1320 2704 1517 2759 anima:
1568 2702 1947 2769 immunditiaa,

358 2800 439 2856 ita
466 2809 529 2854 nt
559 2802 751 2854 horum
780 2782 946 2854 homo
968 2798 1198 2854 interior
1218 2799 1381 2868 lupus
1403 2796 1791 2867 appellaretur,
1824 2810 1950 2850 cum

358 2893 629 2947 Dominus
654 2891 787 2946 dicit
813 2908 826 2944 :
853 2890 1125 2945 Attendite
1147 2890 1214 2943 ab
1250 2890 1323 2944 eis
1344 2890 1435 2961 qui
1455 2889 1669 2944 veniunt
1693 2889 1764 2942 ad
1784 2903 1873 2941 vos
1895 2887 1953 2940 in

356 2983 548 3038 vestitu
571 2983 766 3049 ovium,
792 2983 933 3036 intus
971 2992 1153 3036 autem
1179 2990 1298 3036 sunt
1327 2981 1437 3050 lupi
1464 2996 1685 3050 rapaces
1704 2980 1770 3033 ⁸³.
1798 2979 1860 3031 lli
1884 2978 1953 3034 de

359 3074 623 3129 carnibus
672 3073 869 3129 hostia:
916 3072 1273 3145 paciﬁcorum
1331 3073 1448 3129 sive
1489 3072 1764 3135 salutaris,
1830 3087 1952 3141 quae

2023 569 2205 626 larum
2239 567 2503 623 Dominus
2563 567 2899 622 mentionem
2947 568 3098 633 fecit,
3136 576 3191 621 tl
3240 567 3321 622 sic
3361 566 3573 622 addicit
3607 581 3621 617 :

2030 660 2156 715 Haec
2208 668 2388 715 autem
2442 670 2568 715 sunt
2614 676 2733 731 qua:
2776 659 3020 730 polluant
3057 660 3338 713 hantinem.
3365 658 3622 714 Jumenta

2030 767 2159 823 ergo
2172 751 2455 806 immunda
2468 760 2598 806 sunt
2615 752 2670 806 hi
2693 752 2785 820 qui
2804 751 3107 806 immundis
3132 760 3187 804 et
3216 751 3626 815 terrenisaetio-

2006 841 2192 906 ,nibus
2219 850 2591 912 occupantur;
2620 842 2684 897 ad
2704 850 2903 897 terram
2925 841 3243 909 intendunt,
3268 843 3626 911 quemadnto-

2032 933 2160 987 dum
2182 933 2454 1002 iumenta.
2478 932 2635 990 Unde
2655 945 2712 989 et
2734 933 3096 991 fornicatores
3146 938 3268 1005 equi
3321 935 3627 990 admissarii

2034 1025 2380 1095 appellantur
2419 1025 2487 1081 “.

2107 1115 2229 1171 Sive
2278 1116 2447 1171 omnis
2495 1115 2573 1172 rei
2632 1132 2750 1188 qua:
2811 1116 3048 1187 polluere
3119 1125 3308 1185 potest.
3379 1115 3626 1182 QtllCltll-

2037 1224 2145 1279 que
2198 1210 2383 1265 omina
2444 1218 2500 1265 et
2545 1210 2936 1276 divinationes,
2998 1218 3056 1266 et
3104 1211 3478 1282 purgationes,
3540 1212 3628 1266 vel

2040 1301 2177 1368 dies,
2225 1311 2281 1357 et
2355 1311 2603 1374 tempora
2653 1305 2989 1369 custodiunt,
3050 1305 3223 1358 multo
3282 1305 3454 1374 magis
3527 1319 3629 1358 au-

2043 1401 2150 1447 tem
2198 1391 2341 1464 magi
2397 1401 2453 1447 et
2505 1391 2772 1459 veneﬁci,
2824 1393 3221 1449 abominabiles
3285 1403 3414 1449 sunt
3478 1394 3629 1449 enim

2042 1484 2186 1554 apud
2217 1483 2527 1539 Dominum.
2556 1482 2747 1539 Omnis
2773 1485 2864 1554 qui
2897 1484 3027 1541 facit
3055 1487 3192 1547 hare.
3220 1485 3447 1542 forsitan
3481 1486 3629 1540 enim

2043 1575 2414 1631 communicat
2443 1576 2568 1647 quis
2602 1576 2756 1632 malis
2798 1592 2986 1632 eorum
3029 1579 3293 1644 consiliis,
3335 1587 3428 1633 aut
3465 1578 3634 1632 actio-

2045 1668 2237 1735 nibus,
2301 1677 2356 1724 et
2413 1667 2537 1735 hic,
2592 1675 2784 1738 utpote
2838 1670 3174 1740 prohibitam
3233 1670 3636 1725 immunditiam

2050 1770 2299 1833 tangens,
2336 1777 2443 1816 non
2476 1770 2661 1834 potest
2700 1778 2763 1817 ea
2802 1778 2925 1832 qua:
2966 1763 3033 1819 ad
3069 1763 3301 1819 hostiam
3342 1763 3635 1819 salutarem

2049 1854 2133 1910 vel
2179 1852 2533 1924 paciﬁeorum
2579 1854 2860 1924 pertinent
2900 1855 3210 1918 comedere.
3243 1856 3359 1911 sive
3399 1856 3636 1925 Operari.

2050 1941 2187 1998 Cum
2223 1942 2371 1997 enim
2418 1942 2577 1998 nisus
2623 1942 2790 1998 fuerit
2823 1958 2888 1999 ea
2933 1960 3055 2016 quae
3091 1946 3160 2001 ad
3199 1945 3429 2000 salutem
3466 1946 3636 2015 perti-

2051 2047 2188 2093 nent
2233 2053 2417 2109 agere,
2452 2046 2508 2093 et
2560 2039 3051 2094 communicaverit
3094 2040 3451 2110 operantibus
3499 2039 3641 2094 mala

2050 2141 2109 2187 et
2135 2144 2258 2200 quae
2284 2131 2353 2186 ad
2385 2129 2750 2200 perditionem
2784 2131 3080 2201 pertinent,
3108 2131 3311 2201 peribit
3342 2132 3411 2186 de
3440 2130 3642 2202 populo

2050 2236 2175 2287 suo,
2206 2220 2261 2274 id
2300 2228 2403 2287 cst,
2432 2221 2500 2275 de
2545 2221 2634 2276 his
2680 2221 2775 2291 qui
2824 2223 3130 2285 salvantur,
3162 2238 3292 2278 nam
3341 2233 3398 2279 et
3446 2224 3643 2278 alienis

2051 2312 2463 2368 communicare
2507 2313 2782 2383 peccatis,
2831 2313 3172 2369 mortiferum
3219 2320 3349 2368 est:
3392 2313 3539 2367 unde
3587 2320 3645 2369 et

2053 2404 2225 2459 David
2271 2404 2489 2460 dicebat
2521 2423 2534 2459 :
2568 2405 2639 2460 Et
2670 2407 2736 2460 ab
2772 2406 2962 2461 alien’s
2990 2423 3149 2475 parce
3174 2423 3322 2460 servo
3346 2415 3439 2459 tuo
3467 2406 3533 2459 ⁸⁸.
3576 2406 3643 2460 Et
3717 2476 3721 2480 ‘

2051 2497 2255 2554 Paulus
2285 2498 2575 2555 Timotheo
2601 2502 2862 2571 prateepit
2892 2518 2905 2554 :
2935 2500 3123 2554 Munus
3155 2502 3257 2554 cito
3300 2500 3498 2555 nemini
3534 2500 3642 2552 im-

2049 2592 2324 2660 posueris,
2379 2608 2544 2661 neque
2600 2595 3070 2647 communicaveris
3127 2595 3354 2663 peccatis
3408 2593 3639 2658 alienis,

2055 2685 2385 2754 temetipsum
2417 2696 2619 2743 castum
2648 2687 2849 2739 custodi
2872 2686 2940 2740 ⁸⁸.

2125 2802 2291 2859 Vens.
2328 2803 2523 2859 25-25.
2560 2824 2579 2855 ι
2614 2804 2961 2874 Loeutusqnc
2989 2812 3075 2858 est
3104 2802 3370 2858 Dominus
3399 2804 3466 2859 ad
3499 2803 3643 2876 Moy-

2053 2911 2154 2951 sen
2183 2897 2373 2951 dicens
2407 2914 2421 2950 :
2452 2895 2704 2966 Loquere
2733 2896 2856 2950 ﬁliis
2898 2896 3083 2951 Israel.
3125 2896 3355 2966 Adipem
3380 2897 3555 2962 bovis,
3588 2905 3646 2953 et

2054 2990 2196 3055 ovis,
2229 2997 2285 3044 et
2318 3005 2497 3059 caprae
2540 3004 2651 3044 non
2699 2989 2999 3043 comedetis
3041 3006 3055 3042 :
3093 2990 3309 3059 adipem
3362 2990 3645 3047 cadaveris

2055 3082 2359 3149 morticini,
2392 3091 2448 3136 et
2490 3082 2611 3152 ejus
2657 3080 2917 3140 animale.
2958 3086 3104 3150 quod
3149 3097 3179 3136 a
3207 3081 3381 3137 bestia
3425 3092 3644 3153 captum

361 3166 560 3222 oblata
593 3174 723 3220 sunt
752 3166 1005 3231 Domino,
1037 3167 1408 3235 comedentes,
1432 3166 1523 3235 qui
1574 3165 1806 3220 virtutes
1832 3179 1951 3234 qua:

2058 3183 2164 3238 est,
2199 3173 2472 3230 habebitis
2520 3174 2576 3227 in
2621 3188 2753 3228 usus
2798 3173 3000 3228 varios.
3032 3173 3089 3227 Si
3121 3173 3245 3243 quis
3282 3174 3520 3244 adipem.
3550 3176 3645 3246 qui

359 3274 395 3314 a
446 3258 555 3313 Deo
612 3257 985 3329 possidentur,
1026 3274 1139 3314 non
1196 3259 1416 3314 virtutis
1476 3257 1803 3321 intentione,
1857 3256 1956 3311 sed

362 3350 741 3405 fraudulenter
768 3358 1087 3420 operantur,
1104 3359 1338 3421 pereunt
1364 3350 1434 3405 de
1476 3348 1682 3420 populo
1712 3362 1835 3414 suo,
1897 3356 1958 3402 ut

362 3457 475 3499 non
499 3443 614 3514 jam
650 3458 803 3507 oves,
838 3444 932 3500 sed
970 3443 1087 3515 lupi
1140 3442 1498 3499 nominentur
1520 3451 1576 3497 et
1623 3452 1686 3496 ut
1724 3440 1959 3496 manife-

363 3545 511 3591 stum
547 3537 639 3601 sit,
660 3535 787 3606 quia
811 3536 880 3592 de
908 3552 1070 3608 grege
1093 3535 1302 3606 expulsi
1328 3544 1478 3590 sunt.
1506 3533 1832 3604 Quicunque
1860 3549 1958 3588 au-

364 3638 477 3686 tem
508 3640 661 3685 extra
695 3645 935 3703 gregem,
961 3640 1066 3695 est,
1092 3629 1184 3685 hic
1215 3628 1270 3683 in
1300 3636 1455 3699 parte
1508 3627 1807 3683 bestiarum
1857 3625 1958 3681 de-

364 3731 632 3793 putatur:
667 3722 737 3777 Et
760 3723 851 3794 qui
895 3723 1123 3793 tetigerit
1167 3722 1567 3776 immunditiam
1606 3721 1834 3775 hominis
1878 3718 1962 3774 vel

357 3812 614 3882 jumeuti,
646 3814 754 3868 sive
780 3813 949 3868 ontuis
986 3814 1064 3867 rei
1084 3830 1201 3885 qua:
1232 3813 1467 3883 polluere
1488 3821 1677 3882 potest,
1705 3820 1754 3866 et
1787 3828 1961 3866 eome-

365 3905 501 3959 dcrit
539 3906 603 3958 de
654 3905 1016 3974 hujuscemodi
1061 3907 1327 3971 carnibus,
1368 3904 1603 3959 interibit
1643 3905 1708 3958 de
1753 3904 1960 3973 populis

364 3999 495 4054 suis.
548 3997 672 4053 Non
716 4015 847 4071 ergo
899 3999 1202 4069 quemlibet
1239 3999 1394 4053 illum
1436 3997 1783 4053 solummodo
1818 3996 1961 4052 mala

366 4092 637 4148 mundum
689 4108 811 4147 esse
853 4101 911 4148 et
956 4108 1145 4148 carere
1181 4093 1296 4147 vult
1328 4093 1549 4147 actione
1577 4091 1620 4146 si
1666 4091 1959 4146 salutarem

367 4185 484 4239 sive
512 4183 798 4254 paciﬁcum
821 4196 1080 4253 operatur
1109 4181 1368 4247 hostiam,
1398 4190 1454 4236 et
1491 4180 1644 4251 cupit
1673 4181 1794 4249 ejus
1839 4194 1962 4234 esse

368 4275 671 4346 particeps,
688 4276 785 4331 sed
808 4284 870 4331 ut
892 4275 1056 4330 etiam
1081 4275 1149 4330 ab
1175 4274 1403 4329 alterius
1430 4273 1555 4328 mali
1572 4272 1962 4343 conjunctione

312 4416 323 4423 .
370 4365 667 4431 abstineat,
697 4365 813 4421 sive
851 4365 1212 4438 cogitationes
1257 4364 1379 4435 ejus
1430 4364 1546 4420 sive
1596 4380 1762 4434 opera
1819 4363 1961 4418 mala

2057 3269 2243 3325 ollerri
2276 3268 2438 3324 debet
2473 3267 2528 3321 in
2560 3267 2844 3323 incensum
2875 3266 3112 3335 Domini,
3149 3268 3472 3334 comederit,
3521 3284 3649 3339 per-

2058 3362 2161 3417 ibit
2186 3361 2253 3416 de
2280 3360 2484 3431 populo
2510 3374 2631 3414 suo.
2662 3377 2681 3411 ι

2132 3451 2465 3508 Admiranda
2504 3459 2589 3506 est
2623 3450 2955 3519 legislatorts
2983 3457 3252 3520 sapientia
3290 3450 3652 3521 quemadmo-

2061 3545 2192 3601 dum
2216 3559 2316 3614 per
2334 3543 2625 3614 aenigmata
2653 3550 2708 3596 et
2737 3541 3027 3612 parabolas
3053 3540 3364 3597 introducat
3386 3541 3652 3612 subjectis

2061 3636 2239 3698 utilia,
2272 3643 2434 3691 caute
2479 3633 2721 3688 mandati
2773 3633 3123 3703 margaritam
3178 3633 3335 3703 quasi
3366 3634 3422 3687 in
3464 3648 3650 3703 peram

2061 3740 2400 3798 componens
2469 3724 2684 3779 litterae.
2761 3722 3132 3789 Quamobrem
3212 3724 3361 3778 enim
3435 3724 3651 3795 adipem

2062 3820 2250 3885 boum,
2287 3827 2342 3873 et
2390 3816 2598 3878 ovium,
2629 3822 2685 3870 et
2731 3830 3021 3885 caprarum
3061 3816 3276 3871 comedi
3308 3832 3417 3871 non
3447 3831 3655 3886 praece-

2061 3912 2188 3983 pit:
2230 3914 2575 3980 quorumque
2615 3920 2814 3960 carnes
2864 3906 3100 3961 mandas
3146 3914 3199 3961 et
3252 3906 3472 3963 esibiles
3517 3908 3652 3963 dixit

2062 4014 2255 4056 eorum
2299 3998 2511 4054 comedi
2541 3995 2757 4066 adipem
2799 3995 2989 4059 vetuit,
3017 4011 3121 4069 nec
3165 3996 3285 4065 ejus
3320 3996 3412 4065 qui
3457 4011 3651 4064 opera-

2062 4104 2156 4150 tur
2185 4091 2528 4157 mandatum,
2552 4088 3011 4160 quemadmodum
3043 4096 3127 4143 est
3157 4088 3276 4152 bos,
3309 4103 3412 4143 nec
3440 4090 3650 4159 simpli-

2063 4190 2164 4253 cis,
2186 4187 2279 4258 qui
2310 4194 2393 4242 est
2414 4185 2555 4249 ovis,
2592 4198 2698 4238 nec
2729 4198 2922 4238 eorum
2952 4181 3045 4253 qui
3074 4198 3176 4252 pro
3207 4181 3445 4251 peccatis
3474 4184 3655 4252 pomi-

2065 4280 2295 4337 tentiam
2328 4286 2518 4350 agunt,
2551 4292 2651 4346 per
2684 4290 2906 4345 capram
2941 4274 3143 4343 quippe
3186 4273 3564 4344 signiﬁcantur
3588 4290 3653 4331 ea

2064 4388 2187 4443 qute
2212 4386 2311 4443 pro
2343 4368 2585 4441 peccatis
2616 4376 2747 4422 sunt
2775 4365 3064 4430 sacriﬁcia,
3097 4381 3221 4421 cum
3256 4381 3474 4436 capram
3508 4383 3654 4436 pra}-

370 4459 503 4512 sint.
556 4455 694 4524 Quta
758 4455 907 4511 enim
979 4455 1261 4511 rationalis
1311 4463 1367 4510 et
1432 4452 1818 4509 intellectualis
1877 4460 1965 4506 est
2066 4465 2277 4535 ceperit
2320 4462 2377 4516 in
2427 4461 2514 4516 his
2558 4467 2656 4514 aut
2700 4458 2918 4514 hircum
2979 4457 3271 4524 immolari,
3314 4474 3417 4512 nec
3456 4459 3652 4515 horum

372 4549 561 4618 homo,
589 4557 741 4606 recte
769 4548 1177 4605 immunditiam
1210 4548 1474 4612 hominis,
1531 4562 1653 4602 eam
1708 4561 1834 4616 quin
1876 4553 1951 4600 est

2063 4571 2195 4629 ergo
2221 4553 2476 4611 concedit
2501 4560 2563 4607 ut
2590 4551 2929 4607 desiderium
2954 4549 3348 4606 comedamus?
3370 4550 3452 4605 Ad
3483 4551 3652 4605 Deum

372 4643 428 4697 in
483 4643 751 4706 consiliis,
776 4651 833 4698 et
868 4642 1314 4715 cogitationibus,
1352 4640 1616 4696 malitiatn
1675 4638 1963 4703 intellexit,
2064 4650 2213 4706 enim
2249 4644 2383 4702 illud
2417 4644 2636 4708 referri,
2678 4655 2735 4699 et
2771 4644 2886 4699 Deo
2928 4641 3113 4698 offerri
3157 4643 3337 4713 jubet,
3381 4653 3656 4712 quatenus

370 4738 518 4810 (100d
556 4738 875 4794 manifestat
909 4748 966 4794 ει
1016 4738 1305 4804 Dominus.
1354 4737 1547 4792 dicens
1576 4754 1590 4789 ε
1621 4734 1859 4790 Νεσάυηι
1887 4734 1970 4787 ξη-
2065 4755 2180 4796 non
2212 4739 2284 4795 sit
2324 4736 2630 4792 secundum
2662 4734 3022 4789 intentionem
3053 4734 3374 4799 humanam,
3405 4735 3501 4790 sed
3543 4736 3656 4791 Deo

374 4831 631 4904 teltigitis,
672 4832 799 4903 quia
840 4848 993 4886 omne
1018 4833 1160 4902 quod
1194 4831 1494 4902 ingreditur
1517 4830 1573 4883 in
1604 4845 1712 4893 ore,
1745 4828 1801 4881 iu
1843 4843 1970 4882 ven-
2069 4832 2169 4887 soli
2218 4828 2655 4897 uniuscujusque
2707 4826 2824 4891 rei,
2872 4841 3036 4895 quam
3089 4826 3214 4895 quis
3262 4841 3328 4879 ex
3380 4828 3657 4897 prmdictis

372 4932 509 4991 trem
532 4921 708 4985 vd’dil.
734 4930 782 4974 ει
807 4922 861 4974 in
885 4936 1144 4975 secessum
1166 4919 1471 4974 emittitur?
1495 4916 1576 4971 Εα
1624 4924 1803 4972 autem
1854 4931 1973 4987 qm
2068 4923 2400 4994 assequitur,
2441 4919 2776 4975 desiderium
2823 4918 3104 4973 oll‘eratur.
3142 4918 3410 4974 Similiter
3458 4936 3654 4989 pecca-

372 5015 715 5086 egrediuntur
738 5014 802 5067 de
846 5028 957 5078 ore,
989 5017 1054 5066 de
1091 5011 1247 5066 corde
1276 5018 1485 5073 exeunt,
1510 5018 1558 5064 et
1595 5008 1693 5063 illa
1725 5006 1967 5078 polluant

369 5106 656 5161 hominem.
690 5103 768 5158 De
797 5104 952 5158 corde
987 5104 1128 5158 enim
1171 5110 1363 5156 exeunt
1413 5101 1754 5170 cogitationes
1789 5098 1966 5164 malm,

371 5202 678 5265 homicidia,
702 5200 989 5264 adulteria,
1022 5202 1190 5272 furta,
1219 5197 1357 5270 falsa
1381 5195 1703 5262 testimonia,
1723 5194 1967 5265 blasphe-

370 5299 494 5353 miae
512 5297 599 5351 “?
636 5295 753 5352 Non
816 5313 880 5351 ea
942 5310 1063 5366 quae
1095 5294 1151 5349 in
1197 5292 1414 5348 actione
1436 5298 1583 5356 sunt,
1614 5290 1805 5345 dicens
1826 5291 1968 5345 furta

367 5398 467 5445 aut
495 5388 784 5453 adulteria,
808 5397 905 5443 aut
951 5386 1363 5449 fornicationes,
1392 5397 1519 5437 nam
1552 5380 1670 5437 haec
1692 5383 1970 5452 quomodo

370 5481 442 5540 de
474 5482 643 5539 corde
667 5481 906 5538 exeunt?
934 5481 1032 5537 sed
1065 5494 1131 5535 ea
1174 5493 1296 5548 quae
1327 5476 1382 5531 in
1437 5473 1862 5547 cogitationibus
1910 5483 1967 5530 et

368 5572 618 5630 consiitis
645 5583 796 5641 sunt,
822 5573 949 5645 quia
988 5573 1106 5644 ipsa
1135 5569 1386 5625 maxima:
1426 5572 1555 5620 sunt
1602 5565 1965 5621 immunditite

439 5794 483 5827 ⁸³
520 5793 621 5847 lsa.
648 5809 792 5851 LXVI.
812 5792 867 5845 5.

369 5862 465 5922 ⁸⁸1
498 5864 642 5920 Tim.
676 5880 729 5921 ν.
761 5865 851 5918 “2‘2.
930 5863 972 5894 ⁸⁷
1006 5862 1191 5917 ῙἹίιιι.
1221 5881 1272 5927 ν,
1302 5866 1355 5919 ὕ.

2074 5026 2255 5072 torum
2282 5012 2641 5076 desiderium,
2672 5011 2818 5082 quod
2851 5025 2949 5081 per
2980 5011 3266 5066 morticina
3317 5020 3373 5066 et
3400 5027 3429 5065 a
3461 5011 3657 5068 bestiis

2072 5115 2234 5178 capta
2288 5103 2675 5176 signiﬁcatur:
2713 5117 2816 5173 per
2859 5101 3148 5157 morticina
3194 5102 3415 5172 quidem
3466 5111 3656 5172 utpote

2072 5201 2168 5272 qui
2203 5199 2483 5271 elegerunt
2520 5212 2621 5268 per
2657 5196 2919 5268 quasdam
2954 5194 3323 5264 impudicitias
3354 5205 3410 5248 et
3439 5209 3537 5264 per
3565 5209 3659 5249 su-

2073 5291 2322 5365 perbiam
2363 5290 2571 5362 peccati
2612 5300 2868 5345 mortem.
2908 5287 3063 5355 Quod
3107 5286 3302 5358 probat
3341 5285 3542 5341 Paulus
3588 5287 3658 5343 de

2073 5386 2257 5442 viduis
2284 5385 2364 5441 sic
2393 5385 2582 5441 dicens
2622 5401 2636 5437 τ
2668 5381 2799 5448 Qua:
2840 5383 2979 5436 enim
3022 5381 3078 5435 in
3125 5379 3326 5434 deliciis
3359 5389 3433 5433 est
3471 5380 3656 5446 vidua,

2072 5480 2250 5534 vivens
2295 5487 2507 5533 mortua
2549 5487 2625 5532 est
2654 5477 2721 5530 δ’.
2754 5474 2861 5531 Per
2905 5490 2967 5531 ea
3015 5483 3196 5528 autem
3237 5487 3360 5543 qua:
3397 5486 3428 5527 a
3468 5471 3661 5527 bestiis

2072 5578 2233 5641 capta
2274 5579 2444 5638 sunt,
2495 5569 2881 5643 intelliguntur
2936 5567 2994 5625 hi
3046 5567 3160 5638 qui,
3194 5566 3325 5621 dum
3376 5564 3664 5637 negligant

965 5791 1478 5877 ?"hritlilil.\"ll.,15.
1558 5796 1606 5829 ⁸³
1658 5794 1849 5852 Matth.
1923 5814 1951 5850 ιε

2091 5796 2276 5854 Ποίο.
2353 5796 2400 5831 ⁸⁵
2427 5794 2596 5851 Eceli.
2663 5809 2833 5851 xxxnt
2867 5832 2882 5862 ,
2936 5791 2989 5847 6.
3028 5791 3112 5877 l"
3159 5788 3301 5868 Psal.
3334 5803 3469 5845 xvut
3499 5828 3517 5857 ,
3574 5787 3661 5849 Η.
