3992 6462
436 406 543 470 8ὓ7

1645 398 1696 456 II
1706 396 2008 456 ESYCHII
2045 394 2522 456 PRESBYTERI

3634 391 3738 457 863

436 517 707 574 cautelam
758 528 913 569 suam
959 521 1013 568 et
1081 509 1409 577 custodiam,
1462 508 1716 578 captivati
1768 515 1917 571 sunt,
1957 507 2026 562 ab
2055 511 2100 570 A
2129 520 2253 578 pem
2292 484 2603 573 hostiumet
2635 506 3034 579 pectusculum.
3065 507 3322 577 Cumque
3358 503 3529 559 ambo
3560 505 3741 559 oblata

418 608 874 679 intelligibilibus
919 605 1114 660 bestiis
1160 601 1545 673 comprehensi
1590 619 1604 653 :
1639 602 1785 670 quod
1820 610 1879 653 ut
1910 614 2025 653 non

438 702 726 767 faciamus,
759 717 953 756 rursus
983 698 1179 754 Petrus
1210 699 1285 753 ait
1319 716 1332 751 :
1367 696 1542 752 Sobrii
1579 702 1759 757 estote,
1787 692 2024 764 vigilate,

380 816 383 819 ί
438 793 775 846 adversarius
819 792 959 845 enim
1008 800 1176 844 vester
1214 787 1475 847 diabolus,
1515 785 1650 839 sicut
1694 784 1773 837 leo
1817 784 2028 854 rugiens

439 886 650 948 circuit,
681 899 922 954 qua-rens
949 898 1104 951 quem
1146 882 1354 933 devoret
1376 878 1441 932 ⁸⁸.
1474 876 1719 942 Quorum
1749 889 1861 929 non
1894 890 2027 930 con-

439 977 816 1045 ceditadipem
839 974 1051 1029 comedi
1076 990 1089 1027 :
1117 975 1339 1027 noxium
1367 972 1511 1026 enim
1538 980 1624 1026 est
1646 970 1804 1025 nobis
1829 969 2028 1024 horum

438 1069 729 1123 desideriis
760 1068 859 1121 uti.
889 1068 994 1121 Sed
1032 1082 1133 1120 nec
1169 1067 1279 1119 Deo
1313 1081 1377 1119 ea
1402 1065 1559 1132 jubet
1583 1061 1790 1124 offerri,
1824 1061 2030 1114 deside-

437 1163 575 1216 rium
606 1160 744 1213 enim
773 1168 1108 1228 peccatorum
1130 1157 1320 1227 peribit
1344 1157 1409 1209 39.
1436 1156 1540 1209 Sed
1581 1154 1710 1224 quid
1736 1151 2030 1223 pratcepit?

512 1251 784 1304 [Iabebitis
816 1252 871 1303 in
897 1266 1021 1303 usus
1050 1251 1246 1303 varios.
1282 1247 1619 1303 ’I‘rausferre
1644 1261 1774 1317 ergo
1795 1244 1926 1298 illud
1961 1243 2030 1298 ad

436 1342 695 1395 virtutem
742 1340 1030 1405 debemus,
1068 1351 1127 1394 ut
1173 1339 1242 1393 ad
1288 1338 1624 1402 castitatem,
1662 1344 1757 1390 aut
1785 1335 1853 1390 ad
1882 1334 2029 1390 elec-

436 1449 738 1504 mosynam,
785 1441 879 1486 aut
925 1433 993 1486 ad
1044 1431 1335 1501 justitiam,
1387 1439 1482 1483 aut
1529 1429 1598 1483 ad
1646 1440 2030 1498 quamcunque

439 1526 681 1596 speciem
720 1525 877 1579 bonae
913 1523 1249 1593 operationis
1292 1523 1487 1576 horum
1534 1519 1865 1575 desiderium
1900 1532 2031 1572 con-

439 1626 739 1682 vertamus,
788 1617 1131 1670 resolventes
1182 1615 1335 1678 illud,
1383 1625 1438 1667 et
1487 1613 1543 1666 in
1593 1613 1761 1666 alium
1805 1610 2028 1665 modum

440 1709 777 1765 derivantes.
828 1708 940 1762 IIuc
979 1708 1126 1762 enim
1164 1713 1269 1772 est,
1301 1706 1554 1760 habebitis
1589 1706 1644 1758 in
1674 1720 1798 1757 usus
1830 1705 2027 1757 varios.

440 1799 579 1865 Quia
617 1808 673 1853 et
705 1799 892 1868 adeps.
926 1800 968 1853 si
1020 1800 1085 1852 ad
1130 1798 1364 1867 aliquam
1407 1795 1698 1849 utilitatem
1738 1791 2031 1862 cujuslibet

440 1892 766 1946 conficiendi
797 1892 981 1961 aperis
1011 1888 1355 1945 necessarius
1390 1897 1494 1953 est,
1523 1886 1833 1941 subtiliatur
1866 1895 2030 1955 atque

442 1983 636 2036 resolvi
647 1992 700 2036 tu
712 1998 754 2034 r.
988 1984 989 1987 “

512 2072 571 2126 Si
602 2075 719 2139 quis
753 2073 961 2142 adipem
1008 2071 1098 2141 qui
1136 2071 1311 2140 offerri
1344 2071 1489 2123 debet
1530 2071 1583 2123 in
1625 2070 1891 2123 incensum
1926 2067 2034 2121 Do-

440 2166 573 2218 mini
607 2166 909 2230 comederit,
948 2164 1138 2234 peribit
1186 2164 1251 2216 de
1292 2162 1484 2232 populo
1516 2179 1631 2216 suo.
1665 2161 1833 2216 Recte
1867 2160 2031 2231 perit,

440 2254 699 2310 videlicet
746 2269 968 2326 cogens,
1016 2263 1112 2308 aut
1156 2253 1265 2307 alio
1320 2253 1483 2307 modo
1533 2251 1772 2306 suadens
1826 2253 1898 2315 ei,
1938 2251 2031 2320 qui

439 2353 796 2421 Semetipsum
829 2350 1027 2404 obtulit
1057 2348 1190 2412 Deo,
1224 2363 1333 2402 non
1364 2346 1433 2402 ad
1467 2362 1769 2417 supernum
1813 2345 2033 2400 oculum

438 2444 773 2499 desiderium
811 2443 1035 2504 habere,
1069 2442 1166 2496 sed
1199 2441 1266 2496 ad
1304 2440 1629 2510 placendum
1659 2438 1785 2492 sibi.

511 2533 674 2589 Vsus.
710 2535 802 2598 26,
833 2535 924 2589 27.
973 2553 993 2585 ι
1039 2533 1377 2602 Sanguinem
1426 2546 1645 2602 quoque
1696 2528 1876 2584 omnis
1919 2528 2038 2583 ani-

440 2626 602 2682 malis
631 2642 742 2681 non
772 2625 1005 2681 sumetis
1034 2624 1086 2677 in
1117 2625 1263 2686 cibo,
1296 2634 1404 2678 tant
1437 2625 1504 2679 de
1533 2623 1749 2688 avibus,
1775 2636 1937 2690 quam
1969 2620 2037 2675 de

439 2718 759 2789 pecoribus.
820 2717 1015 2770 Omnis
1067 2716 1250 2769 anima
1304 2732 1426 2785 qua:
1457 2714 1633 2771 ederit
1693 2712 2032 2785 sanguinem,

443 2810 649 2880 peribit
678 2811 746 2864 de
778 2808 995 2879 pupulis
1025 2808 1164 2862 suis.
1197 2826 1214 2859 ι

516 2903 656 2968 Quia
696 2901 1020 2972 sanguinem
1063 2900 1300 2954 animam
1333 2899 1450 2954 vult
1481 2897 1731 2968 intelligi,
1765 2897 2040 2953 sulIicien-

444 3002 529 3051 ter
556 2995 810 3064 superius
835 2994 1273 3048 demonstratum
1314 3000 1414 3047 est.
1438 2990 1583 3049 ,Vult
1613 3007 1746 3062 ergo
1777 2991 2036 3045 virtutem

443 3096 549 3139 nos
575 3084 792 3152 assequi
824 3082 1050 3136 alterna:
1074 3080 1385 3136 dilectionis
1412 3099 1428 3135 :
1454 3091 1512 3136 et
1537 3096 1714 3151 neque
1738 3082 2034 3152 iustorum,

444 3187 678 3243 quorum
728 3173 832 3227 hoc
861 3173 1006 3238 loco,
1052 3180 1280 3243 propter
1320 3172 1571 3227 altiorem
1616 3174 1875 3239 volatum,
1909 3187 2038 3227 eon-

444 3266 818 3322 versationem
850 3264 1197 3335 significavit,
1227 3280 1411 3335 neque
1439 3274 1811 3335 peccatorum,
1839 3265 2039 3334 quibus

446 3372 712 3429 pecorum
736 3355 1051 3425 appellatio,
1078 3371 1177 3426 pro
1205 3371 1270 3410 eo
1296 3357 1440 3425 quod
1471 3356 1537 3410 ad
1564 3355 1825 3411 inferiora
1857 3356 2043 3409 inten-

445 3448 608 3512 dunt,
638 3446 899 3504 convenit
942 3447 1234 3502 comedere
1287 3448 1635 3518 sanguinem,
1680 3448 1732 3503 id
1777 3455 1863 3502 est
1906 3447 2044 3500 nihil

445 3540 517 3596 ad
570 3555 758 3594 eorum
817 3541 1033 3609 operari
1098 3549 1350 3593 mortem.
1412 3539 1570 3606 Quod
1642 3548 1850 3605 autem,
1904 3538 2046 3594 sicut

449 3630 622 3688 edunt
669 3630 833 3698 LXX,
883 3632 988 3687 hoc
1037 3648 1149 3687 non
1210 3632 1325 3687 fieri
1387 3631 1441 3686 in
1498 3632 1644 3686 omni
1703 3632 2045 3686 habitatione

450 3723 733 3795 praecepit,
779 3739 878 3792 per
933 3723 1322 3787 habitationes,
1376 3723 1700 3778 diﬂ‘erentes
1748 3737 2046 3777 conversa-

453 3814 631 3871 tiones
677 3815 879 3870 innuit.
916 3816 1147 3887 Propter
1177 3816 1323 3886 quod
1370 3826 1587 3886 Oportet
1613 3833 1642 3870 a
1675 3816 1880 3871 malitia
1909 3832 2049 3871 con-

452 3916 536 3962 tra
586 3908 921 3978 proximum,
977 3918 1087 3963 tam
1139 3909 1448 3963 sublimiter
1506 3909 1833 3978 sapientem,
1883 3924 2043 3978 quam

449 3997 822 4064 mediocriter,
855 3998 938 4053 vel
974 4000 1185 4053 nullum
1232 3998 1520 4067 sapientiae
1555 3999 1796 4054 studium
1838 3999 2048 4054 haben-

452 4097 584 4158 tem,
617 4099 671 4146 et
702 4101 763 4146 ut
789 4092 1003 4147 dicatur
1048 4093 1308 4157 breviter,
1350 4100 1406 4146 et
1443 4093 1652 4163 justum
1699 4093 1768 4147 ab
1810 4108 1897 4158 ea,
1926 4108 2048 4161 quae

451 4190 536 4237 est
572 4190 758 4272 co‘utra
807 4191 1175 4252 peccatoretn,
1215 4191 1269 4237 et
1320 4193 1665 4253 peccator-em
1710 4183 1783 4238 ab
1823 4198 1887 4237 ea
1926 4200 2047 4253 quae

453 4288 578 4329 esse
634 4283 811 4344 potest
861 4284 1053 4330 contra
1110 4277 1343 4347 justum,
1378 4276 1659 4332 abstinere
1710 4275 1938 4343 malitia,
1990 4286 2049 4331 ut

455 4367 635 4420 nullas
677 4366 753 4420 illi
789 4368 1047 4422 moliatur
1092 4368 1340 4432 insidias,
1390 4370 1591 4430 sciens,
1634 4368 1762 4438 quia
1821 4371 1876 4422 in
1919 4384 2047 4424 san-

454 4458 675 4529 guinem
730 4468 937 4528 peccat,
975 4469 1030 4515 et
1075 4463 1397 4533 sanguinem
1453 4460 1746 4518 comedere
1793 4477 1918 4516 eum
1965 4461 2046 4517 le-

2130 598 2361 654 Domino
2398 598 2821 664 consecraverit,
2858 598 3037 653 tradet
3067 596 3375 661 sacerdoti,
3414 594 3513 666 qui
3549 594 3742 649 adole-

2129 690 2209 745 bit
2249 691 2466 761 adipem
2519 707 2686 763 super
2732 692 2944 747 altare:
2976 690 3370 761 pectusculum
3414 697 3605 741 autem
3638 687 3744 740 erit

2128 783 2333 849 Aaron,
2369 792 2425 838 ct
2470 782 2704 838 filiorum
2755 783 2896 854 ejus,
2936 797 3121 837 armus
3166 794 3403 853 quoque
3443 778 3642 834 dexter
3674 778 3742 833 de

2130 876 2483 947 paciﬁt‘brum
2534 876 2730 932 hostiis
2775 877 2918 932 cadit
2970 876 3026 930 in
3077 874 3348 945 primitiis
3409 871 3739 926 sacerdotis.

2131 968 2233 1034 Qui
2265 968 2526 1024 obtulerit
2564 968 2888 1040 sanguinem
2931 977 2987 1022 ct
3026 968 3243 1036 adipem
3274 964 3526 1020 filiorum
3558 963 3740 1016 Aaron

2131 1060 2247 1130 ipse
2285 1059 2511 1114 habebit
2554 1068 2607 1114 et
2653 1074 2865 1113 armum
2903 1058 3154 1113 dextrum
3187 1056 3247 1109 in
3285 1053 3549 1126 portione
3593 1066 3692 1105 sua
3725 1068 3740 1105 :

2130 1151 2508 1221 pectusculum
2537 1153 2684 1205 enim
2714 1150 2988 1215 elationis,
3026 1158 3079 1203 et
3108 1160 3329 1202 armum
3373 1144 3743 1216 separationis

2134 1245 2230 1298 tuli
2280 1260 2310 1298 a
2357 1244 2484 1300 ﬁliis
2530 1243 2718 1307 Israel,
2769 1258 2834 1297 ex
2886 1241 3082 1298 hostiis
3121 1254 3321 1296 eorum
3378 1236 3649 1308 paciﬁcis,
3690 1244 3743 1291 et

2130 1341 2256 1395 dedi
2287 1340 2467 1395 Aaron
2509 1338 2797 1401 sacerdoti,
2838 1352 2902 1391 ac
2945 1336 3069 1391 ﬁliis
3110 1335 3233 1406 ejus
3287 1332 3413 1404 lege
3451 1337 3738 1401 perpetua,

2131 1435 2200 1490 ab
2229 1434 2378 1488 omni
2411 1432 2614 1503 populo
2648 1430 2835 1485 Israel.
2877 1448 2895 1481 ι

2202 1526 2343 1579 Vere
2392 1525 2484 1595 qui
2541 1526 2715 1595 legem
2772 1521 2867 1576 Dei
2921 1520 3218 1577 meditatur
3283 1524 3457 1572 nocte
3516 1522 3574 1568 et
3631 1515 3737 1582 die,

2127 1618 2337 1690 lignum
2369 1627 2455 1671 est
2488 1617 2790 1687 plantatum
2837 1629 2997 1669 secus
3038 1615 3312 1666 decursus
3347 1624 3644 1678 aquarum,
3681 1615 3742 1659 ttt

2133 1709 2219 1763 det
2256 1708 2495 1763 fructum
2538 1708 2591 1761 in
2626 1715 2871 1776 tempore
2901 1719 3001 1760 suo
3035 1701 3406 1757 meditatione
3452 1698 3739 1769 irrigatum

2132 1800 2299 1871 legis,
2342 1815 2465 1870 qua:
2513 1808 2573 1853 ut
2624 1813 2735 1852 non
2788 1796 2953 1851 faciat
2996 1794 3316 1855 fastidium,
3366 1805 3475 1845 nec
3526 1788 3743 1844 deficiat

2134 1893 2341 1963 legens,
2397 1879 2572 1947 variat
2626 1891 2986 1953 sanctionem,
3032 1886 3369 1942 differenter
3427 1885 3497 1938 de
3550 1881 3740 1937 iisdem

2134 1982 2563 2054 pra-cipiens”.
2618 1981 2733 2036 Hoc
2783 1989 2963 2035 autem
3021 1978 3226 2033 divina:
3285 1986 3375 2031 est
3433 1973 3741 2044 sapientiae,

2134 2089 2256 2144 quae
2303 2073 2358 2127 in
2405 2074 2553 2127 omni
2597 2072 2764 2128 etiam
2805 2071 3091 2141 disciplina
3126 2071 3235 2124 hoc
3269 2077 3562 2139 operatur.
3607 2065 3741 2121 Nam

2136 2180 2263 2222 ecce
2293 2174 2349 2221 et
2381 2164 2713 2220 medicinam
2749 2163 2999 2218 invenies
3035 2161 3213 2216 morbi
3253 2170 3533 2231 tempore,
3571 2156 3741 2211 multa

2134 2257 2520 2330 praeferentem
2562 2256 2982 2319 medicamenta,
3016 2255 3191 2309 multo
3234 2253 3418 2324 magis
3454 2261 3505 2305 et
3543 2249 3598 2303 in
3638 2249 3743 2304 hoc

2135 2352 2281 2421 quod
2304 2350 2505 2405 animae
2533 2348 2839 2420 profectum
2862 2356 2918 2403 et
2941 2347 3230 2402 sanitatem
3252 2348 3508 2415 'pra‘stat.
3536 2342 3738 2408 Quam-

2137 2445 2328 2499 obrem
2357 2444 2618 2498 virtutem
2650 2442 2814 2511 hujus
2843 2440 3192 2494 intendamus
3229 2436 3565 2491 sanctionis.

2208 2537 2436 2591 Locutus
2485 2546 2558 2589 est
2604 2535 2865 2589 Dominus
2905 2533 2976 2586 ad
3007 2532 3219 2601 Moysen
3250 2533 3437 2584 dicens
3458 2545 3478 2583 :
3513 2528 3739 2594 Loquere

2137 2627 2263 2697 [iliis
2298 2626 2489 2681 Israel.
2532 2625 2589 2680 In
2627 2640 2736 2695 quo
2778 2625 2897 2679 loco
2946 2622 3087 2678 LXX
3126 2623 3431 2677 ediderunt
3467 2638 3480 2673 :
3519 2619 3587 2673 Et
3617 2617 3740 2687 ﬁliis

2140 2718 2314 2775 Israel
2362 2720 2610 2791 loqueris,
2639 2719 2836 2772 dicens.
2867 2717 2988 2772 Non
3039 2731 3170 2788 ergo
3219 2715 3436 2769 frustra
3487 2712 3737 2783 superius

2138 2813 2392 2877 diximus,
2429 2813 2554 2882 quia
2602 2801 2672 2865 ad
2714 2811 2977 2882 populum
3030 2809 3280 2880 gentium
3348 2822 3414 2862 ea
3453 2821 3575 2876 qum
3609 2813 3739 2859 tunc

2139 2900 2286 2956 dicta
2332 2910 2461 2954 sunt
2510 2899 2746 2955 maxime
2800 2899 3185 2969 pertinebant,
3235 2899 3411 2967 hujus
3463 2896 3607 2950 enim
3658 2891 3737 2947 rei

2139 2992 2420 3062 lcgislator
2462 3007 2695 3057 memor,
2729 3007 2839 3045 non
2879 2990 3019 3046 dixit
3062 3006 3211 3045 nunc
3256 2989 3569 3045 secundum
3603 2984 3735 3040 LXX

2139 3084 2437 3139 editionem
2473 3101 2485 3137 :
2512 3080 2749 3154 Loquere
2775 3083 2901 3153 ﬁliis
2922 3082 3126 3145 Israel;
3151 3082 3275 3147 sed,
3307 3093 3355 3136 et
3385 3081 3508 3135 ﬁliis
3532 3077 3738 3133 Israel:

2144 3176 2248 3231 hoc
2274 3176 2591 3241 ostendens,
2625 3176 2752 3245 quia
2792 3190 2902 3230 non
2937 3175 3114 3229 solum
3154 3175 3260 3239 eis,
3309 3173 3408 3228 sed
3441 3180 3497 3226 et
3528 3169 3631 3223 illis
3658 3168 3736 3222 Io-

2144 3276 2362 3337 quatur,
2392 3268 2486 3337 qui
2534 3277 2665 3321 sunt
2708 3283 2771 3321 ex
2820 3267 3092 3338 gentibus,
3126 3265 3446 3320 communis
3484 3262 3626 3317 enim
3660 3257 3739 3315 eis

2146 3363 2262 3416 haec
2299 3368 2383 3415 est
2414 3361 2717 3415 secundum
2754 3359 3008 3430 spiritum
3036 3359 3142 3413 lex.
3169 3356 3317 3423 Quid
3347 3366 3530 3413 autem
3562 3353 3672 3407 ait?

2215 3449 2317 3516 Qui
2350 3451 2526 3521 offeret
2566 3452 2840 3506 victimam
2882 3450 3222 3525 paciﬁcorum
3261 3449 3516 3511 Domino,
3562 3445 3737 3516 offerat

2144 3541 2305 3596 simul
2353 3552 2402 3595 et
2449 3542 2791 3611 sacriﬁcium,
2815 3543 2873 3595 id
2911 3551 3006 3604 est,
3043 3551 3096 3594 et
3130 3539 3432 3594 libamenta
3462 3537 3596 3608 ejus.
3641 3533 3738 3588 Se-

2147 3635 2385 3689 cundum
2428 3633 2568 3687 LXX
2598 3644 2782 3688 autem
2828 3632 3101 3703 :0ﬂ‘erens
3143 3632 3472 3702 sacriﬁcium
3512 3627 3740 3683 salutare

2147 3727 2406 3790 Domino,
2454 3728 2633 3797 offeret
2679 3743 2869 3780 munus
2915 3717 3071 3779 s'uum
3123 3724 3357 3779 Domino
3388 3724 3454 3778 de
3484 3718 3739 3789 sacriﬁcio

2146 3820 2376 3873 salutari
2400 3820 2535 3890 ejus.
2562 3819 2626 3875 Et
2644 3834 2807 3890 quam
2830 3818 2938 3874 hoc
2964 3820 3491 3890 interpretationem
3524 3816 3736 3872 habeat,

2146 3912 2467 3968 manifestat
2495 3913 2654 3984 plane
2684 3915 2829 3983 quod
2859 3913 3126 3984 sequitur.

2219 4004 2428 4058 Tenebit
2471 4006 2715 4059 manibus
2757 4006 2968 4076 adipem
3007 4005 3211 4059 hosticr.
3244 4003 3344 4060 Vel
3377 4005 3519 4059 sicut
3558 3997 3735 4056 LXX:

2147 4092 2335 4148 Manus
2359 4093 2474 4162 ejus
2495 4091 2708 4164 o/j’erent
2724 4103 2846 4149 exta
2870 4094 3117 4160 Domino,
3142 4095 3197 4149 id
3217 4104 3325 4160 est,
3357 4095 3540 4164 ipsum
3556 4103 3739 4162 quem-

2150 4184 2295 4254 piam
2327 4195 2547 4255 oportet
2578 4201 2641 4241 ea
2677 4201 2798 4256 quae
2837 4187 2905 4242 ad
2943 4186 3191 4257 paciﬁca,
3226 4187 3316 4241 vel
3351 4186 3584 4241 salutem
3615 4194 3736 4250 per-

2151 4274 2327 4329 tinent
2372 4276 2613 4346 operari,
2658 4287 2846 4348 utpote
2900 4277 2994 4348 qui
3052 4276 3278 4331 alterius
3338 4275 3543 4338 studio,
3582 4269 3733 4327 amici

2147 4365 2328 4434 forte,
2368 4379 2465 4424 aut
2501 4371 2754 4442 cognati,
2804 4371 3001 4427 salvari
3054 4387 3165 4427 non
3217 4378 3426 4441 potest.
3468 4363 3734 4435 Quemad-

2149 4459 2373 4514 modum
2408 4461 2529 4517 haec
2562 4463 2823 4532 iniquitas
2853 4464 3027 4533 iniqui
3063 4479 3231 4534 super
3263 4478 3395 4518 eum
3423 4462 3549 4529 erit,
3585 4459 3660 4513 sic
3682 4464 3733 4509 et

456 4551 682 4623 gislator
712 4553 941 4623 judicat,
973 4562 1027 4609 et
1071 4555 1273 4625 peribit
1327 4554 1507 4609 anima
1556 4555 1673 4610 bene
1715 4554 1783 4609 de
1831 4554 2046 4625 populis
2079 4596 2124 4654 Β
2145 4550 2353 4621 iustitia
2377 4553 2512 4623 justi
2540 4569 2709 4624 super
2735 4569 2860 4610 eum
2887 4555 3010 4611 erit.
3037 4553 3327 4621 Quomodo
3367 4562 3497 4609 ante
3523 4552 3728 4622 oportet

457 4645 607 4710 suis,
658 4662 758 4717 pro
811 4662 879 4702 eo
929 4649 1074 4717 quod
1129 4649 1493 4706 intentionem
1546 4648 1739 4703 habuit
1785 4649 2046 4720 perdendi

457 4737 712 4810 proximi.
764 4738 996 4810 Insuper
1040 4751 1097 4795 et
1140 4742 1247 4796 hoc
1291 4740 1538 4805 intende,
1583 4741 1677 4810 qui
1717 4757 1783 4797 ea
1823 4757 1945 4812 quae
1982 4742 2051 4798 de

458 4830 751 4901 prohibitis
786 4833 922 4888 cibis
950 4842 1055 4898 est,
1091 4841 1145 4888 et
1178 4842 1326 4889 tactu
1353 4833 1784 4898 immundorutn,
1814 4834 2051 4889 sanctio-

458 4936 588 4977 nem
632 4920 919 4977 insinuans
960 4923 1178 4989 animaa,
1220 4923 1303 4976 lex
1341 4922 1676 4978 mentionem
1714 4924 1843 4978 facit
1879 4942 1891 4976 :
1923 4923 2051 4994 quia

460 5012 701 5067 maxime
746 5027 813 5066 ex
858 5013 1114 5084 gentibus
1154 5012 1384 5083 p0pulo,
1416 5013 1574 5082 cujus
1612 5029 1732 5069 esse
1775 5013 2051 5085 signitice-

2150 4644 2384 4698 hostiam
2423 4645 2730 4700 celebrari?

2219 4735 2429 4790 Tenebit
2480 4739 2723 4792 manibus
2771 4739 2980 4808 adipem
3029 4739 3211 4794 hostiae
3253 4748 3304 4793 et
3358 4731 3724 4807 pectusculum.

2149 4827 2245 4882 Vel
2291 4829 2595 4884 secundum
2635 4828 2777 4884 LXX
2808 4847 2820 4882 :
2853 4829 3043 4901 Oﬁ'eret
3088 4832 3299 4899 adipem
3336 4831 3428 4902 qui
3470 4835 3545 4881 est
3582 4834 3729 4892 super

2146 4921 2526 4990 pectusculum,
2562 4931 2611 4976 et
2645 4924 2861 4992 pinnam
2891 4923 3108 4993 jecoris,
3139 4933 3187 4978 et
3219 4924 3399 4993 offeret
3429 4910 3523 4987 ea,’
3550 4928 3605 4972 ut
3640 4916 3733 4968 im-

2149 5020 2379 5083 ponatur
2412 5015 2467 5067 in
2500 5025 2779 5085 conspectu
2814 5015 3050 5070 Domini.
3086 5015 3470 5070 Pectusculutn
3508 5004 3730 5080 appellat

464 5108 671 5162 tionem
717 5107 1011 5162 animalem
1065 5107 1341 5176 hominem
1391 5104 1890 5168 manifestavimus,
1936 5121 2055 5160 mos
2152 5105 2316 5160 fidem
2361 5117 2417 5162 et
2459 5106 2871 5173 confidentiam,
2909 5109 3037 5178 quia
3080 5109 3199 5164 haec
3244 5104 3553 5163 fortitudini
3607 5112 3733 5153 con-

462 5207 548 5254 est
584 5193 839 5253 omnibus
880 5197 1063 5253 vetitis
1103 5196 1271 5267 pollui
1320 5195 1653 5263 actionibus,
1687 5213 1718 5251 a
1759 5196 1959 5267 quibus
1994 5195 2059 5249 il-
2152 5198 2340 5269 juncta
2390 5210 2537 5256 sunt.
2578 5201 2868 5257 Fortitudo
2917 5210 3099 5256 autem
3155 5200 3428 5264 animalis,
3471 5193 3728 5267 perfectos

462 5289 577 5345 lum
609 5291 868 5343 recedere
898 5286 1177 5357 praecepit.

542 5400 702 5457 Vsus.
733 5400 925 5456 28-34.
973 5419 992 5452 ι
1025 5399 1265 5455 Locutus
1298 5410 1384 5457 est
1419 5400 1686 5457 Dominus
1732 5399 1798 5457 ad
1840 5398 2060 5470 Moysen

463 5496 653 5554 dicens
683 5512 696 5548 :
730 5494 978 5564 Loquere
1008 5492 1134 5548 filiis
1170 5493 1333 5549 Israel
1362 5513 1377 5550 :
1408 5494 1515 5561 Qui
1541 5495 1737 5550 offeret
1769 5493 2049 5549 victimam

464 5586 816 5657 pacificorum
866 5583 1119 5651 Domino,
1153 5585 1347 5642 otl'erat
1391 5587 1557 5641 simul
1607 5596 1663 5641 et
1700 5585 2051 5652 sacrificium,

2156 5291 2446 5362 designare
2489 5294 2647 5358 solet,
2680 5309 2805 5348 nam
2843 5303 2898 5348 et
2938 5293 3204 5349 Dominus
3235 5293 3301 5348 ad
3335 5292 3438 5347 Job
3466 5290 3536 5342 ita
3568 5279 3732 5353 loquio

2163 5394 2270 5440 tur.
2313 5384 2568 5457 Nunquid
2612 5386 2867 5457 praebebis
2910 5402 3040 5457 equo
3081 5385 3464 5457 fortitudinem,
3501 5384 3594 5432 aut
3634 5373 3731 5426 cir-

2159 5478 2432 5532 cumdabis
2487 5479 2620 5533 collo
2677 5480 2793 5550 ejus
2834 5479 3099 5533 hinnitum
3126 5478 3194 5531 ³⁸.
3250 5472 3558 5531 Secundum
3595 5457 3731 5519 LXX

2163 5580 2344 5627 autem
2384 5571 2537 5626 addit
2568 5591 2580 5626 :
2615 5570 3052 5642 Circumposuisti
3093 5580 3272 5624 autem
3301 5570 3348 5622 ei
3376 5578 3524 5620 omne
3557 5567 3729 5642 annos

466 5676 520 5733 id
560 5685 645 5731 est
673 5683 728 5731 et
759 5674 1054 5729 libamenta
1098 5676 1237 5746 ejus,
1277 5676 1593 5748 tenebitque
1638 5676 1892 5732 manibus
1933 5673 2057 5730 adi-
2164 5686 2280 5724 rum
2308 5685 2488 5741 genus,
2519 5668 2687 5738 gloria
2720 5677 2895 5721 autent
2926 5666 3148 5727 rectoris
3176 5663 3289 5735 ejus
3313 5658 3558 5716 audacia.
3581 5639 3729 5715 ψω(ι

537 5874 583 5911 ⁸⁸
612 5876 629 5932 l
659 5879 805 5936 Petr.
852 5899 905 5953 v,
946 5881 998 5937 8.
1077 5880 1119 5911 "‘
1149 5878 1293 5936 l‘sal.
1331 5895 1435 5949 CXI,
1500 5878 1584 5935 l0.
1659 5879 1705 5911 ⁹⁰
1730 5877 1870 5936 Psal.
1904 5876 1945 5946 I,
1999 5876 2053 5930 5.
2129 5874 2174 5907 ⁹¹
2215 5872 2316 5929 Job
2339 5889 2525 5942 xxxix,
2554 5871 2642 5927 I9.
