3992 6440
318 390 423 454 869

1474 398 1553 459 ΙΝ
1600 399 2041 463 LEVJTICUM.
2083 426 2150 437 --
2188 404 2335 464 LIB.
2371 403 2454 463 II.

3494 404 3600 468 870

313 502 463 556 enim
498 501 780 571 praesumit
831 511 885 556 et
935 502 1118 565 audet,
1154 519 1219 558 ex
1272 503 1592 562 fortitudine
1637 519 1691 563 et
1739 509 1907 563 Contl-
1945 533 1983 586 Α
2086 510 2151 564 Et
2186 513 2307 566 dedi
2334 513 2512 565 Aaron
2560 511 2821 566 sacerdoti
2851 521 2900 566 et
2928 512 3055 582 ﬁliis
3084 512 3218 581 eius.
3281 511 3598 569 Secundum

314 595 505 647 dentia
546 593 645 661 ﬁt;
699 595 828 663 quia
876 605 1059 650 autem
1108 612 1231 652 cum
1267 598 1336 653 de
1375 599 1644 654 sacriﬁcio
1684 601 1908 655 salutari

311 686 751 756 praeciperetur,
824 690 1064 752 ventris,
1116 700 1171 745 et
1217 706 1444 758 renum,
1487 702 1542 747 et
1593 693 1797 758 lumbi,
1855 704 1910 750 et

313 779 845 850 pinttw,ethepatis,
894 791 950 837 ct
981 783 1175 852 adipis,
1201 793 1256 838 et
1290 784 1554 840 ietttorum
1588 786 1906 840 memoriam

310 869 463 936 fecit,
492 873 683 928 omisit
729 883 912 929 autem
958 877 1360 944 pectusculum,
1399 879 1494 932 sed
1539 886 1595 932 ct
1641 895 1853 933 armum
1892 898 1905 934 :

310 964 525 1019 variare
576 966 857 1032 videlicet,
909 967 1052 1022 sicut
1102 968 1308 1023 dictum
1361 980 1463 1033 est,
1509 972 1908 1041 legislationcm

313 1055 531 1122 volens,
574 1066 628 1111 et
691 1066 907 1128 tempus
963 1059 1066 1113 sibi
1123 1075 1346 1115 servare
1396 1065 1462 1117 de
1512 1064 1714 1118 eisdem
1773 1065 1910 1135 ipsis

310 1144 638 1215 frequenter
692 1156 963 1219 praecepta
1017 1150 1203 1204 dandi.
1256 1151 1394 1206 Ecce
1440 1153 1589 1206 enim
1627 1170 1776 1209 nunc
1821 1170 1905 1221 ea,

307 1256 433 1309 qua:
466 1240 622 1310 prius
651 1257 760 1295 non
791 1242 948 1306 dixit,
980 1245 1256 1313 exposuit.

385 1334 597 1388 Tenebt't
647 1336 890 1389 manibus
938 1338 1145 1405 adipem
1193 1336 1400 1401 hostiw,
1431 1345 1479 1390 et
1529 1338 1904 1406 pectusculum.

308 1423 412 1479 Vel
436 1428 579 1481 sicut
617 1426 755 1480 LXX
793 1447 805 1481 :
844 1429 1067 1498 Adipem
1097 1444 1255 1497 super
1283 1429 1663 1497 pectusculum,
1700 1440 1755 1484 ct
1789 1431 1910 1501 pin-

309 1534 440 1573 nam
500 1519 716 1588 hepatis
774 1520 1098 1589 prmcipiens
1149 1519 1360 1573 offerri.
1417 1518 1522 1574 Per
1573 1522 1818 1590 pinnam,
1857 1530 1910 1575 et

306 1626 499 1675 renes,
530 1614 690 1666 etiam
720 1613 786 1666 ad
827 1613 1057 1666 aliorum
1087 1629 1209 1683 qua:
1234 1614 1344 1683 jam
1380 1615 1525 1669 dicta
1556 1623 1705 1677 sunt,
1739 1618 1908 1672 semel

314 1705 640 1758 memoriam
682 1720 783 1758 nos
830 1705 1121 1759 reducens.
1155 1704 1260 1760 Per
1291 1709 1669 1776 pectusculum
1700 1718 1903 1772 autem,

308 1793 474 1849 ﬁdem
504 1795 798 1865 designans
828 1806 883 1851 et
916 1796 1327 1862 conﬁdentiam,
1369 1815 1532 1870 quam
1568 1801 1758 1855 oﬁ‘erri
1797 1801 1907 1855 Do-

2014 604 2267 672 supcrius
2294 604 2548 659 videlicet
2575 604 2777 659 dictam
2807 605 3149 661 divisionem.
3186 606 3379 661 Totius
3409 621 3596 661 autem

2013 694 2179 764 hujus
2211 696 2451 751 mandati
2482 697 2829 752 confirmatio
2860 698 3132 767 sequitur.

2082 786 2216 857 Lege
2249 798 2500 856 perpetua
2523 797 2598 841 est
2617 805 2647 841 a
2673 788 2797 858 ﬁliis
2822 789 3012 844 Israel.
3036 791 3158 843 Non
3181 798 3265 844 est
3287 788 3433 844 enim
3463 798 3599 844 tem-

2009 893 2132 947 pus,
2175 895 2283 948 quo
2333 895 2443 934 non
2496 881 2619 935 ﬁdei
2681 895 2737 935 et.
2789 883 3019 936 actionis
3082 883 3412 937 oblationem
3468 895 3597 950 spe-

2010 969 2221 1025 cialiter
2250 971 2393 1025 Deus
2419 972 2488 1026 ab
2518 973 2601 1028 bis
2637 973 2727 1043 qui
2754 973 3052 1037 salvantur,
3090 973 3348 1043 accipiat.
3398 972 3597 1027 Paulus

2009 1060 2215 1131 quippe
2268 1062 2345 1116 ait
2386 1079 2577 1118 omnes
2604 1065 2695 1133 qui
2750 1065 3044 1119 virtutibus
3083 1066 3379 1134 pollebant,
3428 1064 3595 1118 veluti

2009 1152 2165 1217 Abel,
2191 1152 2377 1206 Enoch
2408 1160 2464 1206 et
2486 1153 2598 1207 Noe
2621 1194 2635 1217 ,
2673 1162 2728 1208 et
2758 1170 3115 1226 quoscunque
3146 1171 3271 1210 cum
3302 1155 3406 1209 illis
3452 1170 3592 1210 con-

2011 1234 2345 1307 numeravit,
2373 1245 2556 1314 perﬁci
2585 1262 2684 1316 per
2713 1247 2874 1301 ﬁdem
2905 1249 2974 1301 ⁵⁸.

2088 1354 2107 1387 ‹
2164 1335 2295 1391 Haec
2321 1344 2404 1390 est
2428 1338 2612 1391 unctio
2642 1338 2824 1392 Aaron
2848 1350 2901 1393 et
2928 1339 3160 1393 ﬁliorum
3192 1340 3311 1408 ejus
3343 1340 3395 1393 in
3425 1354 3594 1395 caere-

2011 1427 2209 1481 moniis
2251 1427 2489 1489 Domini,
2524 1429 2611 1482 die
2635 1445 2741 1497 qua
2765 1430 2965 1484 obtulit
2997 1446 3090 1485 eos
3117 1430 3325 1500 Moyses
3381 1440 3437 1483 ut
3503 1447 3594 1484 sa-

2010 1516 2251 1571 cerdotio
2275 1517 2651 1588 fungerentur,
2674 1527 2729 1573 et
2761 1535 2881 1589 qure
2911 1521 3171 1589 prmcepit
3211 1520 3324 1574 dari
3353 1521 3431 1574 eis
3488 1520 3593 1575 Do-

2011 1608 2193 1662 minus
2216 1624 2246 1662 a
2276 1607 2401 1663 ﬁliis
2427 1610 2586 1665 Israel
2614 1610 2874 1681 religione
2911 1620 3174 1681 perpetua
3195 1611 3247 1664 in
3285 1613 3595 1682 generatio-

2009 1697 2173 1752 nibus
2201 1697 2335 1752 suis.
2370 1717 2389 1749 ι
2680 1765 2686 1770 _

2080 1787 2155 1841 Ea
2180 1802 2301 1856 qua:
2358 1790 2502 1844 dicta
2543 1799 2691 1851 sunt,
2744 1789 3000 1844 videntur
3063 1792 3467 1859 quodammodo
3522 1794 3593 1847 ad

308 1886 467 1940 mino
500 1887 633 1952 vult,
674 1888 742 1942 ab
785 1904 852 1942 eo
897 1888 987 1959 qui
1035 1887 1232 1945 salvari
1282 1893 1579 1961 desiderat,
1618 1894 1744 1964 quia
1790 1896 1902 1948 sine
1935 1878 1973 1931 Β
2006 1877 2320 1932 unctionem
2380 1880 2723 1935 sacerdotum
2754 1882 3049 1950 pertinere.
3078 1883 3174 1936 sed
3204 1898 3314 1964 ne"
3344 1883 3396 1935 in
3450 1898 3590 1951 prae-

307 1975 415 2045 ﬁde
448 1977 767 2047 impossibile
799 1988 873 2033 est
906 1996 997 2033 nos
1029 1980 1240 2051 placere
1268 1982 1378 2037 Deo
1406 1986 1474 2040 ⁹².

382 2065 528 2133 Quid
558 2078 740 2122 autem
779 2070 862 2123 Itis
905 2069 1146 2126 addidit?
1338 2054 1342 2058 ‘

387 2157 581 2210 Tradet
630 2160 911 2225 sacerdoti,
980 2162 1071 2231 qui
1109 2163 1338 2218 adolebit
1383 2166 1591 2235 adipem
1627 2184 1783 2237 supcr
1812 2169 1898 2221 al-

309 2255 461 2301 tare.
490 2247 657 2303 llecte
695 2249 935 2307 diximus
974 2255 1143 2317 enim,
1174 2255 1302 2324 quia
1337 2272 1499 2313 omne
1529 2268 1773 2314 nostrum
1806 2261 1897 2315 de-

307 2340 575 2395 siderium
610 2343 989 2398 holocaustum
1028 2345 1141 2400 ﬁeri
1173 2346 1309 2401 vult.

385 2432 755 2489 Pectusculum
804 2448 984 2490 autent
1029 2439 1126 2491 erit
1170 2439 1350 2494 Aaron
1400 2451 1450 2496 et
1497 2442 1727 2511 ﬁliorum
1759 2446 1892 2515 ejus.

304 2529 506 2579 Armus
546 2542 748 2596 quoque
786 2529 970 2582 dexter
1024 2531 1087 2584 de
1144 2533 1485 2601 paciﬁcorum
1533 2536 1714 2590 hostiis
1753 2539 1894 2592 cadit

305 2614 365 2668 in
394 2616 644 2684 primitiis
673 2618 983 2673 sacerdotis.
1014 2619 1214 2676 Armus
1248 2626 1438 2677 dexter
1467 2625 1710 2680 actiones
1739 2627 1896 2682 bonae

306 2714 461 2761 sunt.
511 2707 651 2779 Ergo
705 2718 761 2764 et
810 2708 995 2775 ﬁdem,
1030 2720 1085 2767 et
1137 2714 1383 2768 actiones
1431 2716 1628 2771 offerre
1678 2727 1896 2788 oportet

305 2814 457 2864 eum,
492 2800 586 2869 qui
630 2801 829 2856 salvari
877 2806 1015 2859 vult.
1062 2804 1168 2859 Sed
1206 2807 1332 2876 quia
1361 2810 1738 2877 pectusculum
1770 2810 1895 2867 ﬁliis

308 2892 495 2946 Aaron
547 2893 853 2964 deputavit,
886 2896 978 2967 qui
1029 2898 1291 2952 sublimes
1336 2899 1444 2954 vita
1493 2910 1638 2966 sunt,
1680 2917 1892 2957 armum

306 2991 495 3037 autem
551 2983 800 3038 dextrum
858 2988 1148 3053 sacerdoti,
1198 2991 1291 3058 qui
1348 2991 1638 3062 imaginem
1687 2991 1894 3048 Christi

306 3082 482 3138 tenet,
515 3084 736 3145 propter
768 3077 914 3145 quod
952 3079 1103 3132 solus
1147 3081 1401 3135 sacerdos
1433 3082 1535 3136 hoc
1566 3083 1891 3140 sacriﬁcium

306 3166 574 3237 perﬁcere
618 3175 817 3237 potest,
850 3169 1036 3225 oﬁ‘erri
1084 3182 1270 3241 aperte
1305 3172 1580 3243 legislator
1607 3178 1845 3230 ostendit
1876 3195 1889 3231 :
1920 3209 1962 3266 ο

303 3255 438 3326 quia
469 3257 695 3312 credere
724 3259 968 3328 quidem,
1003 3268 1057 3315 et
1103 3276 1408 3332 proponere
1446 3264 1609 3327 bona,
1640 3275 1891 3321 nostrum

301 3357 409 3410 est,
445 3346 561 3400 sive
594 3346 836 3416 incipere
878 3363 940 3402 ea
967 3367 981 3415 ;
1013 3350 1273 3419 cperibus
1301 3359 1484 3404 autem
1526 3352 1810 3421 perﬁcere,
1840 3362 1896 3408 et

301 3439 376 3493 ad
405 3437 566 3492 ﬁnem
597 3440 899 3509 perducere
926 3456 989 3496 ea
1027 3457 1146 3510 quin
1178 3452 1354 3512 caepta
1384 3452 1533 3509 sunt,
1563 3445 1668 3500 hoc
1696 3446 1895 3502 divinas

299 3542 392 3588 est
419 3534 627 3605 gratim.
664 3533 900 3605 Proliter
934 3537 1079 3606 quod
1115 3537 1257 3592 dixit
1284 3538 1486 3594 Paulus
1513 3558 1527 3594 :
1561 3537 1687 3594 Non
1712 3540 1892 3594 volen-

301 3625 396 3690 tis,
429 3642 599 3696 neque
636 3630 915 3692 currentis,
947 3629 1038 3682 sed
1066 3629 1359 3684 miserentis
1389 3638 1463 3684 est
1491 3630 1591 3685 Dei
1610 3632 1676 3684 ³³⁸.
1708 3631 1892 3686 Solius

296 3714 451 3768 enim
499 3716 619 3785 ejus
666 3724 750 3770 est
792 3716 1027 3788 dirigere
1070 3717 1337 3771 actiones.
1388 3718 1616 3787 Propter
1658 3718 1803 3788 quod
1835 3726 1892 3773 et

299 3805 592 3861 brachium
638 3807 755 3877 ipse
800 3808 893 3862 Dei
944 3809 1285 3875 nominatur,
1339 3809 1415 3864 ait
1467 3811 1611 3864 enim
1666 3809 1831 3864 Isaias
1873 3827 1888 3864 :

305 3896 552 3963 Domine,
584 3898 702 3969 quis
751 3900 973 3953 credidit
1024 3900 1233 3953 auditui
1282 3911 1480 3964 nostra,
1521 3910 1568 3954 et
1616 3901 1887 3955 brachium

302 3991 521 4044 Domini
563 3993 648 4044 cui
701 3991 992 4045 revelatum
1022 4001 1094 4045 est
1126 3991 1203 4044 “‘1
1249 3991 1317 4047 Ut
1359 3992 1452 4062 qui
1496 4007 1625 4062 ergo
1657 3992 1776 4063 ipse
1804 4001 1888 4048 est

297 4096 494 4137 verum
543 4082 853 4143 brachium.
902 4089 1047 4137 recte
1091 4090 1340 4137 nostrum
1386 4098 1620 4149 armum,
1662 4098 1780 4148 seu,
1828 4090 1889 4138 ut

298 4173 449 4228 LXX
478 4176 689 4239 dicunt,
720 4175 1005 4230 brachium
1036 4175 1264 4246 accepit.
1293 4174 1497 4231 Deinde
1528 4176 1885 4232 intentionem

293 4274 548 4319 nostram
580 4267 818 4320 dilatatis
850 4265 1135 4337 legislator
1166 4267 1409 4322 subdidit
1444 4283 1459 4323 :
1501 4266 1604 4332 Qui
1642 4268 1885 4329 obtulerit

293 4356 612 4425 sanguinem
649 4364 699 4409 et
741 4356 951 4424 adipem
995 4356 1228 4426 ﬁliorum
1280 4357 1480 4423 Aaron,
1521 4359 1630 4428 ipse
1678 4359 1883 4413 habebit

294 4458 511 4498 armum
542 4445 786 4498 dextrum
812 4446 868 4498 in
895 4446 1134 4514 portione
1166 4462 1285 4500 sua.
1315 4446 1569 4503 Christus
1597 4456 1680 4503 est
1708 4447 1879 4513 enim,

2005 1970 2147 2023 senti
2200 1970 2269 2025 de
2329 1971 2434 2026 hac
2493 1971 2763 2026 disserere
2816 1973 3092 2045 legislator
3151 1963 3513 2045 proposuerat
3572 1992 3587 2028 :

1998 2077 2163 2130 quam
2224 2064 2370 2118 enim
2406 2080 2529 2119 cum
2573 2066 2830 2120 unctione
2876 2070 3220 2123 sacerdotum
3271 2069 3587 2123 societatem

1998 2154 2202 2208 habent
2240 2169 2301 2209 ea
2337 2171 2458 2225 quae
2490 2157 2746 2225 praedicta
2800 2167 2948 2222 sunt,
2979 2158 3283 2213 sacriﬁcia?
3326 2161 3434 2213 Sed
3496 2173 3588 2214 so-

2001 2248 2277 2303 lummodo
2310 2263 2502 2302 eorum
2553 2263 2673 2317 qua:
2717 2249 2968 2318 superius
3016 2250 3084 2304 ab
3116 2265 3183 2305 eo
3236 2250 3382 2305 dicta
3433 2259 3595 2315 sunt,

1999 2342 2116 2396 vult
2140 2343 2429 2397 ostendere
2461 2343 2799 2412 dignitatem,
2831 2353 2885 2398 et
2917 2352 3078 2411 quem
3109 2344 3417 2414 profectum
3445 2360 3587 2414 prae-

1997 2441 2142 2487 stent
2174 2432 2257 2486 his
2311 2433 2402 2502 qui
2442 2448 2505 2487 ea
2547 2434 2880 2488 custodiunt.
2915 2433 3071 2500 Quod
3122 2435 3269 2489 enim
3304 2434 3419 2490 ait;
3459 2435 3585 2491 ch

1997 2530 2077 2575 est
2112 2524 2287 2575 unctio
2324 2522 2502 2575 Aaron
2537 2531 2587 2575 et
2621 2522 2853 2591 ﬁliorum
2881 2525 2998 2593 ejus
3021 2525 3076 2577 in
3112 2527 3437 2578 creremoniis
3475 2526 3585 2580 Do-

1998 2612 2147 2665 mini.
2180 2612 2258 2666 Ad
2281 2612 2558 2682 superiora
2594 2614 2694 2667 hoc
2733 2614 2985 2675 reddidit,
3012 2623 3071 2668 ut
3103 2624 3157 2667 tu
3199 2630 3582 2685 cognosceres.

1996 2701 2123 2762 quia
2156 2702 2471 2755 custodiens
2520 2715 2862 2770 quaecunque
2904 2703 2991 2757 lex
3021 2703 3272 2772 superius
3324 2704 3477 2767 dixit,
3518 2704 3586 2760 ad

1994 2791 2294 2846 sacerdotis
2323 2792 2536 2863 proﬁcit
2556 2795 2892 2866 dignitatem,
2936 2803 2990 2848 et
3014 2793 3284 2848 studendo
3313 2810 3375 2850 ea
3405 2796 3586 2851 valcas

1994 2884 2176 2954 regale
2200 2886 2587 2952 sacerdotium,
2612 2901 2745 2958 gens
2798 2895 2988 2942 sancta
3026 2886 3171 2941 dici:
3207 2886 3362 2942 aliter
3399 2897 3582 2942 autem

1994 2988 2370 3045 nequaquam.

2070 3065 2197 3120 Haec
2224 3077 2299 3121 est
2331 3070 2470 3123 enim
2499 3069 2674 3123 unctio
2702 3069 2759 3122 in
2791 3069 3115 3123 cwremoniis
3147 3068 3382 3123 Domini.
3414 3069 3577 3125 Vide-

1994 3158 2126 3213 licet
2193 3175 2259 3214 εκ
2315 3159 2812 3225 observationibus,
2861 3175 2984 3229 quae
3026 3160 3081 3214 in
3122 3161 3400 3230 praedictis
3454 3171 3588 3217 sunt

1995 3250 2286 3321 descriptae
2314 3249 2611 3306 sacriﬁciis.
2634 3250 2859 3320 Propter
2886 3251 3031 3320 quod
3057 3252 3265 3307 addidit
3289 3270 3303 3306 :

2064 3342 2127 3396 In
2148 3343 2233 3395 die
2255 3358 2360 3413 qua
2389 3342 2573 3396 obtulit
2604 3357 2692 3395 eos
2724 3342 2943 3410 Moyses,
2975 3349 3035 3394 ut
3068 3342 3366 3396 sacerdotio
3397 3343 3585 3414 funge-

1992 3447 2176 3493 rentur
2235 3446 2285 3491 et
2333 3453 2450 3508 quae
2491 3437 2738 3506 prwcepit
2794 3436 2916 3490 dari
2963 3437 3037 3490 eis
3091 3436 3405 3491 Dominusa
3453 3437 3584 3506 ﬁliis

1991 3530 2178 3586 Israel.
2212 3528 2351 3599 Ergo
2376 3530 2434 3583 in
2464 3529 2548 3583 bis
2579 3528 2740 3583 nobis
2760 3527 3076 3582 unctionem
3102 3527 3274 3594 dedit,
3301 3537 3356 3582 et
3385 3528 3442 3582 in
3464 3528 3583 3584 istis

1988 3638 2090 3676 nos
2117 3621 2323 3675 vocavit
2366 3620 2528 3684 Deus,
2550 3620 2640 3675 die
2669 3634 2775 3689 qua
2809 3619 3008 3673 obtulit
3055 3633 3173 3674 eos.
3205 3618 3437 3685 Quando
3478 3635 3583 3675 au-

1990 3722 2099 3768 tem
2124 3712 2407 3777 ltoc‘lQua
2437 3711 2525 3766 die
2563 3711 2720 3765 unxit
2752 3725 2867 3775 eos,
2903 3721 2962 3764 ut
3013 3711 3320 3766 sacerdotio
3378 3711 3577 3783 funge-

1990 3813 2198 3868 rentur,
2233 3803 2285 3858 id
2317 3812 2400 3858 est
2452 3818 2557 3873 qua
2602 3802 2693 3857 die
2739 3803 2860 3858 illos
2891 3818 2958 3858 ex
3017 3803 3146 3857 ﬁliis
3193 3804 3361 3859 Israel
3398 3807 3578 3873 unxit,

1986 3911 2086 3966 per
2127 3895 2440 3950 unctionem
2505 3895 2712 3950 scilicet
2766 3910 2888 3964 quas
2937 3911 3085 3949 nunc
3127 3896 3273 3951 dicta
3326 3904 3433 3952 est.
3470 3899 3576 3962 Qui

1987 3992 2135 4044 enim
2199 3988 2487 4046 sublimius
2537 3988 2751 4052 vivunt,
2785 4002 2885 4041 seu
2944 3986 3364 4051 conv'crsantur,
3431 3997 3580 4043 recte

1987 4082 2136 4137 omni
2167 4081 2583 4137 excellentiores
2616 4087 2748 4134 sunt
2777 4079 3000 4148 populo.
3024 4077 3179 4133 Unde
3207 4087 3262 4132 et
3285 4078 3448 4133 nimis
3480 4095 3579 4150 op-

1985 4181 2224 4245 portune
2275 4172 2549 4244 legislator
2594 4170 2878 4226 subdidit:
2913 4168 3183 4241 Religioue
3232 4179 3483 4238 perpetua
3518 4173 3577 4225 in

1985 4265 2409 4338 generationibus
2426 4265 2626 4321 vestris.
2640 4261 2921 4330 Quatenus
2939 4272 2996 4317 tu
3009 4261 3199 4325 scires,
3226 4263 3354 4333 quia
3378 4263 3578 4318 incon-

1983 4374 2145 4414 cussa
2164 4358 2281 4414 haec
2296 4358 2441 4428 apud
2457 4357 2626 4412 Deum
2645 4356 2836 4428 religio
2863 4363 2967 4418 est,
2987 4364 3049 4409 ut
3073 4368 3253 4425 neque
3284 4355 3571 4426 dignitate,

1985 4465 2163 4520 neque
2176 4448 2468 4519 sapientia,
2496 4464 2675 4519 neque
2702 4449 3025 4519 cognatione
3062 4448 3359 4518 iustorum,
3394 4463 3576 4518 neque

296 4534 698 4608 intelligibilem
748 4539 1069 4609 sanguinem
1122 4539 1494 4609 paciﬁcorum.
1539 4547 1594 4594 et
1644 4539 1879 4609 adipem,
1913 4547 1958 4604 ι)
1988 4539 2090 4594 alia
2119 4539 2283 4594 simili
2305 4555 2376 4594 ex
2403 4555 2462 4594 re
2483 4539 2708 4610 pepulo,
2731 4539 2818 4594 vel
2846 4537 3093 4609 plurimis
3109 4537 3378 4592 excellere
3402 4539 3577 4608 possit

295 4628 557 4684 videlicet
596 4630 829 4699 animas,
866 4637 922 4685 et
953 4631 1224 4686 desideria
1250 4631 1571 4686 salutarium
1605 4631 1878 4698 offerens;

291 4721 393 4791 qui
423 4731 508 4776 est
541 4723 764 4791 quidem
793 4723 861 4778 de
892 4723 1021 4779 ﬁliis
1049 4722 1255 4791 Aaron,
1285 4740 1396 4779 non
1438 4734 1657 4795 propter
1684 4740 1884 4797 cogna-

290 4815 531 4876 tionem,
565 4814 663 4869 sed
695 4823 918 4886 propter
954 4817 1230 4887 propriam
1274 4817 1591 4889 dignitatem
1631 4819 1884 4875 sacerdos

284 4903 616 4972 singularis,
648 4913 703 4960 et
733 4906 787 4959 in
820 4907 1077 4962 omnibus
1107 4909 1419 4978 praecipuus
1447 4926 1461 4965 :
1497 4909 1548 4962 in
1598 4911 1717 4979 ejus
1760 4925 1884 4980 por-

296 4999 508 5053 tionem
535 5014 722 5054 armus
746 5001 954 5066 dexter,
984 5017 1081 5057 seu
1107 5003 1393 5058 brachium
1424 5005 1693 5069 dextrum,
1719 5005 1773 5061 id
1799 5014 1882 5060 est

293 5089 480 5144 omnis
511 5091 657 5146 bona
703 5093 846 5147 actio
874 5102 933 5147 et
963 5094 1144 5161 operis
1175 5093 1405 5151 eﬂ'ectus
1447 5097 1664 5153 transit.
1710 5098 1872 5154 iteca-

291 5180 536 5252 pitulans
559 5195 741 5238 autem
770 5199 890 5252 qure
915 5184 1060 5240 dicta
1090 5193 1236 5251 sunt,
1263 5187 1471 5241 addidit
1509 5204 1524 5241 :

365 5269 738 5327 Pectusculum
769 5273 908 5327 enim
936 5272 1178 5329 elationis
1215 5280 1340 5347 (seu
1367 5276 1668 5332 secundum
1713 5277 1875 5343 LXX,

291 5363 700 5433 propositionis)
750 5372 799 5416 et
852 5379 1062 5417 orntum
1125 5366 1478 5434 separationis
1528 5366 1628 5419 tuli
1656 5383 1690 5419 α
1750 5366 1879 5435 ﬁliis

290 5450 486 5516 Israel,
517 5453 583 5506 de
625 5453 807 5506 hostiis
858 5469 1041 5507 eorum
1100 5454 1356 5523 paciﬁcis.
1403 5454 1541 5521 Quia
1589 5455 1770 5521 ﬁdem,
1822 5467 1874 5510 et

290 5543 590 5610 actionem,
625 5544 957 5600 oblationem
1009 5546 1301 5615 specialem
1355 5547 1423 5601 de
1472 5549 1716 5618 paciﬁcis
1774 5564 1872 5604 seu

290 5633 622 5691 salutaribus
659 5636 938 5692 sacriﬁciis
977 5638 1110 5692 vult.
1143 5638 1370 5709 Propter
1393 5642 1537 5709 quod
1554 5640 1727 5695 dixit:

365 5828 410 5860 ⁸¹
439 5825 608 5884 Hebr.
642 5843 714 5896 SI,
745 5828 799 5884 6.
875 5830 919 5862 ⁸³
949 5828 1105 5886 Rom.
1139 5848 1211 5900 Ix,
1276 5832 1358 5889 l6.
1436 5835 1481 5869 “
1528 5833 1631 5892 lsa.
1658 5850 1811 5905 xun,
1846 5835 1896 5889 l.

1982 4634 2124 4704 quis,
2140 4633 2241 4688 nisi
2258 4649 2320 4688 ea
2337 4633 2818 4699 assecutusiuerit,
2841 4649 2960 4704 quae
2984 4634 3037 4688 i‘n
3060 4632 3575 4703 superioribussunt

1982 4735 2272 4796 praecepta.
2305 4723 2396 4780 Sic
2421 4726 2566 4781 enim
2592 4722 2860 4796 quispiam
2894 4732 2950 4780 et
2989 4724 3247 4781 sacerdos
3284 4724 3345 4779 ﬁt
3375 4740 3575 4779 secun-

1982 4816 2110 4869 dutn
2144 4815 2529 4886 cognationem
2561 4815 2766 4870 Christi
2820 4816 2932 4870 veri
2969 4815 3289 4880 sacerdotis,
3321 4816 3414 4885 qui
3471 4816 3574 4870 im-

1981 4906 2305 4960 maculatum
2337 4914 2393 4960 et
2434 4904 2734 4975 perfectam
2784 4905 3180 4960 demonstravit
3215 4906 3403 4961 vitam.
3458 4905 3572 4961 Sed

1978 4998 2107 5068 quia
2149 4998 2464 5053 unetionem
2515 5012 2611 5067 per
2644 5012 2707 5053 ea
2735 5012 2857 5067 qua:
2894 4998 3148 5068 superius
3198 4998 3360 5068 plane
3422 4998 3571 5054 dicta

1981 5097 2131 5153 sunt,
2160 5088 2443 5152 intellexit,
2474 5103 2596 5158 quas
2624 5090 3037 5157 subsequuntur
3057 5089 3386 5158 approbant.

2053 5179 2216 5235 Vens.
2251 5182 2341 5246 57,
2364 5182 2453 5236 38.
2493 5198 2512 5233 ‹
2543 5180 2619 5234 lta
2653 5188 2738 5235 est
2773 5181 2858 5234 lex
2912 5180 3212 5234 bolocausti
3269 5189 3325 5234 et
3361 5178 3568 5233 sacriﬁ-

1979 5271 2050 5327 cii
2086 5286 2185 5342 pro
2207 5280 2434 5341 peccato
2454 5279 2618 5341 atque
2657 5270 2877 5336 delicto,
2910 5277 2968 5325 et
2986 5284 3087 5339 pro
3128 5269 3564 5333 consecratione,

1978 5372 2036 5417 et
2067 5362 2419 5434 paciﬁcorum
2474 5361 2730 5428 victimis,
2757 5377 2892 5431 quas
2952 5363 3238 5418 constituit
3292 5362 3564 5419 Dominus

1977 5453 2146 5526 Moysi
2176 5454 2232 5509 in
2255 5463 2441 5510 monte
2471 5455 2643 5522 Sinai,
2673 5453 2892 5525 quando
2915 5454 3193 5510 mandavit
3219 5454 3343 5509 ﬁliis
3372 5455 3561 5521 Israel,

1980 5556 2039 5601 ut
2071 5547 2338 5604 otl‘errent
2361 5549 2665 5606 oblationes
2715 5564 2842 5607 suas
2889 5549 3116 5606 Domino
3163 5549 3217 5605 in
3240 5548 3456 5605 deserto
3477 5544 3564 5604 Si-

1981 5655 2091 5695 nat;
2131 5660 2149 5692 ι

1993 5834 2039 5867 ⁸⁸
2071 5834 2239 5897 llebr.
2282 5852 2359 5903 ιι,
2420 5836 2446 5891 1
2497 5851 2649 5909 seqq.
