3992 6420
411 346 506 409 εΗ

1610 340 1971 400 iiES‘r'CHII
2012 338 2483 401 PRESBYTER!

3579 337 3686 397 δῖὲ

479 459 642 515 Vides
665 455 988 512 differentes
1009 453 1480 519 cunvcrsationes,
1509 467 1631 523 quin
1652 450 1996 522 conjungunt
2022 459 2066 515 Α
2098 449 2462 505 inaestimabili
2480 446 2715 518 quadam
2769 445 3104 501 sublimitate
3144 445 3361 501 excellit
3393 444 3541 502 Deus
3580 447 3687 504 ho-

406 550 521 606 Deo
538 550 651 604 sive
663 565 762 619 per
780 547 1082 618 perfectum
1104 547 1364 602 honorem
1382 562 1439 601 sa
1446 545 1663 616 pientis:
1676 544 1767 614 qui
1785 559 1880 614 per
1894 543 1994 597 ho-

406 640 709 698 locaustum
732 641 1094 712 significatur,
1110 639 1223 693 sive
1242 653 1338 708 per
1352 637 1680 692 mediocrem
1702 634 1992 704 justitiam,

408 750 532 803 quae
564 734 757 788 idonea
777 747 862 786 est
877 743 931 787 et
947 747 1067 800 qua:
1083 731 1147 784 ad
1169 731 1422 792 salutem,
1444 728 1724 799 pertinent.
1753 725 1990 796 operari.

410 825 684 881 Sacrificia
727 823 874 878 enim
899 824 1022 879 haec
1047 823 1395 892 pacit’icorum
1421 821 1534 876 sive
1554 836 1651 890 per
1682 818 1995 873 holocausta

407 926 658 987 agantur,
682 915 796 971 sive
816 932 916 984 per
938 914 1290 979 oblationem,
1317 921 1463 967 recte
1483 927 1603 967 esse
1615 910 1789 975 utilia,
1808 918 1997 980 utpote

408 1009 724 1079 dignitatem
769 1005 1163 1062 sacerdotalem
1197 1005 1534 1076 praestantia,
1576 1003 1662 1058 lex
1686 1001 1993 1057 intellexit:

407 1110 463 1154 et
494 1108 779 1169 propterea
812 1100 868 1153 in
928 1098 1019 1153 die
1047 1113 1157 1167 qua
1192 1096 1467 1151 unctionis
1512 1096 1684 1167 legem
1718 1093 1885 1167 Iloysi
1942 1094 1997 1148 in

408 1202 595 1248 monte
625 1193 774 1246 Sinai
801 1192 1099 1258 mandavit,
1125 1194 1290 1247 etiam
1317 1206 1381 1245 ea
1417 1206 1539 1259 quas
1572 1198 1702 1245 sunt
1733 1189 1801 1244 de
1826 1188 1997 1244 sacri-

413 1285 555 1339 ficiis
578 1284 839 1345 subdidit,
871 1284 1143 1354 simulque
1169 1298 1234 1338 ea
1254 1281 1437 1337 omnia
1481 1282 1722 1336 breviter
1768 1279 1998 1335 en'umc-

408 1376 567 1439 ravit,
595 1383 650 1429 et
706 1376 1176 1430 commemoravit.
1242 1371 1376 1427 Nam
1431 1371 1575 1426 LXX
1629 1371 1994 1426 addiderunt:

388 1464 478 1521 Et
524 1466 1001 1519 consummationis
1031 1481 1050 1518 :
1102 1480 1227 1518 cum
1266 1463 1394 1518 illud
1451 1463 1507 1517 in
1545 1462 1836 1532 praeteritis
1887 1477 1994 1516 non

409 1553 753 1608 inveniamus
820 1553 1131 1622 specialiter
1167 1553 1351 1608 verbis
1394 1551 1718 1623 legislatoris
1772 1565 1996 1621 expres-

410 1656 529 1699 sum
562 1646 726 1699 etiam
772 1646 827 1698 in
892 1646 1005 1715 ipsa
1036 1644 1174 1699 LXX
1212 1645 1472 1700 editione.
1509 1645 1615 1700 Sed
1660 1646 1787 1714 quia
1821 1644 1999 1699 simile

408 1734 734 1793 sacriﬁcium
769 1751 871 1791 nec
898 1752 997 1807 pro
1029 1745 1276 1804 peccato,
1302 1735 1752 1798 necholocausti,
1783 1734 1870 1791 vel
1897 1734 1997 1789 ἀε-

2091 543 2357 604 minibus,
2394 550 2449 595 et
2478 539 2673 610 gratia,
2710 539 2888 608 inqua
2918 538 2966 592 ei
3004 536 3509 605 cnmmunicamus;
3536 539 3682 608 quod

2092 634 2261 689 David
2282 633 2594 705 signiﬁcans
2608 632 2675 686 ad
2696 631 2984 686 Dominum
3002 630 3172 686 dixit:
3199 629 3358 685 Sedes
3377 639 3492 698 (ita,
3520 630 3683 698 Deus,

2092 729 2149 782 in
2179 726 2430 782 sa‘culum
2459 725 2661 790 swculi,
2707 725 2856 794 virga
2905 734 3047 777 recta
3095 735 3191 789 est,
3220 724 3368 794 virga
3397 722 3544 793 regni
3579 722 3679 777 tui.

2094 823 2346 878 Dilexisti
2363 821 2657 890 justitiam,
2682 831 2728 872 et
2779 819 2939 872 odisti
2981 818 3337 888 iniquitatem,
3400 828 3682 887 propterea

2094 916 2245 969 unxit
2285 924 2336 968 te
2367 914 2505 967 Deus
2529 912 2666 966 Deus
2700 920 2822 965 tuus
2851 909 2962 964 oleo
3003 910 3224 972 la'titiw,
3261 925 3380 980 prae
3419 911 3683 964 consorti-

2095 1007 2190 1061 bus
2215 1006 2319 1060 tuis
2335 1005 2405 1060 ³⁸.
2434 1004 2541 1059 Sed
2573 1004 2664 1074 qui
2689 1011 2819 1057 sunt
2845 1003 2967 1072 ejus
3007 1000 3468 1072 participes?Nos
3493 1002 3683 1071 utique

2097 1099 2166 1155 de
2187 1098 2389 1167 quide
2419 1097 2623 1153 dictum
2646 1105 2731 1152 est
2765 1115 2776 1150 :
2815 1095 3111 1165 Participes
3149 1095 3289 1148 enim
3317 1093 3518 1149 Christi
3548 1094 3682 1165 facti

2095 1208 2298 1254 sumus,
2321 1192 2366 1245 si
2393 1200 2571 1244 tamen
2613 1190 2825 1243 initium
2863 1188 3175 1243 substantia
3235 1187 3350 1258 ejus
3401 1203 3562 1256 usque
3611 1187 3684 1240 ad

2095 1282 2251 1352 ﬁnem
2302 1282 2517 1352 ﬁrmam
2564 1281 2884 1334 retineamus
2911 1280 2978 1331 ”.
3011 1278 3204 1334 Cernis
3227 1287 3429 1343 tamen,
3488 1293 3676 1347 quem-

2098 1373 2392 1427 admodum
2472 1371 2750 1441 przecipue
2822 1369 3207 1424 exsultationis
3273 1369 3421 1435 oleo,
3483 1368 3536 1422 id
3588 1375 3670 1422 cst

2098 1462 2323 1536 spiritu,
2347 1481 2457 1535 prec
2495 1463 2851 1535 participibus
2943 1462 3130 1532 utique
3180 1461 3359 1527 nobis,
3417 1461 3560 1515 sicut
3606 1461 3683 1516 ait
3732 1462 3736 1470 '

2101 1557 2412 1623 Psalmista,
2443 1557 2687 1628 ungitur,
2744 1544 2862 1626 ipse
2916 1553 3190 1625 siquidem
3222 1552 3679 1619 substantialiter,

2098 1665 2203 1704 nos
2225 1665 2355 1704 vero
2389 1648 2709 1719 Operatione
2737 1649 2877 1718 ejus,
2936 1655 2992 1702 et
3015 1647 3204 1718 gratia.
3247 1646 3543 1718 Propterea
3586 1663 3683 1701 un-

2100 1750 2303 1812 guntur
2319 1741 2539 1811 quidem
2568 1741 2730 1795 simul
2759 1756 2882 1795 cum
2922 1740 3104 1795 Aaron
3143 1740 3241 1795 ﬁlii
3267 1741 3403 1810 ejus,
3429 1741 3527 1796 sed
3571 1758 3677 1796 non

409 1827 545 1890 licti,
576 1844 680 1883 nec
708 1829 960 1883 sacriﬁcii
984 1839 1069 1884 est
1093 1830 1371 1896 salutaris,
1403 1840 1463 1884 ut
1485 1846 1594 1885 non
1628 1830 1865 1900 speciem
1911 1844 1999 1883 sa-
2031 1823 2071 1879 Β
2104 1831 2228 1884 talia
2252 1834 2306 1885 in
2332 1831 2434 1896 eis,
2467 1831 2646 1900 qualia
2672 1832 2804 1886 etin
2828 1830 3060 1885 Aaronis
3104 1831 3362 1885 unctione
3419 1841 3676 1902 aguntur,

407 1919 787 1989 criticiihujus
806 1930 903 1975 aut
931 1937 1129 1976 nomen
1187 1921 1583 1992 ignoraremus,
1606 1921 1665 1975 in
1718 1922 1824 1977 hoc
1873 1921 1996 1976 loco

411 2009 736 2065 sacriﬁcium
765 2012 893 2065 illud
950 2012 1440 2067 consummationis
1498 2012 1811 2083 appellavit,
1864 2011 1997 2066 illud

412 2110 468 2157 te
505 2103 696 2158 volens
727 2103 1052 2175 intelligere,
1074 2105 1231 2175 cujus
1253 2105 1674 2175 appellationem
1713 2104 1992 2160 omiserat.

384 2192 552 2267 .Quid
583 2204 765 2248 autem
800 2195 1067 2266 theologia
1101 2196 1398 2266 perfectius
1418 2197 1542 2252 est?
1572 2212 1738 2267 quam
1795 2196 1999 2251 sacriﬁ-

409 2285 556 2340 cium
611 2287 805 2341 είιηὶιιε
828 2304 952 2341 cum
976 2288 1102 2342 oleo
1126 2297 1182 2342 et
1203 2289 1364 2343 thure
1397 2289 1661 2353 oblatum,
1689 2290 1997 2360 signiﬁcare

406 2377 663 2432 diximus.
701 2378 807 2433 Sed
836 2380 929 2435 ubi
962 2381 1077 2435 haec
1111 2383 1405 2435 constituta
1458 2381 1596 2436 dixit
1620 2381 1643 2435 ?
1671 2382 1728 2435 In
1778 2381 1997 2435 deserto

411 2470 582 2523 Sinai.
606 2469 762 2525 Sinai
802 2479 1008 2533 autem,
1044 2470 1206 2524 rubus
1239 2471 1320 2525 vel
1363 2472 1610 2534 tentatio,
1670 2470 1998 2539 interpreta-

410 2571 516 2619 tur.
542 2563 750 2618 Similis
771 2570 857 2617 est
882 2572 1063 2618 autem
1094 2563 1228 2618 rubo
1256 2563 1504 2629 tentatio,
1536 2577 1789 2632 asperum
1834 2564 1995 2631 quip-

409 2671 480 2725 pe
503 2656 795 2726 virgultum
828 2663 933 2722 est,
971 2664 1027 2710 et
1050 2656 1197 2725 quod
1254 2654 1469 2710 difﬁcile
1521 2670 1684 2709 manu
1744 2668 1995 2723 compre-

413 2749 673 2804 henditur
705 2765 724 2802 ε
758 2748 1094 2818 signiﬁcatur
1117 2756 1300 2803 autem
1327 2763 1425 2818 per
1451 2748 1619 2809 hunc,
1658 2747 1784 2816 quia
1801 2759 1996 2814 quem-

411 2839 705 2893 admodum
762 2854 953 2894 eorum
1000 2841 1092 2909 qui
1128 2839 1183 2894 in
1227 2853 1402 2909 agone
1428 2837 1769 2892 contendunt
1790 2849 1994 2891 corona

414 2930 467 2982 in
502 2930 703 2984 sudore
726 2938 782 2984 et
804 2929 990 2985 labore
1010 2938 1113 2995 est,
1146 2933 1224 2984 sic
1254 2939 1309 2985 et
1334 2946 1531 2984 corona
1586 2930 1740 2985 bonae
1766 2929 1892 2987 vita:
1936 2930 1991 2984 in

412 3021 806 3076 tentationibus
825 3030 881 3074 et
915 3020 1354 3075 tribulationibus
1376 3028 1806 3084 consummatur,
1837 3028 1896 3075 ut
1940 3029 1996 3075 et

2098 1923 2241 1978 sicut
2270 1923 2622 1978 manifestam
2653 1924 2956 1993 sequentia.
2987 1922 3094 1979 Sed
3116 1924 3280 1978 etiam
3308 1924 3362 1977 in
3387 1924 3491 1978 hoc
3522 1940 3681 1980 mens

2099 2011 2153 2065 in
2180 2012 2435 2081 praesenti
2459 2010 2670 2082 ﬁgenda
2704 2020 2808 2076 est,
2860 2010 3002 2080 quod
3058 2026 3170 2064 non
3206 2010 3405 2065 frustra
3449 2011 3565 2065 haec
3621 2011 3678 2065 in

2096 2102 2375 2159 Christum
2399 2105 2734 2175 accipiamus
2766 2121 2779 2158 ε
2810 2105 2993 2159 sciens
3043 2104 3191 2165 enim
3232 2103 3530 2159 Ecclesium
3582 2105 3681 2160 de-

2097 2210 2222 2249 cere
2256 2195 2369 2249 lnrc
2405 2194 2970 2266 legislatormysteria,
2997 2194 3284 2249 convocari
3315 2210 3532 2250 omnem
3565 2210 3679 2250 cte-

2100 2294 2234 2348 tum,
2281 2284 2397 2339 sive
2427 2299 2753 2356 synagogam
2791 2283 3069 2354 praecepit,
3107 2283 3157 2337 id
3188 2296 3273 2338 est
3297 2284 3443 2353 quod
3502 2284 3677 2340 (ΞΓωεὶ

2098 2375 2287 2431 dicunt
2315 2375 2612 2446 ἐκκλησίας
2651 2376 2958 2445 adjannam
2985 2376 3316 2431 tabernaculi
3357 2374 3677 2430 testimonii.

2097 2466 2231 2533 Quae
2259 2468 2541 2539 Synagoga
2578 2482 2687 2522 non
2742 2476 2923 2538 potest
2980 2468 3139 2522 aliter
3177 2468 3247 2522 ad
3310 2467 3453 2521 hanc
3504 2467 3677 2536 legem

2099 2560 2549 2615 communionem
2607 2560 2828 2625 habere,
2871 2560 2976 2615 nisi
3026 2559 3094 2615 ad
3134 2558 3434 2615 Ecclesium
3479 2550 3682 2613 conve-

2098 2649 2233 2715 niat,
2297 2651 2441 2721 apud
2496 2667 2659 2723 quam
2706 2651 2897 2706 barum
2955 2651 3249 2725 ﬁgurarum
3281 2652 3486 2723 ,veritas
3542 2667 3679 2707 con-

2098 2757 2251 2797 serva
2260 2751 2311 2797 ιιι
2320 2759 2364 2797 Γ.

2173 2834 2334 2891 Vens.
2366 2835 2480 2891 4-9.
2529 2855 2547 2889 ι
2579 2834 2727 2893 Fecit
2754 2836 2985 2909 Moyses,
3020 2845 3084 2892 ut
3130 2834 3397 2892 Dominus
3441 2836 3677 2907 impera.

2099 2937 2276 2990 verat.
2310 2939 2747 3001 congregataque
2777 2929 2928 2983 omni
2973 2928 3128 2983 turba
3180 2937 3307 2983 ante
3351 2929 3515 2994 fores,
3551 2928 3629 2983 ait
3658 2945 3675 2985 :

2098 3021 2209 3076 lste
2243 3030 2328 3075 cst
2354 3035 2537 3075 sermo
2565 3036 2726 3091 quem
2773 3020 2943 3090 jussit
2986 3019 3247 3075 Doruinus
3282 3020 3419 3075 fieri.
3456 3021 3682 3075 Statim-

413 3110 616 3166 Paulus
642 3110 859 3166 dicebat
890 3127 905 3164 :
941 3109 1134 3165 Omnes
1156 3110 1441 3181 quivulunt
1478 3111 1645 3163 vivere
1676 3111 1730 3162 in
1788 3110 1995 3166 Christo
2024 3153 2068 3213 ο
2099 3129 2206 3185 que
2232 3112 2633 3168 obtulitAaron
2679 3120 2737 3166 et
2784 3111 2924 3168 ﬁlios
2974 3113 3114 3183 ejus,
3166 3128 3400 3183 cumque
3457 3113 3684 3169 lavisset

411 3203 555 3266 Iesu,
612 3204 1025 3274 persecutionem
1077 3203 1345 3272 patientur
1376 3202 1445 3256 °‘.
1492 3201 1724 3258 Maxime
1777 3204 1822 3258 si
1868 3220 1996 3260 suas

411 3297 718 3352 oblationes
768 3297 1032 3361 Domino,
1086 3295 1169 3352 vel
1228 3295 1369 3352 sicut
1412 3296 1552 3351 LXX
1580 3297 1892 3361 ediderunt,
1944 3298 2001 3350 in

410 3400 686 3459 conspectu
714 3388 922 3444 Domini
974 3388 1225 3457 o/feraut.
1268 3389 1611 3444 Manifestum
1680 3398 1765 3444 est
1812 3399 1995 3443 autem

410 3482 537 3551 quia
561 3482 653 3550 qui
687 3481 943 3535 mundam
973 3481 1261 3550 justitiam,
1302 3489 1357 3535 et
1379 3497 1501 3550 quae
1533 3481 1727 3551 placita
1752 3492 1837 3536 est
1867 3480 1996 3545 Deo,

410 3570 641 3638 adeptus
659 3569 846 3636 fuerit,
878 3569 965 3624 hic
1003 3578 1059 3624 et
1104 3570 1430 3625 tentationes
1459 3573 1680 3640 patitur,
1715 3583 1772 3626 et
1823 3572 1999 3625 tribu-

410 3658 662 3715 lationes.
683 3659 869 3729 Neque
888 3660 1033 3715 enim
1061 3660 1424 3731 intelligibiles
1453 3661 1656 3717 inimici
1680 3661 1994 3732 quiescunt,

409 3769 515 3808 nec
546 3755 877 3811 tentationes
901 3756 1052 3826 justo
1105 3756 1324 3821 desunt,
1348 3756 1475 3826 quia
1532 3757 1868 3812 abominatio
1914 3765 2000 3812 est

410 3848 792 3917 peccatoribus
831 3848 1025 3919 pietas.
1055 3847 1242 3903 Finem
1292 3860 1476 3905 autem
1534 3850 1896 3906 tentationum
1943 3860 1996 3905 et

411 3937 846 4003 tribulationum,
877 3938 1116 3994 Jacobus
1144 3939 1303 3995 nobis
1323 3942 1655 3996 sutlicientcr
1702 3942 1992 4011 exposuit:

408 4027 606 4084 Beatus
631 4032 710 4084 vir
729 4031 819 4101 qui
847 4031 1026 4101 διίησι-ι
1070 4035 1434 4094 tentationum,
1461 4035 1609 4104 quia,
1648 4050 1765 4088 cum
1803 4036 1996 4103 probae

412 4131 495 4176 tus
522 4124 703 4192 fuerit,
725 4125 945 4193 accipiet
961 4141 1206 4179 coronam
1239 4126 1376 4189 vim,
1400 4143 1558 4197 quant
1587 4129 1827 4195 promisit
1858 4128 1996 4182 Deus

411 4214 747 4286 diligentibus
781 4231 837 4269 se
866 4216 931 4271 ’⁷.

1030 4307 1184 4364 CAP.
1212 4307 1355 4364 Vill.

477 4400 651 4458 \‘u‘us.
688 4401 796 4457 l-5.
834 4420 854 4454 ‹
889 4400 1238 4470 Locutusque
1261 4409 1343 4455 est
1400 4398 1664 4456 Dominus
1683 4400 1752 4455 ad
1772 4400 1994 4473 Moysen

2101 3221 2218 3272 eos,
2251 3203 2470 3260 vestivit
2494 3202 2804 3275 pontiﬁcem
2856 3204 3121 3259 subucula
3166 3204 3330 3269 linea,
3391 3204 3682 3275 accingeris

2100 3318 2226 3357 eum
2272 3301 2516 3367 baltheo,
2548 3308 2605 3354 et
2656 3298 2894 3356 induens
2942 3299 3125 3355 tunica
3191 3300 3568 3372 hyacinthina,
3626 3308 3685 3356 et

2099 3395 2336 3464 desuper
2354 3394 2634 3448 humerale
2662 3392 2943 3463 imposuit,
2971 3395 3115 3463 quod
3128 3394 3441 3463 astringens
3464 3394 3681 3460 cingulo

2101 3485 2668 3552 coaptavitrationali,
2700 3485 2755 3538 in
2809 3500 2919 3554 quo
2949 3485 3331 3540 eratdoctrina
3359 3493 3416 3540 et
3457 3485 3677 3540 veritas.

2100 3579 2294 3651 (Zydari
2314 3591 2530 3648 quoque
2580 3577 2717 3632 texit
2748 3586 2933 3647 caput,
2986 3585 3043 3631 ct
3069 3592 3237 3647 super
3297 3592 3419 3632 eam
3487 3586 3680 3635 contra

2101 3668 2340 3725 frontem
2372 3666 2557 3738 posuit
2592 3666 2854 3722 laminam
2907 3682 3154 3733 auream,
3217 3675 3591 3723 consecratam
3624 3667 3679 3723 in

2101 3759 2616 3821 sanetiﬁcationem,
2651 3759 2795 3815 sicut
2826 3760 3227 3830 prazceperatei
3256 3759 3544 3817 Dominus.
3582 3778 3605 3812 ι

2170 3853 2305 3921 Quia
2344 3855 2459 3908 lucc
2480 3854 2548 3908 de
2581 3853 2780 3924 quibus
2840 3868 3023 3907 sermo
3067 3863 3154 3909 est
3198 3853 3392 3908 umbra
3452 3853 3578 3918 sint,
3625 3862 3683 3909 et

2099 3947 2283 4018 figurae
2313 3963 2502 4001 eorum
2534 3963 2655 4016 qua:
2679 3947 2733 4001 in
2771 3946 3012 4002 Ecclesia
3051 3956 3304 4018 aguntur,
3331 3947 3681 4017 apertissime

2099 4041 2261 4096 etiam
2298 4041 2410 4110 ipsa
2440 4056 2561 4110 qua:
2586 4055 2733 4094 nunc
2757 4040 3035 4110 preposita
3070 4050 3201 4094 sunt
3243 4049 3532 4095 testantur.

2173 4131 2315 4185 Ferit
2350 4130 2557 4200 Moyses
2591 4139 2645 4183 ut
2675 4130 2931 4185 Dominus
2975 4132 3349 4201 imperaverat,
3391 4147 3678 4203 congrega-

2097 4231 2256 4292 taque
2282 4222 2426 4276 omni
2451 4221 2602 4274 turba
2642 4232 2765 4275 ante
2788 4222 2949 4293 fores,
2981 4223 3081 4276 ait.
3134 4220 3290 4288 Quod
3331 4221 3517 4278 Grmca
3574 4224 3680 4277 lin-

2096 4329 2201 4385 gua
2229 4313 2283 4368 iu
2309 4312 2451 4367 LXX
2482 4312 2798 4383 expressius
2841 4312 3164 4368 translatum
3212 4322 3317 4379 cst,
3358 4313 3410 4370 id
3450 4323 3555 4379 est,
3589 4316 3681 4367 ἑκ-

2097 4407 2405 4478 κλησίασας
2432 4406 2532 4478 τὴν
2558 4407 2915 4477 Συναγωγήν.
2953 4405 3020 4460 Ει
3069 4406 3424 4476 quamobrem
3460 4424 3570 4464 non
3593 4408 3681 4463 di-

407 4492 594 4549 dicens
626 4512 640 4548 :
676 4495 873 4550 Tollite
898 4494 1078 4548 Aaron
1109 4508 1233 4547 cum
1258 4492 1380 4547 filiis
1411 4493 1548 4554 suis,
1594 4502 1776 4549 vestes
1804 4509 1994 4549 eorum
2030 4506 2073 4561 ι)
2099 4500 2194 4563 cit,
2233 4500 2450 4572 collegit
2475 4497 2964 4570 Congregationem
3021 4498 3137 4554 sive
3165 4497 3526 4572 Synagogam,
3584 4501 3680 4557 sed

407 4595 466 4639 et
494 4586 769 4642 unctionis
794 4586 998 4652 oleum,
1028 4585 1258 4640 vitulum
1292 4600 1391 4655 pro
1420 4592 1665 4654 peccato,
1690 4585 1828 4641 duos
1851 4585 1995 4641 arie-

413 4686 515 4743 tes,
543 4678 843 4733 caniswum
871 4691 997 4731 cum
1028 4676 1258 4747 azymis,
1298 4684 1356 4731 et
1382 4675 1741 4747 eongregabis
1774 4691 1996 4731 omnem

380 4766 611 4824 ~emtum
637 4769 702 4823 ad
732 4769 934 4823 ostium
968 4768 1303 4823 tabernaculi
1356 4767 1678 4823 testimonii.
1718 4786 1738 4820 ι

480 4858 614 4927 Qua:
638 4861 710 4915 sit
737 4861 820 4915 vis
852 4859 1259 4930 praedictorum,
1289 4871 1480 4932 aperte
1504 4870 1561 4916 et
1589 4870 1900 4932 opportune
1937 4861 1994 4918 in

413 4954 499 5010 his
517 4968 638 5023 quae
660 4960 965 5024 sequuntur
983 4954 1312 5018 ostenditur,
1328 4954 1546 5025 quando
1562 4953 1839 5026 legislator
1862 4955 1994 5009 sub-

411 5047 656 5105 intulerit
683 5063 748 5103 ea
777 5063 900 5117 qua:
942 5047 997 5101 in
1041 5047 1121 5103 eis
1176 5058 1433 5120 aguntur.
1476 5046 1616 5114 Quid
1665 5055 1846 5102 autem
1881 5048 1998 5103 haec

409 5155 533 5211 tgna;
555 5156 706 5197 nunc
728 5139 874 5195 dicta
904 5146 1035 5194 sunt
1064 5140 1394 5210 significent,
1424 5139 1529 5194 hoc
1550 5139 1645 5193 tibi
1674 5139 1993 5208 praecedens

408 5248 591 5288 sermo
614 5233 813 5299 tradet,
833 5232 960 5303 quia
990 5232 1199 5298 unctio,
1239 5231 1461 5287 Christo
1492 5241 1548 5285 et
1591 5230 1681 5285 his
1733 5231 1828 5302 qui
1876 5231 1998 5303 ejus

408 5334 540 5382 sunt
586 5325 896 5381 communis
947 5335 1005 5381 et
1033 5339 1142 5379 non
1200 5325 1508 5381 communis
1532 5335 1651 5380 est:
1680 5322 1993 5379 communis

407 5419 650 5492 quidem,
674 5420 800 5491 quia
834 5419 1082 5490 ejusdem
1118 5418 1393 5475 unctionis
1439 5426 1571 5474 sunt
1596 5425 1653 5473 et
1681 5417 1784 5489 ipsi
1817 5416 1990 5487 parti-

408 5513 581 5584 cipes,
607 5514 963 5583 quamobrem
1022 5521 1079 5572 et
1110 5529 1212 5570 nos
1280 5513 1704 5584 participatione
1760 5511 1990 5577 Christi,

408 5605 705 5661 Christiani
745 5605 1022 5674 dicimur;
1066 5622 1177 5662 non
1241 5604 1553 5661 communis
1600 5613 1806 5672 autem,
1862 5603 1989 5676 quia

2101 4599 2425 4654 convocata,
2449 4588 2503 4644 id
2536 4598 2623 4645 est
2660 4588 3070 4660 ἐκκλησιάζειν,
3125 4589 3275 4644 omni
3304 4591 3485 4656 turba,
3524 4591 3575 4645 id
3597 4600 3682 4646 est

2099 4682 2383 4754 Synagoga
2408 4695 2504 4735 seu
2538 4680 3012 4752 Congregatione?
3058 4679 3196 4748 Quia
3264 4682 3455 4749 procul
3512 4684 3681 4739 dubio
3729 4752 3740 4763 ρ

2096 4782 2157 4831 et
2213 4788 2314 4844 per
2380 4772 2501 4828 haec
2559 4773 2986 4843 innuitaliquid,
3020 4772 3357 4845 Synagogam
3393 4774 3538 4829 illam
3581 4792 3680 4846 ap-

2095 4866 2329 4938 pellans,
2357 4865 2484 4937 quia
2505 4865 2610 4921 hoc
2641 4880 2843 4921 nomen
2870 4865 3149 4936 proprium
3175 4874 3352 4922 coetus
3379 4868 3681 4938 populisn-

2097 4958 2324 5030 tiquitus
2368 4958 2493 5014 fuit.
2541 4957 2856 5014 Convocare
2892 4967 3076 5013 autem
3099 4999 3114 5026 ,
3163 4959 3216 5015 id
3248 4967 3353 5025 est,
3383 4960 3681 5031 ἐκκλησιά-

2096 5047 2212 5116 ζειν
2238 5051 2519 5121 praecepit,
2552 5060 2613 5106 ut
2650 5065 3108 5122 cognosceremus
3157 5052 3321 5123 paulo
3357 5060 3483 5123 post
3533 5053 3681 5108 Γιιιαρ

2096 5158 2214 5198 ram
2245 5142 2571 5205 Ecclesium,
2619 5157 2742 5212 quae
2783 5142 2949 5215 hujus
3006 5142 3285 5199 invenitur
3329 5145 3507 5200 virtus
3559 5160 3679 5200 esse

2098 5233 2425 5291 sanctionis.
2459 5232 2813 5289 Manifestius
2835 5244 3016 5290 autem
3048 5232 3109 5288 fit
3162 5249 3231 5289 ex
3278 5249 3347 5290 eo
3395 5236 3544 5305 quod
3594 5236 3679 5291 lex

2098 5326 2335 5397 Dei,qui
2374 5326 2543 5383 Israel
2587 5326 2798 5391 eduxit,
2827 5325 2923 5396 qui
2973 5318 3247 5382 Abraham
3301 5327 3539 5395 vocavit,
3585 5327 3679 5398 qui

2099 5418 2284 5474 omnia
2320 5418 2446 5473 fecit
2469 5433 2590 5489 qua:
2614 5433 2714 5489 per
2739 5416 2956 5489 Moysen
2985 5419 3310 5489 prophetam
3339 5421 3677 5483 scribuntur,

2099 5525 2166 5567 ea
2190 5525 2311 5580 qua:
2348 5512 2575 5582 mystice
2608 5510 2665 5564 in
2714 5507 2956 5565 Ecclesia
2996 5519 3253 5581 aguntur,
3294 5522 3426 5568 ante
3481 5511 3681 5567 multas

2099 5601 2481 5675 generationes
2508 5600 2735 5673 spiritus
2770 5600 2865 5657 [lci
2908 5602 3188 5674 praecepit.
3229 5602 3335 5659 Sed
3365 5613 3566 5661 etcum
3597 5617 3683 5659 se-

474 5807 717 5863 "l’l’im.
746 5824 827 5876 ut,
859 5808 945 5863 l2.
1017 5809 1061 5845 ”
1091 5807 1204 5864 Jac.
1241 5824 1278 5876 l,
1317 5809 1396 5863 ω..
1474 5811 1517 5843 ⁸⁸
1542 5806 1684 5864 Psal.
1712 5822 1855 5874 κων,
1883 5807 1937 5876 7,
1969 5808 2022 5863 8.
2080 5808 2126 5841 ”
2153 5807 2407 5877 llebmn,
2448 5808 2533 5866 lt.
