3992 6406
338 347 452 414 873

337 464 586 522 cundum
623 456 784 526 LXX,
827 457 1079 530 superius
1122 455 1351 512 dixisset
1386 470 1400 507 :
1452 454 1696 513 Conoora
1726 456 1799 510 ad
1838 454 1934 524 ja-
1962 488 2005 542 Α

338 574 481 614 uuas
511 552 837 611 tabernaculi
865 550 1168 613 testimonii,
1192 549 1281 604 hic
1315 549 1421 604 ait:
1456 547 1771 604 Convocavit
1804 561 1929 602 cou—

336 651 725 725 gregationem,
753 662 862 701 non
889 646 955 699 ad
980 645 1197 715 ianuas,
1229 643 1324 697 sed
1385 643 1457 695 ad
1481 642 1716 712 januam
1750 640 1932 694 taber-

337 743 527 798 naculi
556 739 847 794 testimonii
874 754 893 792 :
921 737 1228 791 admonens
1262 749 1427 789 aures
1452 739 1672 788 nostras
1702 731 1932 787 eviden-

337 834 607 905 ter,un
651 832 1025 903 apostolorum
1071 829 1360 893 doctrinae,
1382 841 1522 897 quas
1575 840 1698 882 esse
1735 825 1935 895 ianuas

337 926 682 983 tabernaculi
726 921 1027 978 testimonii
1083 919 1404 991 praecedens
1440 929 1625 974 sermo
1657 916 1929 987 exposuit,

344 1030 400 1077 rt
435 1019 639 1073 Christi
675 1015 943 1079 doctrina,
985 1023 1116 1069 sunt
1136 1013 1311 1083 ipsius
1365 1013 1567 1083 linguae
1605 1010 1823 1076 infnsae,
1878 1019 1934 1065 et

333 1126 409 1167 ex
439 1111 527 1166 bis
564 1124 632 1164 ex
658 1107 861 1179 quibus
889 1108 1005 1176 ipse
1045 1105 1255 1159 docuit.
1297 1102 1773 1171 Quemadmodum
1804 1118 1933 1173 ergo

337 1205 490 1260 inter
510 1202 709 1256 multas
730 1200 949 1269 inuitas,
976 1207 1032 1252 et
1055 1212 1217 1251 unam
1259 1198 1507 1267 januam,
1541 1196 1657 1251 sola
1686 1194 1803 1249 inec
1828 1194 1932 1250 (ιιι.

336 1294 576 1351 ferentia
601 1301 706 1360 est,
731 1293 859 1362 quia
877 1290 982 1345 ilhc
999 1290 1219 1360 quidem
1239 1289 1424 1344 multa!
1441 1296 1589 1351 sunt,
1610 1287 1729 1341 haec
1748 1294 1932 1340 autem

332 1401 450 1441 una
503 1392 610 1451 est,
714 1382 794 1439 sic
849 1380 1223 1452 apostolorum
1286 1393 1573 1434 sermones
1626 1386 1687 1432 et
1725 1375 1934 1432 doctri-

334 1494 426 1535 nte
471 1475 615 1532 nihil
671 1490 704 1530 a
756 1472 961 1529 Christi
1010 1472 1261 1555 doctrina
1304 1472 1571 1527 ditl‘erunt
1590 1471 1757 1534 aliud,
1825 1468 1933 1524 nisi

331 1573 468 1643 quia
509 1585 678 1625 unum
713 1566 1059 1623 Dominicum
1115 1552 1344 1622 verbum
1389 1573 1497 1629 est,
1529 1564 1600 1618 de
1640 1578 1751 1633 quo
1784 1560 1933 1616 Pau-

338 1665 428 1720 lus
448 1663 568 1718 ait:
604 1662 760 1716 Vivus
789 1670 864 1715 est
936 1660 1077 1714 enim
1133 1658 1232 1712 Dei
1273 1672 1466 1721 sermo,
1518 1665 1569 1710 et
1623 1655 1827 1725 efﬁcax,
1888 1661 1939 1707 et

334 1757 555 1811 acutior
581 1755 725 1809 omni
775 1753 954 1824 gladio
1005 1751 1227 1822 ancipiti
1257 1753 1297 1803 '.
1352 1750 1420 1804 Et
1450 1750 1643 1803 Petrus
1676 1762 1801 1803 cum
1828 1760 1938 1801 cte-

1495 338 1579 403 ΙΝ
1613 334 2053 403 LEVITICUM.
2090 362 2158 376 ο·-
2196 334 2344 403 LIB.
2383 340 2466 399 Il.

3514 348 3620 414 87‘

2037 467 2156 508 eum
2183 453 2410 518 baltheo,
2443 463 2492 508 et
2526 454 2747 510 inducas
2777 454 2981 512 tunica.
3034 457 3190 525 Quod
3217 457 3359 517 LXX
3385 470 3625 521 transtu-

2037 544 2218 601 lerunt
2243 561 2256 598 :
2300 544 2366 601 Et
2397 546 2570 601 induit
2604 563 2724 603 eum
2752 550 3013 617 tunicam,
3042 560 3091 607 et
3117 554 3392 623 prtecina'it
3412 573 3624 626 sonam,

2033 646 2083 691 et
2109 638 2314 693 vestivit
2343 637 2496 693 illum
2527 641 2838 710 hypodytin.
2872 641 2974 699 llic
3000 646 3293 703 manifeste
3347 647 3630 721 Unigeniti

2033 731 2830 802 exsequiuirincarnationem,
2860 737 2955 807 qui
3012 739 3140 809 quia
3175 748 3349 797 totum
3372 753 3627 803 nostrum

2036 823 2351 879 incarnatus
2370 832 2456 878 est
2488 824 2790 891 hominem,
2831 827 3073 884 tunicam
3146 829 3298 886 indui
3348 843 3404 889 et
3455 836 3631 908 hypo-

2034 914 2182 985 dytin
2196 915 2415 971 dicitur.
2435 916 2639 986 Duplex
2658 926 2743 973 est
2754 919 2901 973 enim
2918 928 3104 976 nostra
3126 923 3370 979 conditio
3387 945 3399 980 :
3414 937 3469 982 et
3488 945 3632 985 unus

2034 1007 2254 1076 quidem
2272 1008 2328 1063 in
2347 1009 2507 1063 nobis
2530 1018 2614 1065 est
2630 1009 2699 1065 de
2731 1012 2954 1079 pulvere
2982 1027 2997 1067 :
3031 1013 3168 1069 alter
3198 1017 3472 1089 cmlestis;
3529 1023 3629 1079 sed

2036 1108 2219 1154 tamen
2249 1114 2396 1154 unus
2428 1110 2680 1171 uterque.
2711 1100 2803 1157 Ait
2842 1104 2988 1159 enim
3051 1104 3262 1176 Moyses
3293 1124 3306 1162 :
3356 1110 3626 1170 Formauit

2040 1190 2178 1245 Deus
2200 1191 2461 1246 hominem
2484 1194 2547 1247 de
2563 1192 2689 1247 limo
2716 1202 2913 1261 terra:
2958 1196 3049 1252 hic
3080 1207 3320 1270 estergo
3354 1194 3639 1263 terrenus:

2038 1276 2106 1331 Et
2130 1278 2415 1350 insuﬂlauit
2435 1283 2494 1334 in
2513 1283 2705 1354 [aciem
2729 1283 2845 1353 ejus
2892 1287 3138 1356 spiritum
3202 1292 3395 1361 vitae“;
3459 1311 3630 1367 aper-

2037 1371 2250 1427 tissime
2295 1372 2386 1428 hic
2409 1374 2649 1431 caelestis
2665 1384 2769 1430 est.
2807 1377 2876 1431 Et
2902 1380 3076 1450 factus
3114 1392 3191 1436 est
3229 1385 3383 1441 homo
3420 1389 3476 1442 in
3505 1393 3630 1446 ani-

2041 1483 2185 1521 mum
2207 1467 2383 1523 vivam
2403 1469 2425 1501 ⁸
2448 1482 2467 1520 :
2511 1484 2682 1523 unum
2713 1468 2860 1525 enim
2887 1471 3092 1527 animal
3138 1482 3389 1547 uterque.
3418 1478 3522 1546 Qui
3583 1482 3631 1539 si

2037 1559 2261 1631 quidem
2287 1574 2348 1615 se
2377 1561 2442 1614 ad
2475 1574 2764 1633 corporea,
2791 1572 2849 1619 et
2868 1564 3180 1636 voluptates
3206 1580 3491 1627 convertat
3503 1588 3631 1630 car-

2040 1652 2194 1707 nales
2246 1668 2260 1706 t
2323 1662 2470 1709 totus
2492 1654 2661 1710 homo
2707 1664 2984 1724 terrenus,
3035 1659 3191 1730 quasi
3246 1661 3523 1720 exstincto
3576 1677 3634 1723 et

2039 1744 2304 1801 com-luso
2321 1745 2534 1803 omlesti
2558 1748 2999 1818 nuncupabitur;
3058 1750 3103 1806 si
3135 1762 3318 1809 autem
3341 1755 3487 1812 circa
3516 1759 3633 1819 sola

340 1851 479 1906 teris
504 1848 765 1920 apostolis
792 1847 871 1901 ait
897 1862 912 1900 :
968 1844 1092 1900 Non
1150 1852 1225 1898 est
1256 1858 1468 1912 (equum
1500 1841 1800 1912 relinquere
1847 1854 1939 1894 vos
1971 1831 2015 1890 Β
2042 1850 2333 1892 versemur
2364 1838 2566 1894 animae
2619 1839 2984 1910 proﬁcientia,
3048 1845 3526 1920 eoncedamusquc
3577 1853 3632 1909 ei

335 1943 558 1998 uerbum
581 1941 698 2007 Dei,
725 1949 777 1995 et
816 1940 1128 1994 ministrare
1166 1939 1358 1991 mensis
1384 1938 1428 1990 '.
1460 1934 1516 1988 in
1544 1935 1749 1989 multas
1782 1931 1933 1988 enim

336 2036 553 2108 linguas
598 2045 655 2090 et
679 2033 999 2089 diderentes
1044 2032 1280 2087 divisum
1346 2041 1450 2086 cst.
1491 2028 1625 2096 Quae
1676 2041 1802 2082 cum
1854 2025 1936 2094 ja-

337 2145 467 2184 nuaa
513 2136 737 2198 propter
775 2124 1183 2180 multitudinem
1203 2122 1417 2186 sint,ad
1456 2136 1629 2177 unum
1649 2119 1932 2175 introitum

336 2223 489 2283 vim,
526 2222 580 2275 id
610 2230 696 2276 est
713 2218 915 2274 Christi
965 2218 1215 2287 ianuam,
1278 2216 1559 2272 deducunt
1601 2214 1928 2270 auditorem.

413 2313 852 2385 Congregataque
876 2312 1021 2365 omni
1051 2310 1207 2363 turba
1239 2321 1364 2363 ante
1387 2310 1525 2380 {ores
1555 2308 1630 2361 ait
1656 2322 1671 2360 :
1697 2305 1798 2361 llic
1855 2314 1932 2360 est

335 2422 533 2469 sermo,
566 2419 719 2475 quem
740 2401 905 2472 jussit
940 2399 1198 2454 Dominus
1241 2399 1380 2465 ﬁeri.
1409 2395 1544 2463 Quis
1564 2409 1749 2450 sermo
1802 2391 1932 2455 ille,

335 2497 541 2567 dequo
567 2495 778 2551 scilicet
816 2490 987 2546 David
1018 2490 1238 2545 dicebat
1268 2506 1281 2542 :
1346 2489 1605 2543 Dominus
1633 2486 1781 2541 dabit
1814 2501 1931 2541 uer-

336 2590 466 2643 bum
501 2584 981 2655 euangelizantibus
1029 2582 1276 2637 uirtutem
1329 2582 1557 2637 multam
1586 2581 1649 2635 ’?
1714 2579 1821 2636 Sed
1876 2588 1933 2634 et

339 2679 539 2735 Petrus
570 2678 784 2748 planius
808 2677 887 2731 ait
927 2692 942 2730 :
982 2673 1098 2728 Hoc
1127 2683 1203 2727 est
1231 2674 1444 2727 verbum
1476 2673 1616 2744 quod
1634 2672 1930 2727 annuntia-

338 2785 457 2829 tum
484 2781 561 2827 est
591 2772 756 2826 vobis.
787 2769 1151 2843 Evangelicus
1189 2767 1458 2837 siquidem
1493 2779 1736 2836 praesens
1750 2776 1934 2821 sermo

337 2875 449 2930 est,
480 2865 606 2936 quia
632 2874 684 2920 et
719 2863 1043 2935 Evangelica
1074 2870 1207 2917 sunt
1233 2862 1302 2916 ab
1349 2874 1418 2915 eo
1451 2858 1781 2914 annuntiata
1812 2873 1931 2930 my-

337 2959 531 3020 steria,
554 2957 754 3027 quibus
782 2965 838 3012 et
857 2954 1029 3024 gratia
1052 2954 1197 3008 inest
1220 2951 1583 3023 baptismatis.
1630 2950 1934 3007 Consuevit

336 3051 490 3107 enim
521 3051 800 3123 legislator
817 3049 1035 3120 quoties
1076 3046 1573 3102 ecclesiasticarum
1630 3043 1936 3117 mysterio-

2041 1932 2410 2004 principatum
2432 1947 2642 2006 gerere,
2671 1944 2728 1990 et
2752 1935 3023 1993 dominari
3079 1941 3317 2011 corpori,
3347 1954 3497 2001 recte
3520 1962 3633 2005 coe-

2042 2024 2194 2081 lestis
2239 2025 2462 2092 dicitur,
2521 2037 2712 2107 utpote
2778 2039 3000 2086 terreno
3071 2032 3343 2105 neglecto.
3400 2034 3633 2103 Quando

2040 2117 2214 2172 Adam
2243 2132 2341 2191 per
2369 2119 2794 2176 inobedientiam
2824 2122 3044 2185 cecidit,
3083 2126 3274 2195 procul
3304 2126 3472 2184 dubio
3526 2138 3636 2186 ter-

2039 2209 2454 2268 renusell‘ectus
2493 2221 2598 2280 est,
2635 2222 2691 2270 et
2735 2224 3024 2285 propterea
3081 2216 3308 2275 audivit.
3357 2218 3518 2276 Terra
3552 2240 3630 2292 es,

2038 2315 2090 2361 et
2122 2307 2177 2360 in
2209 2316 2408 2364 terram
2442 2307 2543 2363 ibis
2564 2311 2585 2342 ⁹
2605 2312 2657 2376 ⁶;
2685 2309 2739 2365 id
2786 2319 2869 2366 est
2890 2310 3128 2366 dilexisti
3157 2312 3402 2384 corporis
3440 2329 3633 2370 corru-

2041 2398 2311 2469 ptionem,
2344 2401 2516 2458 habes
2552 2417 2772 2473 poenam
2808 2412 3036 2475 peccato
3057 2412 3154 2458 tuo
3178 2404 3437 2460 similem.
3469 2404 3632 2463 Chrio

2041 2500 2162 2547 stus
2184 2501 2369 2549 autem
2396 2493 2648 2550 induitur
2676 2496 2896 2568 quidem
2923 2506 3223 2562 terrenum,
3246 2497 3300 2553 id
3349 2506 3432 2553 est
3476 2499 3633 2556 illum

2040 2581 2133 2653 qui
2154 2583 2224 2639 de
2245 2593 2388 2640 terra
2415 2594 2500 2641 est
2525 2597 2767 2642 veterem
2792 2588 3094 2648 hominem.
3122 2604 3287 2658 quem
3317 2590 3482 2644 ctiam
3551 2593 3632 2646 si-

2041 2673 2154 2729 mul
2187 2672 2358 2730 edixit
2375 2677 2548 2743 cruci,
2579 2676 2656 2733 ait
2679 2679 2881 2749 quippe
2911 2677 3144 2733 Paulus:
3190 2677 3329 2744 Quia
3355 2691 3501 2734 vetns
3540 2685 3635 2736 lio-

2043 2781 2130 2820 mo
2157 2776 2335 2822 noster
2352 2768 2514 2823 simul
2539 2769 2823 2839 cruci/imus
2878 2780 2974 2833 est,
3008 2779 3067 2825 ut
3100 2770 3407 2827 destruatur
3447 2790 3633 2846 corpus

2041 2861 2247 2929 peccati
2273 2860 2335 2915 ".
2378 2860 2608 2917 lndutus
2663 2870 2750 2918 est
2799 2871 2983 2917 autem
3014 2872 3072 2918 et
3110 2864 3413 2932 caelestem,
3469 2883 3635 2938 quem

2043 2952 2164 3025 ipse
2195 2952 2512 3010 insuﬁlavit.
2543 2952 2649 3009 Sed
2680 2954 2808 3025 quia
2840 2954 2977 3009 nihil
3033 2956 3145 3028 egit
3192 2959 3633 3025 terrenum,hic,

2043 3060 2147 3118 nec
2163 3045 2505 3117 corruptioni
2563 3045 2897 3117 proximum,
2938 3048 3130 3118 procul
3172 3048 3344 3104 dubio
3392 3050 3635 3108 scelestis

338 3161 466 3201 rum
494 3105 756 3200 describit
800 3105 1112 3216 ainigmata,
1158 3142 1359 3197 talibus
1417 3140 1496 3195 uti
1558 3105 1931 3195 sermonibus.
1967 3202 2005 3216 ⁸
2027 3105 2269 3202 dicitur;
2299 3105 2403 3190 hoc
2428 3105 2627 3191 Paulus
2649 3105 2955 3207 exponens'
2982 3136 3117 3192 dicit
3150 3156 3167 3192 :
3220 3105 3445 3194 Primus
3478 3105 3638 3198 homo

336 3237 477 3295 Nam
498 3248 554 3294 et
589 3253 718 3294 cum
739 3237 810 3295 de
827 3202 1026 3292 manna
1048 3202 1338 3299 scriberet,
1369 3233 1518 3305 quod
1538 3233 1681 3305 gerit
1707 3231 1936 3306 ﬁguram
1964 3202 2008 3260 θ
2044 3229 2110 3282 de
2134 3239 2279 3285 terra
2302 3237 2560 3297 terrenus,
2584 3202 2843 3284 secundus
2865 3231 2930 3284 de
2962 3229 3091 3284 celo
3138 3231 3362 3287 ccclesiis
3394 3234 3457 3299 ιι,
3484 3239 3636 3306 quod

336 3332 521 3403 panis,
559 3331 652 3401 qui
680 3330 753 3386 de
778 3330 919 3385 coelo
943 3328 1249 3392 descendit,
1302 3326 1534 3382 verbum
1565 3324 1735 3380 etiam
1767 3323 1838 3379 de
1871 3335 1942 3376 eo

335 3423 520 3478 simile
546 3420 913 3492 praesentibus
938 3418 1096 3489 ponit
1133 3416 1369 3474 :dicens
1425 3415 1573 3471 enim
1634 3431 1649 3468 :
1699 3413 1802 3468 Hic
1854 3420 1931 3466 est

335 3515 494 3586 panis
517 3529 675 3585 quem
702 3512 847 3567 dedit
876 3511 1020 3567 uobis
1083 3510 1339 3565 Dominus
1392 3508 1664 3563 comedere
1688 3505 1731 3571 ⁸,
1790 3504 1944 3560 illico

336 3607 581 3665 subdidit
604 3623 617 3662 :
640 3604 754 3660 Hoc
767 3613 846 3661 est
867 3605 1078 3660 uerbum
1105 3603 1244 3675 quod
1268 3603 1471 3657 locutus
1492 3608 1571 3656 est
1617 3599 1872 3654 Dominus
1894 3597 1937 3650 ⁸.

336 3700 448 3757 Sed
462 3700 591 3771 quid
607 3707 691 3755 est
701 3699 865 3754 etiam
883 3695 1028 3768 quod
1038 3710 1185 3751 nunc
1196 3696 1421 3764 exponit
1435 3695 1603 3751 Deum
1621 3691 1939 3764 praecipere.

412 3791 710 3862 Statimque
739 3789 927 3845 obtulit
958 3788 1143 3845 Aaron
1165 3798 1215 3843 et
1241 3787 1380 3857 ﬁlios
1414 3786 1554 3853 eius,
1615 3799 1838 3856 cumque
1857 3782 1942 3838 la-

338 3889 497 3944 uisset
517 3903 623 3942 eos.
653 3884 886 3952 Quando
898 3883 967 3952 is,
991 3883 1084 3954 qui
1108 3897 1237 3939 vere
1266 3890 1352 3936 est
1377 3880 1657 3944 sacerdos,
1684 3877 1941 3933 Christus

337 3980 575 4036 offertur
603 3977 753 4033 Patri
789 3993 803 4030 :
832 3976 1131 4033 oblationis
1154 3976 1301 4031 enim
1356 3974 1478 4043 ejus
1525 3972 1691 4027 etiam
1750 3969 1940 4025 Daniel

340 4072 618 4136 meminit,
649 4086 775 4127 cum
805 4069 938 4126 dicit
971 4086 986 4123 :
1026 4067 1096 4123 Et
1129 4084 1244 4123 ecce
1269 4076 1326 4121 ut
1357 4064 1532 4121 Filius
1559 4064 1788 4119 hominis
1818 4076 1938 4116 cum

340 4165 566 4221 nubibus
587 4163 723 4227 cali,
747 4170 795 4217 et
822 4176 986 4233 usque
1033 4160 1106 4214 ad
1138 4157 1406 4215 Vetustum
1440 4157 1647 4211 dierum
1678 4155 1935 4225 pervenit,

340 4264 394 4311 et
416 4255 625 4310 oblatus
658 4263 732 4309 est
760 4255 817 4307 in
849 4259 1127 4321 conspectu
1150 4250 1266 4323 ejus
1295 4250 1338 4316 ⁸,
1371 4247 1543 4304 nostri
1566 4247 1758 4316 utique
1774 4260 1939 4302 causa

341 4357 402 4404 et
427 4347 737 4411 nobiscum,
770 4354 828 4401 ct
854 4352 1082 4416 propter
1111 4357 1215 4399 nos
1271 4340 1525 4397 odertur.
1558 4338 1856 4410 Pmpterea
1885 4346 1940 4392 ct

340 4454 494 4496 nunc
531 4455 656 4494 eum
685 4453 809 4495 cum
839 4436 967 4493 ﬁliis
987 4435 1102 4493 suis
1155 4435 1290 4491 dicit
1340 4433 1607 4498 oblatum,
1661 4446 1788 4487 cum
1852 4430 1940 4485 his

340 4537 618 4602 videlicet,
669 4536 760 4607 qui
791 4534 1113 4592 sublimiora
1159 4532 1401 4604 sapiunt,
1433 4538 1490 4586 et
1517 4529 1615 4600 qui
1649 4528 1935 4583 imitantur
1966 4558 2011 4614 υ

338 4646 495 4695 eum,
522 4642 789 4700 quantum
820 4629 903 4684 las
932 4635 1018 4684 est
1049 4624 1387 4687 hominibus.
1427 4623 1572 4678 sicut
1600 4619 1803 4676 Paulus
1818 4618 1929 4674 ait:

339 4724 651 4781 Imitatorcs
707 4722 810 4777 ntei
870 4729 1058 4786 estote,
1104 4719 1241 4774 sicut
1281 4726 1331 4772 et
1373 4732 1467 4788 ego
1501 4713 1758 4771 Christi’.
1823 4711 1937 4768 Sed

337 4816 549 4875 oblatio
583 4815 700 4886 ipsa
729 4800 834 4886 per
856 4812 1194 4885 baptismum
1227 4809 1561 4875 celebratur,
1617 4806 1765 4879 quod
1814 4806 1892 4862 ait
1919 4822 1933 4859 :

412 4909 656 4981 Cumque
680 4909 900 4964 lavisset
922 4923 1030 4962 eos.
1058 4906 1257 4961 Certus
1275 4920 1335 4960 es
1365 4911 1587 4984 ειιιιειιιι,χ
1604 4900 1760 4972 quod
1774 4899 1938 4955 Chri-

337 5013 464 5059 stus
488 5001 559 5057 ad
591 5000 889 5056 sacrandus
908 5012 1080 5068 aquas
1124 4996 1471 5067 baptismatis
1500 4993 1701 5060 nostri,
1735 4991 1791 5049 in
1810 4992 1936 5049 lor-

336 5098 484 5151 daoe
520 5103 608 5151 est
655 5091 822 5149 ﬂuvio
850 5090 1176 5162 baptizatus.
1209 5087 1318 5145 Sed
1369 5089 1488 5145 haec
1513 5086 1736 5159 quidem
1782 5101 1937 5142 com—

338 5188 533 5243 munia
554 5194 685 5243 sunt
714 5186 895 5240 Aaron
927 5198 1051 5239 cum
1084 5180 1211 5237 ﬁliis
1225 5182 1367 5253 ejus.
1409 5179 1632 5237 Christo
1680 5177 1939 5235 videlicet

340 5279 668 5347 uobiscum;
699 5275 990 5347 sequentia
1057 5285 1193 5331 vero
1239 5286 1613 5344 nequaquam.
1649 5268 1938 5326 Excedunt

338 5372 549 5444 quippe
578 5386 702 5436 nos,
730 5377 893 5441 atque
922 5366 1241 5423 sublimiora
1304 5366 1466 5422 nobis
1516 5374 1668 5429 sunt,
1722 5361 1938 5432 solique

340 5464 525 5540 primo
542 5480 608 5521 ac
629 5479 762 5519 vero
790 5462 1058 5533 sacerdoti
1084 5459 1473 5531 competentia.

420 5555 738 5626 Vesttuitque
775 5553 1076 5625 pontiﬁcem
1138 5550 1395 5607 subucula
1444 5550 1608 5616 linea,
1655 5549 1937 5619 accingens

417 5737 631 5799 ‘iitbr.
686 5755 762 5805 tv,
813 5735 901 5792 ιιι.
1013 5739 1033 5770 ³
1061 5739 1181 5794 Act.
1220 5755 1296 5800 vi,
1322 5738 1378 5793 2.

549 5903 829 5964 Panos.
864 5902 982 5963 Gs.
1020 5902 1242 5965 XCIII.

1495 5736 1516 5769 ⁸
1543 5736 1687 5793 Psal.
1716 5751 1893 5806 vau,
1949 5735 2038 5792 ﬂ.

339 5811 366 5847 '
394 5809 637 5883 Philipp.
670 5825 766 5876 ιιι,
800 5810 884 5864 l7.
951 5808 974 5842 ⁸
1003 5809 1141 5865 Gen.
1170 5823 1231 5863 ιι.
1262 5812 1312 5866 7.
1384 5811 1404 5841 ⁹
1441 5807 1583 5865 ibid-
1652 5810 1695 5840 "
1725 5806 1863 5863 Gen.
1902 5822 1980 5872 ιιι,
2020 5808 2100 5864 l9.

2044 3319 2261 3376 duobus
2301 3319 2478 3376 modis
2498 3319 2673 3391 accipi
2709 3329 2947 3393 oportet.
3006 3318 3222 3379 Primus
3258 3323 3408 3380 enim
3470 3326 3637 3384 homo

2043 3422 2252 3478 noster,
2305 3412 2359 3468 id
2398 3422 2487 3468 est
2518 3427 2740 3483 corpus.
2764 3426 2831 3468 ex
2870 3422 3015 3469 terra
3038 3412 3304 3472 formatus
3341 3427 3448 3486 est,
3502 3437 3636 3492 pro-

2044 3513 2167 3575 pter
2194 3503 2340 3573 quod
2387 3512 2642 3559 terrenus
2704 3503 2886 3559 dictus
2923 3516 3056 3560 est:
3125 3505 3309 3562 anima
3371 3525 3505 3566 vero
3565 3512 3637 3570 de

2036 3595 2204 3681 nctelo.
2221 3595 2320 3651 Dei
2347 3603 2433 3651 est
2463 3595 2610 3651 enim
2641 3592 2959 3652 insuillatio.
2992 3595 3208 3654 Rursus
3230 3600 3444 3669 primus
3465 3602 3636 3659 homo

2043 3686 2370 3744 inobediens
2401 3687 2573 3743 Adam
2597 3702 2664 3743 ex
2699 3694 2844 3743 terra
2883 3698 3161 3758 terrenus,
3192 3692 3322 3762 quia
3373 3694 3636 3765 operibus

2043 3777 2284 3848 pulveris
2301 3776 2660 3848 sentietipsum
2688 3778 2995 3849 deputavit,
3029 3782 3308 3838 secundus
3332 3784 3498 3839 homo
3526 3803 3632 3843 no-

2042 3887 2164 3936 vus,
2195 3879 2282 3927 est
2303 3869 2576 3937 Christus,
2609 3870 2701 3942 qui
2731 3871 2800 3927 de
2829 3872 2968 3927 cmlo
2993 3882 3099 3939 est,
3131 3889 3242 3929 non
3294 3876 3471 3931 solum
3507 3880 3635 3948 quia

2039 3965 2110 4021 de
2140 3965 2281 4021 cceio
2303 3964 2611 4031 descendit,
2642 3963 2741 4020 sed
2785 3964 2915 4033 quia
2944 3973 3000 4020 et
3023 3965 3346 4038 dignitatem
3391 3971 3637 4027 cmlestis

2042 4058 2310 4123 servavit,
2333 4059 2466 4114 dum
2497 4072 2602 4115 nec
2625 4067 2907 4114 terrenum
2968 4058 3175 4130 aliquid
3215 4072 3489 4131 operatus
3524 4076 3631 4128 est,

2041 4168 2145 4208 nec
2171 4151 2513 4222 corruptioni
2554 4151 2890 4223 proximum.
2914 4152 3314 4225 Ergotunicam
3345 4155 3436 4211 hic
3454 4164 3634 4213 terre-

2040 4262 2177 4302 num
2203 4246 2480 4317 appellat;
2504 4246 2572 4302 de
2603 4245 2717 4301 lino
2758 4245 2930 4310 enim,
2963 4246 3110 4317 quod
3133 4256 3220 4303 est
3250 4263 3319 4303 ex
3354 4260 3519 4313 terra,
3543 4259 3632 4306 tn-

2040 4337 2161 4393 nica
2193 4337 2336 4393 iacta
2362 4346 2481 4404 est;
2511 4336 2587 4392 ait
2611 4337 2762 4393 enim
2795 4355 2810 4390 :
2844 4337 2910 4391 Et
2941 4340 3061 4411 fecit
3102 4339 3178 4393 eis
3198 4339 3407 4394 tunicas
3422 4341 3631 4410 lineas;

2044 4431 2359 4502 bypodytim
2385 4438 2571 4486 autem
2600 4430 2904 4498 etnlestem,
2934 4431 3063 4503 quia
3095 4432 3387 4505 bypodytis
3414 4435 3635 4505 poderis

2042 4531 2149 4590 est,
2186 4523 2352 4582 simul
2385 4532 2568 4580 autem
2598 4533 2656 4581 et
2708 4524 3099 4596 hyacinthinus
3139 4534 3245 4582 est.
3306 4525 3408 4583 Hic
3446 4536 3635 4584 autem

2045 4615 2198 4672 color
2229 4615 2352 4672 coeli
2379 4615 2486 4682 est,
2513 4616 2660 4688 quod
2700 4632 2834 4674 vero
2865 4626 2950 4674 est
3007 4618 3161 4675 color
3209 4620 3354 4686 cmli,
3407 4621 3515 4679 hoc
3547 4631 3637 4680 est

2045 4708 2188 4765 actio
2216 4707 2480 4771 caelestis,
2522 4708 2737 4764 scilicet
2761 4716 2820 4766 et
2848 4707 3224 4775 subsistentia,
3244 4721 3476 4783 propter
3487 4712 3636 4784 quod

2044 4812 2102 4859 et
2129 4801 2370 4859 scelestis
2389 4799 2614 4858 dicitur.
2661 4798 2833 4856 Multa
2859 4813 3042 4857 autem
3096 4810 3155 4859 et
3192 4803 3297 4861 alia
3345 4804 3637 4879 hypodytis

2048 4895 2213 4952 habet
2236 4893 2505 4968 signantia
2532 4892 2813 4949 caelestem
2868 4892 3168 4959 hominem,
3223 4910 3347 4967 quae
3403 4898 3459 4954 in
3494 4911 3637 4953 eon-

2045 4988 2352 5047 structione
2372 4985 2733 5052 tabernaculi,
2763 4999 2889 5041 cum
2918 4986 3290 5064 pontiﬁcalem
3316 4990 3509 5046 stolam
3536 5006 3636 5048 ex-

2046 5082 2315 5154 planaret,
2350 5079 2628 5152 legislator
2669 5082 2942 5152 exposuit.
3006 5081 3084 5136 De
3132 5082 3333 5154 quibus
3390 5082 3638 5144 dicemus

2045 5189 2172 5230 cum
2221 5174 2367 5229 Deus
2389 5170 2758 5238 annuerit,ut
2812 5184 2934 5227 eam
3002 5171 3168 5228 etiam
3224 5186 3349 5245 quia
3393 5173 3507 5231 illic
3548 5183 3637 5233 est

2045 5265 2513 5338 dispensationem
2543 5264 2948 5336 contingamus.
2967 5259 3125 5320 Nunc
3159 5272 3344 5321 autem
3369 5280 3638 5336 quacun-

2043 5374 2154 5431 que
2180 5358 2250 5417 ad
2282 5357 2389 5413 hoc
2406 5354 2555 5427 quod
2582 5366 2672 5413 est
2691 5355 2749 5411 in
2796 5353 3076 5416 manibus,
3106 5354 3418 5411 necessaria
3441 5355 3638 5414 viden-

2045 5461 2155 5518 tur,
2187 5449 2589 5522 comprebensa
2605 5457 2734 5506 sunt
2759 5458 2819 5504 ut
2840 5450 3162 5519 probaretur
3187 5450 3313 5521 quia
3346 5458 3640 5521 utrumque

2047 5554 2297 5604 nostrum
2323 5542 2580 5601 Christus
2605 5542 2850 5613 suscepit
2869 5541 3173 5608 hominem,
3205 5552 3264 5598 et
3278 5540 3641 5599 manifestum

2145 5734 2169 5768 δ
2197 5731 2365 5790 Exod.
2397 5749 2509 5798 ινι,
2556 5730 2647 5787 iii.
2754 5727 2928 5786 'ibld.
2965 5727 3054 5785 l6.
3168 5722 3192 5760 ⁸
3223 5727 3362 5786 Dan.
3402 5744 3503 5797 vn,
3548 5725 3650 5789 ἰδέ

2186 5808 2230 5838 ’θ
2274 5805 2431 5859 Rom.
2464 5817 2539 5869 vt,
2570 5800 2624 5857 ϐ.
2705 5802 2746 5833 *ί
2777 5799 2794 5854 Ι
2820 5798 2951 5857 Cor.
2985 5816 3079 5868 sv,
3106 5799 3195 5856 ιτ.
