3992 6418
486 318 609 387 ’875

1691 294 2058 384 nasvdnn
2089 322 2565 390 musarum

3676 332 3774 396 €76

502 443 559 489 et
591 429 979 508 occultum,et
1007 437 1286 484 terrenum
1314 438 1370 483 et
1399 428 1701 496 caelestem,
1724 429 1782 485 id
1833 438 1919 486 est
1966 447 2093 487 cor-

2206 438 2333 496 dicit
2358 440 2509 496 enim
2529 444 2585 496 in
2612 441 2949 497 tabernaculi
3011 440 3426 498 constructione
3459 456 3473 496 :
3511 441 3578 498 Et
3625 446 3777 515 feries

507 526 960 599 pusperfectum,
996 524 1311 578 ctanimam
1364 522 1688 593 perfectam,
1717 529 1773 577 et
1828 523 1883 577 in
1913 523 2093 578 omni-

506 622 610 676 bus
634 604 900 689 integram
942 633 953 668 ε
999 624 1293 685 utrumque
1350 615 1519 679 enim,
1576 623 1772 685 utpme
1808 617 2095 685 utriusque

506 721 722 783 creator
762 710 1011 765 salvavit.
1044 707 1179 762 Illud
1223 707 1388 762 etiam
1433 706 1682 775 intende,
1733 708 2096 777 quemadmo-

506 806 636 861 dum
657 801 977 876 hypodytin,
1015 801 1160 872 quod
1200 800 1441 855 diximus
1461 814 1583 854 esse
1610 799 1888 855 caelestem
1920 799 2097 856 homi—

507 914 656 963 nem,
713 894 1007 966 epandytin
1047 893 1148 959 alii
1199 891 1529 962 interpretes
1590 890 1924 947 ediderunt:
1966 891 2096 962 quia

509 991 624 1060 ipse
664 996 747 1043 est
791 1002 901 1058 quo
936 985 1314 1040 desideramus
1342 984 1646 1040 secundum
1676 984 1821 1056 quod
1850 986 1925 1039 ait
1952 982 2096 1039 Pau-

508 1084 613 1145 lus,
640 1078 962 1151 superinduti
992 1095 1007 1145 ;
1044 1076 1175 1133 dicit
1202 1085 1386 1134 autem
1416 1077 1495 1132 sic
1523 1094 1536 1131 :
1574 1076 1824 1143 Quandiu
1854 1078 1991 1133 enim
2014 1093 2101 1131 su-

507 1193 625 1232 mus
656 1176 712 1229 in
761 1174 855 1227 hoc
881 1171 1244 1238 tabernaculo,
1309 1171 1699 1244 ingemiscimus
1756 1172 1987 1243 gravati,
2038 1187 2098 1225 eo

506 1270 646 1342 quod
675 1268 919 1323 nolumus
947 1266 1201 1338 spoliare,
1224 1266 1317 1321 sed
1340 1266 1702 1335 supervestiri,
1730 1276 1785 1320 ut
1816 1264 2100 1320 absorbea-

507 1373 596 1417 tur
613 1362 751 1433 quod
782 1360 1007 1414 mortale
1035 1368 1111 1413 est
1140 1359 1305 1413 avita
1341 1360 1405 1412 “.
1426 1357 1563 1424 Quia
1588 1364 1772 1413 autem
1807 1357 2096 1426 antiquum

509 1458 615 1513 hoc
680 1464 884 1510 nostrae
964 1450 1299 1508 conditionis
1361 1450 1465 1505 fuit
1520 1450 2096 1522 superindumentum,

508 1557 564 1603 et
592 1544 949 1610 nunc'illud,
989 1551 1181 1614 utpote
1216 1542 1363 1613 quod
1431 1543 1600 1597 semel
1646 1542 1957 1608 habuimus,
2008 1556 2098 1596 rc-

507 1640 721 1712 cepturi
751 1652 970 1704 smnus,
1009 1636 1067 1690 in
1095 1636 1562 1706 subsequentibus
1594 1635 1927 1705 explanavit.
1994 1633 2099 1701 Qui

509 1742 695 1789 autem
716 1729 881 1787 efﬁcit
906 1742 1009 1784 nos
1040 1727 1096 1782 in
1125 1728 1231 1782 hoc
1263 1728 1462 1799 ipsum,
1500 1729 1663 1795 Deus,
1686 1729 1778 1798 qui
1807 1727 1962 1783 dedit
1992 1743 2095 1782 no-

510 1827 596 1882 bis
627 1826 830 1896 pignus
851 1820 1126 1892 spiritum.
1170 1818 1476 1891 Hypodytin
1498 1828 1682 1874 autem
1718 1819 1871 1875 illum
1934 1816 2099 1885 LXX,

510 1920 663 1977 velut
692 1917 786 1988 qui
820 1925 905 1972 est
932 1913 1184 1980 interius,
1221 1913 1302 1967 vel
1367 1912 1691 1980 absconsus,
1726 1912 1938 1968 dicunt.
1992 1909 2102 1966 Sed

511 2025 698 2069 tamen
730 2009 858 2082 quia
882 2007 1159 2063 secundus
1180 2004 1239 2060 in
1269 2005 1463 2060 ordine
1501 2004 1798 2060 creationis
1830 2004 2101 2062 deductus

511 2116 619 2174 est,
649 2084 772 2162 cum
792 2103 970 2175 prima
999 2100 1072 2156 sit
1092 2100 1298 2164 tunica,
1335 2114 1457 2170 quae
1501 2098 1571 2154 de
1607 2109 1757 2154 terra
1787 2106 1895 2165 est,
1952 2098 2103 2155 hunc

511 2199 817 2259 secundum
846 2195 1159 2251 nominant.
1188 2192 1350 2264 Atqui
1415 2192 1708 2264 hypodytis
1728 2192 1963 2249 interius
2007 2206 2104 2248 ve-

510 2293 835 2350 stimentum
873 2298 980 2355 est,
1011 2287 1274 2344 sedeer
1309 2285 1456 2358 quod
1502 2286 1741 2356 primum
1807 2301 1934 2342 eum
1990 2302 2103 2343 non

512 2386 701 2460 posuit
729 2381 1029 2458 creationis
1060 2380 1309 2437 ordinem
1335 2377 1599 2435 servavit.
1665 2377 1726 2432 In
1757 2378 1865 2434 hoc
1913 2387 2099 2434 autem

510 2476 655 2547 quod
686 2473 981 2546 hypodytin
1012 2470 1170 2536 dixit,
1233 2468 1622 2538 ostenditquia
1646 2469 1765 2540 ipse
1795 2478 1882 2525 est
1937 2470 2105 2526 homo

509 2578 705 2624 noster
727 2566 978 2622 interior.
1021 2562 1113 2618 llis
1149 2562 1427 2633 legislator
1455 2560 1667 2618 addidit
1696 2579 1710 2616 :

582 2683 651 2738 Et
703 2683 929 2751 desuper
964 2676 1239 2733 liuiuerale
1295 2676 1570 2746 imposuit,
1613 2677 1751 2747 quod
1805 2677 2104 2748 aui-ingens

508 2768 725 2845 cingulo
755 2771 960 2841 aptarit
1010 2765 1292 2822 rationali.
1333 2764 1476 2821 LXX
1519 2776 1703 2820 autem
1752 2765 2054 2821 ediderunt
2088 2785 2102 2823 :

513 2866 582 2921 Et
605 2864 956 2935 posuitsuper
980 2860 1134 2915 illum
1165 2858 1482 2929 epomidem,
1516 2866 1565 2912 et
1608 2857 1774 2912 cinxit
1821 2857 2106 2921 illuntse-

515 2960 744 3017 cunclum
782 2956 990 3012 aditum
1052 2953 1329 3022 epomidis,
1399 2960 1448 3006 et
1490 2951 1805 3005 constrinxit
1832 2949 2108 3005 illum‘ad

515 3068 658 3108 eant.
692 3047 1158 3121 Superbumeralc
1208 3059 1378 3101 suave
1420 3043 1626 3101 Christi
1676 3044 1868 3115 iugum
1897 3051 2006 3109 est,
2052 3042 2109 3099 id

514 3154 603 3202 est
627 3143 943 3215 evangelica
971 3142 1107 3207 vita,
1132 3153 1296 3210 quam
1346 3145 1532 3209 utpote
1553 3137 1672 3208 ipse
1691 3137 2100 3204 demonstrans,
2131 3170 2173 3229 ε

515 3247 666 3294 recte
705 3250 871 3307 super
890 3235 1150 3290 humeros
1179 3231 1460 3303 portabat.
1521 3229 1590 3287 de
1617 3247 1726 3302 qua
1754 3230 1832 3288 ait
1862 3248 1877 3288 :
1917 3230 2104 3287 Tollite

510 3334 702 3404 jugum
732 3343 1099 3397 intemnsuper
1147 3342 1258 3391 vos,
1303 3334 1355 3381 et
1397 3325 1582 3379 discite
1609 3341 1644 3379 a
1672 3340 1775 3391 me,
1808 3325 1933 3395 quia
1963 3323 2107 3378 mitis

442 3468 447 3473 .
518 3440 659 3489 sum,
696 3430 745 3475 et
784 3419 1000 3474 humilis
1032 3418 1208 3478 corde,
1243 3426 1291 3470 et
1338 3416 1615 3470 invenietis
1635 3416 1868 3486 requiem
1892 3415 2107 3469 anima-

442 3548 445 3555 ς
517 3520 614 3571 bus
636 3515 841 3576 uestris,
860 3513 1053 3583 jugum
1074 3511 1213 3565 enim
1242 3524 1415 3563 meum
1432 3508 1554 3563 .leue
1574 3516 1679 3575 est,
1699 3516 1750 3562 et
1774 3522 1911 3561 onus
1932 3522 2108 3561 meum

516 3614 677 3664 suave
702 3606 764 3660 “.
792 3603 949 3660 Unde
1004 3612 1064 3658 et
1110 3602 1199 3657 lex
1224 3600 1280 3655 in
1314 3600 1509 3654 Exodo
1539 3599 1607 3655 de
1665 3597 2106 3669 superltumerali

517 3699 597 3755 sic
611 3697 744 3752 dicit
775 3711 791 3748 :
825 3694 891 3749 Et
914 3695 1076 3766 [acies
1106 3693 1548 3763 superltunterale
1574 3692 1640 3746 de
1689 3706 1824 3745 auro
1870 3699 1921 3745 et
1973 3691 2108 3760 liga-

517 3790 714 3855 cintho,
748 3798 797 3842 et
827 3802 977 3841 roceo
1000 3785 1077 3839 bis
1099 3785 1285 3849 tincto,
1318 3793 1366 3838 et
1409 3784 1559 3853 bysso
1580 3792 1799 3849 retorta,
1826 3797 1986 3854 opere
2008 3797 2107 3853 po-

518 3884 705 3955 lymita
733 3880 798 3936 ".
827 3880 946 3948 Vel,
982 3878 1132 3935 sicut
1161 3876 1327 3943 LXX,
1379 3892 1511 3947 opus
1540 3875 1813 3930 variatum
1833 3874 2107 3947 epomida-

440 4032 445 4035 .
516 3993 625 4041 sco,
655 3976 911 4031 lavrentes
931 3970 1530 4036 alteramadalteram,
1592 3967 1891 4040 aliquando
1926 3982 2107 4022 unam

516 4068 853 4139 epomidem,
882 4064 1178 4136 aliquando
1207 4063 1345 4120 duas
1389 4062 1694 4133 appellans,
1729 4059 1857 4130 quia
1909 4066 1967 4113 et
1999 4055 2108 4111 Do-

517 4161 706 4218 minus
735 4159 852 4231 iugi
872 4166 932 4213 et
966 4156 1156 4213 oneris
1180 4155 1504 4212 memoriam
1569 4153 1720 4233 fecit,
1776 4152 1832 4205 in
1891 4150 2108 4206 duobus

518 4267 693 4308 unum
749 4248 1018 4315 dividens,
1088 4257 1347 4317 tanquam
1425 4244 1697 4301 divideret
1760 4241 2100 4313 epomidem,

518 4340 666 4412 quod
698 4354 811 4395 non
842 4337 1065 4401 frustra,
1108 4336 1208 4392 sed
1268 4334 1395 4406 quia
1458 4340 1683 4404 oportet
1728 4330 2108 4405 evangelicum

524 4433 830 4497 hominem,
856 4429 994 4502 legis
1042 4425 1540 4497 mandatumquod
1569 4424 1758 4480 dixit:
1798 4422 1922 4501 Non
1965 4424 2106 4479 oeci-

2197 533 2417 601 cydarin
2447 533 2735 603 byssinum,
2768 543 2817 588 et
2837 546 3051 598 zonam,
3077 549 3206 602 opus
3234 532 3624 600 varium.Quia
3641 538 3778 593 enim

2197 625 2412 698 cydaris
2437 625 2828 683 indumentum
2855 627 3051 697 capitis
3111 635 3216 693 est,
3265 643 3409 697 opus
3449 637 3635 683 autem
3665 630 3778 684 eine

2197 715 2309 786 guli
2341 715 2459 771 sive
2511 731 2684 781 zonas,
2725 715 3042 772 eonfortare
3088 716 3500 786 quodammodo
3554 726 3611 773 et
3654 735 3778 776 con-

2198 807 2469 879 stringere
2499 815 2584 863 est
2610 822 2737 862 eum
2770 807 2863 878 qui
2897 806 3138 880 cingitur
3174 825 3189 860 :
3221 808 3329 865 hoc
3377 809 3671 865 ostendere
3709 812 3783 867 le-

2126 956 2129 959 _
2197 900 2427 971 gislator
2476 900 2784 972 proposuit,
2821 900 2950 973 quia
2998 899 3252 957 Christus
3276 900 3445 956 simul
3479 910 3779 957 creaturam

2201 1006 2421 1047 omnem
2448 992 2836 1063 recapitulans,
2875 992 2993 1048 sive
3061 1002 3403 1059 restaurans,
3434 994 3598 1048 simul
3627 993 3781 1053 etiam

2202 1089 2522 1145 confortans
2551 1098 2796 1145 nostram
2827 1104 3088 1156 massam,
3150 1091 3308 1160 cujus
3338 1089 3610 1160 primitias
3647 1105 3785 1145 sum-

2201 1181 2312 1252 psit
2340 1180 2738 1237 incarnationis
2768 1180 3093 1252 dispensare
3145 1182 3497 1252 mysterium.
3557 1180 3635 1237 De
3681 1196 3784 1252 quo

2196 1270 2277 1326 ait
2310 1270 2552 1328 Paulus:
2586 1271 2690 1337 Qui
2722 1282 2903 1327 notum
2928 1272 3079 1327 nobis
3107 1273 3229 1343 fecit
3260 1273 3578 1343 mysterium
3614 1274 3786 1328 volun-

2203 1364 2328 1417 tatis
2357 1377 2489 1429 suos,
2515 1365 2588 1418 ad
2625 1364 3072 1434 dispensationem
3124 1364 3476 1433 plenitudinis
3506 1374 3785 1437 temporum

2200 1465 2507 1512 restaurare
2527 1458 2707 1511 omnia
2732 1457 2790 1511 in
2817 1457 3047 1523 Christo,
3075 1472 3193 1528 quin
3237 1458 3296 1512 in
3327 1458 3497 1524 caelis,
3525 1468 3574 1514 et
3598 1477 3711 1531 quis
3736 1464 3787 1516 in

2203 1558 2349 1603 terra
2367 1558 2490 1603 sunt
2518 1548 2584 1605 “.
2616 1547 2675 1602 In
2706 1549 2828 1619 ipso
2859 1558 2915 1604 et
2948 1548 3118 1604 David
3148 1567 3163 1603 :
3219 1549 3489 1606 Dominus
3541 1555 3785 1624 regnarit,

2202 1638 2441 1693 decorem
2470 1638 2645 1694 induit
2683 1639 2942 1695 Dominus
2994 1641 3390 1712 fortitudinem,
3417 1652 3467 1697 et
3523 1647 3785 1713 prazcinxit

2202 1747 2257 1785 se
2282 1731 2343 1787 ¹⁷.
2373 1730 2685 1788 Manifestat
2706 1732 2869 1788 etiam
2899 1733 3041 1804 ipse,
3068 1735 3536 1805 quemadmodum
3550 1737 3790 1795 Christus

2134 1824 2176 1879 Β
2203 1822 2801 1881 confortavitnostram
2836 1840 3094 1893 massam,
3143 1827 3318 1883 verbo
3374 1828 3787 1899 dispensationis

2205 1916 2649 1989 eireumeingens
2676 1917 2971 1989 primitias,
2997 1929 3178 1989 quam
3214 1929 3275 1975 et
3313 1922 3613 1992 appellavit
3639 1925 3784 1995 {orti-

2206 2011 2461 2076 tudinem,
2493 2009 2622 2081 quia
2656 2024 2754 2081 per
2784 2011 2961 2081 ipsam
2987 2020 3045 2067 et
3084 2028 3187 2069 nos
3216 2012 3392 2069 fortes
3416 2013 3549 2071 facti
3585 2031 3784 2073 sumus.

2204 2100 2345 2169 Quis
2365 2112 2553 2159 autem
2586 2103 2659 2159 sit
2690 2103 3122 2174 dispensationis
3160 2106 3387 2175 modus,
3417 2106 3658 2163 Joannes
3681 2109 3780 2163 ait:

2208 2195 2430 2252 Verbum
2461 2213 2587 2251 caro
2607 2199 2808 2269 factum
2839 2206 2915 2253 est
2963 2197 3028 2252 ¹⁸.
3051 2198 3296 2270 Ideoque
3328 2201 3574 2272 cydarim
3618 2211 3673 2257 et
3699 2217 3783 2256 zo-

2204 2304 2334 2345 nam
2361 2289 2438 2346 ait
2465 2288 2676 2363 Moyses
2707 2290 2982 2363 byssinam
3009 2306 3134 2347 esse
3161 2308 3308 2362 opus
3335 2293 3638 2360 variatum;
3671 2295 3783 2366 hys-

2205 2398 2301 2440 sus
2330 2383 2480 2439 enim
2508 2383 2579 2440 de
2609 2391 2756 2440 terra
2772 2398 2904 2444 cum
2921 2383 3015 2444 sit.
3049 2399 3275 2439 carnem
3301 2385 3657 2451 demonstrat,
3673 2401 3783 2455 qun

2205 2491 2273 2532 ex
2310 2485 2451 2533 terra
2483 2478 2672 2532 nostra
2726 2486 2849 2543 est;
2886 2491 3029 2547 opus
3076 2476 3358 2547 plumarii,
3392 2477 3605 2532 Domini
3661 2476 3776 2547 Ver-

2206 2570 2362 2637 bum,
2407 2570 2501 2640 qui
2561 2568 2760 2625 artifex
2816 2579 2875 2626 et
2928 2571 3168 2626 variatur
3206 2569 3382 2625 totius
3410 2578 3783 2626 estet-vatum.

2207 2656 2331 2728 Ipso
2360 2657 2467 2713 sibi
2494 2672 2717 2714 carnem
2750 2673 2781 2713 a
2815 2659 2976 2715 nobis
3030 2667 3304 2729 sumptam
3370 2670 3627 2731 operatus
3670 2668 3781 2715 est:

2209 2747 2430 2805 varians
2457 2746 2514 2803 in
2541 2763 2605 2804 ea
2640 2749 2900 2819 mysteria
2948 2749 3387 2819 quodammodo,
3418 2759 3475 2806 et
3514 2750 3785 2806 creationis

2210 2841 2500 2899 miracula.
2543 2842 2670 2898 Post
2698 2843 2805 2898 hoc
2825 2842 3071 2899 subdidit
3128 2844 3449 2900 secundum
3499 2843 3671 2899 LXX:
3725 2842 3786 2900 Et

2208 2934 2386 3006 posuit
2412 2948 2572 3004 super
2609 2949 2671 2988 ea
2721 2932 3007 2989 rationale.
3043 2934 3114 2990 Et
3160 2935 3494 3005 quomodo:
3549 2934 3785 3002 Quadam

2207 3026 2524 3100 ἀντίγραφα.
2562 3025 2790 3091 habent,
2827 3040 2988 3095 super
3059 3042 3183 3081 eum
3206 3062 3224 3092 ,
3280 3027 3398 3083 sed
3432 3036 3673 3098 utraque
3723 3025 3785 3081 sd

2210 3118 2359 3177 idem
2414 3118 2721 3190 reapiciunt
2751 3137 2767 3174 :

2279 3234 2435 3301 Quod
2450 3236 2748 3306 astringens
2788 3234 3018 3305 cingulo,
3077 3235 3282 3305 aptavit
3316 3235 3578 3290 rationali
3604 3238 3661 3289 in
3693 3251 3787 3306 quo

2182 3328 2598 3384 erat-doctrina
2630 3336 2678 3382 et
2705 3329 2923 3383 ueritas.
2948 3326 3091 3381 LXX
3128 3335 3314 3382 autem
3353 3327 3671 3383 ediderunt:
3725 3326 3784 3380 Et

2209 3421 2463 3492 imposuit
2488 3421 2846 3492 superlogium
2872 3421 3227 3475 ostensionem
3277 3430 3324 3475 et
3355 3421 3643 3475 veritatem.
3684 3417 3785 3473 Hoc

2211 3521 2395 3568 autem
2433 3513 2560 3567 alibi
2593 3512 2984 3567 saeenlotalem
3036 3526 3319 3582 exponens
3385 3512 3600 3575 stolam,
3634 3510 3784 3564 ratio-

2208 3605 2389 3661 nalem
2413 3605 2610 3676 judicii
2633 3604 2930 3676 appellavit
2964 3622 2979 3659 :
3024 3604 3335 3659 secundum
3372 3602 3631 3659 rationale
3654 3600 3784 3656 enim

2209 3696 2440 3763 Christi,
2483 3697 2540 3754 id
2562 3706 2646 3753 est
2705 3696 3037 3761 doctrinam,
3097 3696 3431 3767 pradicatio
3481 3693 3664 3766 iudicii
3718 3691 3788 3746 fu-

2211 3792 2320 3848 turi
2373 3792 2603 3863 regitur.
2647 3790 3032 3846 Ostensionem
3082 3804 3238 3861 ergo,
3275 3789 3329 3843 id
3371 3798 3456 3845 est
3490 3786 3788 3843 manifesta-

2212 3885 2441 3950 tionem,
2476 3892 2535 3939 et
2556 3898 2681 3940 cum
2709 3899 2773 3938 ea
2816 3882 3316 3946 veritatemlhabet,
3360 3890 3548 3952 utpote
3573 3876 3785 3934 manife-

2211 3981 2390 4033 stante
2440 3970 2756 4027 hominibus
2780 3970 3019 4042 ignotam
3063 3968 3454 4043 mysteriorum
3497 3968 3779 4024 veritatem.

2212 4065 2459 4133 Quatuor
2487 4073 2669 4121 autem
2699 4079 2956 4120 versuum
2988 4064 3064 4118 ‘ei
3135 4063 3436 4128 rationale,
3496 4062 3552 4117 id
3595 4068 3678 4115 cst
3722 4071 3781 4109 ex

2211 4169 2452 4231 quatuor
2472 4159 2821 4230 generalibus
2854 4156 3173 4224 virtutibus,
3218 4165 3277 4212 et
3309 4172 3380 4213 ex
3398 4152 3681 4211 duodecim
3713 4148 3783 4201 la-

2212 4251 2436 4323 pidibus
2461 4249 2784 4321 partialihus
2805 4248 3212 4318 quodammodo
3236 4256 3296 4302 et
3335 4243 3661 4318 specialibus
3679 4238 3781 4294 fieri

2211 4342 2496 4415 praecepit.
2522 4341 2656 4408 Quae
2676 4351 2804 4396 sunt
2825 4350 3008 4395 autem
3063 4340 3223 4397 haec?
3254 4339 3478 4410 Utiqne'
3504 4337 3573 4393 de
3601 4333 3783 4405 quibus

2211 4436 2488 4490 scribebat
2516 4434 2721 4489 Paulus
2757 4433 3011 4504 πυροί-εει
3047 4436 3185 4489 enim
3222 4434 3522 4504 episcopum
3578 4430 3784 4496 irrepre-

519 4527 639 4601 das,
685 4540 790 4601 non
828 4522 1095 4585 adultam
1127 4522 1196 4588 ",
1256 4529 1314 4577 et
1342 4520 1389 4576 si
1420 4517 1563 4590 quod
1591 4526 1679 4575 est
1701 4518 1873 4588 aliud,
1903 4533 2110 4589 nequa-
2142 4519 2188 4576 Β
2215 4527 2524 4582 sanabilem
2552 4543 2686 4592 me,
2707 4527 2842 4581 sicut
2867 4526 2966 4583 υεί
2993 4526 3416 4596 dispensatorem
3444 4526 3510 4578 υ,
3543 4520 3786 4588 Sedquo-

518 4595 1022 4691 qnampneterire,
1048 4614 1437 4687 duplicemque
1472 4611 1545 4689 in
1572 4611 1681 4669 hoc
1724 4612 1775 4669 ei
1829 4611 2111 4683 operatio-

516 4726 648 4767 nem
678 4709 963 4774 eshihere,
988 4707 1045 4763 id
1072 4715 1182 4772 est,
1210 4715 1408 4762 utnon
1459 4704 1641 4761 solum
1667 4703 1736 4761 ah
1793 4704 2112 4771 homicidio,

490 4788 615 4861 sed
644 4812 702 4859 et
730 4802 833 4868 ira,
861 4815 985 4872 quae
1002 4799 1135 4855 facit
1164 4796 1545 4864 homicidium,
1567 4795 1912 4855 abstineatur
1924 4796 2111 4864 simul,

519 4912 633 4955 non
666 4902 878 4960 tantum
913 4894 984 4952 ab
1015 4891 1312 4958 adulterio,
1340 4890 1438 4948 sed
1472 4907 1505 4948 a
1528 4942 1537 4949 .
1559 4890 1837 4948 desiderio
1890 4905 1963 4948 ex
1988 4907 2112 4961 .quo

491 4970 854 5070 :adulrerium
874 4988 1112 5060 paritur.
1139 4985 1231 5044 Sic
1255 5000 1366 5043 una
1393 4984 1608 5056 epomis
1646 4984 1881 5056 duaque
1932 4986 2111 5042 colue-

520 5090 731 5149 rentes,
756 5082 875 5137 alia
899 5078 1060 5136 alteri
1113 5076 1413 5147 invenitur,
1449 5075 1725 5147 quianon
1763 5075 1925 5133 irasci
1956 5076 2114 5134 cohi-

519 5176 634 5241 bet,
661 5182 716 5233 et
741 5181 963 5230 cautum
988 5170 1167 5228 reddit
1188 5169 1256 5227 ad
1272 5185 1385 5227 non
1410 5168 2111 5226 faciendumhomicidium.

519 5263 839 5323 Necessario
872 5271 1056 5319 autem
1075 5260 1332 5333 hypodyti
1378 5261 1669 5329 conjunxit
1690 5261 1967 5331 epomida,
2022 5277 2111 5318 so-

519 5354 628 5411 lius
658 5355 807 5413 enim
834 5355 1078 5411 emlestis
1123 5356 1365 5412 hominis
1419 5357 1608 5427 iugum
1657 5357 1943 5428 suscipere
2000 5367 2106 5425 est,

518 5449 665 5520 quod
686 5447 939 5504 Christus
973 5448 1131 5504 dixit.
1164 5449 1323 5514 Quod
1354 5458 1441 5505 est
1468 5459 1653 5505 autem
1676 5449 1980 5522 cingulum,
1998 5468 2110 5523 quo

522 5541 762 5597 tunicam
787 5551 845 5597 et
874 5541 1173 5614 hypodytin
1196 5542 1408 5597 cinxit?
1428 5540 1610 5613 Ipsum
1640 5558 1780 5614 opus
1811 5543 1985 5611 disce,
2022 5545 2110 5600 di-

2220 4617 2385 4673 modo
2404 4616 2927 4688 irreprehensihilis,
2960 4617 3019 4673 id
3043 4627 3129 4672 est
3157 4616 3513 4671 accusatione
3537 4607 3782 4667 mtmdus,

2217 4719 2275 4765 et
2314 4710 2592 4779 a‘querela
2609 4709 2759 4764 omni
2786 4709 2924 4765 liber
2940 4709 3057 4774 .sit,‘
3084 4709 3173 4763 his
3190 4723 3315 4778 quise
3348 4716 3542 4779 postea
3556 4712 3784 4772 sequun-

2217 4811 2309 4858 tur
2328 4802 2574 4859 ostendit
2608 4801 2774 4856 :Non
2800 4802 3108 4872 superbum,
3156 4817 3258 4856 non
3299 4799 3637 4860 iracundum,
3695 4805 3786 4846 non

2213 4895 2564 4962 vinolentum,
2595 4912 2699 4950 non
2723 4911 3102 4968 percussorem,
3138 4910 3247 4949 non
3294 4895 3467 4963 turpis
3495 4889 3628 4946 lucri
3653 4882 3785 4952 cupi-

2216 4988 2347 5043 dum'
2373 5004 2391 5043 :
2417 4988 2521 5043 sed
2553 4987 2891 5059 hospitalem,
2940 4987 3244 5059 benignum,
3300 4996 3523 5051 castum,
3570 4981 3781 5052 justum:

2217 5090 2488 5145 sanctum,
2518 5081 2892 5145 continentem,
2926 5080 3329 5150 amplectentem
3345 5094 3466 5134 eum
3497 5075 3587 5147 qui
3614 5083 3782 5126 secun-

2221 5174 2349 5229 dum
2385 5173 2687 5227 doctrinam
2716 5181 2817 5237 est,
2846 5172 3053 5242 ﬁdelem
3075 5187 3369 5227 sermonem
3397 5170 3467 5222 ³⁸.
3499 5166 3623 5221 Haec
3647 5158 3780 5216 enim

2222 5265 2522 5336 unicuique
2543 5265 2764 5336 quidem
2788 5265 3046 5320 convenit
3074 5264 3316 5335 assequi,
3357 5261 3594 5317 maxime
3620 5260 3782 5309 tamen

2219 5359 2525 5418 sacerdoti.
2558 5359 2827 5430 siquidem
2855 5358 3085 5429 ﬁguram
3120 5359 3261 5430 gerit
3289 5353 3510 5412 Christi.
3547 5348 3636 5420 qui
3655 5356 3781 5415 pra:-

2220 5436 2396 5507 dictos
2424 5452 2713 5508 duodecim
2766 5452 2997 5521 lapides,
3046 5466 3215 5521 super
3268 5457 3463 5521 pectus
3520 5436 3781 5513 ρνορτίυιη

2219 5544 2478 5615 portavit.
2507 5543 2706 5614 Cydari
2739 5560 2945 5615 quoque
2968 5545 3097 5598 texit
3121 5553 3300 5613 caput.
3334 5539 3480 5604 Sive,
3501 5526 3780 5589 secundum

595 5711 866 5796 "inpar.
896 5733 946 5770 v.
1175 5715 1844 5796 llatth._xr,_29,:§9.__“
1870 5720 2044 5796 E_xod.
2104 5738 2294 5796 sum,
2316 5724 2372 5796 6.
2410 5723 2491 5796 ίυξ
2521 5723 2692 5779 Exod.
2740 5741 2827 5792 xx,
2882 5724 2969 5791 l5,
3008 5724 3097 5782 14.
3181 5726 3225 5757 ³⁸
3250 5722 3473 5796 Ephes.‘
3508 5712 3551 5781 Ι,
3603 5709 3654 5777 9,
3698 5699 3777 5758 ‘0-

550 5782 572 5817 ⁷
621 5783 770 5840 Psal.
803 5800 945 5853 κω,-
967 5786 994 5840 1

1106 5788 1148 5820 ⁸⁸
1180 5786 1335 5844 loan.
1364 5788 1404 5855 Ι,
1438 5791 1525 5847 14.
1609 5791 1697 5846 ¹⁹1
1728 5790 1971 5847 Timoth.
1996 5809 2079 5861 Ill,
2100 5793 2159 5848 2.
2234 5786 2441 5852 “ibid.
2467 5794 2520 5862 5,
2557 5797 2613 5850 ὁ.
