1996 3202
2 1450 25 1668 ἑ

0 1963 15 2236 ξ

208 146 266 196 V877

789 155 830 189 ΙΝ
848 155 1066 189 LEVITICUM.
1089 170 1121 176 -
1142 158 1214 188 LIB.
1234 158 1273 188 II.

1774 137 1779 140 ’
1797 158 1851 188 878

200 216 303 250 ,ιιΧΧς
320 216 353 244 Et
362 217 458 251 posuit.
473 215 658 249 inquit,supot'
676 216 755 249 caput
790 214 847 248 ejus
881 213 1000 239 mitram.
1017 214 1039 242 Α
1053 220 1106 247 quc
1126 212 1298 240 sanctiﬁcans
1320 210 1483 246 aspersisset
1503 211 1587 238 altare
1610 215 1714 247 septem
1733 211 1847 243 vicibus,

211 262 346 298 Sedqnia
360 267 389 289 et
411 262 499 289 mitrm
514 261 572 288 sive
598 260 705 295 cydaris
732 259 920 294 operationem
949 266 1003 285 non

211 308 382 344 ignoramus,
400 311 428 334 et
441 307 544 334 Christi
560 312 714 342 caputcssc
730 305 837 332 l‘atrcm
847 305 1003 337 didicimus,

210 354 359 382 audiamus
382 354 455 389 quod
469 353 604 388 sequitur.

251 409 284 436 Et
293 417 372 443 super
386 416 446 435 eam
461 412 553 434 contra
570 408 682 443 frontem
698 407 783 441 posuit
804 406 933 433 laminam
957 415 1006 432 au-

213 458 489 486 ream,cons'ecratam
504 453 532 480 in
552 453 803 487 mortificationem,
826 452 895 479 sicut
913 459 1008 486 pra’ce-

213 504 291 536 perat
304 500 328 527 ei
340 499 480 527 Dominus.
499 499 559 526 Non
575 499 675 526 frustra
694 506 788 526 eorum
803 506 864 533 qure
880 497 1009 532 praecepit

216 545 351 574 Dominus
377 545 473 581 Moysi,
494 545 653 572 memoriam
685 544 760 576 facit,
778 544 825 579 sed
841 550 1007 571 commemo-

215 601 280 621 rare
293 601 344 620 nos
358 600 401 624 ea,
413 600 474 627 quae
494 592 528 619 de
543 591 644 619 lamina
660 592 686 618 in
701 591 868 618 tabernaculi
882 595 1009 617 constru~

215 639 310 667 ctione
326 639 398 666 dicta
409 642 482 670 sunt,
500 638 594 665 volens
613 646 618 663 :
648 638 704 665 illic
734 637 809 664 enim
830 641 924 672 aperte
947 638 1010 671 ejus

214 685 335 717 utilitas,
351 689 378 711 et
394 685 482 711 virtus
493 684 580 719 posita
597 688 639 712 est
652 692 713 710 cum
729 683 795 710 dicit
809 692 816 709 :

256 738 350 766 Facies
361 743 385 765 et
403 738 503 765 lamina
519 739 550 765 de
560 746 626 764 auro
643 737 792 773 purissimo,
806 737 834 763 in
848 745 901 772 qua
916 736 1012 771 sculpis

214 787 297 822 opere
323 783 457 811 rwlatoris
482 788 604 810 sanctum
624 782 748 810 Domino.
765 782 812 810 Vel
828 782 900 810 sicut
920 782 1010 809 LXX:

216 831 252 870 Et
267 831 347 867 {acies
359 830 488 857 laminam
504 838 717 864 aureampuram
734 850 740 861 ,
757 834 781 856 et
797 829 924 864 formabis
940 829 966 855 in
982 837 1013 855 ea

215 877 404 913 formationem
416 876 494 911 signi,
510 876 678 903 sanctitatem
690 875 808 902 Domini.
821 875 906 908 Quam
922 879 1011 902 autem

217 923 422 955 formationem,
439 922 481 950 vel
495 922 567 957 quod
581 922 699 957 signum.
713 922 767 957 jam
783 929 838 948 non
850 921 916 949 dicit
928 930 935 954 ;
948 921 1013 949 dicit

219 975 313 998 autem
335 974 363 997 et
378 970 405 996 in
419 969 472 996 alio
489 969 559 996 loco.
584 969 711 996 Fecerunt
734 972 759 995 et
782 968 911 995 laminam
930 976 1014 995 sacra:

218 1017 398 1046 uenerationis
427 1017 458 1043 de
477 1025 543 1043 auro
570 1016 720 1051 purissimo,
759 1016 968 1053 scripseruntque
986 1015 1014 1041 in

217 1071 253 1091 ea
267 1096 269 1098 η
281 1071 358 1099 opere
370 1063 516 1098 gemmaria
537 1067 658 1088 sanctum
675 1061 780 1088 Domini
795 1062 829 1088 ".
855 1061 1013 1088 Secundum

220 1109 292 1137 LXX
314 1112 405 1136 autem
419 1118 424 1135 :
437 1108 470 1135 Et
484 1108 545 1144 fecit
561 1107 686 1134 laminam
701 1116 820 1139 auream,
834 1107 1015 1134 deductionem

220 1156 284 1184 auri
297 1155 368 1191 puri,
385 1155 588 1190 redemptionem
607 1149 700 1186 sancti,
718 1158 741 1180 ct
756 1153 891 1188 insculpsit
915 1154 1016 1180 litteras

218 1203 385 1238 deformatos
400 1201 492 1236 signis,
515 1201 684 1227 sanctitatem
711 1199 830 1228 Domino.
858 1199 911 1227 Sed
925 1204 1014 1227 tamen

220 1255 279 1275 nou
295 1247 362 1276 dicit
378 1254 439 1282 quat
456 1251 535 1274 erant
554 1246 619 1281 ipsa:
635 1246 742 1279 litterae,
769 1253 821 1272 nec
848 1245 939 1272 videre
965 1252 1016 1273 uec

222 1294 319 1322 audire
334 1301 491 1329 possumus.
510 1293 583 1320 Illam
605 1300 669 1327 ergo
683 1297 774 1319 notam
786 1291 921 1326 signiﬁcat
934 1291 1016 1318 etiam

223 1340 362 1373 formatio,
379 1340 412 1367 de
429 1347 482 1375 qua
497 1339 598 1367 Paulus
610 1339 677 1367 dicit
694 1338 764 1370 ιριιί
779 1347 837 1365 cum
851 1338 883 1364 sit
895 1337 1018 1373 splendor

221 1386 316 1422 gloria?
325 1390 349 1413 et
363 1386 451 1422 figura
467 1385 622 1412 substantia:
639 1385 696 1421 ejus
708 1385 741 1411 “.
757 1384 825 1417 Quia
841 1384 915 1411 enim
934 1385 1017 1411 multa

223 1432 261 1470 de
282 1432 470 1462 incarnatione
486 1431 627 1467 Unigcniti
654 1431 681 1458 in
697 1431 748 1458 hac
777 1430 918 1457 sanctione
946 1430 1017 1457 dicta

222 1482 301 1510 sunt.
315 1483 347 1506 ut
360 1486 415 1506 non
429 1478 520 1506 omnia
536 1478 648 1505 humilia
663 1478 695 1505 de
709 1485 742 1504 eo
754 1480 895 1513 putentur,
911 1476 944 1503 ad
956 1477 1019 1504 sub-

225 1525 353 1553 stantiam
366 1524 498 1551 incarnati
509 1523 588 1551 Verbi
603 1522 778 1558 principium,
790 1522 823 1549 de
834 1529 889 1557 quo
901 1520 1019 1548 Joannes

226 1571 337 1606 dicebat
352 1580 358 1598 :
373 1570 405 1598 In
420 1571 550 1606 principio
565 1574 622 1597 erat
652 1569 762 1596 Verbum
774 1590 781 1602 ,
799 1573 822 1595 et
838 1568 947 1596 Verbum
963 1573 1020 1595 erat
1035 1561 1057 1591 ο

193 1625 205 1636 κ
224 1618 300 1653 apud
320 1617 412 1647 Deum,
429 1621 453 1643 et
469 1615 539 1642 Deus
549 1620 606 1642 erat
622 1614 733 1642 Verbum
748 1614 782 1646 ’³,
804 1614 948 1641 sublevare
970 1621 1021 1640 nos

228 1662 365 1699 icgislator
382 1661 485 1693 volens,
502 1660 621 1691 mitram,
632 1659 689 1686 sive
702 1658 820 1693 cydarim
835 1665 918 1692 super
928 1661 1019 1692 caput,

227 1702 341 1745 propter
357 1712 461 1743 patrem
474 1705 644 1733 memoravit.
672 1704 723 1731 Per
739 1703 867 1730 laminam
896 1706 924 1729 et
950 1703 1021 1730 scul-

227 1760 351 1791 pturam,
366 1761 415 1781 seu
436 1751 626 1780 formationem
645 1748 868 1777 sanctiﬁcationis
888 1748 1020 1775 iurat-nati

223 1791 279 1828 Dei
293 1799 386 1835 Verbi,
403 1798 451 1833 qui
471 1803 499 1825 et
518 1796 645 1825 sacerdos
658 1800 751 1823 noster
763 1794 850 1821 factus
866 1798 918 1825 est,
935 1793 1022 1828 digni-

225 1851 313 1884 tatum
330 1846 361 1883 in
385 1844 528 1881 principio,
557 1850 638 1878 quam
663 1841 744 1868 simul
760 1848 822 1867 cum
845 1840 923 1867 Patre
940 1840 1023 1867 habet

223 1892 409 1926 manifestum
428 1895 483 1924 est,
507 1889 571 1925 quia
583 1887 718 1924 exposuit.
737 1887 851 1921 Propter
863 1885 935 1920 quod
950 1885 1022 1912 illam

223 1943 257 1970 et
272 1937 480 1974 supercydarim
495 1944 542 1964 seu
553 1936 660 1962 mitram
670 1939 698 1962 et
709 1939 804 1961 contra
819 1932 915 1959 faciem
936 1932 1023 1959 mitur

221 1984 290 2021 ,sit'c
303 1983 411 2020 cydaris
425 1981 550 2017 imponit.
563 1980 630 2009 dicit
644 1985 735 2007 autem
754 1988 760 2005 :

269 2030 425 2065 Ligabisque
438 2037 495 2056 eam
511 2028 575 2055 uiua
591 2027 773 2062 hyacinthina.
789 2025 852 2053 Sive
872 2024 1024 2053 secundum

233 2076 307 2114 LXX
323 2075 378 2104 :Et
397 2075 591 2109 superimponas
608 2073 748 2109 hyacintho
766 2077 863 2099 retorto
878 2080 885 2099 :
912 2071 1024 2107 hyacin-

166 2136 176 2144 ι
213 2123 312 2164 ﬁlium
333 2126 481 2154 relatum,
513 2121 709 2148 humanitatem
734 2118 837 2145 Christi
865 2118 1024 2152 intelligens

234 2169 286 2205 pro
306 2177 339 2207 eo
362 2168 434 2204 quod
459 2166 682 2203 inseparabiliter
700 2165 845 2199 conjuncta
860 2168 901 2192 est
925 2163 1022 2191 divini-

227 2217 295 2246 stati.

255 2305 258 2311 ε
273 2272 306 2300 Et
321 2273 371 2300 erit
385 2280 466 2310 super
482 2271 587 2298 :tiaram
608 2269 748 2296 imminens
776 2267 856 2304 fronti
884 2266 1026 2301 pontiﬁcis.

234 2319 284 2350 Yet
294 2319 369 2357 sicut
379 2318 470 2346 LXX:
488 2317 523 2345 Et
536 2317 587 2346 erit
602 2324 681 2350 super
697 2315 803 2343 mitram
817 2318 907 2341 contra
933 2312 1028 2349 faciem

219 2367 333 2406 Ianilrtz.
354 2364 414 2393 Erit
435 2371 519 2400 super
542 2363 664 2393 mitram.
690 2361 737 2397 qui
753 2361 833 2389 Pater
854 2360 882 2388 in
905 2357 984 2391 Filio,
1000 2362 1030 2385 et

175 2435 178 2437 .
336 2413 365 2440 in
386 2411 479 2439 Patre.
499 2409 531 2437 Et
554 2412 618 2437 ante
641 2408 738 2436 faciem
758 2407 859 2435 mitrae.
878 2405 930 2440 Qui
955 2404 1028 2432 enim

232 2458 435 2495 videtEilium.
450 2456 495 2484 hic
508 2455 599 2483 videre
612 2459 640 2482 et
655 2454 760 2481 Patrem
788 2451 887 2480 dicitur
904 2461 910 2478 :
932 2458 1030 2486 quem-

226 2503 384 2542 admpdum
409 2501 538 2536 [Philippo
554 2500 587 2527 de
607 2499 688 2526 Patre
706 2496 877 2533 percontanti
899 2495 1028 2524 Christus

235 2541 508 2589 apndriloannem”
534 2544 691 2579 respondet.
723 2543 793 2578 Ergo
833 2541 923 2569 omnis
951 2547 1028 2567 nunc

234 2587 344 2633 sanatio
363 2593 507 2629 evidenter
524 2594 549 2618 in
565 2590 702 2626 Unigeniti
712 2589 855 2626 explanata
870 2591 912 2615 est
926 2590 1030 2622 myste-

196 2680 210 2721 .~
256 2680 355 2734 ﬂans.
374 2693 464 2722 10-11.
483 2703 494 2719 ‹
505 2690 580 2720 Tulit
592 2696 620 2719 et
637 2691 725 2719 oleum
742 2689 888 2721 unctionis,
900 2687 1030 2724 quo_lini—

0 2890 16 3039 ι

227 2734 279 2777 ,v-it
293 2740 500 2777 tabernaculum
517 2746 580 2766 cum
597 2737 671 2765 omni
689 2735 857 2771 supellectile
869 2743 927 2762 sua.
946 2734 1029 2762 Cum-

271 2855 292 2872 "
309 2842 394 2880 Exod.
409 2859 503 2882 χχχιχ,
518 2849 563 2877 29.
602 2850 623 2864 ”
635 2848 719 2875 llebr.
735 2854 753 2875 ι.
775 2846 800 2872 5.

236 2891 261 2908 ³⁷
282 2878 448 2921 nisi“.
485 2878 508 2901 ’δ
526 2885 605 2912 Deut.
618 2892 695 2915 xvm,
714 2882 755 2909 15,
795 2881 816 2896 ’³
829 2879 908 2907 Joan.
923 2887 948 2911 v,
962 2878 1005 2905 46.

841 2844 864 2860 ’³
877 2844 956 2871 Joan.
981 2851 1000 2873 ι,
1017 2842 1043 2869 1.

1058 258 1134 284 unxit
1151 258 1226 289 illud,
1247 262 1275 285 et
1288 257 1379 284 omnia
1405 265 1469 284 vasa
1495 258 1565 292 ejus.
1594 257 1712 286 Labrum
1741 265 1850 295 quoque

1057 312 1118 331 cum
1131 304 1188 331 basi
1205 311 1254 330 sua
1278 304 1458 330 sanctiticavit
1471 304 1541 330 oleo.
1564 313 1572 329 I

1093 351 1147 385 Ego
1163 350 1273 377 visiones
1299 350 1483 384 ntultipliraui,
1501 355 1525 376 et
1550 351 1577 376 in
1604 351 1724 378 manibus
1737 352 1849 386 prophe-

1059 401 1146 422 tarum
1160 396 1323 423 assimilatas
1338 405 1396 423 sum
1407 396 1439 428 ’³,
1454 400 1598 431 propterea
1618 402 1680 424 ante
1698 397 1805 424 loculus
1823 397 1851 425 in

1058 443 1198 477 prophetis
1209 442 1328 474 diccbat,
1342 446 1372 469 ut
1383 446 1563 477 cognosceret
1576 442 1609 474 is,
1618 443 1663 477 qui
1673 443 1733 478 ejus
1743 443 1852 470 volebat

1059 488 1128 514 scire
1145 488 1369 523 mysteria.quod
1385 495 1441 514 non
1460 495 1507 522 per
1521 495 1602 514 unam
1621 488 1780 523 imaginem,
1801 496 1852 516 nec

1061 541 1108 568 per
1119 541 1204 560 unum
1224 533 1359 568 quoddam
1385 533 1505 568 signum,
1535 534 1582 560 sed
1609 542 1658 568 per
1675 534 1770 569 multa,
1787 535 1851 569 quia

1061 583 1088 605 et
1097 578 1181 605 multa
1199 583 1338 613 opcratur,
1352 579 1469 605 maxime
1482 587 1532 613 per
1544 587 1653 606 carnem
1665 580 1851 615 dispensatam

1060 624 1095 651 ab
1109 632 1153 656 eo,
1170 624 1285 651 salutent
1316 624 1457 650 hominum
1482 625 1705 658 comprclionsuri
1732 633 1851 653 eramus.

1062 669 1095 696 Et
1110 670 1180 697 sicut
1191 678 1243 697 non
1256 670 1343 697 solum
1359 674 1459 704 pastor,
1473 670 1520 696 sed
1537 675 1564 697 et
1580 671 1648 700 ovis,
1666 676 1693 698 ct
1714 672 1851 702 saccrdos.

1062 716 1201 743 ctostium
1215 716 1316 743 dicitur
1337 724 1343 741 :
1365 720 1458 751 pastor
1474 716 1594 750 quidem,
1612 717 1697 751 utqui
1714 717 1852 743 hominem

1063 762 1199 789 convertit
1227 763 1285 789 sive
1311 762 1418 789 reduxit.
1441 767 1601 794 errantem;
1619 763 1680 789 ovis
1703 768 1804 795 autem,
1824 768 1854 789 ut

1064 808 1109 843 qui
1124 816 1174 843 pro
1192 809 1270 835 nohis
1281 808 1445 835 sacriﬁcium
1462 808 1550 835 factus
1560 813 1621 841 est;
1639 810 1765 836 sacerdos
1779 817 1853 839 vero.

1065 854 1156 889 utqui
1179 854 1357 888 semetipsum
1372 854 1480 886 obtulit,
1506 854 1606 881 ostium
1633 859 1736 887 autem,
1758 859 1787 881 ut
1807 855 1854 889 qui

1066 900 1135 927 viam
1145 899 1223 926 nobis
1233 899 1351 926 ostendit
1359 899 1481 927 scientia;
1491 908 1499 932 ;
1510 899 1549 926 sic
1560 899 1619 934 ejus
1631 900 1769 934 propheta:
1779 900 1856 931 mulli

1065 946 1270 973 similitudinem
1286 945 1416 978 aderunt,
1435 951 1463 973 et
1483 946 1632 981 unicuique
1650 947 1775 980 quzedam
1797 955 1857 974 crc-

1065 993 1120 1019 dita
1137 996 1211 1025 sunt,
1228 996 1258 1019 ut
1274 996 1373 1019 nostra:
1387 992 1598 1027 dispensationis
1611 992 1775 1027 signiﬁcaret
1790 1001 1858 1027 ope-

1066 1039 1210 1066 rationem.
1229 1038 1296 1066 Hiuc
1309 1038 1371 1073 quia
1385 1038 1444 1073 ipse
1458 1042 1518 1066 erat
1532 1038 1577 1073 qui
1592 1038 1710 1073 tingebat
1728 1045 1785 1070 eos,
1800 1038 1859 1072 ipse

1064 1086 1110 1120 qui
1127 1086 1290 1120 angebatur,
1306 1093 1412 1120 angens
1431 1085 1515 1112 verba
1529 1084 1690 1117 divinitatis,
1706 1085 1857 1111 secundum

1066 1139 1147 1166 quam
1160 1131 1186 1158 ci
1198 1131 1291 1159 omnia
1301 1130 1457 1158 communia
1470 1138 1532 1157 cum
1546 1131 1625 1158 l’atrc
1637 1135 1664 1157 et
1679 1131 1780 1165 Spiritu
1795 1135 1860 1157 sunt

1066 1186 1080 1204 a
1095 1185 1149 1212 quo
1172 1177 1236 1212 ungi
1260 1176 1360 1203 dicitur
1376 1176 1455 1209 (nam
1474 1175 1557 1203 David
1588 1180 1692 1211 patrem
1710 1181 1858 1212 angentem

1067 1222 1142 1254 dixit,
1155 1229 1216 1249 eum
1232 1221 1269 1248 ait
1283 1230 1288 1247 :
1304 1221 1445 1255 Propterea
1456 1221 1529 1247 unxit
1544 1225 1569 1247 te
1577 1221 1657 1254 Deus,
1673 1221 1742 1248 Deus
1758 1226 1816 1248 tuus
1826 1222 1859 1253 ἐς

1069 1268 1150 1294 Isaias
1165 1272 1256 1294 autem
1278 1267 1433 1294 unctionem
1452 1266 1511 1293 Filii
1533 1267 1567 1293 ad
1598 1267 1729 1301 Spiritum
1756 1268 1860 1299 retulit,

1067 1314 1181 1341 dicens:
1200 1313 1316 1348 Spiritus
1345 1312 1449 1338 Domini
1474 1321 1552 1347 super
1580 1321 1632 1345 me,
1657 1321 1688 1339 eo
1702 1314 1770 1348 quod
1786 1314 1861 1341 una-it

1070 1368 1109 1387 mc
1123 1360 1158 1387 ’⁷.
1173 1359 1239 1393 Qute
1253 1364 1343 1387 autem
1360 1359 1441 1386 Pater
1451 1362 1478 1386 et
1502 1358 1633 1393 Spiritus,
1651 1359 1708 1386 haec
1719 1359 1817 1386 eadem
1832 1365 1862 1386 ct

1071 1407 1154 1434 Filius
1169 1404 1331 1441 facil):ergo
1343 1405 1447 1432 ratione
1459 1405 1608 1432 divinitatis
1632 1405 1689 1440 ipse
1705 1410 1747 1432 est
1761 1411 1861 1433 semct-

1071 1455 1158 1488 ipsum
1187 1459 1302 1487 angens,
1315 1456 1343 1478 et
1356 1451 1413 1486 ipse
1424 1455 1466 1478 es‘t
1477 1450 1522 1485 qui
1539 1451 1648 1486 ungitur
1659 1450 1862 1485 dispensatione

1072 1498 1261 1526 humanitatis.
1286 1497 1418 1525 Similiter
1448 1497 1530 1524 otl‘ert
1545 1501 1572 1524 et
1595 1497 1710 1524 otl‘ertur
1726 1497 1817 1524 :unde
1835 1502 1863 1525 ct

1072 1545 1167 1573 Daniel
1181 1545 1303 1572 oblatum
1316 1544 1391 1571 illum
1402 1544 1511 1579 quidem
1525 1544 1607 1576 videt,
1620 1551 1674 1570 non
1691 1543 1758 1571 vidit
1769 1548 1861 1570 autem

1073 1592 1117 1627 qui
1136 1600 1198 1620 eum
1214 1591 1324 1624 obtulit,
1354 1591 1417 1625 quia
1448 1591 1505 1626 ipse
1531 1594 1599 1622 erat,
1614 1590 1659 1624 qui
1685 1590 1862 1625 semetipsum

1072 1637 1214 1665 oﬁ‘erebat.
1232 1637 1300 1671 Ergo
1317 1641 1344 1663 ut
1358 1636 1478 1663 salvetur
1491 1635 1638 1670 ﬁgura-rum
1662 1635 1770 1667 veritas,
1787 1635 1864 1670 ungit

1072 1684 1180 1718 quidem
1196 1687 1224 1710 et
1238 1683 1318 1709 otIert
1337 1681 1452 1717 Moyses,
1466 1680 1612 1716 imaginem
1628 1684 1656 1707 et
1682 1680 1740 1714 ipse
1761 1680 1863 1707 Christi

1073 1738 1181 1765 gerens.
1198 1730 1231 1756 de
1255 1737 1310 1764 q'uo
1325 1728 1427 1756 ludmis
1450 1728 1576 1755 dicebat:
1607 1726 1766 1762 Propheta»:
1793 1728 1864 1754 vobis

1068 1776 1210 1803 suscitabit
1227 1774 1356 1801 Dominus
1373 1773 1405 1800 de
1431 1773 1559 1808 fratr-ibus
1578 1772 1669 1799 vestris
1684 1772 1750 1799 sicut
1775 1780 1816 1798 me
1829 1773 1862 1799 ".

1073 1821 1151 1854 Quod
1169 1820 1301 1848 Dominus
1325 1819 1358 1847 ad
1374 1819 1555 1854 semetipsum
1583 1818 1705 1845 referens
1735 1818 1863 1845 dicebat:

1073 1867 1103 1895 Si
1112 1867 1254 1894 crederetis
1272 1865 1366 1901 Moysi,
1381 1865 1520 1892 crederetis
1537 1865 1625 1900 utique
1641 1869 1666 1891 et
1682 1865 1755 1895 mihi,
1778 1865 1810 1891 de
1825 1873 1866 1892 me

1074 1915 1143 1940 enim
1159 1913 1204 1939 ille
1217 1912 1323 1946 scripsit
1341 1912 1375 1939 ".
1389 1911 1479 1938 Aaron
1496 1914 1587 1938 autem
1602 1911 1712 1942 iterum,
1737 1915 1766 1937 ut
1780 1910 1866 1945 ﬁgura

1075 1960 1130 1987 veri
1149 1959 1310 1991 sacerdotis,
1328 1957 1449 1994 ungitur,
1469 1961 1497 1985 et
1510 1961 1604 1992 aperta
1622 1960 1664 1984 est
1678 1956 1750 1984 illius
1777 1956 1866 1992 imago

1043 1999 1044 2002 ¹
1076 2004 1208 2042 mysterii.
1230 2003 1357 2039 Aspergit
1369 2010 1433 2039 ergo
1448 2002 1553 2038 Moyses
1567 2002 1665 2032 altare.
1682 2009 1781 2036 corpus
1790 2001 1867 2028 vide-

1075 2052 1139 2080 licet
1149 2050 1332 2082 Dominicum,
1349 2048 1450 2084 septies
1465 2057 1472 2075 :
1486 2048 1550 2083 quia
1565 2046 1670 2074 Domini
1689 2046 1793 2079 unctio,
1811 2051 1867 2074 tota

1076 2103 1115 2125 est
1134 2096 1253 2132 Spiritus
1265 2094 1418 2130 plenitudo,
1431 2093 1476 2134 qui
1495 2094 1522 2121 in
1536 2088 1641 2128 septem
1662 2091 1868 2127 operationibus

1077 2143 1245 2179 designatur,
1278 2140 1510 2176 quemadmodum
1534 2138 1621 2166 lsaias
1636 2138 1704 2166 dixit
1721 2138 1753 2164 "’.
1786 2137 1869 2173 Ungit

1077 2194 1168 2218 autem
1185 2193 1214 2217 et
1237 2187 1330 2216 omnia
1343 2195 1407 2215 vasa
1433 2188 1504 2222 ejus,
1531 2191 1585 2214 tam
1611 2185 1760 2221 apostolos,
1786 2193 1868 2220 quam

1042 2242 1064 2272 Β
1078 2244 1126 2265 eos
1141 2236 1186 2272 qui
1212 2235 1253 2264 eis
1277 2234 1304 2262 in
1321 2238 1426 2262 tantum
1440 2234 1566 2261 similiter
1586 2232 1694 2265 vivunt,
1719 2236 1749 2259 ut
1771 2232 1869 2259 domus

1079 2282 1190 2314 Christi,
1207 2287 1235 2310 et
1250 2290 1314 2310 vasa
1340 2285 1416 2309 recte
1432 2280 1617 2308 nominentur.
1637 2279 1681 2307 Sic
1695 2283 1722 2306 et
1737 2278 1870 2305 Dominus

1077 2327 1193 2356 Paulum
1218 2327 1332 2362 eligens,
1359 2326 1473 2354 Anania
1491 2318 1594 2352 dixit:
1630 2325 1710 2356 Vade,
1733 2324 1796 2359 quia
1826 2332 1871 2350 vas

1081 2374 1212 2402 electionis
1225 2373 1339 2400 mihi‘est
1354 2373 1415 2402 iste.
1431 2375 1460 2398 tit
1474 2375 1560 2407 portet
1571 2379 1665 2398 nomen
1678 2379 1766 2398 meum
1779 2378 1871 2397 coram

1081 2418 1210 2455 gentibus,
1227 2421 1251 2445 et
1263 2417 1379 2453 regibus,
1400 2420 1426 2444 et
1437 2416 1503 2451 ﬁliis
1518 2414 1607 2444 Israel
1622 2413 1656 2444 “.
1667 2414 1826 2443 Sanctiﬁcat
1839 2420 1867 2442 et

1078 2465 1208 2495 tutorum,
1221 2463 1279 2491 sive
1290 2463 1408 2495 labrum,
1429 2462 1567 2498 baptism
1585 2461 1714 2490 videlicet
1729 2469 1793 2489 cum
1810 2461 1871 2489 basi

1081 2518 1141 2542 sua,
1158 2516 1207 2544 per
1216 2503 1298 2544 quam
1316 2500 1707 2543 iutelligimus‘panitcntiam.
1721 2506 1872 2542 Supposita

1082 2560 1125 2584 est
1141 2559 1232 2583 autem
1249 2555 1307 2582 haec
1319 2547 1566 2599 baptismatitqlria
1588 2553 1702 2589 gratiam
1716 2553 1778 2587 ejus
1791 2560 1873 2598 quam

1083 2610 1155 2637 saepe
1174 2606 1267 2629 nostro
1284 2601 1398 2628 fat-imus
1413 2593 1530 2627 tituba're
1553 2599 1705 2637 mendacio,
1722 2606 1772 2634 per
1786 2593 1874 2633 pinni-

1084 2648 1198 2676 tentiam
1211 2647 1381 2682 corrigimus.
1396 2651 1425 2673 et
1437 2640 1572 2673 inicimus.
1599 2637 1602 2638 ν
1654 2636 1657 2659 Ῐ

1116 2695 1151 2722 Et
1163 2693 1361 2721 tabernam-lum
1377 2701 1437 2720 cum
1451 2690 1522 2718 omni
1540 2691 1700 2725 supellectile
1714 2699 1762 2718 sua
1773 2692 1876 2717 sancti-

1082 2741 1180 2776 ﬁcanit.
1201 2739 1420 2767 Sauctiﬁcatione
1433 2739 1505 2765 enim
1517 2742 1622 2770 nostra,
1637 2744 1755 2772 superna
1766 2743 1876 2771 quoque

1082 2842 1105 2857 ’⁸
1120 2841 1200 2868 Joan.
1217 2848 1272 2870 xw,
1292 2840 1318 2867 9.
1354 2841 1376 2856 "'
1391 2839 1461 2867 Osce.
1482 2846 1529 2870 xu.
1549 2839 1591 2866 10.
1631 2838 1654 2853 "
1672 2837 1745 2865 Psal.
1758 2844 1831 2868 κων,
1844 2836 1871 2863 8.

1046 2877 1068 2893 "
1083 2876 1133 2903 lsa.
1147 2884 1185 2908 xi,
1205 2877 1229 2908 Ι,
1247 2876 1272 2902 Ξ.
1310 2875 1331 2891 ³¹
1347 2876 1407 2902 Act.
1422 2882 1458 2905 ix.
1474 2874 1516 2901 i5.
