3992 6428
1618 302 1991 365 ΉΕΞΥΟΗΙΙ
2030 305 2503 368 PRESBYTERI

3609 306 3714 370 830

430 421 681 471 creatura
711 410 1031 483 participata
1062 420 1164 476 est,
1188 426 1310 481 quae
1336 420 1525 467 sancta
1554 413 1774 483 quidem
1823 412 1927 469 fuit
1962 421 2019 469 et
2047 434 2091 490 Α
2119 418 2361 489 guinem,
2400 427 2456 473 et
2505 416 2679 472 tincto
2704 412 2894 486 digito,
2933 412 3109 484 tetigit
3141 426 3347 467 cornua
3389 408 3587 467 altaris
3617 429 3717 484 per

352 558 369 572 ,
432 515 614 570 antea,
656 504 751 559 sed
781 503 1046 572 majorem
1070 502 1560 559 sanctiﬁcationem
1583 504 1776 575 adepta
1806 514 1891 560 est
1918 519 2016 575 per

432 611 658 652 carnem
689 595 1052 662 Dominicam,
1107 609 1269 665 quam
1301 596 1537 666 sumpsit
1581 611 1650 651 ex
1677 596 1860 653 nobis.
1896 595 2018 652 Non

359 724 387 763 ἡ.
433 697 622 744 autem
673 687 966 742 ridiculum
1021 686 1271 742 videatur
1318 687 1466 757 quod
1524 686 1744 755 dicitur,
1777 687 1904 757 quia
1953 701 2019 741 ea

434 795 558 849 qum
590 778 646 832 in
677 778 836 832 nobis
858 777 996 832 facta
1015 785 1121 845 est,
1152 777 1586 832 sanctiﬁcatione
1612 792 2020 849 superna,par—

436 873 656 943 ticipata
690 880 775 926 est
802 879 1073 934 creatura,
1103 879 1392 941 postquam
1422 886 1742 927 concessam
1771 870 1933 927 nobis
1964 871 2020 926 in

434 965 657 1020 Christo
696 962 1017 1034 participata
1058 971 1166 1027 est,
1222 963 1474 1028 scientia,
1510 964 1656 1034 quod
1700 964 2018 1021 manifestat

435 1058 636 1112 Paulus
665 1055 853 1111 dicens
884 1073 897 1109 :
935 1053 1003 1109 Ut
1034 1064 1215 1109 notum
1235 1056 1393 1125 ﬁeret
1417 1056 1761 1127 principibus,
1799 1066 1848 1111 et
1872 1067 2020 1128 pote-

402 1147 658 1202 statibus
711 1147 768 1201 in
831 1146 1120 1202 caelestibus
1158 1163 1267 1216 .per
1329 1146 1623 1201 Ecclesium
1684 1147 2022 1219 multiformis

433 1237 709 1306 sapientia:
744 1236 857 1301 Dei,
915 1238 1203 1291 secundum
1250 1236 1643 1304 dispositionem
1685 1238 2018 1302 macularum,

418 1346 595 1400 ,quam
630 1329 752 1401 fecit
788 1329 845 1382 in
874 1328 1084 1384 Christo
1113 1327 1238 1382 Jesu
1281 1326 1505 1381 Domino
1562 1338 1742 1382 nostro
1772 1330 1838 1382 ".
1881 1328 2023 1399 Ergo

434 1439 533 1494 per
605 1421 906 1477 Ecclesiam
978 1421 1231 1493 superior
1291 1429 1541 1476 creatura
1598 1420 1823 1492 majoris
1900 1436 2026 1490 par-

436 1516 614 1585 ticeps
641 1512 843 1572 eﬁ'ecta
893 1521 980 1569 est
1023 1512 1291 1579 scientiae,
1348 1512 1616 1583 siquidem
1669 1513 1792 1585 ejus
1821 1514 2025 1569 sancti-

420 1598 789 1676 .ﬁcatiojusta
811 1605 955 1661 dicta
980 1613 1083 1660 est.

514 1695 671 1753 Vsus.
709 1697 795 1752 12.
835 1714 854 1747 ι
883 1695 984 1761 Qui
1011 1694 1247 1751 fundens
1270 1709 1437 1766 super
1464 1704 1629 1767 caput
1650 1695 1833 1752 Aaron
1867 1695 2026 1750 unxit

436 1803 586 1853 eum,
611 1796 668 1843 et
688 1787 1052 1853 consecravit,
1076 1787 1192 1842 sive
1219 1786 1600 1844 sanctiﬁcavit.
1639 1807 1660 1843 ι

504 1880 622 1937 Etsi
692 1879 897 1937 Christi
948 1888 1132 1951 caput,
1185 1879 1491 1935 secundum
1538 1880 1691 1937 Pauli
1750 1882 1977 1937 verbum
2005 1924 2020 1948 ,

450 1971 707 2027 divinitas
745 1970 1087 2045 intelligitur,
1119 1984 1232 2025 non
1276 1969 1478 2027 frustra
1508 1979 1715 2039 tamen,
1743 1986 1848 2028 nec
1871 1982 2024 2028 extra

437 2063 710 2130 ordinem,
765 2063 821 2118 in
880 2063 987 2119 hoc
1038 2063 1297 2135 mysterio
1349 2065 1649 2122 sacerdotis
1708 2066 1837 2138 ungi
1876 2081 2025 2121 nunc

437 2164 605 2226 caput
655 2153 934 2227 legislator
985 2153 1252 2225 scripsit:
1309 2163 1373 2210 ut
1426 2166 1844 2228 cegnoscamus,
1887 2172 2025 2228 quo-

444 2249 618 2315 niam,
669 2247 1126 2318 quemadmodum
1155 2256 1322 2317 caput
1351 2264 1383 2303 a
1418 2250 1646 2320 pedibus
1698 2250 1867 2306 dividi
1911 2266 2023 2305 non

435 2349 636 2412 potest,
669 2340 749 2397 sic
781 2355 958 2411 neque
986 2338 1190 2396 Christi
1222 2340 1484 2397 divinitas
1554 2351 1682 2415 post
1719 2343 2024 2399 unitionem

435 2434 505 2488 ab
560 2432 904 2488 humanitate
968 2432 1251 2489 dividitur.
1284 2434 1395 2490 Sed
1449 2435 1565 2491 sive
1612 2436 1740 2508 ungi
1789 2435 2021 2501 dicatur,

435 2528 551 2582 sive
580 2527 850 2600 generari,
882 2527 1002 2582 sive
1020 2528 1154 2599 pati,
1184 2528 1309 2584 sive
1342 2543 1650 2600 resurgere,
1679 2528 1795 2584 sive
1819 2526 2025 2583 assumi

434 2621 688 2685 dicimus,
719 2621 822 2675 hoc
866 2621 1210 2676 incarnatum
1245 2620 1488 2675 Verbum
1535 2635 1647 2675 non
1689 2619 2023 2685 dividentes,

436 2721 493 2768 et
520 2712 773 2769 dicentes
796 2712 1076 2769 hominem
1107 2714 1329 2785 quidem
1365 2720 1613 2777 unctum,
1644 2713 1815 2767 Deum
1839 2721 2024 2767 autem

436 2820 546 2860 non
576 2814 822 2869 unctum,
847 2805 943 2859 sed
985 2805 1152 2859 Deum
1179 2804 1432 2859 eumdem
1456 2803 1619 2858 simul
1645 2812 1705 2858 et
1725 2804 2023 2860 hominem.

422 2894 554 2951 Hoc
577 2897 727 2950 enim
756 2904 812 2951 et
846 2896 1015 2951 David
1044 2896 1165 2953 sine
1192 2896 1378 2966 aliqua
1407 2894 1691 2951 dubietate
1735 2895 2024 2967 approbat,
2051 2964 2057 2971 ᾗ

435 3004 564 3044 eum
593 2988 727 3044 dicit
758 3008 772 3042 :
805 2987 909 3043 Sed
935 2998 1051 3054 tua,
1078 2989 1243 3054 Deus,
1271 2989 1330 3041 in
1355 2987 1612 3043 saeculum
1637 2987 1839 3050 surculi,
1874 2987 2024 3058 uirga

2118 525 2331 582 gyrum.
2365 510 2487 575 Quo
2513 509 2735 579 expiato
2766 515 2824 562 et
2868 504 3225 569 sanctiﬁcata,
3267 504 3415 560 fudit
3439 504 3716 575 reliquum

2118 600 2441 671 sanguinem
2498 600 2567 656 ad
2614 598 2971 654 fundamenta
2999 597 3142 666 ejus.
3201 596 3443 666 Adipem
3494 611 3719 666 quoque

2119 691 2215 763 qui
2244 698 2365 747 erat
2396 705 2561 762 super
2608 690 2816 756 vitalia,
2846 688 3250 758 reticulumque
3286 686 3521 757 jecoris,
3548 687 3719 743 duos-

2121 800 2228 856 que
2275 784 2629 848 renunculos,
2652 796 2777 838 cum
2809 780 3089 837 arvenulis
3124 780 3242 834 suis
3268 777 3523 833 adolevit
3553 792 3721 849 super

2120 876 2313 943 altare,
2336 874 2567 933 vitulum
2585 889 2710 930 cum
2732 872 2895 945 pelle,
2927 881 2984 927 et
2997 886 3184 938 carne,
3216 880 3271 925 et
3298 869 3437 925 ﬁmo
3461 884 3721 925 crematis

2123 979 2276 1027 extra
2303 976 2502 1035 castra,
2538 967 2682 1022 sicut
2707 973 3044 1038 praeceperat
3073 964 3359 1039 Dominus.
3398 978 3424 1015 ι

2192 1061 2325 1127 Quae
2349 1058 2619 1130 praedicta:
2657 1056 2958 1112 sanctionis
2991 1056 3064 1111 sit
3094 1055 3288 1119 virtus,
3346 1060 3407 1107 et
3440 1051 3722 1122 quomodo

2125 1152 2552 1223 unumquodque
2602 1151 2723 1221 ejus
2773 1148 3075 1220 capitulum
3104 1147 3162 1202 in
3211 1144 3502 1217 Unigeniti
3557 1145 3721 1200 sacri-

2128 1246 2314 1300 ﬁcium
2350 1246 2672 1316 accipiatur,
2721 1241 3039 1312 praecedens
3088 1238 3337 1295 continet
3377 1251 3590 1292 sermo.
3623 1235 3719 1291 νίν

2126 1340 2278 1394 tulus
2320 1352 2421 1409 pro
2470 1343 2700 1408 peccato
2756 1331 3077 1397 sacerdotis,
3137 1330 3236 1396 sed
3278 1338 3338 1384 et
3378 1343 3487 1398 pro
3534 1327 3718 1398 pepuli

2125 1430 2548 1503 congregatione
2596 1425 2847 1482 oﬁcrtur.
2901 1422 3034 1490 Quae
3097 1420 3502 1491 intelligentes,
3556 1425 3614 1471 et
3657 1430 3717 1470 ea

2126 1541 2249 1597 qua:
2286 1537 2437 1579 nunc
2484 1521 2631 1578 dicta
2690 1526 2839 1584 sunt,
2889 1517 3052 1588 plene
3101 1509 3445 1568 intellecturi
3506 1523 3718 1564 sumus.

2125 1618 2257 1675 llaec
2299 1627 2483 1672 autem
2517 1628 2668 1670 nunc
2720 1611 2974 1675 dicimus,
3002 1622 3123 1679 quas
3179 1605 3292 1660 sola
3330 1603 3403 1659 de
3434 1602 3719 1658 sanctione

2126 1710 2413 1766 immutata
2446 1714 2576 1765 sunt
2609 1725 2622 1760 :
2655 1704 2727 1761 ibi
2760 1702 2906 1760 enim
2940 1702 3123 1756 Aaron
3186 1699 3483 1769 imponere
3524 1709 3719 1749 manus

2056 1777 2096 1832 Β
2128 1803 2320 1865 vitulo,
2365 1800 2458 1858 hic
2508 1808 2690 1854 autem
2718 1804 2774 1851 et
2818 1794 2960 1850 ﬁlios
3009 1792 3130 1863 ejus
3193 1805 3304 1844 non
3357 1787 3570 1843 frustra
3614 1787 3718 1842 hoc

2124 1895 2464 1959 custodiens,
2494 1890 2589 1949 sed
2605 1890 2770 1946 etiam
2794 1886 2988 1942 unctos
3003 1883 3240 1955 scripsit.
3272 1879 3517 1948 Quando
3537 1888 3717 1933 autem

2124 1995 2181 2043 et
2211 2000 2314 2041 nos
2343 1982 2617 2054 ungimur,
2654 1987 2710 2034 et
2739 1976 3020 2034 ol'ferimur
3054 1970 3400 2043 baptismati,
3436 1968 3573 2025 socii
3613 1968 3718 2022 Do-

2124 2075 2340 2134 minicae
2388 2072 2654 2129 efﬁcimur
2705 2066 2998 2140 passionis,
3046 2064 3205 2135 cujus
3235 2061 3384 2135 gerit
3427 2060 3717 2133 imaginem

2124 2170 2417 2243 baptisma,
2453 2165 2600 2238 quod
2647 2163 2813 2219 etiam
2860 2159 3062 2216 docent
3119 2156 3236 2210 haec
3289 2152 3455 2208 Pauli
3509 2152 3710 2243 verba:

2125 2242 2432 2329 Quicunque
2478 2254 2620 2310 enim
2670 2253 2728 2306 in
2795 2248 3003 2306 Christo
3051 2245 3312 2329 baptizati
3388 2259 3597 2307 sumus,
3657 2242 3713 2294 iu

2125 2326 2293 2409 morte
2320 2326 2485 2421 ipsius
2507 2343 2766 2417 baptizati
2788 2357 2989 2403 sumus,
3049 2326 3346 2406 coniepulti
3383 2349 3509 2405 ergo
3555 2332 3603 2386 ei
3626 2349 3714 2401 per

2126 2447 2445 2518 baptismum
2474 2441 2531 2496 in
2558 2447 2780 2494 mortem
2810 2450 2925 2505 ejus
2948 2433 3015 2487 ³⁸.
3048 2427 3380 2484 Necessarie
3415 2426 3511 2481 ﬁlii
3539 2425 3712 2479 Aaron

2127 2538 2393 2597 sacriﬁcio
2445 2549 2659 2591 manus"
2686 2545 2811 2586 cum
2846 2527 2957 2583 sint
2988 2525 3037 2581 ei
3076 2520 3579 2584 communicantes,
3604 2519 3705 2573 imo

2126 2638 2355 2704 ponunt.

2197 2724 2360 2780 Vsus.
2386 2719 2575 2777 18-21.
2612 2737 2631 2770 ι
2661 2714 2870 2772 Obtulit
2894 2721 2949 2768 et
2969 2708 3270 2767 arietemin
3310 2707 3710 2763 holocaustum.

2126 2834 2293 2889 super
2338 2814 2498 2887 cujus
2522 2819 2689 2883 caput
2716 2822 2841 2864 cum
2887 2803 3280 2876 imposuissent
3308 2800 3499 2855 Aaron
3528 2805 3585 2852 et
3619 2795 3708 2849 ﬁlii

2128 2912 2250 2983 ejus
2307 2923 2506 2965 manus
2555 2918 2705 2971 suas,
2758 2898 3059 2956 immolavit
3086 2911 3235 2958 eum,
3283 2901 3349 2948 et
3397 2891 3540 2946 fudit
3585 2903 3708 2983 san-

2128 2980 2348 3077 guinem
2375 3001 2496 3072 ejus
2522 3013 2622 3070 per
2654 2993 2840 3050 altaris
2867 2989 3177 3054 circuitum,
3222 2986 3522 3055 ipsumque
3569 2980 3706 3035 arie-

424 3091 579 3137 recta
609 3090 705 3147 est,
736 3082 887 3152 virga
914 3082 1059 3152 regni
1084 3082 1182 3136 tui.
1217 3079 1464 3135 Dilexisti
1480 3079 1757 3150 justitiam
1789 3091 1839 3135 et
1865 3079 2026 3135 odisti
2053 3133 2095 3192 ϐ
2132 3106 2239 3155 ιω,
2271 3110 2371 3169 per
2395 3093 2568 3148 frusta
2620 3087 2935 3149 concidens,
2982 3089 3145 3153 caput
3196 3079 3344 3149 ejus,
3368 3086 3424 3133 et
3451 3082 3618 3138 artus,
3654 3079 3706 3125 et

435 3173 775 3246 iniquitatem
803 3190 818 3228 :
859 3182 1138 3245 propterea
1167 3174 1315 3229 unxit
1347 3182 1395 3228 te
1437 3172 1598 3237 Deus,
1640 3172 1782 3227 Deus
1812 3184 1932 3227 tuus
1958 3173 2021 3225 ³⁸.

437 3267 635 3323 Cernis
662 3266 832 3323 Deum
863 3267 967 3322 dici
996 3267 1090 3338 qui
1115 3275 1316 3322 unctus
1344 3274 1447 3329 est,
1470 3265 1599 3336 quia
1627 3266 1811 3320 omnia
1848 3265 2028 3320 carnis

427 3374 554 3415 suae
576 3358 927 3416 manifestum
950 3369 1036 3415 est
1071 3359 1216 3431 quod
1236 3358 1564 3429 sibimetipsi
1586 3357 1680 3428 qui
1702 3357 2025 3413 incarnatus

437 3459 544 3518 est,
578 3452 842 3508 vindicat.
883 3453 1018 3519 Quae
1064 3434 1212 3507 enim
1259 3460 1316 3508 et
1344 3452 1467 3522 ejus
1504 3460 1623 3506 erat
1673 3451 1881 3515 unctio,
1922 3450 2027 3504 nisi

431 3543 665 3600 omnino
695 3544 812 3615 ipsa
846 3544 1201 3599 incarnatio?
1248 3541 1568 3599 Secundum
1611 3543 1760 3598 hunc
1799 3546 2025 3599 modum

440 3643 606 3707 caput
680 3635 1039 3707 intelligibilis
1096 3633 1398 3691 sacerdotis
1460 3632 1772 3705 uagabatur
1816 3642 1872 3688 et
1914 3633 2028 3703 ipse

436 3727 903 3784 sanctiﬁcabatur.

512 3820 675 3876 Vens.
713 3821 800 3875 15.
842 3840 861 3873 ε
884 3819 1050 3876 Filios
1071 3833 1292 3891 quoque
1312 3818 1433 3889 ejus
1451 3818 1664 3875 oblatos
1690 3815 1909 3874 vestivit
1950 3827 2027 3871 tu-

438 3912 575 3967 uicis
604 3913 764 3968 lineis
784 3920 841 3968 ct
864 3911 1037 3968 cinxit
1062 3911 1304 3976 baltheo,
1336 3910 1702 3982 imposuitque
1727 3911 1935 3976 mitras,
1969 3918 2030 3964 ut

431 4003 673 4074 iusserat
712 4003 994 4059 Dominus.
1028 4021 1048 4055 ι

511 4095 737 4151 Tunicae
764 4096 892 4151 ﬁliis
912 4098 1123 4161 Aaron.
1151 4095 1360 4153 similes
1385 4094 1589 4163 Aaron,
1629 4104 1685 4152 et
1720 4110 1894 4162 sonte,
1928 4110 2029 4150 seu

436 4189 641 4244 balthei
670 4189 898 4254 similes,
926 4199 983 4245 et
1009 4189 1234 4261 cydares
1262 4190 1379 4246 sive
1407 4189 1585 4245 mitra:
1644 4188 2026 4259 imponuntur.

436 4279 621 4350 Ipsum
652 4280 801 4336 enim
825 4280 1080 4345 induunt,
1109 4281 1229 4350 ipso
1255 4282 1573 4352 cinguntur,
1595 4279 1774 4350 ipsum
1808 4288 2029 4349 portant

437 4372 493 4426 in
523 4372 719 4442 capite,
753 4371 898 4427 unde
919 4382 974 4427 et
1004 4371 1205 4428 Paulus
1228 4373 1400 4427 dicit:
1434 4370 1581 4426 State
1608 4372 2029 4442 praeiuctitum-

2130 3192 2348 3264 adipem
2386 3184 2626 3245 adolevit
2657 3182 2788 3255 igni,
2831 3179 2957 3234 lutis
3003 3177 3156 3248 prius
3193 3170 3500 3235 intestinis,
3530 3177 3708 3264 etpe-

2127 3260 2289 3339 dihus
2319 3287 2603 3347 totumque
2633 3270 3040 3331 simularietcm
3076 3264 3331 3321 incendit
3362 3277 3528 3334 super
3550 3260 3709 3314 altare

2127 3391 2195 3431 eo
2223 3373 2369 3445 quod
2402 3379 2549 3427 esset
2595 3367 2972 3423 holocaustum
3021 3356 3339 3414 suavissimi
3375 3353 3559 3412 odoris
3604 3349 3706 3405 Do-

2130 3466 2284 3532 mini,
2312 3465 2456 3521 sicut
2485 3464 2823 3534 praeceperat
2846 3453 3129 3509 Dominus.
3166 3468 3184 3502 ι

2186 3559 2317 3621 ,Non
2354 3571 2527 3612 unum
2548 3553 2711 3608 nobis
2740 3556 2953 3604 tantum
2984 3550 3290 3615 peccatum,
3318 3540 3419 3596 sed
3454 3535 3615 3592 multa
3644 3549 3706 3589 ex

2128 3645 2404 3720 Unigeniti
2434 3641 2706 3700 sacriﬁcio
2729 3646 2860 3695 sunt
2886 3639 3108 3698 donata,
3142 3632 3198 3688 id
3227 3638 3313 3687 est
3351 3630 3518 3686 totius
3548 3640 3707 3720 gene-

2126 3741 2204 3797 ris
2233 3719 2460 3794 humani
2493 3733 2746 3790 remissio
2774 3748 2787 3785 :
2818 3730 2926 3786 vita
2960 3728 3013 3782 in
3058 3723 3414 3797 philosophia
3453 3719 3704 3793 perfecta.

2126 3842 2182 3889 et
2233 3818 2525 3904 singularis
2553 3824 2941 3898 mysteriorum
2972 3818 3101 3875 novi
3160 3814 3482 3874 testamenti
3539 3813 3706 3904 intro-

2127 3901 2345 3991 ductio,
2364 3922 2432 3979 ad
2462 3933 2694 3991 quorum
2721 3913 3055 3984 exemplaria
3088 3918 3144 3966 et
3174 3908 3381 3980 ﬁguras
3428 3901 3703 3966 sacriﬁcia,

2124 4031 2248 4089 qua:
2296 4026 2544 4086 persona:
2578 4010 2926 4080 assignantur
2973 4001 3265 4075 pontiﬁcis,
3321 3998 3703 4089 oﬁ‘erebantur,

2127 4086 2365 4166 maxime
2393 4104 2641 4160 umbram
2689 4098 3015 4161 caelestium,
3050 4111 3149 4166 per
3195 4108 3259 4148 ea
3288 4108 3417 4164 qua:
3468 4090 3523 4145 in
3555 4086 3701 4144 terris

2127 4200 2453 4272 agebantur,
2478 4192 2844 4253 ostendentia.
2877 4188 3033 4257 Quod
3059 4186 3379 4242 manifestat
3410 4183 3603 4240 Paulus
3629 4179 3703 4234 sic

2129 4295 2197 4351 de
2229 4291 2457 4347 Domino
2488 4289 2678 4346 dicens
2708 4304 2721 4340 :
2759 4283 2817 4339 Si
2847 4283 2986 4338 enim
3016 4288 3145 4335 esset
3177 4295 3336 4350 super
3368 4287 3582 4336 terram,
3617 4284 3702 4325 nec

2127 4393 2258 4441 esset
2306 4381 2572 4445 sacerdos,
2601 4394 2720 4432 cum
2770 4382 2936 4429 essent
2990 4372 3080 4444 qui
3133 4370 3380 4441 offerrent
3426 4362 3701 4422 secundum

441 4467 531 4517 bos
566 4472 765 4517 uestros
807 4463 863 4516 in
901 4465 1145 4527 veritate,
1175 4450 1597 4518 veritas'autem
1629 4460 1924 4518 Christus:
1955 4462 2027 4518 Et
2059 4478 2103 4540 υ
2132 4481 2293 4550 legem
2330 4490 2550 4530 ηιαηενα
2600 4472 2689 4543 qui
2737 4466 3028 4536 exemplari
3069 4473 3119 4519 et
3168 4463 3372 4517 umbrae
3416 4457 3699 4515 deserviunt

440 4554 615 4610 induti
670 4554 836 4610 lorica
869 4554 1099 4624 justitite
1125 4553 1195 4621 “,
1245 4555 1424 4624 ipsum
1458 4562 1643 4609 autem
1696 4553 1789 4624 qui
1850 4554 2030 4610 factus

440 4655 527 4703 est
551 4646 709 4703 nobis
742 4662 774 4702 a
811 4647 922 4703 Deo
953 4646 1223 4718 sapientia
1246 4653 1303 4701 et
1336 4645 1572 4717 justitia.
1603 4643 1714 4704 Sed
1764 4656 1823 4702 et
1877 4646 2028 4718 galea

440 4753 544 4793 nos
575 4737 769 4793 salutis
802 4735 1007 4794 Paulus
1048 4738 1201 4793 indui
1234 4737 1539 4808 praecepit:
1585 4735 1841 4794 Christus
1879 4739 2029 4793 enim

432 4827 679 4886 salutare
727 4837 836 4898 est,
895 4830 1037 4885 sicut
1069 4826 1303 4902 Symeon
1334 4827 1657 4889 testiﬁcatus
1696 4837 1824 4884 est:
1876 4827 2031 4883 Nunc

438 4921 664 4976 dimittis
722 4937 930 4976 seruum
965 4930 1137 4987 tuum,
1195 4918 1443 4985 Domine,
1474 4921 1762 4974 secundum
1817 4920 2030 4975 uerbum

441 5022 594 5067 tuum
639 5013 704 5067 in
756 5028 907 5083 pace,
950 5013 1076 5084 quia
1132 5013 1376 5066 viderunt
1433 5009 1579 5065 oculi
1630 5013 1735 5066 mei
1790 5010 2032 5066 salutare

443 5113 611 5177 tuum,
643 5104 968 5175 Quicunque
987 5104 1137 5160 enim
1178 5103 1401 5161 Christo
1428 5104 1753 5170 induuntur,
1785 5118 1883 5175 per
1902 5120 2030 5159 cum

336 5256 343 5261 ,
439 5205 495 5252 et
522 5196 736 5253 Patrem
758 5197 1081 5254 induuntur.

513 5287 679 5344 Vleas.
715 5289 902 5348 ιιι-η.
950 5310 968 5343 ι
995 5288 1208 5346 Obtulit
1237 5298 1295 5346 et
1346 5290 1583 5346 vitulum
1633 5305 1734 5362 pro
1776 5283 2025 5360 pecca'to.

443 5396 685 5454 cumque
712 5398 880 5454 super
908 5390 1076 5455 caput
1103 5384 1224 5455 ejus
1264 5384 1580 5456 posuissent
1616 5384 1797 5438 Aaron
1845 5391 1903 5438 et
1932 5382 2026 5437 ﬁlii

442 5474 564 5546 ejus
603 5490 799 5532 manus
832 5489 980 5543 suas,
1038 5476 1345 5532 immolavit
1395 5491 1544 5543 eum,
1575 5476 1841 5532 hauriens
1901 5491 2028 5531 san-

521 5678 569 5749 '_’_
596 5677 806 5749 Ephes.
830 5694 915 5745 ut,
944 5683 997 5749 9,
1033 5683 1119 5740 10.

446 5744 489 5778 ﬂ
830 5694 915 5778 tit,
944 5683 997 5749 9,
1033 5683 1119 5740 10.
1231 5682 1277 5714 ³³
1298 5681 1442 5737 Psal.
1466 5698 1611 5751 κων,
1647 5683 1699 5751 7,
1724 5682 1779 5739 8.

526 5745 815 5816 Hebrxut,
845 5752 898 5806 ι.

1893 5682 1938 5712 ⁸⁵
1963 5678 2163 5752 Ephes.
2203 5694 2277 5742 vi,
2320 5676 2400 5731 Η.

2131 4546 2415 4627 scelestium
2445 4566 2512 4619 ³⁷.
2590 4562 2732 4617 Dicit
2751 4570 2932 4614 autem
2961 4570 3075 4623 eos,
3105 4554 3198 4626 qui
3231 4554 3283 4608 in
3318 4551 3522 4622 templo
3547 4546 3698 4604 Jeru-

2129 4658 2298 4715 salem
2329 4665 2462 4712 tunc
2494 4650 2872 4708 immolabant.
2911 4646 3050 4714 Quia
3079 4658 3211 4701 vero
3241 4642 3489 4715 depinxit
3537 4649 3696 4693 unum

2130 4759 2185 4806 et
2204 4747 2458 4805 eumdem
2486 4745 2790 4809 hominem,
2819 4740 3120 4804 sedentem,
3150 4736 3485 4800 currentem,
3512 4738 3562 4788 et
3584 4744 3701 4784 rur-

2131 4859 2227 4900 sus
2273 4847 2547 4896 stantem:
2582 4836 2899 4892 differentes
2951 4831 3117 4887 etiam
3144 4829 3491 4901 operationes
3519 4822 3700 4880 volens

2131 4948 2425 5007 exponere,
2453 4929 2629 4985 varias
2658 4928 2860 5000 ﬁguras
2889 4925 2955 4980 ad
2975 4921 3402 4993 unumquodque
3429 4918 3544 4990 ejus
3573 4922 3698 4983 opus

2133 5028 2379 5087 dividere
2424 5033 2574 5080 recte
2629 5017 2999 5097 compellitur.
3039 5017 3347 5097 Propterea,
3387 5012 3471 5068 lex
3525 5016 3695 5065 sacer-

2135 5124 2339 5186 dotem,
2370 5119 2427 5173 in
2456 5116 2642 5172 multis
2673 5113 2965 5184 imaginem
2996 5109 3263 5166 ferentem
3303 5103 3535 5167 Domini,
3562 5110 3699 5153 nunc

2135 5214 2369 5271 vitulum
2400 5223 2503 5283 pro
2559 5206 2797 5280 peccatis
2828 5204 3134 5269 immolare,
3178 5209 3234 5256 et
3266 5210 3417 5257 extra
3451 5194 3695 5283 taberna:

2137 5306 2320 5364 colum
2377 5279 2672 5359 incendere
2718 5296 3019 5371 praecepit:
3075 5294 3155 5352 sic
3193 5294 3340 5349 enim
3390 5279 3694 5355 etADomiui

2135 5398 2487 5465 sacriﬁcium,
2519 5396 2586 5451 ad
2639 5378 2974 5449 ablutionem
3025 5401 3237 5447 natura:
3265 5396 3463 5443 nostra
3512 5388 3692 5452 pecca-

2137 5503 2317 5550 torum
2374 5490 2576 5547 factum
2622 5494 2727 5543 est.
2773 5483 2931 5541 Nunc
2975 5492 3160 5540 autem
3198 5484 3393 5539 iterum
3437 5476 3488 5532 ei
3536 5466 3696 5529 sacri-

2517 5672 2560 5703 ⁸⁸
2596 5671 2727 5726 Luc.
2762 5684 2821 5736 ιι,
2855 5670 2948 5736 29,
2993 5670 3082 5727 '50.
3186 5669 3232 5703 ³⁸
3261 5667 3414 5723 lium.
3458 5677 3528 5726 vt,
3558 5657 3608 5723 3,
3638 5652 3691 5711 ι.
