3992 6432
364 426 475 495 881

1532 431 1616 494 IN
1651 431 2095 495 LEVITICUM.
2132 455 2194 466 -
2232 433 2380 492 LIB.
2422 433 2507 493 II.

3544 433 3650 497 832
3676 449 3689 457 ·

367 548 559 605 ﬁcium
588 546 734 603 aliud
782 547 839 603 in
884 548 1205 606 bolocauSto
1264 549 1454 606 arietis
1513 549 1776 621 praecepit
1808 548 1954 604 ﬁeri.
1986 552 2034 610 Α
2128 548 2331 619 Aperte
2359 546 2477 603 haec
2495 546 2708 603 sanctio
2743 562 2935 603 eorum
2969 563 3091 618 quae
3120 547 3265 602 circa
3287 561 3388 603 nos
3414 557 3651 620 aguntur

367 640 683 696 Cruciﬁxus
723 640 870 696 enim
890 641 1129 698 mundus
1154 652 1211 697 et
1238 642 1563 698 renuntians
1589 640 1796 697 mundo
1820 656 1957 696 con-

369 734 633 798 versatio,
680 748 803 804 quae
844 743 931 789 est
977 735 1379 801 holocaustum,
1443 737 1722 792 Christum
1783 735 1953 791 habet

369 824 664 895 primitias,
689 823 1076 896 doctorumque
1105 835 1160 882 et
1194 828 1524 899 exemplum,
1564 824 1975 898 propterquod"

372 915 545 971 dixit:
587 913 691 981 Qui
726 932 835 970 non
869 918 1069 986 accipit
1116 933 1341 983 crucem,
1374 928 1423 973 et
1452 921 1692 990 sequitur
1719 935 1821 982 me,
1858 932 1961 970 non

371 1017 452 1064 est
482 1024 564 1063 me
592 1008 783 1079 dignus
802 1009 848 1041 ³⁸
875 1028 890 1075 ;
922 1010 975 1065 id
1007 1018 1111 1073 est,
1148 1012 1340 1081 quisic
1362 1028 1471 1067 non
1495 1011 1778 1067 renuntiat
1801 1025 1962 1064 mun-

371 1100 467 1166 do,
502 1100 692 1156 sicuta
721 1117 809 1155 me
839 1101 887 1157 ei
937 1102 1195 1157 traditum
1242 1112 1344 1169 est,
1399 1104 1504 1158 hoc
1536 1112 1623 1159 est
1660 1103 1805 1158 enim
1831 1115 1960 1156 eum

373 1190 556 1260 sequi,
590 1205 701 1244 non
725 1199 810 1246 est
834 1208 920 1246 me
949 1192 1167 1265 dignus.
1198 1190 1304 1248 Sed
1331 1194 1491 1265 cujus
1509 1194 1587 1250 rei
1618 1193 1797 1267 gratia.
1821 1192 1962 1248 divi-

372 1277 530 1332 ditur
554 1277 933 1334 holocaustum
962 1280 987 1334 ?

448 1369 619 1424 Pedes
672 1379 850 1426 autent
897 1372 1012 1442 ejus
1064 1384 1114 1428 et
1153 1376 1424 1444 intestina,
1488 1377 1604 1432 sive
1660 1377 1964 1433 secundum

375 1459 544 1527 LXX,
585 1470 783 1527 venter,
818 1463 1086 1521 lat-antur.
1133 1467 1519 1538 Interpretatio
1550 1469 1965 1525 holocautoma-

379 1553 469 1620 lis,
509 1569 630 1624 quae
668 1555 723 1609 in
752 1555 912 1611 initio
941 1557 1064 1613 libri
1090 1558 1230 1615 facta
1259 1569 1364 1625 est,
1415 1559 1751 1616 sullicienter
1779 1561 1965 1631 exple-

376 1645 501 1713 vit:
547 1647 693 1716 quod
747 1657 931 1704 autem
963 1649 1218 1706 immutat
1272 1652 1341 1707 de
1390 1652 1679 1719 sacriﬁcio,
1720 1652 1826 1707 hoc
1863 1666 1964 1706 ne-

374 1738 620 1794 cessarie
652 1739 874 1807 dicitur,
910 1742 1037 1812 quia
1072 1742 1145 1798 ibi
1191 1744 1412 1814 quidem
1438 1755 1622 1815 partes
1658 1743 1777 1801 ﬁeri
1805 1744 1963 1800 obla-

376 1830 591 1885 tionum
622 1832 777 1899 dixit,
800 1848 1006 1904 corpus
1027 1850 1125 1905 per
1152 1836 1256 1891 hoc
1281 1835 1596 1908 signiﬁcans
1625 1845 1681 1892 et
1724 1837 1965 1891 animam

374 1920 581 1977 debere
606 1922 812 1986 oﬁ‘erri,
839 1898 1079 1982 in—nobis
1107 1935 1290 1983 autem
1330 1898 1414 1982 lia:
1435 1928 1755 1993 divisiones,
1775 1936 1966 1999 utpote
1999 1898 2041 1957 Β

373 2027 504 2083 quae
551 2013 654 2068 sibi
687 2015 923 2071 invicem
950 2027 1077 2073 sunt
1107 2021 1419 2087 contrariae,
1465 2021 1772 2077 secundum
1815 2021 1963 2092 quod

374 2103 583 2159 Paulus
611 2104 705 2171 ait,
735 2108 1092 2164 nominantur
1117 2109 1198 2177 ³⁹;
1233 2111 1289 2165 in
1348 2111 1571 2168 Christo
1629 2122 1816 2169 autem
1853 2131 1964 2171 non

375 2205 510 2251 sunt
529 2196 846 2266 divisiones,
875 2199 1153 2256 hominem
1180 2203 1381 2274 quippe
1398 2205 1659 2260 mundum
1689 2222 1719 2260 a
1743 2217 1967 2277 peccato

378 2286 704 2343 incarnatus
734 2298 836 2356 est,
868 2290 960 2360 qui
990 2306 1099 2346 non
1122 2300 1206 2348 est
1235 2293 1442 2350 divisus
1479 2295 1535 2349 in
1560 2297 1819 2367 operibus
1848 2314 1969 2353 car-

378 2376 491 2439 nis,
527 2376 727 2446 quibus
759 2378 1080 2435 adversatur
1111 2380 1358 2452 spiritus,
1397 2393 1621 2455 propter
1668 2386 1815 2457 quod
1864 2404 1969 2447 nec

377 2467 713 2523 divisionum
736 2469 792 2524 in
823 2486 890 2525 eo
955 2471 1223 2527 sacriﬁcio
1277 2475 1365 2529 lex
1436 2477 1756 2548 memoriam
1812 2477 1964 2535 fecit.

380 2560 490 2616 Pro
521 2576 590 2617 eo
617 2571 800 2617 autem
850 2565 996 2634 quod
1053 2565 1283 2621 vitulum
1326 2566 1555 2638 quidem
1609 2568 1663 2623 in
1717 2580 1965 2641 peccato,

380 2651 610 2706 arietem
636 2662 820 2709 autem
855 2655 912 2709 in
940 2656 1321 2712 holocaustum
1347 2650 1602 2714 sacerdos
1622 2659 1838 2729 oﬁ‘eret,
1864 2663 1969 2719 hoc

383 2742 634 2799 absolute
664 2744 751 2800 lex
776 2747 1063 2819 signiﬁcat,
1099 2758 1159 2804 ut
1184 2750 1311 2820 quia
1348 2752 1694 2809 conversatio
1720 2754 1967 2825 perfecta
2010 2804 2021 2815 ρ

385 2849 484 2904 per
521 2836 978 2895 holocautomatis
1035 2842 1375 2898 oblationem
1415 2847 1783 2918 cognoscitur,
1818 2849 1966 2904 aries

383 2931 697 2985 necessario
721 2930 774 2984 in
803 2931 1134 2988 sacriﬁcium
1177 2935 1438 2994 oﬁ‘t-ratur
1469 2939 1610 3005 ;,hic
1637 2940 1839 3012 quippe
1869 2922 1971 2996 du-

382 3023 567 3093 catum
608 3018 855 3087 praebere
901 3021 1095 3077 ovibus
1125 3022 1389 3081 euntibus
1447 3025 1504 3081 in
1538 3043 1759 3098 pascua,
1811 3039 1867 3086 et
1903 3030 1972 3085 ad

383 3122 666 3178 egressum
702 3109 1115 3182 ingressumque
1141 3129 1171 3169 a
1204 3116 1394 3181 caulis,
1429 3126 1493 3172 et
1522 3119 1575 3172 in
1604 3121 1788 3176 caulas
1808 3122 1968 3189 solet,

384 3199 524 3253 sicut
551 3209 606 3255 et
629 3200 885 3258 Christus
916 3203 1027 3259 dux
1055 3206 1308 3275 perlecta:
1334 3213 1770 3268 conversationis
1804 3224 1909 3281 est,
1939 3231 1970 3270 a

382 3306 491 3360 quo
517 3291 771 3348 videlicet
790 3296 1025 3366 sumpsit
1049 3298 1356 3365 exordium,
1388 3310 1553 3372 atque
1596 3303 1722 3359 ideo
1760 3304 1971 3362 intrare

389 3398 486 3451 per
504 3399 588 3449 se,
618 3392 675 3439 et
703 3386 853 3440 exire
882 3387 1076 3445 ovibus
1104 3391 1473 3461 praecipiebat.

456 3474 621 3531 γωδ.
653 3478 845 3534 9.2-9.9.
877 3477 1090 3536 Obtulit
1137 3492 1193 3538 et
1245 3483 1472 3540 arietem
1524 3489 1848 3557 secundum,
1916 3492 1970 3547 in

384 3571 860 3628 consecrationem
918 3576 1264 3633 sacerdotum
1290 3618 1306 3643 ,
1354 3594 1765 3656 posuerutttquc
1808 3603 1974 3659 super

383 3668 548 3729 caput
570 3661 690 3729 ejus
710 3662 911 3729 Aaron,
933 3672 989 3719 et
1009 3664 1103 3719 ﬁlii
1121 3666 1242 3737 ejus
1258 3684 1454 3725 manus
1473 3686 1620 3729 suas.
1644 3673 1819 3741 Quem
1846 3693 1968 3733 cum

385 3751 725 3809 immolasset
776 3755 1011 3828 Moyses,
1050 3774 1276 3815 sumens
1304 3760 1372 3816 de
1440 3765 1726 3834 sanguine,
1797 3771 1972 3841 tetigit

384 3852 695 3900 extremum
732 3847 994 3903 auriculre
1016 3850 1221 3906 dextrae
1253 3851 1435 3909 Aaron
1474 3864 1530 3911 et
1568 3858 1815 3927 pollicem
1854 3865 1971 3916 ina-4

385 3951 490 3991 nus
523 3937 646 4007 ejus
674 3938 897 4003 dextrze,
928 3941 1182 3998 similiter
1211 3953 1267 3999 et
1289 3946 1441 4015 pedis
1470 3948 1670 4016 dextri,
1701 3951 1972 4010 obtulitet

383 4026 525 4082 ﬁlios
551 4029 752 4085 Aaron.
785 4031 1032 4103 Cumque
1053 4035 1120 4090 de
1151 4037 1419 4106 sanguine
1463 4038 1654 4097 arietis
1703 4041 1969 4101 immolati

382 4121 652 4190 tetigisset
697 4131 1002 4178 extremum
1053 4127 1314 4182 auriculae
1371 4130 1708 4202 singulorum
1739 4135 1967 4204 dextrar,

379 4217 435 4263 et
472 4210 696 4280 pollices
721 4231 914 4272 manus
944 4233 1012 4273 ac
1066 4219 1220 4288 pedis
1258 4221 1459 4289 dextri,
1532 4224 1800 4295 reliquum
1830 4229 1970 4285 ludit

381 4316 553 4371 super
577 4303 747 4361 altare
773 4306 827 4362 in
874 4310 1126 4366 circuitu.
1160 4313 1399 4384 Adipem‘
1425 4331 1554 4372 vero
1603 4329 1659 4373 et
1713 4322 1965 4389 caudam,

381 4406 714 4466 omnemque
735 4399 1121 4471 pinguedinem
1145 4420 1270 4475 quae
1301 4406 1479 4477 operit
1517 4408 1796 4478 intestina,
1839 4415 1971 4468 reti-

378 4486 900 4559 culumquejecoris,
927 4502 980 4549 et
995 4494 1134 4552 duos
1154 4513 1314 4554 renes
1335 4515 1458 4557 cum
1473 4501 1725 4573 adipibus
1744 4505 1879 4572 suis,
1914 4515 1970 4561 et

2062 639 2447 713 mysteriorum
2504 639 2730 711 exponit
2769 639 3144 706 traditionem,
3194 649 3250 695 et
3281 639 3481 710 pascha
3534 656 3652 711 my-

2061 730 2279 797 sticum,
2319 731 2465 801 quod
2487 731 2739 787 Christus
2782 747 2908 787 cum
2935 730 3221 802 discipulis
3249 730 3364 786 suis
3387 730 3649 794 comedit,

2061 822 2330 894 signiﬁcat
2352 824 2498 895 quod
2518 824 2711 880 docent
2735 839 2797 879 ea
2820 838 2940 894 qua:
2961 839 3060 895 per
3085 833 3270 894 partes
3298 823 3355 878 in
3384 822 3652 878 sacriﬁcio

2062 915 2246 987 peragi
2272 917 2691 988 praecipiantur.

2133 1006 2330 1063 Obtulit
2358 1018 2415 1063 et
2443 1009 2661 1065 arietem
2688 1012 2973 1065 secundum
3013 1012 3065 1064 in
3101 1010 3544 1064 consecrationem
3563 1024 3652 1062 sa-

2066 1099 2353 1153 cerdotum.
2368 1099 2513 1156 LXX
2532 1110 2714 1156 autem
2745 1101 2915 1157 edunt
2938 1118 2952 1154 :
2983 1100 3185 1157 Obtulit
3207 1100 3405 1172 Moyses
3427 1096 3650 1153 arietem

2063 1189 2356 1243 secundum
2378 1190 2766 1260 explicationis.
2805 1192 2977 1248 [lecte
3024 1208 3218 1248 eorum
3263 1191 3412 1263 quod
3462 1191 3518 1245 in
3548 1205 3651 1245 nos

2065 1281 2396 1336 celebratum
2429 1293 2514 1337 est
2539 1284 2876 1355 mysterium,
2913 1284 3242 1340 sacriﬁcium
3266 1284 3651 1354 explicationis

2067 1375 2412 1444 appellatur;
2462 1375 2643 1444 ipsum
2680 1375 2827 1430 enim
2883 1391 2986 1431 nos
3047 1375 3277 1445 perfecit
3325 1391 3451 1430 cum
3499 1375 3651 1444 prius

2067 1465 2359 1521 fuissemus
2376 1464 2572 1520 inﬁrmi
2593 1482 2609 1533 ;
2629 1476 2683 1521 et
2704 1466 2774 1521 ab
2803 1465 3122 1537 imperfecta
3147 1466 3303 1522 lactis
3320 1464 3645 1521 educatione

2068 1558 2344 1629 produxit,
2370 1558 2423 1613 id
2451 1566 2536 1613 est
2572 1558 2642 1613 ab
2664 1573 2729 1613 ea
2759 1574 2884 1629 qua:
2925 1559 2980 1612 in
3003 1558 3122 1630 lege
3146 1568 3250 1623 est,
3280 1558 3348 1613 de
3373 1573 3478 1628 qua
3506 1556 3652 1611 Pau-

2067 1650 2154 1704 lus
2179 1649 2346 1704 dicit‘:
2380 1649 2561 1705 Omnis
2586 1650 2725 1704 enim
2753 1650 2842 1721 qui
2874 1649 3026 1704 lactis
3054 1658 3131 1703 est
3162 1649 3446 1719 particeps,
3469 1664 3675 1717 expers.

2068 1751 2143 1796 est
2165 1744 2421 1797 sermonis
2450 1742 2693 1811 iustitiae,
2727 1742 2981 1813 parvulus
2998 1743 3135 1797 enim
3154 1751 3229 1796 est
3249 1741 3315 1795 ⁸⁸.
3337 1741 3405 1799 Et.
3427 1755 3650 1796 rursus:

2069 1832 2219 1888 Nihil
2239 1842 2416 1888 autem
2438 1835 2510 1890 ad
2527 1837 2814 1906 perfectum
2848 1834 3076 1889 adduxit
3106 1832 3209 1899 lem,
3239 1833 3657 1887 subintroductio

2069 1932 2246 1979 autem
2294 1925 2518 1995 majoris
2562 1927 2672 1996 spei
2727 1941 2845 1997 qua:
2881 1927 3009 1980 data
3061 1933 3157 1992 est,
3192 1925 3246 1978 in
3297 1924 3397 1979 hac
3445 1940 3537 1978 nos
3565 1939 3655 1993 spe

2069 2016 2341 2071 constituit
2374 2017 2441 2069 δι.
2501 2016 2888 2073 Verumtamen
2936 2016 3266 2073 sacriﬁcium
3324 2015 3429 2071 hoc
3480 2030 3602 2070 eam
3629 2053 3644 2078 ,

2069 2122 2188 2177 quae
2219 2107 2363 2163 dicta
2400 2116 2486 2164 est
2515 2109 2690 2180 major
2715 2124 2862 2180 spes,
2909 2124 3009 2180 per
3039 2124 3203 2180 quam
3255 2121 3475 2178 semper
3522 2122 3650 2178 pro-

2069 2201 2397 2272 pinquamus
2418 2201 2485 2257 ad
2517 2202 2864 2259 serviendum
2896 2202 3026 2267 Deo,
3060 2202 3257 2257 innuit.
3297 2201 3412 2256 Cur
3466 2209 3651 2255 autem

2069 2294 2233 2361 aries,
2259 2295 2534 2351 secundus
2575 2295 2667 2353 hic
2719 2310 2869 2350 nunc
2910 2295 3055 2351 aries
3095 2294 3459 2351 nominatur?
3516 2292 3652 2360 Quia

2070 2386 2320 2443 videlicet
2341 2386 2498 2458 prius
2522 2386 2810 2460 ﬁguratam
2846 2401 3028 2454 ovem,
3059 2401 3183 2440 cum
3238 2384 3502 2456 apostolis
3540 2398 3652 2439 caeo

2071 2494 2209 2536 nans
2246 2479 2512 2536 Dominus
2541 2489 2731 2551 postea
2771 2494 2932 2535 suum
2970 2478 3172 2535 obtulit
3221 2476 3573 2538 sacriﬁcium,
3597 2485 3653 2531 et

2071 2570 2316 2626 secundo
2348 2570 2492 2626 sicut
2536 2585 2695 2626 ovem
2724 2569 2851 2641 ipse
2870 2568 3230 2638 semetipsum
3261 2565 3484 2633 occidit,
3506 2564 3661 2636 quod.

2071 2659 2450 2715 demonstrant
2475 2659 2783 2730 sequentia.

2146 2748 2543 2822 Posueruntque
2569 2750 2752 2804 Aaron
2771 2749 3290 2820 et'ﬁlii‘ejusmauus
3327 2764 3452 2803 suas
3499 2763 3675 2817 super.

2073 2851 2230 2914 caput
2244 2842 2379 2913 ejus.
2410 2841 2576 2908 Quem
2594 2858 2713 2896 cum
2733 2842 3055 2897 immolasset
3075 2839 3302 2911 Moyses.
3326 2837 3651 2894 Necessarie

2073 2933 2235 2990 simul
2268 2949 2391 2989 cum
2416 2935 2601 2990 Aaron
2630 2941 2686 2990 et
2737 2933 2833 2988 ﬁlii
2861 2933 2983 3004 ejus
3032 2947 3197 3003 super
3255 2938 3422 3001 caput
3468 2930 3657 2984 arietis

2074 3041 2272 3083 manus
2303 3026 2613 3097 imponunt,
2667 3025 2795 3096 quia
2842 3038 3195 3082 communem
3250 3036 3463 3079 uenam
3496 3019 3656 3076 festi-

2072 3117 2256 3173 vitatis
2286 3115 2566 3172 Paschalis
2610 3132 2736 3171 cum
2781 3116 2896 3171 suis
2927 3115 3179 3171 Christus
3203 3112 3484 3182 discipulis
3501 3112 3654 3168 cele-

1997 3248 2040 3306 ο
2075 3210 2272 3271 bra-vit.
2297 3209 2435 3266 Cum
2475 3210 2625 3264 enim
2669 3208 2935 3279 quosdam
2975 3206 3365 3306 discipulorum
3412 3204 3480 3260 ad
3511 3220 3653 3274 prae.

2075 3300 2435 3371 parationem.
2450 3300 2674 3365 domus,
2697 3300 2753 3355 in
2776 3315 2884 3371 qua
2916 3297 3125 3353 Pascha
3145 3296 3525 3353 celebra-turus
3537 3302 3658 3352 erat

2078 3391 2357 3461 dirigeret,
2390 3392 2472 3447 sic
2503 3391 2626 3446 aitcz
2688 3391 2854 3446 Dicite
2896 3387 3280 3460 patrifamilias
3346 3387 3475 3458 quia
3522 3402 3669 3440 ma-.

2072 3483 2238 3553 gister
2283 3483 2455 3536 dicit:
2493 3480 2590 3536 Ubi
2639 3480 3101 3539 est-diuersorium
3158 3478 3246 3532 ubi
3286 3477 3484 3548 pascha
3537 3493 3660 3531 cum

2072 3572 2348 3643 discipulis
2402 3572 2532 3626 meis
2584 3570 3011 3639 manducem’f‘?
3064 3570 3170 3625 Sed
3218 3567 3427 3640 Moyses
3481 3567 3657 3625 sacri—

2072 3664 2255 3720 ﬁcium
2292 3666 2396 3720 hoc
2422 3663 2682 3725 celebrat.
2714 3663 2840 3734 quia
2874 3664 3044 3734 magis
3065 3662 3134 3717 ab
3167 3662 3285 3717 aliis
3310 3662 3424 3731 ipse
3450 3659 3685 3715 Christi-

2073 3755 2297 3826 ﬁguram
2322 3754 2480 3826 gerit.
2512 3753 2668 3809 Tunc
2683 3762 2865 3808 autem
2882 3754 3123 3807 maxime
3147 3751 3473 3808 sacriﬁcium
3492 3766 3655 3806 suum

2069 3845 2322 3901 Christus
2350 3844 2665 3910 celebravit,
2696 3844 2841 3900 unde
2863 3854 2917 3900 ct
2950 3844 3082 3899 illud
3111 3843 3329 3913 incipit;
3355 3841 3478 3897 vide
3507 3841 3653 3897 enim

2072 3938 2379 4010 sequentia.

2143 4028 2309 4094 Quem
2339 4045 2457 4083 cum
2495 4027 2819 4083 immolasset
2870 4026 3090 4097 Moyses,
3142 4039 3354 4079 sumens
3409 4025 3473 4078 de
3523 4039 3655 4078 san-

2071 4121 2244 4194 guine,
2301 4121 2471 4193 tetigit
2499 4129 2794 4175 extremum
2834 4117 3089 4173 auricula:
3128 4117 3326 4171 dextra:
3379 4115 3560 4169 Aaron
3604 4125 3677 4170 et.

2069 4210 2308 4281 pollicem
2338 4227 2528 4266 manus
2552 4209 2665 4281 ejus
2689 4209 2887 4265 dextra:
2920 4209 3162 4263 similiter
3202 4217 3249 4262 et
3276 4207 3421 4277 pedis
3458 4207 3654 4270 dextri,

2070 4304 2257 4359 obtulit
2279 4312 2331 4360 et
2376 4303 2513 4375 ﬁlios
2561 4303 2762 4358 Aaron.
2807 4300 3040 4373 Cumque
3083 4309 3146 4356 ae
3172 4302 3433 4372 sanguine
3472 4301 3656 4356 arietis

2070 4394 2331 4449 immolati
2381 4395 2627 4467 tetigisset
2681 4403 2969 4449 extremum
3026 4392 3286 4447 auricula:
3332 4391 3655 4463 singulorum

2069 4485 2268 4540 dextra:
2287 4495 2335 4541 et
2351 4485 2565 4555 pollices
2589 4501 2778 4540 manus
2796 4501 2858 4538 ac
2872 4485 3019 4555 pedis
3037 4488 3157 4538 dexl
3165 4483 3230 4548 ri,
3247 4483 3501 4554 reliquum
3521 4484 3655 4552 fudit

379 4593 537 4633 armo
560 4580 752 4638 dextro
806 4588 1100 4654 separavit.
1142 4588 1361 4646 Tollens
1409 4572 1595 4650 autem
1623 4595 1692 4651 de
1725 4598 1967 4654 canistro

2074 4590 2232 4642 super
2259 4572 2434 4628 altare
2480 4590 2573 4645 per
2599 4574 2901 4628 circuitum.
2952 4573 3087 4643 Quis
3107 4572 3472 4635 sit,sacriﬁciit
3493 4573 3675 4643 hujus,

377 4679 878 4745 azymorum,quod
905 4685 1022 4733 erat
1049 4695 1232 4736 coram
1262 4681 1515 4752 Domino,
1537 4702 1732 4756 panem
1762 4690 1972 4761 absque

379 4761 655 4818 fermento
683 4775 739 4821 et
764 4768 1082 4840 collyridam
1108 4788 1460 4845 conspersam
1508 4780 1650 4847 oleo,
1680 4781 1970 4853 laganum-

377 4869 508 4925 que,
551 4857 735 4926 posuit
762 4875 929 4930 super
949 4863 1159 4934 adipes,
1202 4873 1261 4921 et
1290 4884 1502 4924 armum
1543 4870 1822 4937 dextrum,
1859 4884 1972 4931 tra--

378 4945 518 5001 dens
546 4946 707 5002 simul
732 4952 918 5006 omnia
941 4952 1122 5008 Aaron
1145 4964 1204 5011 et-
1231 4957 1510 5028 ﬁliisejus.
1540 4960 1641 5026 Qui
1672 4973 1962 5034 postquam

378 5037 701 5093 levaverunt
721 5056 993 5098 ea‘corum
1050 5044 1326 5113 Dontino,‘
1357 5065 1573 5105 rursum
1609 5064 1863 5125 suscepta
1896 5057 1965 5112 de

377 5129 637 5186 manibus
659 5147 873 5200 eorum,
911 5136 1149 5193 adolevit
1199 5155 1367 5210 super
1417 5142 1589 5198 altsre
1629 5144 1961 5212 holocausti,

377 5237 446 5277 eo
490 5226 635 5295 quod
678 5229 1110 5288 consecrationis
1155 5243 1299 5289 esset
1350 5235 1572 5299 oblatio,
1625 5239 1677 5292 in
1732 5240 1961 5296 odorem

377 5318 665 5374 suavitatis
717 5322 967 5379 sacriﬁcii
996 5324 1232 5381 Domini.
1282 5327 1429 5383 Tulit
1456 5339 1510 5384 et
1553 5334 1960 5400 pectusculum,

375 5405 600 5489 elevans
628 5410 757 5468 illud
788 5429 971 5470 coram
1029 5416 1277 5484 Domino,
1318 5420 1385 5474 de
1444 5422 1619 5476 ariete
1666 5440 1961 5479 consecra-

378 5500 551 5556 tionis
599 5504 654 5558 in
689 5518 897 5575 partem
924 5524 1104 5578 suam,
1157 5511 1299 5567 sicut
1359 5514 1618 5583 prmcepit
1671 5516 1720 5570 ei
1775 5516 1963 5572 Denti-

375 5610 507 5654 nus.
546 5616 565 5648 ι

439 5772 487 5807 ⁸³
518 5776 913 5858 M_a_tth._;t._38_.
990 5782 1034 5815 ³³
1072 5782 1348 5858 liom._vn,
1388 5784 1409 5837 l
1445 5802 1596 5858 seqq.

375 5863 504 5914 xxv,
549 5848 636 5903 te.
713 5849 759 5883 ⁸⁵
789 5850 931 5907 Psal.
979 5869 1162 5918 xxxix,
1215 5855 1266 5908 3.

1700 5788 1742 5820 ⁵ο
1776 5788 1939 5845 llebr.
1976 5790 2145 5869 νιιό.
2219 5790 2259 5822 ⁵⁸
2292 5789 2454 5846 Hebr.
2488 5807 2578 5856 vn,
2618 5790 2701 5846 19.

2073 4665 2320 4731 cﬂcctus,
2354 4665 2543 4721 unctio
2570 4666 2784 4721 aurium
2817 4675 3187 4730 etmanuum.
3219 4665 3530 4736 pedumque
3558 4665 3683 4720 de-.

2074 4765 2339 4812 monstrat
2366 4774 2381 4812 :
2421 4772 2520 4827 pro
2536 4757 2843 4819 obedientia
2864 4759 3458 4828 quippeuostratactio
3485 4757 3653 4825 bona,
3672 4816 3689 4829 ,η

2069 4859 2232 4920 atque
2266 4849 2611 4906 conversatio
2631 4850 3154 4911 celebratur._Umle
3176 4859 3231 4904 et
3258 4865 3420 4905 aures
3450 4858 3657 4905 nostra:

2070 4949 2399 5012 unguntur,-
2442 4949 2501 4996 ut
2556 4940 2927 4999 inobedientia
3004 4942 3173 4996 Adam
3225 4949 3477 4997 carentes
3519 4940 3656 4998 Uni-

2071 5032 2238 5103 geniti
2269 5032 2637 5089 obedientiam
2696 5042 3122 5103 consequantur.
3158 5032 3287 5088 Post
3327 5033 3446 5089 haec
3470 5040 3656 5088 extre-
3692 5055 3697 5059 -

2071 5142 2158 5180 ma
2188 5141 2447 5181 manuum
2493 5136 2771 5197 unguntur
2798 5134 2853 5180 et
2892 5126 3111 5194 pedum,
3159 5125 3286 5195 quia
3318 5140 3428 5178 non
3476 5124 3703 5196 soluat,

2072 5233 2290 5282 manus,
2323 5216 2419 5273 sed
2445 5226 2501 5273 et
2521 5217 2689 5287 pedes
2723 5231 2822 5285 pro
2855 5216 3070 5271 actione
3114 5215 3482 5285 accipiuntur,
3508 5214 3656 5284 quod

2073 5311 2334 5378 j‘robatur
2379 5326 2448 5366 ex
2475 5325 2542 5365 co
2591 5309 2736 5379 quod
2772 5309 2937 5365 David
2977 5308 3150 5364 dicit:
3182 5307 3284 5362 Pes
3321 5323 3467 5361 meus
3511 5307 3655 5361 stetit

2069 5404 2124 5455 in
2174 5403 2259 5457 via
2318 5413 2459 5457 recta
2484 5404 2547 5456 ⁸³.
2591 5401 2653 5460 Et
2705 5418 2938 5458 rursus:
2971 5400 3171 5455 Statuit
3221 5416 3387 5470 supra
3447 5408 3677 5470 petram,

2074 5498 2229 5558 pedes
2262 5507 2401 5546 meos
2421 5491 2488 5545 ".
2523 5491 2658 5558 Quia
2692 5500 2873 5546 autem
2903 5490 3153 5545 actiones
3183 5490 3445 5560 quasdam
3480 5488 3655 5543 bonas

2069 5586 2331 5654 quasdam
2350 5594 2532 5640 autem
2562 5584 2729 5639 malas
2762 5583 3044 5647 habemus,
3071 5591 3126 5636 et
3144 5581 3370 5654 ﬁguram
3388 5579 3675 5655 malorunr

2816 5789 2861 5823 ⁸³
2898 5788 3032 5846 Luc.
3068 5804 3202 5854 χχιι.
3241 5786 3324 5844 ll.
3433 5787 3479 5820 “
3509 5786 3654 5845 Paul.
