3992 6394
362 332 470 398 883

1575 352 1938 417 HESYCHII
1974 359 2365 426 PBESBYTE
2372 367 2453 426 R1

3543 374 3647 438 831

362 448 587 550 sinistra
632 454 797 524 gerit,
824 464 973 513 recte
1025 457 1217 514 dextra
1264 460 1505 532 ungitur.
1555 462 1952 524 Confortantur
1982 478 2022 534 Λ
2055 491 2209 545 aqum
2249 477 2364 546 ejus
2412 478 2592 547 ﬁdeles
2645 486 2788 545 sunt,
2838 497 3010 550 regem
3057 482 3324 537 indecore
3371 500 3470 539 suo
3510 489 3657 543 ride-

268 558 276 566 ί
366 546 593 601 enimea
617 562 737 617 quae
755 559 1122 621 unguntur,et
1146 552 1525 621 destruuntur,
1554 566 1719 627 atque
1739 560 1954 630 disper-

367 639 572 693 duntnr
608 654 672 695 ea
724 657 846 712 quae
870 657 981 697 non
1010 654 1310 716 unguntur,
1341 647 1486 717 quod
1517 658 1704 719 aperte
1724 652 1954 708 d'emon-

366 743 503 789 strat
534 734 855 806 diaperdens
884 736 1175 810 Egyptum
1204 740 1452 811 angelus,
1475 742 1603 812 quia
1645 744 1734 799 ubi
1772 747 1960 801 unctio

368 827 630 883 immolati
682 830 1081 898 inveniebatur,
1144 848 1255 887 non
1314 835 1675 904 percutiebat.
1715 838 1823 893 Sed
1879 852 1958 894 ta-

369 938 494 975 men
538 923 747 993 primus
799 927 1055 981 sacerdos
1094 929 1357 999 sanguine
1385 938 1443 985 et
1503 941 1625 1001 post
1674 948 1800 988 eum
1857 935 1955 990 ﬁlii

367 1016 489 1083 ejus
536 1019 837 1073 sectandum
896 1020 1074 1092 legem
1126 1024 1509 1094 angebantur:
1564 1028 1693 1099 quia
1734 1038 1789 1083 et
1841 1029 1959 1100 ipse

367 1109 632 1164 Dominus
692 1109 902 1181 primus
960 1113 1017 1167 in
1074 1129 1231 1170 cinna
1288 1116 1501 1173 mistica
1563 1120 1957 1192 intelligibilem

368 1203 581 1272 accepit
614 1204 957 1273 sanguinem,
999 1216 1164 1277 atque
1201 1208 1400 1265 deinde
1429 1210 1655 1265 calicem
1694 1214 1960 1283 apostolis

369 1288 537 1350 dedit.
570 1295 675 1350 Sed
715 1312 843 1353 ecce
874 1297 1151 1368 legislator
1173 1301 1263 1357 hic
1287 1312 1411 1372 post
1431 1304 1749 1360 unctionem
1773 1305 1957 1363 Aaron

370 1394 426 1442 et
464 1387 721 1454 ﬁliorum,
744 1389 987 1445 subdidit
1011 1409 1024 1444 :
1796 1466 1801 1471 _

440 1478 518 1534 De
535 1482 796 1551 sanguine
830 1482 1092 1553 reliquum
1115 1485 1251 1555 fudit
1273 1502 1432 1557 super
1452 1488 1627 1546 altare
1653 1491 1955 1547 circuitum.

440 1573 595 1641 Quod
655 1583 710 1629 et
771 1576 1051 1632 Christum
1101 1578 1297 1635 fecisse
1360 1580 1716 1653 invenimus;
1762 1585 1958 1641 bibens

373 1666 522 1721 cnim
581 1666 719 1737 ipse,
775 1677 832 1724 et
876 1670 1138 1738 apostolis
1170 1672 1360 1728 bibere
1389 1674 1544 1740 dans,
1593 1684 1723 1733 tunc
1753 1677 1955 1733 intelli-

374 1757 592 1829 gibilem
644 1757 963 1830 sanguinem
1012 1775 1179 1830 super
1219 1762 1432 1829 altare,
1484 1765 1743 1821 videlicet
1793 1782 1954 1823 suum

375 1863 596 1919 corpus,
630 1847 844 1905 eﬁ‘udit.
876 1848 1091 1919 Corpus
1120 1859 1306 1906 autem
1347 1852 1552 1908 Christi
1583 1852 1823 1912 Ecclesia
1850 1865 1953 1920 est,

375 1948 432 1994 et
481 1940 660 1995 onmis
709 1940 862 2010 plebs
918 1941 1071 2012 ejus,
1127 1942 1274 2012 quod
1327 1942 1638 2013 specialiter
1683 1945 1958 2001 dicentem

375 2032 621 2090 Marcum
646 2033 956 2090 invenimus
983 2059 994 2089 :
1027 2034 1093 2088 Et
1124 2052 1356 2098 sunteas,
1389 2038 1597 2108 gratias
1626 2054 1785 2109 agens
1812 2040 1955 2092 dedit

374 2128 487 2181 eis:
516 2136 565 2181 et
611 2127 845 2181 biberunt
882 2144 947 2182 ea:
979 2144 1038 2182 eo
1068 2116 1269 2187 omnes.
1318 2139 1370 2184 ct
1412 2131 1546 2185 dixit
1586 2132 1660 2186 eis
1694 2147 1712 2186 :
1761 2132 1859 2186 llic
1887 2141 1962 2186 est

373 2220 591 2290 sanguis
620 2236 762 2274 meus
792 2220 913 2274 novi
951 2222 1274 2284 testamenti,
1310 2223 1400 2293 qui
1435 2239 1531 2293 pro
1562 2222 1741 2278 multis
1774 2225 1963 2294 effusus

373 2308 526 2365 est".
559 2307 655 2363 llis
676 2309 1015 2365 conveni-unt
1046 2326 1110 2365 ea
1140 2327 1267 2381 quae
1296 2321 1635 2382 sequuntur:

443 2420 666 2487 Adipem
716 2430 893 2475 autem
939 2429 987 2476 et
1034 2423 1285 2485 caudam,
1343 2438 1652 2496 omnemque
1682 2425 1963 2495 pinguedi-

370 2529 492 2568 nem
538 2529 655 2584 qua:
696 2514 863 2581 operit
908 2513 1177 2578 intestina,
1226 2514 1611 2586 reticulumque
1645 2516 1862 2586 jecoris,
1914 2527 1964 2572 et

372 2605 504 2658 duos
551 2620 696 2657 renes
735 2621 850 2658 cum
882 2604 1134 2673 adipibus
1175 2605 1306 2670 suis,
1352 2616 1400 2659 et
1427 2621 1579 2659 armo
1612 2606 1797 2661 dextro
1820 2621 1967 2673 sepa-

372 2699 530 2754 ravit.
579 2697 682 2752 I’ro
726 2697 896 2751 cauda
945 2695 1089 2751 LXX
1138 2695 1394 2757 lumbum.
1444 2705 1501 2751 et
1550 2712 1651 2766 pro
1682 2698 1963 2765 intestinis,

372 2788 738 2851 ventriculum,
772 2796 827 2843 et
858 2802 959 2857 pro
987 2786 1207 2841 reticulo
1236 2786 1457 2857 jecoris,
1495 2788 1719 2857 pinnam
1762 2788 1967 2860 liepatis

374 2880 688 2936 ediderunt.
735 2879 906 2949 Cujus
952 2888 1138 2937 autem
1189 2879 1308 2934 haec
1353 2879 1581 2951 ﬁguram
1629 2890 1863 2951 gerunt,
1910 2882 1965 2936 in

375 2972 599 3030 salutari
652 2971 949 3036 sacriﬁcio,
991 2986 1089 3026 seu
1143 2971 1530 3043 paciﬁcorum,
1588 2987 1687 3043 per
1756 2973 1967 3044 singula

375 3068 684 3123 discussum
713 3075 818 3121 est.
840 3062 961 3120 Non
989 3064 1194 3120 frustra
1222 3072 1408 3120 autem
1431 3081 1493 3121 ea
1521 3081 1673 3122 nunc
1706 3066 1761 3122 in
1791 3067 1965 3123 ariete

377 3158 872 3215 consummationis
941 3167 1357 3225 commemorat,
1420 3158 1518 3215 sed
1578 3160 1706 3230 quia
1764 3159 1970 3217 Christi

378 3250 672 3323 mysticum
710 3250 944 3317 Pascha,
975 3257 1033 3305 et
1061 3264 1254 3305 eorum
1295 3250 1605 3321 perceptio,
1635 3251 1705 3306 ad
1734 3251 1967 3307 salutem

380 3341 665 3397 hominum
711 3340 983 3411 provenit,
1039 3340 1242 3413 quibus
1290 3340 1580 3398 doctorum
1631 3342 1971 3414 supermdiﬁ-

381 3449 510 3490 care
537 3432 847 3504 sequentia,
874 3432 1050 3490 nostri
1083 3434 1329 3505 mysterii
1366 3443 1640 3506 praeparat
1667 3436 1863 3492 virtus.

454 3522 657 3579 Tollens
721 3532 899 3578 autem
946 3524 1011 3577 de
1056 3524 1285 3579 canistro
1314 3541 1644 3596 azymorum,
1691 3528 1831 3598 quod
1858 3537 1973 3582 erat

383 3631 565 3673 coram
610 3614 851 3677 Domino,
902 3630 1093 3684 panem
1133 3615 1327 3687 absque
1368 3618 1644 3687 fermento,
1681 3629 1730 3671 et
1759 3617 1975 3689 collyri-

384 3710 511 3767 dam
540 3725 872 3780 conspersum
895 3710 1026 3771 oleo,
1051 3709 1427 3783 laganumque.
1447 3708 1553 3766 Pro
1578 3701 1814 3765 canistro
1845 3726 1975 3780 azy-

387 3817 617 3866 morum,
657 3800 801 3858 LXX
831 3803 1121 3861 canistrum
1166 3803 1633 3860 consummationis
1663 3802 1972 3858 ediderunt.

386 3892 493 3948 Per
537 3892 834 3949 canistrum
904 3902 1089 3950 autem
1150 3892 1675 3958 consummationis,
1736 3892 1976 3964 linguam

389 3983 604 4039 Domini
644 3983 1038 4055 intelligimus;
1096 3984 1210 4039 sola
1255 3985 1458 4055 quippe
1487 3984 1819 4055 praecipuam
1850 3998 1977 4053 pcr-

388 4074 692 4145 leetamque
739 4075 1045 4130 doctrinam
1097 4074 1423 4130 introduxit.
1461 4072 1689 4144 Propter
1716 4073 1863 4143 quod
1895 4072 1980 4129 di-

389 4168 577 4225 ccbat:
628 4167 750 4222 Non
792 4169 909 4222 veni
949 4167 1147 4223 solvere
1192 4166 1375 4239 legem,
1402 4167 1494 4221 sed
1538 4165 1756 4235 implere
1774 4166 1857 4234 ης
1890 4173 1977 4220 ut-

388 4272 519 4333 pote
562 4261 679 4333 ipse
718 4261 955 4332 implens
988 4276 1110 4332 quae
1153 4255 1335 4317 minus
1366 4258 1609 4316 erantin
1658 4258 1795 4330 lege.
1830 4258 1979 4316 Bene

390 4361 573 4408 autem
620 4368 741 4409 eam
781 4364 837 4411 et
879 4352 1203 4416 canistrum,
1245 4359 1356 4406 tam
1387 4359 1612 4422 propter
1663 4359 1980 4406 contextum
2034 4368 2041 4381 λ

390 4445 659 4501 dictorum
715 4446 949 4509 vocavit,
1002 4460 1126 4500 cum
1175 4443 1343 4498 multa
1373 4443 1429 4497 in
1456 4441 1732 4513 parabolis
1758 4443 1975 4508 dixerit,

2057 568 2265 624 bunt“.
2316 569 2585 645 Apostoli
2613 581 2798 627 autem
2846 574 3068 630 uberius
3109 587 3413 645 exponunt
3455 578 3660 636 Christi

2057 663 2415 731 mysterium,
2464 665 2608 720 unde
2652 680 2755 720 nec
2803 666 3094 737 laganum,
3152 683 3257 723 nec
3312 669 3648 740 collyridaui,

2057 768 2229 823 panes
2276 765 2460 810 autem
2508 756 2792 821 doctrinae.
2855 769 3047 829 utpote
3084 760 3259 831 magis
3310 760 3643 829 nutrientes,

2057 846 2335 903 dicuntur.
2386 849 2536 916 Quos
2586 849 2733 904 enim
2767 852 3070 907 secundum
3106 852 3197 909 hic
3252 853 3394 908 LXX
3429 856 3498 910 de
3529 858 3654 913 oleo

2060 951 2229 1006 panes
2254 939 2686 1009 appellaverunt,
2731 941 2832 996 hos
2857 942 3158 998 secundum
3195 944 3295 1000 hos
3332 946 3482 1016 ipsos
3509 944 3652 1001 LXX

2059 1030 2349 1102 collyridas
2376 1033 2431 1087 in
2471 1035 2797 1106 seenopcgia
2822 1035 3124 1091 canistrum
3159 1041 3654 1095 consummationis

2059 1140 2364 1195 exponens,
2397 1127 2541 1197 quod
2564 1127 2965 1199 accipiebatur
2999 1129 3052 1183 in
3094 1130 3353 1186 unctione
3397 1134 3654 1187 sacerdo-

2061 1217 2150 1284 tis,
2186 1217 2462 1289 legislator
2501 1219 2811 1289 appellavit,
2847 1235 2947 1290 per
2977 1221 3294 1291 collyridatn
3336 1224 3653 1295 signiﬁcans

2057 1309 2195 1379 legis
2232 1310 2532 1382 eloquium.
2573 1311 2850 1378 Quantum
2879 1323 3063 1367 autem
3106 1313 3387 1387 collyridze
3411 1315 3650 1371 deterio‘

2058 1417 2149 1457 res
2190 1413 2321 1457 sunt
2365 1402 2618 1473 panibus,
2653 1402 2789 1458 nulli
2825 1412 2909 1459 cst
2940 1404 3188 1461 dubium.
3225 1406 3383 1463 Unde
3429 1418 3651 1479 aposto-

2057 1492 2233 1547 lorum
2258 1507 2560 1555 sermones,
2590 1493 2979 1563 prophetarum
3009 1505 3065 1551 et
3092 1496 3228 1569 legis
3255 1511 3657 1568 praeponuntur

2058 1583 2444 1638 sermonibus:
2490 1583 2616 1654 quia
2664 1585 2926 1654 majorem
2975 1598 3346 1657 perceperunt
3398 1590 3651 1659 gratiam,

2059 1671 2135 1727 i'a
2176 1682 2238 1727 ut
2271 1672 2472 1727 Paulus
2507 1673 2715 1730 diceret
2744 1692 2756 1728 :
2793 1674 2977 1729 Posuit
3009 1677 3150 1731 Deus
3176 1678 3232 1731 in
3270 1677 3514 1735 Ecclesia
3538 1683 3652 1751 pri-

2060 1782 2204 1820 mum
2269 1766 2552 1836 apostolos,
2614 1767 2799 1821 deinde
2855 1770 3216 1838 prop/tetas".
3287 1771 3505 1829 Deinde
3554 1774 3655 1845 ipsi

2067 1867 2190 1927 post
2235 1858 2603 1930 evangelicum
2642 1860 3008 1928 traditionem,
3053 1863 3421 1921 introducunt
3457 1866 3659 1923 Christi

2064 1949 2338 2021 mysteria,
2369 1951 2724 2007 introducunt
2752 1963 2958 2020 autem,
2990 1954 3123 2027 legis
3158 1957 3661 2029 prophetarumqne

2064 2042 2283 2096 utentes
2348 2040 2702 2097 testimoniis.
2753 2040 2980 2110 Propter
3028 2046 3173 2115 quod
3225 2047 3307 2102 eis
3360 2048 3654 2121 collyridm,

2063 2141 2120 2188 et
2166 2131 2359 2202 lagana
2398 2132 2561 2188 simul
2601 2133 2846 2203 subjecta
2894 2124 3043 2204 sunt,
3097 2144 3152 2191 et
3196 2138 3520 2209 conjuncta.
3551 2139 3655 2195 Sed

2062 2222 2193 2293 quid
2226 2223 2310 2277 his
2337 2224 2558 2293 adjiciat
2587 2225 2956 2281 intendamus.

2136 2316 2318 2371 Posuit
2356 2333 2515 2385 supsr
2571 2318 2777 2387 adipem
2807 2328 2855 2373 et
2884 2336 3097 2374 armum
3127 2320 3404 2388 dextrum,
3446 2324 3660 2378 tradens

2063 2408 2222 2463 simul
2253 2409 2432 2464 omnia
2465 2410 2646 2464 Aaron
2684 2408 2747 2464 ac
2773 2411 2899 2480 [iliis
2930 2415 3065 2482 ejus.
3098 2414 3236 2469 illud
3267 2414 3362 2470 lex
3389 2426 3664 2471 contesta-

2065 2510 2175 2566 tur,
2203 2502 2328 2571 quia
2374 2517 2540 2582 omne
2570 2502 2940 2579 desiderium,
2994 2521 3334 2577 omnemque
3390 2507 3659 2564 actionem

2064 2594 2266 2650 bonam
2295 2592 2479 2650 oll'erri
2518 2592 2776 2667 mysterio
2809 2598 2881 2653 sit
2904 2614 3152 2664 necesse,
3186 2601 3230 2655 si
3263 2609 3454 2656 tamen
3484 2601 3564 2656 vis
3600 2601 3663 2656 il-

2066 2686 2157 2741 lud
2187 2687 2489 2743 secundum
2521 2686 2610 2742 Dei
2642 2690 3002 2745 intentionem
3058 2692 3305 2763 legisque
3364 2694 3657 2764 suscipere.

2070 2777 2174 2834 Sed
2199 2787 2255 2833 et
2280 2777 2599 2849 praedictum
2624 2795 2864 2851 sequens
2889 2782 3165 2850 ordinem,
3195 2784 3271 2839 ait
3295 2802 3309 2838 :

2140 2868 2372 2923 Tradens
2410 2870 2570 2924 simul
2616 2872 2794 2925 omnia
2841 2872 3020 2927 Aaron
3057 2874 3285 2947 ﬁliisque
3337 2878 3477 2948 ejus.
3511 2864 3663 2933 Prius

2069 2960 2338 3033 siquidem
2391 2960 2645 3017 Christus
2675 2977 2773 3017 sua
2804 2967 3059 3035 mysteria
3091 2966 3401 3031 inchoavit,
3452 2977 3506 3023 ct
3539 2975 3665 3020 tunc

2072 3069 2135 3109 ea
2185 3054 2365 3119 nobis,
2406 3055 2499 3126 qui
2546 3048 2676 3111 facti
2706 3072 2896 3112 sumus
2940 3058 3033 3113 ﬁlii
3081 3060 3200 3129 ejus
3249 3076 3353 3130 per
3395 3061 3661 3117 lavacrum

2076 3146 2511 3219 regenerationis
2536 3149 2774 3205 tradidit.
2962 3214 2971 3219 ,

2144 3238 2212 3292 Et
2238 3238 2537 3294 levaverunt
2563 3257 2625 3295 ea
2658 3256 2839 3296 coram
2875 3242 3122 3297 Domino.
3156 3244 3341 3314 Ipsum
3378 3243 3522 3300 enim
3553 3258 3661 3313 my-

2074 3330 2325 3395 sterium,
2376 3330 2523 3400 quod
2569 3331 2728 3387 nobis
2781 3332 3020 3399 tradidit,
3070 3335 3176 3391 hoc
3210 3352 3334 3390 cu-n
3378 3353 3474 3392 sua
3501 3348 3662 3390 carne

2074 3421 2129 3476 in
2162 3421 2331 3477 caelos
2366 3421 2590 3479 levavit.
2630 3424 2826 3479 Dicens
2873 3435 3055 3481 autem
3103 3427 3302 3483 levavit
3331 3445 3458 3484 eam
3488 3441 3663 3482 coram

2078 3514 2330 3580 Domino,
2361 3514 2584 3570 modum
2628 3530 2737 3585 quo
2774 3516 3034 3572 obtulerit
3067 3518 3166 3583 eis,
3217 3520 3309 3590 qui
3346 3529 3472 3591 post
3503 3516 3662 3573 futuri

2076 3615 2254 3669 erant,
2288 3607 2566 3678 exposuit.

2153 3699 2483 3771 Rursumque
2527 3710 2768 3771 suscepta
2800 3702 2864 3756 de
2911 3703 3155 3759 manibus
3203 3722 3414 3773 eorum,
3446 3701 3664 3760 adolevit

2078 3810 2237 3862 super
2272 3793 2444 3847 altare
2481 3794 2775 3849 holocausti
2809 3811 2866 3849 eo
2907 3797 3047 3866 quod
3090 3801 3502 3855 consecrationis
3543 3808 3665 3853 esset

2080 3885 2279 3940 oblatio
2308 3887 2363 3940 in
2391 3888 2608 3943 odorem
2631 3888 2910 3943 suavitatis
2933 3891 3184 3960 sacriﬁcii
3220 3892 3456 3948 Donini.
3493 3894 3666 3946 Altare

2082 3979 2409 4051 holocausti,
2445 3978 2648 4039 Christi
2676 3996 2877 4053 corpus
2906 3981 3129 4048 dicitur,
3162 3984 3256 4040 sed
3286 3994 3343 4040 et
3376 3987 3511 4041 odor
3543 4000 3664 4039 sna-

2080 4069 2364 4147 vi‘ssimus,
2417 4071 2485 4127 de
2526 4068 2750 4127 Christo
2781 4074 2927 4129 enim
2955 4085 3148 4145 aperte
3175 4076 3230 4130 in
3255 4077 3503 4133 Canticis
3540 4090 3667 4131 can-

2083 4164 2317 4217 ticorum
2359 4161 2603 4220 dicitur:
2666 4164 2996 4235 Unguentum
3047 4167 3263 4236 effusum
3333 4178 3412 4224 est
3487 4179 3667 4221 nomen

2085 4264 2254 4321 tuum,
2282 4265 2559 4325 propterea
2597 4256 2999 4311 adolescentqu
3026 4258 3322 4312 dilexerunt
3359 4259 3494 4314 te".

2155 4347 2418 4418 Sacriﬁcii
2452 4348 2682 4405 Domini.
2718 4349 2779 4407 ιιι
2815 4359 2900 4404 est
2927 4350 3178 4406 sacriﬁcii
3219 4360 3277 4407 et
3327 4352 3665 4408 holocausta-

2086 4442 2268 4496 matis.

392 4536 468 4593 ita
513 4547 575 4592 ut
618 4537 789 4593 Judrei
835 4552 945 4591 non
994 4535 1176 4591 omnia
1222 4535 1610 4606 intelligerent,
1654 4550 1817 4607 quam
1848 4536 1976 4607 quia
2014 4547 2057 4601 ι)
2155 4526 2300 4583 Sicut
2345 4530 2615 4584 mandavit
2661 4528 2933 4585 Dominus.
2990 4532 3110 4603 lpse
3167 4533 3313 4589 cnim
3375 4528 3664 4591 mandavit.

393 4628 662 4686 ferculum
715 4629 1139 4700 quodammodo,
1191 4637 1246 4683 et
1288 4642 1475 4685 mensa
1507 4627 1673 4683 totius
1714 4628 1979 4687 doctrina:

393 4730 531 4778 erat.
579 4720 719 4787 Quia
775 4735 904 4791 ergo
951 4719 1214 4775 rationale
1260 4708 1379 4776 erat
1425 4721 1765 4793 mysterium,
1818 4730 1873 4777 et
1916 4736 1979 4777 ea

394 4825 517 4882 qua:
565 4808 897 4873 efﬁciuntur,
952 4825 1021 4866 ex
1068 4810 1279 4866 ratione
1324 4802 1650 4878 subsistunt,
1713 4820 1864 4869 recte
1914 4813 1984 4868 de

395 4899 639 4955 canistro
685 4900 1194 4965 consummationis,
1233 4901 1286 4957 id
1315 4911 1419 4966 est,
1453 4903 1521 4958 de
1552 4903 1734 4975 lingua
1763 4918 1858 4958 sua
1890 4918 1985 4973 pa-

395 5009 524 5048 nem
584 4993 871 5066 mysticum
929 4996 1204 5065 proponit.
1280 4994 1568 5063 Quomodo
1622 4994 1807 5055 autem
1859 5013 1985 5052 eum

397 5085 656 5154 proponit
699 5085 937 5155 panem?
983 5085 1203 5156 Absque
1248 5086 1541 5152 fermento,
1586 5096 1641 5142 ct
1672 5088 1985 5156 collyridam

399 5191 750 5247 conspersum
795 5177 938 5243 oleo,
980 5179 1033 5235 id
1093 5186 1178 5236 est
1243 5179 1596 5250 apostolicam
1654 5180 1982 5245 doctrinam,

399 5267 739 5340 legalemque
767 5277 821 5324 et
852 5260 1248 5342 propheticam.
1279 5269 1388 5325 Lex
1421 5270 1567 5325 enim
1599 5280 1655 5325 et
1685 5269 1984 5340 prophetat,

400 5368 458 5416 et
504 5361 731 5430 apostoli
781 5362 903 5431 ejus
947 5362 1267 5419 memoriam
1313 5362 1545 5426 faciunt,
1600 5363 1685 5417 lex
1740 5361 1987 5432 quidem,

402 5451 594 5509 dicens
637 5472 650 5508 :
703 5454 808 5509 Hic
853 5464 931 5509 est
980 5457 1135 5525 panis
1178 5472 1330 5526 quem
1373 5456 1515 5510 dedit
1550 5456 1693 5510 vobis
1733 5454 1993 5509 Dominus

403 5549 672 5603 comedere
690 5546 754 5603 ".
806 5546 1095 5617 Propheta:
1124 5557 1342 5603 autem:
1398 5547 1559 5605 Panis
1594 5548 1643 5602 ei
1676 5548 1912 5608 dabitur,
1945 5555 1996 5601 et

477 5748 711 5822 ‘fblarc.
748 5768 861 5818 xtv,
893 5752 985 5817 23,
1013 5754 1105 5808 24.
1180 5754 1227 5787 ⁸⁸
1252 5752 1445 5812 Matth.
1486 5772 1538 5822 v,
1577 5754 1662 5810 17.

410 5821 457 5857 ⁸ο
486 5819 645 5884 Cant.
668 5838 708 5892 ι,
742 5824 800 5881 2.
873 5826 916 5859 ⁸¹
944 5823 965 5880 1
999 5824 1123 5881 Cor.
1159 5840 1237 5897 ιι,
1268 5823 1360 5882 26.

1743 5752 1785 5817 ‘7
1829 5753 1999 5811 Exod.
2031 5768 2139 5819 xvr,
2177 5753 2263 5808 i5.

2078 4621 2493 4691 Quotiescunque
2507 4624 2602 4677 hoc
2623 4623 2816 4687 bibitis,
2837 4635 3056 4681 mortem
3085 4626 3297 4681 Domini
3324 4629 3377 4682 in
3399 4627 3667 4683 vobismet-

2081 4716 2209 4786 ipsis
2242 4716 2558 4769 annuntiate
2575 4717 2644 4772 δι.

2156 4806 2296 4861 Tulit
2328 4816 2375 4861 et
2418 4808 2798 4880 peotusculum,
2835 4810 3042 4865 elevans
3071 4810 3204 4867 illud
3230 4829 3412 4868 coram
3451 4807 3668 4865 Domino

2085 4897 2149 4953 de
2176 4897 2340 4951 ariete
2368 4899 2793 4953 consecrationis.
2828 4897 2935 4954 Seu
2969 4902 3271 4956 secundum
3307 4901 3453 4959 LXX
3482 4920 3494 4955 :
3532 4896 3669 4953 Con-

2086 4990 2459 5045 summationis
2514 4991 2570 5045 in
2613 5000 2821 5062 partem
2861 5007 3036 5057 suam,
3096 4992 3231 5047 sicut
3278 4998 3594 5063 prwceperat
3625 4983 3670 5039 εἰ

2089 5074 2366 5135 Dominus.
2410 5075 2568 5137 Sicut
2601 5082 2656 5136 in
2699 5081 2968 5138 sacriﬁcio
2998 5083 3372 5153 paciﬁcorum,
3401 5099 3497 5141 seu
3529 5079 3671 5134 salu-

2088 5173 2190 5229 tari
2228 5175 2628 5245 pectuscnlum,
2659 5175 2738 5230 sic
2758 5182 2815 5230 et
2846 5175 2935 5230 hic
2978 5175 3229 5244 oﬁ‘ertur,
3262 5179 3450 5249 utique
3475 5167 3669 5229 intelli-

2088 5268 2238 5338 gihili
2273 5266 2462 5339 Moysi,
2494 5268 2546 5323 iJ
2577 5278 2662 5325 cst
2685 5269 2904 5324 Christo
2933 5269 3317 5341 pectusculum
3341 5266 3529 5324 arietis
3545 5273 3671 5316 con-

2096 5360 2455 5425 secrationis,
2504 5375 2602 5415 seu
2648 5360 3139 5421 consummationis
3180 5370 3502 5431 separatur,
3551 5348 3671 5420 qui!

2099 5467 2198 5522 per
2261 5451 2661 5523 pectusculum,
2714 5451 2849 5507 ﬁdes
2909 5460 2967 5507 et
3013 5451 3345 5509 conﬁdentia
3399 5449 3670 5521 ﬁguratur.

2100 5546 2246 5602 sicut
2268 5545 2477 5618 pridem
2523 5545 2781 5601 diximus.
2816 5543 2953 5603 Cum
3002 5554 3184 5601 autem
3214 5545 3389 5616 ipsius
3417 5540 3486 5596 sit
3513 5528 3674 5591 sacri-

2346 5752 2391 5785 “
2425 5751 2526 5809 lsa.
2591 5768 2785 5819 χχχιιι,
2853 5753 2935 5822 16,
2978 5754 3065 5810 l7.
3172 5754 3262 5809 "'1
3296 5753 3424 5810 Cur.
3457 5758 3552 5809 χιι,
3585 5734 3668 5790 38-

3158 5938 3224 5959 «an
