3992 6450
354 386 470 453 835

1502 390 1585 451 ΙΝ
1626 389 2064 452 LEVITICUM.
2114 415 2179 431 ’-
2220 389 2367 452 LIB.
2410 393 2493 452 Il.

3534 398 3643 463 886

352 502 570 566 ﬁcium,
619 517 848 559 necesse
894 512 979 560 εει
1023 512 1082 560 ιιι
1112 513 1168 561 ει
1193 503 1328 561 ﬁdes
1358 505 1482 577 ipsi,
1508 522 1631 577 quae
1663 505 1717 561 in
1748 523 1814 562 eo
1842 514 1948 573 est,
1980 511 2026 569 Α
2055 506 2236 563 Aaron
2270 517 2327 564 et
2360 508 2457 564 ﬁlii
2489 509 2609 581 ejus
2657 509 2953 565 coiuedent
2981 523 3098 567 eos.
3138 509 3414 583 Quidquid
3456 496 3665 577 autem:

354 598 676 667 deputetur.
738 597 1017 651 Assumens
1073 614 1196 670 ergo
1248 605 1590 668 unguentum,
1648 608 1697 654 et
1734 600 1955 670 sangui-

357 704 479 744 nem
504 690 596 760 qui
634 700 751 743 erat
783 690 836 743 in
864 690 1051 752 altari,
1077 693 1302 761 aspersit
1325 708 1482 761 super
1510 689 1691 746 Aaron
1721 702 1769 745 et
1792 693 1923 746 vesti
1934 722 1951 732 ο

358 792 542 837 menta
594 782 710 850 eius
760 792 809 837 et
863 800 1021 853 super
1056 783 1193 853 ﬁlios
1256 784 1390 855 ejus,
1438 801 1503 839 ac
1550 793 1714 839 vestes
1752 800 1952 839 eorum.

358 871 598 944 Cumque
630 874 1012 944 sanctiﬁcasset
1055 892 1140 929 eos
1169 877 1225 929 in
1252 877 1445 932 vestitu
1477 892 1591 930 suo.
1638 874 1796 943 Quod
1819 874 1956 931 Uni-

358 962 531 1034 geniti
564 962 807 1033 sanguis,
862 973 919 1018 et
948 965 1133 1019 unctio
1178 964 1435 1035 Spiritus,
1485 965 1651 1021 unius
1682 964 1794 1020 sint
1823 979 1957 1036 ope-

358 1054 592 1109 rationis
609 1063 772 1126 atque
790 1056 1029 1121 virtutis,
1061 1065 1117 1111 et
1147 1057 1312 1112 nimis
1348 1066 1496 1113 recte
1526 1059 1709 1113 oleum
1740 1057 1959 1114 unctio-

359 1148 472 1213 nis,
504 1157 561 1201 et
588 1148 908 1219 sanguinem
940 1149 1150 1216 altaris,
1185 1150 1239 1205 id
1274 1159 1377 1214 εει,
1412 1149 1676 1207 Dominici
1709 1151 1959 1223 corporis

362 1239 645 1311 legislator
690 1241 930 1305 unxerit,
973 1242 1101 1297 audi
1133 1243 1405 1298 Joannem
1459 1244 1734 1302 dicentem
1764 1263 1785 1300 ε’
1833 1246 1956 1302 Tria

360 1342 486 1387 sunt
527 1349 645 1404 qua:
677 1336 1033 1391 testimonium
1089 1337 1345 1406 praebent,
1397 1346 1447 1391 et
1489 1349 1592 1393 tres
1621 1355 1784 1393 unum
1813 1348 1955 1406 sunt,

367 1422 621 1493 Spiritus,
651 1428 888 1498 sanguis,
916 1436 963 1481 et
995 1428 1214 1499 aqua".
1278 1428 1459 1485 Unum
1491 1430 1639 1485 enim
1701 1429 1958 1486 effectum

367 1517 819 1574 sanctiﬁcationis
852 1519 1075 1575 habent.
1112 1519 1334 1576 Multum
1364 1530 1512 1577 recte
1541 1530 1747 1578 vestem
1777 1524 1960 1579 Aaron

366 1608 438 1661 ab
472 1606 633 1662 stolis
665 1608 899 1663 ﬁliorum
939 1609 1123 1667 Aaron
1153 1610 1238 1666 lex
1270 1611 1562 1683 separavit.
1593 1605 1729 1668 Nam
1763 1614 1862 1670 etsi
1893 1614 1962 1670 ad

366 1697 745 1754 imitationem
786 1700 1005 1759 Domini
1064 1712 1298 1768 vestem,
1347 1703 1442 1774 qui
1492 1705 1560 1761 ab
1596 1720 1662 1760 eo
1718 1705 1961 1776 adoptati

365 1806 584 1858 sumus,
616 1792 902 1858 habemus,
935 1810 1128 1851 verum
1156 1805 1340 1852 tamen
1371 1790 1639 1867 quantum
1684 1797 1958 1868 pontiﬁcis

2060 599 2329 671 reliquum
2380 599 2546 656 fuerit
2589 601 2657 657 de
2680 617 2844 657 carne
2869 609 2925 656 et
2952 601 3021 658 de
3053 602 3310 674 panibus,
3337 604 3481 677 ignis
3510 622 3645 662 con-

2059 693 2241 749 sumit.
2291 692 2368 748 De
2429 695 2570 750 ostio
2626 708 2844 766 quoque
2902 695 3240 752 tabernaculi
3283 712 3395 753 non
3427 699 3648 755 esibitis

2059 792 2269 852 septem
2324 782 2520 840 diebus
2574 801 2749 856 usque
2795 785 2876 843 ad,
2911 786 3074 841 diem.
3110 802 3243 857 quo
3273 789 3646 860 complebitur

2063 881 2277 944 tempus
2301 876 2735 931 consecrationis
2777 885 2994 933 vestrae.
3030 875 3254 949 Septem
3270 880 3429 934 enim
3453 880 3651 937 diebus

2061 959 2248 1017 ﬁnitur
2282 965 2647 1030 consecratio,
2701 965 2845 1021 sicut
2885 976 2941 1023 et
2994 967 3051 1021 in
3096 969 3389 1039 przesentia
3441 969 3647 1026 factum

2060 1061 2165 1117 est,
2213 1062 2281 1110 ut
2314 1055 2451 1111 ritus
2490 1057 2740 1114 sacriﬁcii
2795 1060 3182 1131 compleretur.
3239 1062 3338 1119 Die
3383 1077 3447 1120 ac
3485 1076 3649 1121 nocte

2061 1145 2355 1201 manebitis
2412 1147 2466 1202 in
2530 1148 2881 1207 tabernaculo
2936 1152 3296 1210 observantes
3370 1157 3649 1213 custodias

2062 1234 2299 1303 Domini,
2352 1254 2423 1294 ne
2470 1241 2819 1310 moriamini;
2857 1244 2936 1301 sic
2968 1245 3116 1301 enim
3147 1247 3283 1301 mihi
3314 1257 3647 1320 prmceptum

2061 1336 2165 1384 est.
2230 1327 2608 1404 Feceruntque
2668 1333 2848 1390 Aaron
2899 1346 2953 1392 et
2992 1322 3086 1394 ﬁlii
3132 1340 3255 1412 ejus
3287 1351 3482 1398 cuncta
3529 1359 3651 1414 qua:

2061 1422 2323 1492 praecepit
2354 1422 2620 1480 Dominus
2666 1440 2765 1496 per
2792 1442 3010 1482 manum
3043 1428 3229 1501 Moysi.
3270 1451 3288 1483 ι

2134 1511 2415 1586 Praecipua
2476 1530 2626 1571 nunc
2680 1508 2960 1589 legislator
3025 1520 3313 1591 providit,
3359 1523 3649 1580 discrevit~

2064 1620 2170 1676 que
2203 1608 2480 1678 mysteria,
2511 1619 2566 1665 et
2599 1610 2899 1683 ﬁguraliter
2928 1629 3026 1683 per
3062 1630 3125 1669 ea
3169 1631 3291 1685 quae
3318 1633 3469 1672 nunc
3513 1633 3657 1674 con-.

2067 1698 2357 1768 templatus
2388 1709 2505 1764 est,
2558 1702 2799 1769 tradidit,
2853 1704 2995 1759 intra
3045 1704 3344 1761 Ecclesium
3403 1721 3466 1762 ea
3523 1724 3649 1778 pcr-

2068 1786 2154 1845 tici
2196 1797 2263 1843 et
2290 1790 2604 1848 nullatenus
2659 1794 3012 1865 profanorum
3058 1798 3249 1854 usibus
3311 1784 3368 1855 et
3409 1800 3656 1869 .aurihus

365 1883 589 1938 dmum:
631 1886 821 1951 vestis,
874 1903 971 1957 per
1019 1889 1297 1945 anteriora
1337 1889 1650 1954 didicimus,
1701 1900 1796 1946 θυι
1825 1889 1954 1960 quid
1990 1887 2035 1961 Br
2060 1881 2345 1951 publicari,
2389 1899 2492 1939 nec
2512 1885 2737 1942 cuilibet
2789 1889 2992 1943 volenti
3046 1890 3375 1960 profanandi
3409 1907 3470 1947 ea
3531 1907 3653 1946 esse

367 1976 459 2043 sit,
495 1983 553 2032 et
584 1993 748 2049 quam
794 1979 1097 2050 multiplex.
1153 1979 1417 2037 Tunicam
1452 1980 1599 2038 enim
1647 1980 1791 2037 illam
1826 1982 1965 2036 dixit

369 2067 577 2125 habere
619 2071 1090 2141 superhumerale,
1140 2080 1197 2127 et
1226 2073 1511 2141 rationale,
1556 2075 1702 2130 unde
1734 2084 1881 2131 recte
1911 2085 1965 2130 et

366 2177 521 2216 nunc
553 2161 838 2233 pluraliter
866 2163 1203 2219 nominatur.
1232 2164 1309 2221 Ea
1341 2175 1526 2221 autem
1554 2182 1676 2237 quae
1706 2174 1792 2222 est
1822 2166 1965 2222 ﬁlio-

370 2269 496 2308 rum
544 2255 749 2319 Aaron,
794 2255 897 2310 etsi
956 2255 1249 2312 uniformis
1296 2266 1381 2312 est
1432 2257 1637 2325 tunica,
1688 2271 1869 2312 tamen
1906 2266 1964 2313 et

372 2344 488 2415 ipsa
522 2354 626 2400 est.
671 2344 775 2400 Sed
818 2345 946 2416 quia
1001 2347 1199 2403 multas
1228 2348 1460 2403 virtutes
1488 2364 1597 2402 una
1630 2347 1836 2414 tunica,
1864 2364 1964 2403 seu

370 2436 513 2490 stola
565 2437 750 2501 habet,
794 2437 1001 2491 Christi
1031 2437 1179 2510 enim
1210 2438 1391 2494 tunica
1437 2439 1552 2494 sive
1578 2441 1739 2507 stola,
1769 2456 1876 2510 qua
1908 2439 1965 2494 hi

373 2530 465 2599 qui
518 2531 588 2586 ab
650 2546 717 2586 eo
791 2531 940 2585 uncti
1019 2542 1167 2599 sunt,
1237 2532 1543 2589 induuntur
1613 2535 1963 2606 adoptionem

373 2622 600 2688 habere,
651 2622 1121 2692 incorruptionem
1188 2625 1413 2692 habere,
1468 2635 1524 2681 et
1585 2626 1639 2681 in
1692 2627 1846 2683 cmlis
1875 2642 1966 2682 re-

374 2713 584 2782 quiem,
633 2722 690 2767 et
715 2713 819 2769 alia
847 2712 973 2768 talia
1000 2714 1366 2785 cognoscitur,
1398 2724 1689 2785 propterea
1722 2715 1966 2786 appella-

379 2815 468 2860 tur
513 2805 699 2861 tunica
751 2805 867 2861 sive
918 2805 1077 2870 stola,
1124 2805 1253 2861 licet
1283 2822 1390 2861 una
1427 2805 1498 2862 sit
1525 2807 1798 2863 omnium.
1832 2806 1967 2872 Qui-

378 2915 584 2970 cunque
636 2899 773 2952 euim
806 2899 861 2952 iu
899 2898 1102 2954 Christo
1148 2899 1407 2970 baptizati
1453 2917 1653 2967 sumus,
1701 2898 1968 2956 Christum

381 2991 552 3044 induti
606 2991 868 3045 sumus”.
918 2991 1025 3046 Sed
1080 3000 1260 3046 tamen
1311 3000 1537 3062 propter
1572 2992 1966 3048 abundantiam

380 3085 675 3149 donorum,
700 3100 822 3154 qua:
854 3100 922 3139 es
958 3100 1020 3139 ea
1052 3092 1183 3139 sunt
1222 3084 1526 3155 pluraliter,
1562 3085 1881 3140 nominatur
1912 3093 1970 3141 et

382 3177 555 3232 nimis
592 3188 760 3240 recte,
795 3186 1019 3249 propter
1046 3178 1330 3233 veritatem
1358 3194 1481 3247 quae
1506 3177 1562 3232 in
1588 3193 1652 3233 ea
1682 3177 1966 3251 ﬁguratur.
1997 3220 2042 3280 α

384 3264 654 3337 Figurans
709 3282 830 3322 eam
878 3267 1074 3334 forma,
1108 3269 1226 3323 sine
1258 3267 1604 3324 districtione
1643 3269 1778 3335 acri,
1822 3272 1968 3329 viam

378 3372 506 3428 qua:
559 3360 616 3413 in
658 3374 720 3414 ea
768 3368 872 3424 est,
913 3361 1333 3429 praetermittere
1375 3360 1608 3432 cogitur.
1653 3359 1791 3417 Ecce
1824 3362 1972 3418 enim

383 3467 509 3508 cum
540 3452 830 3507 uniformis
857 3453 929 3509 sit
953 3453 1155 3520 tunica,
1188 3453 1303 3509 sive
1331 3454 1471 3508 stola
1503 3454 1738 3510 ﬁliorum
1767 3457 1972 3523 Aaron,

384 3543 585 3600 multas
637 3554 850 3606 tamen,
892 3554 948 3600 et
990 3561 1101 3601 non,
1142 3561 1304 3599 unam
1356 3545 1594 3600 tunicam
1640 3547 1972 3603 nominavit.

387 3635 444 3690 Si
472 3646 661 3690 autem
682 3636 1078 3707 iutelligibilem
1098 3628 1424 3693 sanctiﬁcari
1452 3636 1630 3695 Aaron
1654 3639 1973 3710 aspersione

384 3728 673 3801 sanguinis
731 3738 786 3783 et
836 3728 940 3785 olei
999 3727 1392 3801 cognovimus,
1462 3747 1574 3786 non
1638 3730 1974 3787 admiremur

386 3818 532 3887 quod
564 3817 773 3874 dictum
801 3829 903 3882 est,
950 3818 1065 3888 ipse
1096 3819 1243 3875 enim
1276 3822 1530 3878 Christus
1566 3824 1632 3878 ad
1665 3825 1975 3881 sanctiﬁca-

391 3908 600 3963 tionem
658 3919 923 3973 nostram,
957 3911 1272 3980 aspersione
1325 3914 1526 3983 proprii
1566 3916 1850 3983 sanguinis
1890 3917 1974 3981 vi,-

389 3997 609 4062 delicet,
667 3999 980 4067 passionem
1013 4016 1167 4055 suam
1221 4018 1319 4072 pro
1349 4004 1508 4058 nobis
1554 4005 1772 4062 obtulit.
1819 4007 1977 4065 Unde

392 4087 533 4147 ﬁlios
565 4090 745 4143 Aaron
777 4100 831 4145 et
864 4091 1079 4145 tunicas
1113 4106 1212 4148 seu
1242 4093 1410 4148 stolas
1441 4109 1563 4147 cum
1614 4095 1796 4152 Aaron
1838 4096 1979 4152 dixit

390 4181 739 4246 sanctiﬁcari,
774 4183 898 4253 quia
932 4198 1273 4254 quascunque
1319 4185 1373 4238 in
1420 4185 1578 4241 nobis
1625 4187 1976 4261 contingunt,

391 4275 461 4329 ad
496 4290 645 4340 eum,
687 4282 747 4328 ut
779 4283 943 4345 caput
985 4275 1194 4331 scilicet
1234 4276 1401 4331 totius
1440 4278 1687 4348 corporis
1718 4295 1979 4336 necessa-

397 4364 478 4420 rio
506 4365 864 4422 reducuntur.
894 4366 978 4422 Ad
1008 4366 1386 4439 probationem
1412 4375 1598 4422 autem
1628 4382 1824 4423 eorum
1854 4385 1979 4440 qua:

394 4459 541 4514 dicta
592 4465 741 4523 sunt,
782 4459 1011 4515 Domini
1066 4474 1346 4515 sumamus
1392 4459 1604 4525 verba;
1660 4475 1787 4516 cum
1833 4461 1981 4516 enim

2064 1970 2401 2027 facultatem.
2430 1971 2587 2029 Unde
2613 1976 2741 2045 quia
2786 1976 3197 2033 tabernaculum
3231 1978 3526 2034 testimonii
3557 1978 3655 2033 Dei

2064 2060 2263 2117 cretum
2291 2077 2432 2130 esse,
2465 2065 2661 2120 atrium
2686 2076 2869 2122 autem
2898 2068 3240 2125 tabernaculi
3270 2069 3435 2140 hujus
3468 2068 3656 2126 Eccle-

2067 2154 2221 2222 siam,
2277 2156 2403 2226 quia
2441 2157 2555 2227 ipsa
2602 2168 2685 2214 est
2716 2171 2842 2215 ante
2875 2160 2997 2217 cmli
3047 2161 3329 2218 introitum
3369 2163 3654 2228 collocata,

2067 2245 2183 2316 ipsa
2245 2247 2546 2304 Jerusalem
2603 2250 2808 2322 quippe
2852 2253 3092 2309 caelestis
3138 2263 3286 2309 tcnct
3338 2256 3652 2327 imaginem,

2067 2340 2209 2395 sicut
2258 2341 2388 2395 olim
2417 2342 2816 2412 praediximus,
2860 2345 3008 2400 intus
3044 2347 3099 2400 in
3144 2361 3367 2401 carnem
3397 2347 3652 2402 sacriﬁcii

2067 2432 2223 2502 coqui
2255 2435 2532 2505 prtecepit.
2567 2436 2654 2490 Ait
2683 2435 2828 2492 enim
2856 2455 2870 2491 :

2146 2524 2400 2595 Pratcepit
2426 2528 2499 2582 eis
2527 2529 2703 2583 dicens
2728 2545 2747 2583 :
2776 2528 2993 2601 Coquite
3021 2547 3204 2585 carnes
3235 2542 3360 2586 ante
3390 2533 3530 2604 fores
3571 2541 3673 2586 ta-.

2068 2618 2364 2684 bernaculi,
2398 2630 2447 2674 et
2466 2621 2544 2695 ibi
2571 2621 2831 2676 comedite
2852 2640 2962 2678 eas.
2998 2608 3467 2693 El,sicutaddutit
3494 2625 3655 2690 LXX,

2068 2712 2124 2766 iu
2179 2712 2290 2768 loco
2345 2725 2549 2769 sancto.
2610 2715 2708 2772 Est
2762 2728 2945 2774 autem
2993 2719 3148 2776 locus
3194 2731 3421 2779 sanctus
3465 2722 3659 2788 altare,

2070 2803 2144 2858 ibi
2191 2803 2336 2859 enim
2387 2805 2620 2861 Sanctus
2669 2815 2983 2864 sanctorum
3021 2811 3334 2886 remiiescit.
3386 2811 3493 2867 Sed
3528 2813 3661 2883 quid

2072 2896 2320 2952 addidit?

2143 2985 2211 3040 Et
2258 2986 2334 3041 ibi
2361 2989 2583 3042 comedit
2622 3005 2731 3044 eas.
2772 2989 2959 3044 Panes.
2983 3008 3188 3062 quoque
3231 2995 3661 3060 consecrationis,

2073 3072 2212 3139 sive,
2257 3081 2318 3130 ut
2373 3072 2517 3131 LXX
2550 3075 2743 3141 edunt,
2791 3087 2839 3131 et
2881 3095 3045 3147 panes
3081 3080 3174 3149 qui
3201 3090 3322 3136 sunt
3346 3082 3401 3136 in
3431 3074 3666 3140 canistro

2074 3169 2561 3235 consummationis,
2587 3171 2744 3236 edite,
2776 3171 2912 3224 sicut
2944 3175 3193 3244 praecepit
3223 3175 3350 3229 mihi
3375 3176 3660 3232 Dominus.

2075 3257 2258 3311 Aaron
2296 3267 2345 3312 et
2389 3257 2491 3328 ﬁlii
2529 3258 2644 3328 ejus
2689 3261 2967 3315 comedent
2985 3278 3088 3316 eos.
3122 3261 3412 3328 Quomodo
3448 3282 3579 3337 ergo
3607 3267 3660 3320 in

2075 3349 2160 3405 his
2207 3366 2318 3405 non
2369 3351 2692 3408 admiranda
2741 3354 2811 3409 sit
2857 3355 3123 3424 sapientia
3157 3356 3429 3425 spiritus?
3458 3358 3664 3412 nullam

2073 3444 2279 3516 quippe
2327 3444 2663 3502 dubietatem
2697 3447 3011 3517 hujusmodi
3042 3449 3345 3506 intellectui
3377 3450 3614 3522 deliquit
3651 3472 3664 3506 :

2076 3545 2365 3606 propterea
2401 3550 2594 3592 carnes
2639 3551 2763 3591 cum
2796 3536 3028 3607 panibus
3060 3539 3274 3594 comedi
3309 3541 3663 3612 praecipiens,

2079 3638 2139 3682 ut
2164 3644 2266 3683 nos
2296 3627 2750 3700 intelligeremus,
2799 3628 2931 3684 illud
2971 3629 3041 3684 ab
3068 3645 3134 3684 eo
3169 3633 3491 3702 mysterium
3535 3632 3667 3696 dici,

2077 3720 2223 3791 quod
2253 3719 2415 3775 simul
2453 3721 2629 3790 panis,
2658 3728 2713 3776 et
2751 3736 2879 3775 caro
2902 3728 3002 3785 est,
3039 3722 3180 3777 sicut
3225 3737 3425 3794 corpus
3460 3723 3670 3780 Christi

2079 3813 2236 3883 panis
2276 3813 2407 3876 vini,
2444 3812 2535 3882 qui
2587 3812 2655 3867 de
2691 3812 2829 3866 crelo
2875 3811 3182 3868 descendit.
3237 3813 3467 3884 Propter
3521 3817 3669 3885 quod

2082 3906 2209 3960 lilia:
2259 3907 2559 3960 secundum
2594 3903 2735 3958 LXX
2776 3904 3097 3970 editionem,
3128 3921 3327 3961 carnes
3360 3922 3541 3972 mane,
3571 3923 3671 3976 pa-

2080 4015 2178 4054 nes
2213 4009 2393 4053 autem
2437 3996 2648 4068 veSperi
2689 3995 3008 4053 deferebant
3049 3998 3198 4053 corvi
3229 4012 3490 4068 superne,
3524 4014 3667 4069 pra:-

2081 4090 2318 4164 ﬁgurare
2370 4093 2476 4148 hoc
2538 4090 2860 4163 mysterium
2917 4089 3151 4145 Domino
3200 4090 3462 4146 volente:
3517 4091 3666 4162 quod

2082 4183 2231 4237 intus
2272 4190 2487 4254 oportet
2548 4181 2603 4236 in
2658 4180 2923 4248 Ecclesia,
2964 4179 3023 4235 in
3077 4170 3197 4235 ιοεο
3228 4189 3441 4261 sancto,
3479 4180 3532 4235 id
3558 4188 3664 4246 est,

2082 4277 2150 4331 ad
2182 4276 2354 4330 altare
2392 4273 2554 4345 coqui
2578 4282 2634 4329 et
2657 4273 2910 4329 comedi:
2961 4271 3267 4328 alibi‘vero
3297 4286 3666 4342 nequaquam.

2084 4367 2316 4438 Propter
2385 4366 2533 4438 quod
2610 4365 2811 4420 Paulus
2883 4362 3188 4420 Corinthiis
3260 4363 3668 4434 praecipiebat;

2087 4456 2525 4515 Convenientibus
2571 4463 2750 4509 autem
2789 4456 2932 4509 vobis
2968 4455 3028 4509 in
3064 4471 3248 4519 unum,
3293 4453 3417 4524 jam
3455 4469 3558 4507 non
3598 4463 3673 4508 est

396 4548 796 4622 eruciﬁgendus
844 4559 992 4606 esset
1033 4567 1133 4621 pro
1171 4552 1349 4615 nobis,
1404 4552 1520 4607 haec
1562 4551 1666 4608 sub
1717 4553 1982 4609 orationis
2015 4570 2061 4629 ο
2093 4550 2423 4605 Dominicam
2457 4564 2658 4604 coenam
2710 4548 3034 4602 manducare
3068 4562 3088 4601 :
3138 4546 3497 4618 unusquisque
3538 4547 3703 4601 enim‘

400 4642 609 4710 forma,
659 4644 725 4699 ad
763 4644 1140 4700 instruendam
1186 4643 1551 4700 obedientiam
1611 4645 1984 4716 apostolorum

398 4738 538 4794 dixit
563 4759 575 4793 :
605 4736 751 4792 Sicut
789 4755 868 4792 me
908 4738 1048 4792 misit
1071 4736 1238 4792 Pater
1265 4738 1321 4791 in
1345 4737 1617 4805 mundum,
1656 4747 1706 4792 et
1729 4755 1822 4810 ego
1861 4738 1988 4795 misi

400 4845 487 4883 eos
529 4831 585 4886 in
622 4830 897 4893 mundum,
943 4838 991 4883 et
1018 4846 1113 4899 pro
1144 4829 1217 4883 eis
1255 4846 1348 4901 ego
1395 4829 1664 4899 sancti/ica
1709 4831 1986 4901 meipsum,

403 4930 460 4975 ut
540 4921 644 4975 sint
715 4932 764 4975 et
826 4922 926 4989 ipsi
997 4921 1317 4990 sancti/irati
1372 4921 1426 4974 in
1480 4920 1784 4976 veritate”.
1848 4921 1991 4994 Ergo

404 5021 593 5082 aperte
624 5012 1115 5069 sanct‘ﬁcationem
1160 5012 1487 5068 sacriﬁcium
1515 5013 1664 5083 quod
1696 5029 1796 5084 pro
1828 5014 1990 5070 nobis

405 5104 644 5171 obtulit,
704 5120 775 5164 ex
827 5121 939 5176 quo.
992 5114 1048 5161 et
1109 5105 1266 5161 nobis
1318 5105 1676 5163 sanctiﬁcatio
1735 5106 1989 5177 proﬁcit,

406 5197 727 5269 appellavit.

484 5288 643 5345 Vsus.
709 5289 900 5346 ὖιοδϐ.
957 5311 976 5343 ι
1035 5290 1284 5361 Cumque
1343 5290 1735 5346 sanctiﬁcasset
1784 5306 1880 5346 eos
1939 5292 1999 5348 in

409 5383 613 5439 vestitu
667 5398 767 5439 suo
823 5385 1080 5452 praecepit
1135 5382 1215 5438 eis
1264 5381 1492 5437 dicens:
1549 5381 1778 5453 Coquite
1807 5396 2000 5440 carnes

407 5484 538 5533 ante
585 5476 731 5531 fores
775 5475 1128 5541 tabernaculi,
1173 5484 1229 5532 et
1258 5476 1332 5530 ibi
1366 5474 1635 5530 comedite
1673 5490 1785 5531 eas.
1822 5474 2001 5531 Panes

410 5586 628 5642 quoque
673 5570 1099 5626 consecrationis
1155 5569 1335 5637 edite,
1393 5569 1485 5640 qui
1556 5569 1714 5638 positi
1770 5576 1900 5625 sunt
1945 5568 2001 5623 in

413 5667 655 5722 canistro
717 5668 861 5723 sicut
912 5658 1174 5737 praecepit
1227 5665 1362 5720 mihi
1417 5664 1703 5732 Dominus,
1758 5663 2001 5720 dicens:

2052 4662 2059 4667 -
2092 4659 2249 4697 suam
2285 4657 2487 4696 canam
2533 4639 2808 4712 prmsumit
2837 4641 2910 4697 ad
2955 4640 3410 4695 manducandum.
3438 4638 3509 4693 Et
3539 4638 3680 4692 alius

2094 4737 2304 4804 quidem
2349 4735 2533 4798 esurit,
2568 4733 2709 4788 alius
2737 4742 2916 4788 autem
2959 4733 3143 4796 ebrius,
3171 4741 3265 4788 est.
3302 4732 3559 4807 Nunquid
3582 4732 3675 4785 do-

2098 4845 2208 4884 mos
2237 4845 2342 4883 non
2377 4828 2577 4882 habetis
2597 4827 2669 4881 ad
2687 4825 3119 4881 manducandum
3145 4835 3198 4880 et
3237 4825 3538 4891 bibendum,
3585 4833 3678 4879 aut

2102 4922 2392 4980 Ecclesiam
2441 4923 2545 4978 Dei
2603 4922 2968 4992 despicitis”?
3020 4920 3090 4976 Et
3137 4921 3244 4977 hoc
3291 4921 3440 4987 ideo,
3469 4928 3534 4975 ut
3568 4919 3681 4975 illic

2100 5016 2349 5072 absolute
2387 5015 2613 5087 mystica
2652 5030 2807 5070 cinna
2838 5014 3071 5075 debet-ct,
3093 5013 3379 5069 celebrari.
3413 5013 3599 5067 Aaron
3628 5022 3684 5066 et

2102 5108 2196 5164 ﬁiii
2244 5096 2363 5178 ejus
2402 5107 2541 5162 illud
2559 5116 2715 5162 recte
2749 5107 3068 5171 comedunt,
3100 5104 3210 5161 nisi
3241 5105 3393 5160 enim
3426 5102 3683 5158 Christus

2102 5207 2324 5271 rogatus
2372 5212 2469 5254 ore
2521 5197 2884 5263 sacerdotum,
2941 5197 3058 5266 ipse
3112 5194 3324 5251 venerit
3367 5202 3424 5249 et
3468 5206 3685 5247 ccenam

2104 5290 2527 5347 sanctiﬁcaverit
2550 5305 2633 5357 ea,
2666 5305 2788 5360 qua:
2817 5297 3072 5360 aguntur,
3120 5284 3434 5341 nullatenus
3476 5282 3685 5338 sacriﬁ-

2106 5385 2257 5442 cium
2281 5383 2624 5441 Dominicum
2652 5382 2809 5437 ﬁunt.
2844 5381 2952 5436 Sed
3000 5382 3104 5436 hoc
3127 5378 3277 5450 quod
3302 5377 3572 5447 reliquum
3603 5379 3689 5429 est

2108 5479 2176 5535 de
2209 5478 2486 5544 carnibus,
2537 5487 2594 5532 et
2630 5477 2884 5547 panibus,
2918 5475 2973 5529 in
3002 5474 3125 5545 igne
3150 5470 3367 5527 incendi
3402 5466 3688 5540 prieccpit.

2060 5595 2065 5599 η
2108 5571 2265 5639 Quod
2296 5586 2444 5626 nunc
2481 5570 2733 5625 videmus
2774 5568 2939 5622 etiam
2988 5562 3322 5621 sensibiliter
3360 5561 3416 5617 in
3446 5558 3696 5615 Ecclesia

2111 5664 2247 5731 ﬁeri,
2303 5663 2521 5735 ignique
2552 5660 2692 5717 tradi
2748 5673 3089 5730 quzccunque
3122 5670 3412 5713 remanere
3441 5649 3689 5724 contige-

485 5841 530 5874 "
565 5843 768 5900 Noun.
800 5860 855 5906 ι’,
889 5842 941 5898 8.
1019 5843 1063 5876 ⁸³
1098 5841 1271 5898 Galat.
1299 5840 1493 5906 111,27.
1569 5796 1613 5873 i"
1643 5838 1799 5897 Joan.
1833 5857 1961 5908 χιιι,

2080 5841 2201 5896 -l9.
2276 5839 2319 5871 ⁵⁸
2353 5835 2518 5892 lCor.
2554 5849 2630 5900 XI,
2662 5831 2867 5889 20-22.-
