3992 6402
403 280 511 344 837

1610 292 1973 358 HESYCHII
2012 296 2486 364 PRESBYTERI

3580 315 3685 381 883

401 396 478 453 rit
500 401 906 472 lnconsumpta,
949 419 1062 460 non
1106 406 1333 463 omnino
1366 424 1428 464 ea
1462 427 1583 481 quae
1625 428 1733 468 una
1762 414 1874 482 die,
1912 415 1997 471 vel
2027 421 2072 478 Α
2100 435 2280 488 suam,
2302 386 2718 493 reprehendens
2761 422 3015 480 dicebat:
3066 425 3257 482 0mm
3285 438 3533 497 quotquot
3564 443 3683 488 ants

404 489 644 560 duabus,
709 504 805 551 aut
847 497 1035 554 multis
1062 510 1278 558 servata
1313 512 1481 568 sunt;
1516 504 1661 561 sicut
1696 508 1845 563 enim
1895 524 1993 579 ap—

403 593 579 654 paret,
624 601 735 642 non
768 586 874 644 hoc
922 588 1198 664 legislalor
1223 595 1504 667 praecepit,
1559 598 1657 655 sed
1681 599 1827 669 quod
1859 600 1989 655 reli-

402 689 572 744 quum
597 686 702 743 est,
728 679 952 737 incendi
998 683 1175 751 jubet.
1230 687 1353 741 Dies
1399 697 1582 746 autem
1613 705 1721 747 non
1746 706 1990 749 comme-

403 768 661 835 moravit,
718 779 778 826 ut
840 789 1183 847 quaecunque
1244 781 1622 853 cujuscunque
1679 783 1759 838 rei
1825 800 1989 841 causa

404 868 722 931 emergente
769 866 1137 923 remanserint
1185 868 1593 941 inconsumpta,
1626 873 1741 930 sive
1775 883 1992 945 tempus

400 951 459 1004 in
511 966 673 1010 causa
718 954 809 1018 sit,
861 957 979 1012 sive
1022 960 1154 1029 quid
1187 961 1334 1017 aliud
1366 961 1553 1031 fuerit,
1592 965 1733 1036 ignis
1770 982 1909 1037 Opus
1935 977 1993 1022 et

400 1045 752 1114 consumptio
787 1046 899 1103 fiat.
942 1048 1087 1122 Ergo
1139 1067 1204 1110 ex
1246 1053 1349 1109 hoc
1381 1055 1527 1126 quod
1553 1057 1733 1128 agitur
1764 1058 1993 1114 sensibi-

399 1128 546 1220 liter,
578 1131 907 1220 significatio
943 1140 1230 1209 cujusdam
1267 1143 1625 1216 intelligibilis
1656 1148 1755 1210 rei,
1785 1150 1866 1204 eis
1895 1149 1989 1220 qui

400 1216 714 1286 intendunt,
763 1227 1013 1311 provenit
1066 1246 1080 1283 :
1131 1240 1189 1286 ut
1242 1233 1465 1302 quando
1494 1234 1559 1288 ad
1591 1216 1988 1293 comestionem

399 1311 649 1368 sacriﬁcii
696 1315 983 1380 deﬁcimus
1037 1329 1096 1379 ct
1149 1325 1591 1383 comedet'eillud
1627 1327 1838 1402 integra
1879 1346 1987 1387 non

398 1421 693 1476 possumus
718 1421 903 1469 mente
935 1413 1118 1475 forsan
1142 1417 1495 1487 lassescente,
1526 1421 1642 1478 sive
1671 1423 1987 1491 deficiente,

401 1506 583 1553 utrum
641 1516 705 1556 ea
752 1517 875 1574 quae
924 1505 1203 1574 videntur,
1235 1524 1439 1582 corpus
1475 1522 1733 1585 oporteat
1756 1514 1986 1589 intelligi

402 1586 638 1656 Domini,
677 1593 731 1648 in
779 1596 926 1667 quod
974 1599 1148 1655 oculis
1190 1617 1293 1657 nec
1330 1604 1508 1675 angeli
1572 1617 1810 1677 possunt
1853 1586 1990 1680 pro-

403 1682 647 1752 spicere,
672 1702 781 1744 non
813 1689 1046 1762 relinqui
1076 1731 1092 1757 ,
1123 1693 1218 1749 sed
1250 1695 1415 1752 etiam
1438 1698 1576 1753 tradi
1605 1714 1669 1755 ea
1701 1700 1812 1772 igni
1831 1717 1993 1773 opor-

2100 529 2183 567 me
2224 525 2493 580 uenerunt,
2552 514 2697 584 [ures
2751 517 2988 588 fuerunt,
3033 529 3079 572 et
3126 516 3392 590 latrones,
3450 541 3535 577 seu
3584 541 3679 579 non

2098 606 2384 661 audierunt
2402 624 2487 663 eos
2509 625 2626 663 oves
2642 610 2705 662 ⁸⁷.
2736 608 2804 664 Ει
2828 620 2953 681 post
2982 610 3099 666 hrcc
3125 611 3365 666 subdidit
3391 630 3402 666 :
3434 613 3546 686 Ego
3571 632 3681 672 sum

2099 697 2310 757 ostium.
2343 714 2437 767 per
2464 716 2545 753 me
2565 700 2612 753 si
2640 701 2755 770 quis
2778 701 3074 765 intraverit,
3116 703 3442 773 ingredietur
3461 716 3509 759 et
3540 723 3679 777 egre-

2097 786 2292 851 dietur,
2329 796 2378 841 et
2426 805 2625 858 pascua
2666 791 2972 847 inveniet”.
3013 792 3322 866 lngrcssum
3355 812 3452 867 pcr
3481 809 3680 854 semet-

2098 876 2302 947 ipsum,
2372 881 2421 935 ci
2474 896 2755 953 egressum
2804 883 3116 942 divinarum
3154 888 3560 960 Scripturarum
3588 909 3680 963 apo

2098 968 2310 1038 pellans
2355 970 2682 1041 profectum.
2731 970 2834 1039 Qui
2885 984 3072 1032 autem
3124 980 3419 1049 completio
3470 981 3678 1037 dierum

2100 1059 2190 1115 illa
2222 1061 2457 1118 maxime
2482 1062 2704 1130 dicitur,
2751 1065 2914 1135 plane
2948 1083 3049 1138 per
3079 1068 3281 1124 Lucam
3315 1072 3542 1142 spiritus
3574 1083 3678 1127 tra-

2098 1150 2223 1207 dit:
2271 1152 2341 1209 Et
2391 1154 2516 1207 dum
2579 1156 2965 1226 complerentur
2996 1160 3107 1215 dies
3153 1160 3500 1229 Peutecostes,
3536 1178 3682 1221 erant

2098 1257 2275 1296 omnes
2302 1243 2496 1298 simul:
2526 1244 2702 1316 factus
2732 1254 2806 1300 est
2831 1255 3013 1301 autem
3045 1260 3255 1319 repente
3276 1252 3341 1305 de
3365 1253 3491 1307 carlo
3511 1271 3680 1320 sonus,

2100 1342 2354 1404 tanquam
2389 1336 2713 1391 advenientis
2756 1337 2976 1407 spiritus
3004 1343 3343 1404 vehementis,
3390 1353 3439 1397 et
3475 1346 3683 1413 replevit

2101 1434 2271 1505 totam
2294 1427 2535 1494 domum,
2565 1429 2622 1482 in
2648 1446 2752 1500 qua
2784 1431 3073 1486 sedebant:
3105 1441 3153 1486 et
3196 1446 3562 1503 apparuerunt
3585 1438 3684 1492 illi:

2097 1517 2384 1587 dispertita:
2428 1518 2641 1589 linguae,
2694 1521 2831 1575 sicut
2857 1522 3014 1592 ignis,
3042 1523 3279 1595 seditque
3315 1541 3480 1595 supra
3502 1528 3674 1598 singu-

2099 1607 2177 1662 los
2233 1625 2434 1670 eorum,
2492 1620 2540 1664 et
2583 1610 2768 1681 repleti
2810 1621 2934 1666 sunt
2972 1629 3151 1668 omnes
3186 1613 3397 1684 Spiritu
3426 1621 3679 1673 sancto”.

2096 1695 2217 1751 Non
2273 1697 2475 1752 frustra
2541 1714 2671 1771 ergo
2726 1700 2845 1757 dies
2906 1702 3295 1774 completionis
3354 1705 3587 1771 dierum,
3633 1719 3686 1761 et

403 1782 481 1829 tet
508 1777 755 1847 spiritus,
795 1790 856 1838 ut
891 1797 956 1838 ca
1012 1786 1290 1854 comedat,
1335 1805 1458 1859 qua:
1514 1791 1674 1849 nobis
1738 1804 1868 1851 sum
1921 1810 1989 1850 ex
2020 1782 2068 1845 Β
2097 1790 2585 1855 consummationis
2623 1791 2978 1850 Pentecostes
3025 1795 3250 1859 dicitur,
3291 1796 3391 1851 sed
3442 1806 3501 1852 ut
3540 1813 3683 1853 com-
3728 1812 3739 1821 ·

400 1866 719 1929 infirmitate
786 1872 1079 1932 inesibilia.
1125 1875 1410 1945 Quomodo
1463 1891 1650 1939 autem
1709 1884 1983 1953 comedat,

399 1974 527 2019 cum
573 1964 1018 2036 COgitaverimus,
1072 1970 1261 2027 virtuti
1298 1974 1525 2044 spiritus
1555 1992 1680 2033 esse
1704 1978 1991 2049 possibilia

397 2064 485 2112 ea,
516 2068 638 2122 qua:
672 2054 833 2111 nobis
861 2056 1221 2128 impossibilia
1260 2061 1542 2121 videntur.
1582 2064 1741 2123 Unde
1766 2077 1823 2124 et
1851 2069 1990 2125 sub-
2032 2140 2041 2150 _

290 2212 306 2222 ι.
338 2150 368 2185 μ’
398 2153 695 2211 scquenter
733 2146 1016 2220 disputare
1058 2153 1339 2225 legislator
1378 2156 1611 2214 videtur.
1669 2158 1807 2218 Dicit
1839 2162 1988 2217 enim

396 2244 474 2287 82c
498 2249 510 2289 :

468 2320 547 2376 De
587 2326 718 2379 ostio
760 2344 965 2402 quoque
1018 2335 1363 2403 tabernaculi,
1400 2356 1501 2395 non
1529 2343 1740 2399 exibitis
1787 2355 1985 2417 septem

394 2413 593 2471 diebus.
675 2417 897 2491 Septem
956 2428 1087 2482 cur?
1151 2428 1289 2497 Quia
1348 2436 1804 2508 quinquagesima
1843 2413 1986 2496 dies

394 2510 711 2600 septenario
762 2529 993 2571 numero
1039 2521 1093 2575 in
1141 2525 1441 2596 semetipso
1492 2523 1879 2600 multiplicato,
1930 2542 1988 2589 et

396 2612 508 2653 uno
535 2599 583 2654 ei
625 2601 840 2673 adjecto
868 2609 1168 2687 perficitur.
1212 2613 1367 2673 Unde
1410 2626 1467 2674 et
1515 2618 1984 2679 hebdomadarum

394 2702 518 2749 eam
570 2690 923 2754 festivitatem
970 2703 1115 2777 apud
1167 2702 1388 2783 Moysen
1433 2707 1545 2764 dici
1568 2749 1584 2773 ,
1629 2711 1988 2770 manifestant

393 2784 714 2877 sequentia;
782 2789 858 2845 ait
885 2791 1055 2860 enim,
1111 2797 1420 2854 secundum
1469 2799 1650 2858 LXX:
1716 2805 1887 2877 Usque
1915 2808 1987 2862 ad

392 2872 532 2929 diem
563 2878 921 2949 completionis
946 2886 1335 2960 quinquaginta
1363 2892 1586 2960 dierum,
1620 2872 1981 2966 pentecosten

393 2965 623 3038 dicens;
662 2975 900 3045 complet
939 2978 1090 3034 enim
1139 2983 1519 3053 septenarium
1572 2965 1867 3049 numerum
1925 2991 1980 3047 in

390 3062 691 3132 semetipso
768 3067 1209 3139 multiplicatum.
1287 3074 1357 3131 Et
1423 3077 1582 3149 cuius
1668 3080 1747 3135 rei
1803 3083 1977 3153 gratia

2093 1881 2389 1952 pletionem
2421 1883 2645 1954 quidem
2693 1883 2907 1941 dierum
2939 1897 3295 1958 septenarnm
3343 1891 3572 1955 habens,
3599 1908 3684 1964 ge-

2043 1989 2222 2049 ,rens
2287 1985 2471 2031 autem
2520 1977 2750 2048 spiritus
2823 1979 3226 2050 plenitudinem
3303 1983 3542 2053 impleas
3595 1999 3683 2039 eos

2091 2068 2451 2139 perfectione,
2498 2070 2700 2141 quibus
2746 2070 3073 2129 infundebat
3114 2074 3396 2145 spiritum.
3447 2074 3598 2142 Quod
3640 2077 3682 2132 si

2090 2161 2323 2229 dicatur,
2369 2163 2496 2234 quia
2549 2163 2909 2235 quadraginta
2954 2165 3176 2237 quidem
3234 2166 3359 2223 dies
3402 2184 3527 2223 cum
3553 2184 3681 2241 apo-

2090 2253 2264 2318 stolis,
2297 2254 2587 2325 perliciens
2626 2270 2722 2311 eos
2748 2255 3002 2312 Christus
3040 2257 3142 2312 fuit
3186 2277 3199 2312 :
3248 2259 3343 2329 qui
3379 2269 3565 2315 autem
3596 2276 3680 2314 sc-

2087 2345 2329 2402 cundum
2372 2346 2543 2419 legem
2578 2357 2705 2403 sunt
2729 2348 3087 2419 perfectionis
3118 2360 3330 2421 septem
3366 2352 3507 2411 dies.
3544 2352 3681 2406 inte-

2088 2454 2283 2510 gram,
2346 2438 2488 2494 sicut
2551 2439 2833 2503 diximus,
2915 2441 3276 2497 Pentecosten
3348 2443 3679 2498 describunt.

2088 2530 2384 2588 Sciendum
2421 2542 2504 2588 cst
2545 2533 2672 2603 quia
2718 2549 2823 2590 nec
2864 2534 2918 2588 in
2969 2534 3169 2590 mediis
3214 2534 3363 2589 inter
3400 2534 3680 2590 Ascensiu-

2086 2642 2214 2682 nem
2249 2632 2306 2681 et
2335 2625 2701 2682 Pentecosten
2751 2626 2969 2695 diebus,
3001 2627 3070 2682 ab
3101 2628 3371 2698 apostolis
3402 2639 3680 2699 separatus

2085 2729 2201 2777 est:
2258 2734 2388 2775 nam
2442 2718 2719 2789 quomodo
2777 2719 2917 2776 dixit
2949 2719 3067 2777 eis:
3131 2719 3264 2774 Ecce
3294 2736 3396 2791 ego
3426 2720 3678 2773 uobiscum

2082 2826 2201 2865 sum
2235 2807 2477 2864 omnibus
2505 2809 2685 2863 diebus
2699 2809 2777 2863 °°?
2829 2809 2896 2866 Et
2932 2827 3124 2865 rursus
3158 2827 3171 2862 :
3230 2809 3357 2865 Non
3391 2810 3679 2880 relinquam

2084 2916 2173 2955 vos
2206 2900 2487 2973 orphanos,
2525 2898 2734 2954 veniam
2764 2901 2836 2955 ad
2867 2918 2955 2957 vos
2970 2903 3035 2956 “.
3061 2900 3369 2973 Propterea
3410 2901 3681 2974 legislator

2085 2992 2364 3051 subdidit:
2580 3027 2603 3057 ρ
3090 3040 3095 3041 ν

2156 3082 2302 3139 Sicut
2335 3085 2392 3139 in
2425 3089 2829 3156 pra'seutiarum
2865 3088 3064 3159 factum
3098 3095 3192 3148 est,
3226 3095 3282 3138 ut
3315 3086 3453 3139 ritus
3477 3084 3677 3154 sacriﬁ-

390 3150 604 3214 dierum
631 3164 1117 3225 consummationis
1156 3166 1437 3237 dicuntur,
1466 3174 1752 3244 sequentia
1791 3150 1980 3235 osten-
2008 3151 2051 3211 ο
2083 3175 2154 3231 cii
2183 3150 2554 3247 compleretur.
2588 3176 2709 3240 Vel,
2737 3150 2880 3232 sicut
2909 3174 3074 3237 LXX,
3109 3172 3177 3229 In
3210 3175 3296 3228 die
3319 3176 3421 3228 hoc
3440 3173 3516 3227 sic
3545 3150 3676 3243 prav-
3750 3244 3754 3249 Δ

389 3245 548 3304 dunt

461 3336 672 3413 Septem
695 3344 837 3402 enim
854 3346 1038 3404 diebus
1051 3350 1239 3420 ﬁnitur
1257 3357 1599 3423 consecratio,
1614 3359 1722 3413 sive
1739 3376 1983 3416 consum-

390 3427 580 3496 matio,
597 3430 733 3491 sicut
754 3432 806 3487 in
832 3440 1236 3504 prwsentiarum
1257 3442 1458 3513 factum
1481 3453 1577 3500 est.
1598 3444 1735 3513 Quia
1757 3463 1868 3505 non
1894 3465 1983 3505 se—

393 3518 499 3579 mel
525 3537 621 3578 eos
643 3528 994 3589 consecravit
1027 3533 1314 3605 sanguine,
1344 3545 1401 3591 et
1426 3537 1693 3608 panibus;
1721 3540 1801 3597 sic
1831 3542 1979 3599 enim

388 3612 746 3683 cognovimus
770 3615 825 3671 in
846 3621 1289 3689 praecedentibus
1306 3637 1584 3696 peractam
1608 3633 1980 3687 consecratio-

387 3719 514 3763 nem
537 3721 635 3762 seu
670 3714 1225 3774 consummationem.
1250 3718 1345 3779 liis
1366 3720 1565 3779 similia
1589 3731 1639 3779 et
1669 3723 1844 3783 Lucas
1868 3736 1980 3782 trav

389 3794 503 3864 dit;
538 3796 617 3853 ait
649 3799 797 3856 enim
846 3801 917 3859 de
950 3804 1202 3875 Domino,
1245 3817 1304 3867 et
1335 3810 1655 3884 discipulis:
1691 3816 1896 3884 Quibus
1923 3829 1972 3878 et

389 3893 731 3957 prwsentavit
759 3897 1101 3968 semetipsum
1129 3911 1245 3971 post
1279 3914 1498 3961 mortem
1524 3923 1680 3963 suam
1709 3910 1769 3963 in
1798 3912 1979 3967 multis

388 3985 736 4052 argumentis,
756 4003 851 4056 per
878 3989 990 4045 dies
1019 3994 1378 4066 quadraginta
1396 4014 1661 4069 apparens
1692 4004 1788 4070 eis,
1821 4014 1870 4059 et
1901 4005 1978 4060 lo-

391 4090 555 4145 quens
571 4077 636 4133 de
656 4095 814 4155 regno
836 4079 955 4149 Dei,
979 4095 1028 4138 et
1062 4101 1386 4156 ranvcsrens,
1417 4094 1666 4163 praecepit
1689 4095 1756 4148 ab
1788 4095 1968 4151 Hiero~

388 4166 609 4239 solymis
632 4186 696 4225 ne
716 4172 1062 4243 discederent,
1077 4180 1170 4237 sed
1190 4191 1553 4257 exspectarent
1573 4188 1976 4256 promissionem

386 4260 638 4329 patris".
690 4261 888 4323 Cernis
916 4270 1195 4337 quomodo
1237 4275 1619 4341 consecrabat,
1666 4278 1782 4334 sive
1810 4283 1977 4352 perli-

387 4352 568 4416 ciebat
613 4369 730 4424 eos,
773 4373 1047 4432 apparens
1079 4363 1180 4433 eis,
1217 4374 1275 4422 et
1316 4366 1524 4427 docens
1551 4369 1620 4429 de
1649 4386 1819 4446 regno
1852 4375 1971 4444 Dei,

381 4454 442 4502 et
467 4461 829 4509 eonvescens.
861 4453 1064 4511 Dicens
1092 4467 1276 4514 autem
1317 4460 1386 4517 ab
1427 4460 1819 4537 Hierosolymis
1856 4484 1969 4525 non

385 4536 689 4631 discedere,
738 4559 861 4619 non,
892 4549 1155 4620 praecepit
1199 4549 1426 4621 januam
1473 4536 1809 4614 tabernaculi
1842 4575 1971 4631 pro-

384 4629 537 4700 gredi
574 4632 662 4687 vel
709 4635 918 4706 egredi,
955 4636 1010 4694 id
1040 4647 1145 4707 est,
1184 4656 1298 4699 non
1324 4643 1594 4713 permittit
1644 4629 1966 4720 praedicare,

382 4736 557 4794 usque
595 4721 726 4785 dum
774 4729 1197 4796 promissionem
1245 4735 1490 4807 spiritus,
1545 4755 1667 4812 quae
1714 4741 1858 4801 facta
1888 4755 1975 4802 est

381 4812 832 4888 quinquagesima
885 4820 994 4888 die,
1044 4825 1378 4896 acciperent.
1423 4830 1545 4888 Non
1591 4844 1778 4894 autem
1818 4839 1972 4896 exire

382 4907 452 4962 dc
477 4907 647 4977 janua
679 4911 1017 4971 tabernaculi
1050 4921 1371 4990 testimonii,
1404 4940 1602 4984 vacare
1628 4941 1714 4986 est
1743 4947 1773 4986 a
1800 4933 1972 4997 verbo

382 4998 669 5069 doctrinae,
708 5011 766 5062 et
797 5021 905 5060 non
928 5009 1224 5078 praedicare
1244 5014 1548 5082 evidenter,
1576 5021 1704 5091 quia
1728 5024 1966 5081 hostium

381 5094 739 5166 semetipsum
770 5097 1045 5170 Christus,
1077 5110 1268 5175 utpote
1295 5108 1388 5179 qui
1414 5108 1632 5167 initium
1661 5125 1745 5169 est
1783 5120 1969 5176 oninis

382 5185 552 5242 divini
580 5191 756 5258 verbi,
787 5201 843 5249 et
871 5193 1139 5263 scientiae,
1173 5197 1493 5261 insinuavit.
1525 5201 1756 5264 Introire
1783 5219 1970 5270 autem

381 5279 506 5371 ejus
529 5282 753 5349 ostium,
793 5295 851 5347 et
876 5288 1083 5360 egredi,
1119 5298 1180 5345 ut
1210 5308 1545 5362 praesumere
1576 5298 1632 5357 in
1657 5299 1777 5371 ipso
1809 5303 1973 5361 intel-

380 5368 640 5445 ligamus,
677 5375 794 5448 ipse
820 5379 978 5436 nobis
1011 5383 1233 5441 tradidit
1256 5388 1474 5456 quando
1497 5368 1760 5459 quosdam
1787 5395 1962 5454 aliena

381 5463 663 5550 docentes,
691 5477 748 5526 et
786 5470 843 5527 in
874 5488 1063 5531 errore
1096 5475 1396 5547 mittentes,
1441 5491 1571 5541 ante
1611 5488 1962 5557 praesentiam

2084 3269 2219 3339 cepit
2266 3268 2522 3329 Dominus
2551 3271 2746 3343 facere,
2779 3278 2836 3324 ut
2873 3270 3008 3324 detis
3035 3284 3131 3339 pro
3157 3268 3324 3322 vobis.
3371 3268 3426 3325 ln
3464 3285 3567 3342 qua
3594 3268 3676 3323 die

2083 3361 2229 3417 enim
2266 3361 2488 3419 tradidit
2517 3376 2688 3418 cinna:
2744 3361 3086 3434 mysterium,
3131 3360 3185 3414 in
3234 3360 3433 3416 eadem
3469 3362 3557 3415 die
3584 3360 3673 3413 deo

2082 3454 2491 3525 precationem,
2549 3455 2667 3509 sive
2722 3451 3163 3522 propitiationem
3230 3451 3563 3516 insinuavit,
3625 3449 3674 3503 id

2082 3552 2186 3612 est,
2243 3554 2592 3617 peccatorum
2663 3542 3082 3609 remissionem,
3148 3542 3388 3599 dicens:
3458 3543 3558 3598 llic
3604 3549 3673 3596 est

2081 3652 2230 3692 meus
2266 3637 2489 3708 sanguis
2515 3637 2635 3692 novi
2681 3638 3007 3703 testamenti,
3041 3637 3132 3708 qui
3163 3654 3260 3706 pro
3286 3638 3474 3694 multis
3514 3638 3674 3708 effun—

2078 3730 2253 3797 detur,
2303 3730 2359 3784 in
2404 3730 2758 3785 remissionem
2811 3738 3148 3800 peccatorum
3166 3732 3233 3785 ⁶².
3275 3729 3474 3786 Verbis
3509 3729 3669 3785 etiam

2080 3822 2234 3895 ipsis,
2268 3838 2333 3880 ea
2367 3838 2490 3896 quae
2529 3823 2585 3883 in
2633 3821 2929 3894 Evangelio
2954 3823 3156 3896 scripta
3186 3833 3358 3891 sunt;
3411 3821 3671 3895 pt‘tndicit,

2079 3916 2224 3973 sicut
2311 3931 2649 3989 cognoscere
2730 3931 2795 3972 ex
2870 3916 2957 3972 his
3034 3931 3157 3989 quae
3260 3916 3673 3986 subsequuntur

2075 4017 2256 4080 potes.

2156 4102 2251 4159 Die
2282 4121 2348 4159 ac
2371 4113 2519 4161 nocte
2548 4104 2827 4163 manebitis
2870 4106 2926 4159 in
2967 4102 3335 4160 tabernaculo.
3386 4103 3505 4166 Vel,
3537 4099 3671 4157 sicut

2075 4192 2257 4252 LXX:
2295 4198 2379 4252 Ad
2426 4196 2661 4268 januam
2706 4197 3039 4252 tabernaculi
3098 4197 3391 4252 testimonii
3436 4194 3669 4251 scdebitis

2075 4299 2269 4362 septem
2297 4290 2499 4356 diebus,
2530 4291 2616 4346 die
2649 4307 2712 4348 ac
2738 4299 2907 4346 nocte.
2947 4290 3216 4346 Dominus
3243 4304 3383 4345 vero
3412 4285 3670 4360 apostolis

2077 4383 2154 4438 ait
2185 4401 2200 4439 :
2234 4382 2328 4439 Vos
2351 4394 2530 4439 autem
2569 4385 2813 4442 sedebitis
2846 4383 2902 4438 in
2953 4383 3191 4449 civitate,
3226 4400 3395 4451 usque
3431 4383 3553 4437 dum
3588 4381 3669 4434 in-

2078 4476 2322 4531 duamini
2351 4477 2544 4534 virtute
2569 4493 2635 4533 ex
2662 4476 2856 4544 alto”,
2882 4476 2960 4531 sic
2987 4477 3151 4548 plane
3183 4475 3450 4538 sedebitis,
3485 4474 3577 4528 ait.
3605 4471 3668 4526 Et

2077 4566 2194 4639 ipse
2237 4567 2534 4639 discipulos
2564 4566 2968 4624 hebdomadam
2997 4567 3233 4632 dierum,
3274 4565 3416 4620 nihil
3448 4569 3666 4637 agentes

2075 4674 2321 4725 manere,
2355 4668 2410 4715 et
2437 4673 2547 4713 non
2580 4657 2879 4730 praedicare
2932 4658 3209 4730 prtecepit.
3245 4656 3409 4713 Unde
3457 4671 3525 4711 ex
3557 4661 3663 4710 toto

2074 4767 2186 4809 non
2237 4751 2504 4810 docentes
2551 4751 2867 4825 apostolos,
2918 4761 3212 4823 antequam
3260 4752 3663 4823 complerentur

2075 4840 2322 4915 praedicti
2352 4843 2470 4900 dies
2504 4842 2848 4910 invenimus;
2899 4844 3190 4915 completis
3228 4852 3412 4899 autem
3449 4841 3658 4902 diebus,

2077 4933 2274 4990 Petrus
2307 4950 2432 4990 mox
2463 4935 2908 5007 medicationem
2938 4934 3154 5007 incipit,
3207 4935 3429 5006 quando
3457 4942 3512 4990 et
3567 4930 3662 4986 ad—

2070 5028 2199 5087 ditae
2248 5037 2379 5105 sunt
2406 5014 2631 5105 ,animce
2677 5028 2900 5087 circiter
2953 5027 3056 5084 tria
3100 5027 3306 5083 millia:
3344 5026 3426 5083 sic
3461 5034 3517 5081 et
3559 5019 3657 5095 ipsi

2073 5138 2170 5193 per
2213 5104 2426 5194 singula
2462 5106 2780 5179 mandatum
2823 5122 2931 5177 hoc
2960 5122 3373 5185 custodierunt,
3411 5129 3467 5175 et
3491 5114 3660 5173 maxi—

2072 5233 2160 5273 me
2193 5219 2246 5273 in
2266 5216 2357 5298 ’cis
2394 5217 2740 5290 complentur
2778 5232 2863 5283 ea,
2897 5233 3021 5290 quae
3085 5215 3141 5271 in
3197 5209 3657 5284 subsequentibus

2071 5308 2354 5369 dicuntur.
2412 5362 2417 5369 ,

2138 5400 2482 5458 Observantes
2510 5400 2794 5460 custodias'
2825 5399 3056 5463 Domini,
3105 5409 3162 5453 ut
3193 5415 3296 5454 non
3334 5390 3654 5451 moriemini.

2074 5492 2161 5553 Sic
2225 5495 2366 5550 enim
2432 5495 2559 5549 mihi
2634 5495 2884 5565 prmcepit
2945 5494 3221 5549 Dominus.
3310 5491 3659 5555 Fecerunth

447 5667 499 5769 '0:
524 5668 809 5769 ﬁetu-2"»,-
840 5676 924 5769 εἰ.
972 5677 1292 5769 ".{oa'n._x,
1322 5682 1375 5738 8.
1450 5682 1652 5769 'fjbid.
1683 5691 1735 5747 9.
1817 5699 1862 5729 ⁵³³
1895 5697 1981 5755 Act

2089 5718 2118 5769 ι,
2151 5701 2267 5757 l-3.
2336 5704 2380 5735 ⁶⁰
2411 5701 2599 5760 Matth.
2632 5717 2822 5769 xxvut,
2857 5698 2950 5757 ‘20.
3029 5700 3070 5733 "
3107 5698 3269 5757 Joan.
3297 5711 3421 5766 xxv,
3452 5689 3535 5750 l8.

455 5736 499 5771 θ’
523 5736 832 5814 Marmxiv,
861 5747 952 5804 ιιι.
1026 5749 1068 5780 ’⁸
1128 5736 1263 5809 Luc.
1282 5736 1442 5824 'xstv,
1468 5736 1553 5816 ιέζ
