3992 6446
380 404 496 466 889

1546 410 1627 470 IN
1668 408 2113 473 LEVITICUM.
2146 437 2214 447 -
2253 413 2401 474 LIB.
2436 413 2521 474 II.

3563 414 3672 480 890

371 530 564 580 Aaron
595 532 644 579 et
675 522 771 587 lilii
801 524 916 591 eius
946 534 1136 579 cuncta
1157 566 1173 591 ,
1216 541 1335 594 qua:
1364 524 1567 579 locutus
1607 534 1683 581 est
1731 526 1985 581 Dominus
2017 530 2060 587 A
2086 527 2180 598 qui
2215 528 2347 585 dicti
2379 539 2531 596 sunt,
2563 528 2842 585 aediﬁcans
2887 528 3250 584 vocationem.
3289 526 3445 586 Tunc
3468 530 3672 602 quippe

374 636 476 689 per
503 634 721 672 manum
754 617 945 689 Moysi.
983 619 1038 673 Si
1068 619 1333 688 quaeritur
1369 634 1469 673 cur
1497 618 1681 674 Aaron
1713 618 1840 675 ﬁliis
1862 619 1980 675 suis

378 711 705 781 conjungat,
758 709 1069 765 invenietur
1093 724 1257 762 causa
1288 709 1518 764 omnino
1548 711 1885 773 necessaria,
1918 716 1977 765 et

380 803 449 857 ad
482 801 559 857 rei
588 801 1082 856 considerationem
1113 808 1444 869 opportuna.
1482 801 1599 863 Non
1650 801 1798 856 enim
1826 801 1980 856 exire

380 896 452 951 de
497 894 662 964 janna
710 891 1044 947 tabernaculi
1094 891 1413 957 testimonii,
1462 892 1647 955 idest,
1692 908 1804 946 non
1837 893 1980 947 inte-

383 987 491 1041 rim
521 983 804 1040 attrectari
833 983 1204 1055 evangelieam
1256 983 1730 1054 praedicationem,
1758 983 1847 1038 bis
1878 982 1977 1053 qui

382 1075 633 1149 praedicti
674 1083 804 1131 sunt
851 1074 1132 1146 praecepit.
1184 1076 1324 1132 Cum
1369 1091 1499 1147 ergo
1525 1073 1779 1131 Christus
1805 1090 1980 1145 appa-

386 1170 500 1225 ruit
526 1168 808 1238 apostolis,
838 1182 995 1221 suam
1017 1166 1243 1236 januam
1272 1182 1384 1221 non
1416 1165 1827 1238 egrediebatur,
1856 1166 1978 1236 ipse

384 1257 659 1329 siquidem
712 1266 848 1321 erat,
900 1255 992 1327 qui
1033 1264 1089 1311 et
1133 1256 1518 1327 praedicandus
1566 1264 1685 1311 erat
1712 1265 1767 1311 et
1793 1256 1887 1327 qui
1923 1255 1979 1310 in

387 1350 655 1421 apostolis
705 1350 1047 1420 loquebatur.
1091 1348 1389 1418 Propterea
1441 1365 1563 1405 cum
1616 1347 1744 1403 ﬁliis
1771 1357 1829 1404 et
1860 1348 1980 1415 ipse

274 1477 283 1486 ~
346 1505 352 1512 .
390 1443 573 1498 Aaron
618 1442 953 1506 consecrari,
980 1455 1078 1495 seu
1110 1441 1481 1497 consummari
1508 1440 1813 1495 dicebatur.
1848 1437 1984 1504 Quis

390 1534 461 1588 sit
503 1542 687 1588 autem
725 1546 1057 1587 consecrans
1094 1533 1209 1587 sive
1243 1546 1635 1588 consummans
1680 1530 1979 1602 legislator,

391 1638 738 1695 nequaquam
757 1624 1031 1691 subdidit;
1069 1624 1144 1679 ait
1180 1624 1352 1686 enim,
1406 1622 1615 1694 Septem
1651 1624 1834 1679 diebus
1862 1624 1985 1693 ﬁni-

392 1729 485 1772 tur
526 1692 878 1780 'consecratio,
918 1718 1034 1773 sive
1069 1718 1372 1773 secundum
1405 1717 1569 1785 LXX,
1599 1718 1983 1772 consummavit

390 1827 586 1865 manus
607 1820 830 1878 vestras,
855 1812 988 1865 sicut
1023 1820 1073 1865 et
1105 1811 1245 1881 fecit.
1288 1809 1635 1866 Manifestum
1652 1819 1737 1866 est
1774 1819 1981 1877 autem,

394 1904 543 1974 quod
568 1904 686 1974 ipse
712 1913 830 1960 erat
867 1905 958 1975 qui
989 1904 1128 1960 ﬁlios
1154 1905 1536 1969 consecrabat,
1574 1904 1690 1961 sive
1728 1905 1985 1977 perﬁcie-
2019 1887 2062 1943 Β

395 1996 510 2059 hat,
547 1996 643 2066 qui
689 2005 745 2052 et
767 1997 954 2067 perﬁci
985 1998 1039 2051 in
1090 1999 1171 2053 eis
1195 1998 1309 2053 sive
1342 1998 1677 2065 consecrari,
1705 2007 1894 2070 utpote
1934 1996 1991 2053 in

395 2088 664 2144 membris
711 2089 969 2160 propriis,
1010 2089 1318 2145 dicebatur.

1016 2242 1247 2300 CAPUT
1284 2244 1381 2300 IX.

470 2359 634 2417 Vsus.
679 2361 798 2416 1-4.
866 2359 1080 2415 «Facto
1131 2370 1314 2416 autem
1368 2370 1562 2416 octavo
1616 2361 1707 2417 die
1776 2360 1995 2417 vocavit

395 2453 613 2526 Moyses
673 2455 856 2508 Aaron
910 2462 964 2507 ct
1031 2452 1172 2508 filios
1234 2453 1376 2522 ejus,
1443 2468 1507 2509 ac
1562 2453 1799 2523 majores
1860 2462 1992 2508 natu

395 2545 591 2610 Israel,
649 2544 900 2612 dixitque
955 2543 1022 2598 ad
1070 2543 1253 2598 Aaron
1294 2560 1307 2597 :
1351 2542 1550 2599 Tollite
1599 2543 1835 2599 vitulum
1892 2558 1996 2613 pro

396 2645 648 2710 peccato,
720 2645 781 2692 et
835 2636 1066 2692 arietem
1127 2636 1184 2690 in
1245 2634 1657 2703 holocaustum,
1729 2645 1996 2707 utrosque

398 2730 806 2799 immaculatos,
850 2736 908 2784 et
945 2729 1087 2785 oﬁ‘er
1130 2728 1252 2784 illos
1293 2743 1478 2783 coram
1526 2728 1777 2785 Domino.
1825 2729 1895 2784 Et
1926 2728 1996 2784 ad

400 2821 546 2876 ﬁlios
580 2818 749 2875 Israel
783 2818 1029 2890 loqueris
1071 2836 1085 2873 :
1131 2816 1329 2874 Tollite
1358 2818 1572 2873 hircum
1617 2833 1717 2889 pro
1744 2831 1992 2889 peccato,

401 2907 457 2966 et
482 2912 738 2973 vitulum,
767 2919 932 2982 atque
957 2925 1157 2986 agnum
1187 2910 1504 2965 anniculum
1531 2920 1587 2966 et
1620 2911 1740 2966 sine
1761 2911 1995 2977 macula,

402 3004 456 3057 in
488 3003 897 3069 holocaustum,
926 3003 1148 3066 bovem,
1175 3010 1232 3057 et
1255 3002 1483 3057 arietem
1514 3017 1616 3073 pro
1643 3002 1908 3073 paciﬁcis,
1943 3012 1998 3058 et

403 3096 688 3150 immolate
707 3110 804 3151 eos
823 3109 1010 3151 coram
1025 3095 1260 3150 Domino
1278 3095 1331 3149 in
1348 3095 1619 3151 sacriﬁcio
1636 3095 1996 3166 singulorum,

401 3189 638 3244 similam
687 3189 810 3244 oleo
855 3204 1210 3259 conspersum
1258 3188 1575 3255 oﬁ‘erentes,
1637 3188 1798 3244 hodie
1847 3189 1996 3273 enim

403 3280 672 3338 Dominus
694 3282 984 3352 apparebit
1018 3282 1195 3337 vobis.
1241 3300 1260 3334 ι

473 3375 635 3429 Sicut
675 3374 970 3444 aliquando
1018 3374 1200 3445 imago
1249 3374 1505 3428 animalis
1543 3374 1854 3445 cujusdam,
1899 3383 1997 3430 aut

401 3467 622 3539 virgulti
659 3468 800 3523 forte
844 3466 1182 3539 depingitur,
1232 3475 1327 3521 aut
1372 3467 1636 3521 scribitur
1669 3474 1765 3521 aut
1796 3467 1852 3521 in
1883 3484 1995 3524 avere

403 3559 751 3629 exprimitur,
787 3568 843 3616 et
880 3574 993 3614 non
1023 3560 1248 3630 quidem
1292 3566 1481 3630 aperta
1516 3558 1573 3614 in
1610 3559 1767 3614 initio
1798 3575 1997 3630 opera-

404 3652 593 3716 tionis,
644 3660 740 3707 aut
787 3652 1093 3722 scriptum,
1151 3660 1245 3706 aut
1301 3650 1426 3706 teris
1466 3651 1752 3722 expressio
1780 3659 1886 3717 est,
1939 3652 1996 3708 in

404 3759 668 3816 processu
695 3740 878 3799 autem
915 3743 1118 3814 operis,
1158 3741 1461 3814 participali
1497 3751 1797 3813 augmento
1830 3742 1996 3814 perﬁ-

404 3837 571 3903 citur,
618 3836 700 3891 sic
732 3844 787 3892 et
830 3849 1173 3907 quaecunque
1220 3835 1498 3908 legislator
1543 3851 1693 3892 nunc
1739 3836 1795 3890 in
1826 3835 1996 3908 ﬁgura

404 3933 635 4004 exponit
699 3932 930 3988 clariora
997 3932 1376 3988 additamenta
1452 3946 1668 4001 eorum,
1725 3948 1850 4004 quas
1899 3944 2001 4001 per

405 4036 593 4097 partes
639 4026 837 4092 sancit,
875 4033 932 4081 et
975 4025 1223 4095 planiora
1262 4024 1420 4080 ﬁunt.
1485 4022 1624 4090 Quia
1676 4039 1809 4096 ergo
1850 4023 1996 4079 diem

406 4116 922 4180 consummationis,
988 4131 1088 4171 seu
1143 4114 1580 4171 consecrationis
1632 4115 1995 4170 Pentecosten

408 4207 635 4280 intelligi
665 4216 910 4279 oportet,
937 4207 1304 4272 ostendimus,
1323 4216 1381 4263 et
1407 4207 1537 4278 quia
1565 4223 1740 4277 usque
1769 4206 1837 4262 ad
1870 4220 1998 4261 eum

408 4302 553 4358 diem
602 4299 885 4355 Dominico
928 4300 1186 4355 mandato
1229 4298 1548 4371 prtcdicatio
1597 4298 1830 4354 inhibita
1888 4305 1998 4364 est,

407 4404 703 4469 propterea
742 4409 853 4449 non
886 4394 1039 4449 exire
1066 4391 1292 4464 januam
1328 4391 1668 4455 tabernaculi
1695 4389 1996 4447 testimonii

410 4490 554 4546 ﬁlios
584 4487 764 4543 Aaron
812 4487 1093 4558 praecepit.
1139 4485 1615 4542 Considerandum
1671 4491 1759 4540 est
1816 4482 1998 4553 qualia

2083 622 2238 692 prius
2260 628 2623 678 convocatum
2653 630 2739 676 est
2764 619 3022 677 Ecclesia:
3049 622 3444 691 spectaculum,
3477 622 3534 677 in
3559 636 3668 693 qua

2082 713 2439 783 intelligibilis
2475 712 2682 778 Aaron,
2736 713 2790 767 id
2823 719 2909 768 est
2948 710 3220 779 Christus,
3262 714 3519 768 sacerdos
3546 727 3671 769 esse

2080 807 2324 862 creditur
2362 827 2374 862 :
2420 805 2517 861 ﬁlii
2552 814 2737 862 autem
2784 806 2926 876 ejus,
2959 805 3053 875 qui
3093 805 3346 861 sublimis
3375 815 3506 861 sunt
3535 822 3672 862 con-

2081 900 2426 963 versationis,
2454 907 2511 955 et
2534 899 2658 954 ideo
2685 898 2975 954 sacerdotii
3004 897 3275 964 ministri,
3308 906 3366 952 et
3405 911 3673 967 coopera-

2083 1000 2229 1047 tores
2245 999 2392 1046 sunt.
2403 990 2667 1061 Majorum
2681 998 2811 1045 natu
2826 1000 3009 1047 autem
3024 990 3214 1055 Israel,
3228 989 3677 1060 presbyterorum

2082 1086 2218 1139 ordo
2239 1094 2343 1149 est,
2362 1100 2429 1139 ex
2461 1084 2547 1138 his
2564 1084 2767 1153 quippe
2792 1097 2993 1152 corpus
3022 1081 3281 1153 Ecclesiae
3301 1079 3675 1150 componitur.

2084 1174 2191 1232 Sed
2218 1174 2403 1231 Aaron
2436 1174 2659 1245 quidem
2689 1175 2902 1245 accepit
2937 1173 3015 1228 ibi
3038 1173 3270 1229 vitulum
3296 1187 3396 1243 pro
3424 1179 3673 1242 peccato,

2084 1268 2379 1324 etarietem
2403 1266 2461 1321 in
2485 1266 2888 1329 holocaustum,
2914 1273 3210 1334 utrumque
3242 1263 3674 1327 immaculatum,

2084 1368 2141 1417 ct
2196 1359 2395 1416 obtulit
2454 1374 2643 1415 coram
2698 1356 2952 1414 Domino.
3009 1356 3167 1412 Tunc
3225 1356 3373 1413 enim
3426 1354 3678 1411 Christus

2084 1449 2410 1506 sacriﬁcium
2433 1446 2599 1505 'suum
2628 1449 2976 1504 innotescere
3006 1448 3193 1518 coepit,
3220 1463 3292 1502 ex
3323 1462 3432 1518 quo
3451 1446 3682 1516 Spiritus

2086 1543 2406 1610 adveniens,
2463 1540 2720 1607 Parthos,
2776 1548 2834 1595 et
2893 1540 3101 1602 Medos,
3163 1547 3220 1594 et
3272 1538 3554 1601 Elamitas,
3615 1545 3675 1590 et

2087 1632 2332 1690 omnium
2354 1633 2600 1705 gentium
2624 1631 2914 1701 primitias,
2934 1628 2999 1684 ad
3019 1629 3388 1700 apostolorum
3407 1613 3678 1682 ccnuaculi

2087 1726 2374 1796 superiora
2403 1725 2643 1796 collegit.
2675 1725 2904 1795 Accepit
2925 1732 3111 1779 autem
3142 1730 3198 1777 et
3239 1716 3377 1777 ordo
3409 1719 3682 1788 majorum

2089 1827 2221 1874 natu
2265 1816 2462 1884 Israel,
2517 1831 2681 1887 quem
2735 1814 3183 1887 presbyterorum
3236 1826 3359 1866 esse
3419 1809 3680 1873 diximus,

2099 1919 2287 1981 utpote
2315 1910 2433 1980 ipse
2467 1918 2692 1975 sortem,
2728 1916 2780 1964 et
2810 1907 3038 1979 ﬁguram
3071 1906 3354 1961 doctorum
3386 1917 3601 1974 gerens,
3628 1910 3684 1955 et

2097 2003 2189 2074 qui
2227 2002 2295 2057 ad
2335 2002 2613 2057 docendos
2651 2016 2754 2056 nos
2796 1999 2942 2055 utilis
2984 2006 3070 2054 est
3112 1998 3388 2066 vitamque
3418 1992 3682 2064 perﬁcere

2098 2097 2154 2152 in
2180 2095 2423 2152 Ecclesia
2446 2094 2894 2151 convenientium
2919 2100 3121 2163 potest.
3169 2089 3303 2156 Qua;
3334 2095 3516 2143 autem
3554 2093 3686 2142 sunt

2099 2184 2215 2238 hare
2237 2198 2360 2253 quae
2385 2182 2642 2252 accepit?

2165 2276 2389 2332 Hircum
2441 2291 2536 2346 pro
2593 2283 2830 2345 peccato.
2899 2273 3007 2330 Pro
3056 2271 3383 2344 poenitentia
3426 2268 3686 2327 videlicet

2098 2366 2453 2423 sacriﬁcium.

2167 2458 2238 2514 Et
2265 2459 2489 2514 vitulum
2538 2468 2588 2514 et
2636 2475 2833 2530 agnum
2871 2457 3182 2512 anniculum
3222 2457 3278 2510 in
3315 2454 3683 2509 holocaustum

2095 2553 2487 2608 inmaculatos.
2518 2551 2822 2608 Perfectum
2848 2551 3120 2613 videlicet,
3151 2558 3207 2605 et
3238 2559 3682 2605 consummatam

2097 2649 2288 2714 vitam,
2326 2646 2444 2702 sive
2491 2645 2989 2708 conversationem,
3029 2659 3152 2714 quae
3204 2657 3304 2711 per
3348 2640 3579 2706 hostias,
3630 2639 3685 2694 id

2097 2748 2183 2795 est
2206 2754 2305 2810 per
2328 2738 2649 2794 holocausta
2690 2735 3050 2807 signiﬁcatur.

2170 2830 2239 2886 Et
2260 2831 2460 2896 bovem,
2491 2838 2540 2884 et
2564 2830 2781 2883 arietem
2810 2844 2905 2899 pro
2940 2826 3194 2897 paciﬁcis.
3229 2822 3337 2879 Sed
3367 2822 3433 2877 ad
3481 2818 3687 2876 sacriﬁ-

2098 2923 2245 2980 cium
2292 2923 2533 2977 salutare
2581 2938 2595 2975 :
2640 2920 2974 2977 mediocrem
3025 2916 3521 2978 conversationem,
3565 2926 3689 2982 qua:

2098 3025 2282 3073 tamen
2325 3023 2506 3087 potest
2543 3015 2754 3071 salvare
2793 3028 2890 3068 cos
2932 3012 3024 3082 qui
3068 3010 3326 3073 oﬁ'erunt,
3355 3010 3494 3062 sicut
3522 3019 3691 3075 supra

2100 3110 2360 3167 diximus.
2409 3108 2608 3165 Coram
2668 3106 2902 3161 Domino
2953 3114 3134 3159 autem
3192 3101 3375 3157 omnia
3428 3096 3688 3170 praecepit

2051 3260 2062 3275 ,
2103 3203 2267 3259 ﬁeri:
2316 3209 2539 3273 oportet
2585 3200 2788 3271 quippe
2838 3212 2999 3253 omne
3032 3194 3251 3251 virtutis
3294 3208 3455 3264 opus,
3501 3197 3690 3260 utpote

2098 3295 2319 3352 vidente
2340 3294 2473 3358 Deo,
2494 3286 2702 3364 peragi‘,
2724 3298 2780 3345 et
2805 3305 2915 3344 non
2938 3287 3239 3358 corrumpi,
3266 3300 3445 3354 neque
3469 3280 3647 3336 vitiari
3672 3298 3687 3333 :

2099 3404 2224 3445 cum
2258 3386 2655 3458 permiscemtts
2686 3381 2736 3437 ei
2776 3382 3109 3437 voluntatem
3136 3387 3404 3435 nostram.

2171 3479 2508 3548 Sacriﬁcium
2559 3476 2752 3531 simila:
2812 3486 3107 3541 conspersa:
3151 3468 3285 3524 oleo.
3336 3463 3688 3535 'I'heologiam

2097 3583 2224 3623 cum
2284 3567 2656 3636 eleemosyna,
2722 3562 2831 3617 hoc
2889 3559 3038 3615 enim
3099 3557 3359 3629 praedicta
3422 3551 3689 3609 sacriﬁcia

2100 3660 2380 3717 subtiliter
2428 3657 2591 3714 nobis
2641 3656 2772 3711 olim
2825 3652 3074 3709 discussa
3118 3650 3498 3706 innotuerunt.
3546 3643 3691 3711 Quid

2097 3761 2281 3809 autem
2312 3751 2398 3805 bis
2425 3764 2572 3804 nunc
2598 3746 2886 3803 subdidit?
3564 3746 3573 3751 ’

2169 3843 2308 3910 Quia
2355 3841 2510 3896 hodie
2556 3838 2819 3895 Dominus
2861 3837 3139 3910 apparebit
3177 3834 3340 3889 vobis.
3389 3830 3504 3885 Hoc
3553 3844 3689 3885 ωηο

2099 3935 2275 3994 clusio
2303 3942 2359 3990 et
2389 3931 2639 4003 probatio
2669 3938 2775 3997 est,
2817 3930 2948 4001 quia
2971 3929 3040 3984 de
3072 3928 3396 3982 Pentecoste
3426 3920 3686 3993 praedicta

2099 4028 2283 4084 omnia
2328 4025 2695 4082 dicebantur:
2730 4022 2876 4078 inea
2906 4020 3052 4078 enim
3100 4018 3182 4073 eis
3223 4015 3477 4086 apparuit
3505 4011 3685 4066 Domi-

2102 4137 2227 4187 nus,
2279 4120 2508 4190 spiritus
2557 4115 2835 4181 videlicet,
2897 4114 2965 4170 de
3016 4127 3127 4183 quo
3175 4109 3380 4165 Paulus
3429 4106 3683 4163 dicebat:

2100 4216 2357 4273 Dominus
2407 4220 2588 4266 autem
2650 4209 2869 4279 spiritus
2921 4216 2998 4263 est
3026 4205 3092 4258 “.
3151 4199 3442 4267 Quomodo
3501 4204 3687 4252 autem

2100 4303 2390 4377 apparebit
2414 4302 2470 4358 in
2498 4302 2602 4366 eis,
2619 4300 2758 4357 dixit
2780 4298 2988 4355 Lucas:
3012 4297 3146 4353 Visa
3166 4304 3288 4349 sunt
3308 4293 3382 4350 eis
3400 4290 3690 4361 dispertitw

2101 4398 2333 4470 linguw,
2399 4397 2534 4451 sicut
2592 4394 2763 4466 ignis,
2819 4400 2869 4447 et
2926 4390 3172 4446 sederunt
3229 4401 3395 4457 supra
3452 4380 3690 4453 singulos

2104 4507 2286 4546 eorum
2310 4489 2377 4543 ”.

410 4579 782 4638 consummari
805 4588 861 4635 et
886 4581 939 4634 in
972 4579 1077 4634 hac
1099 4578 1188 4634 die
1214 4578 1297 4633 lex
1347 4576 1629 4649 praecepit.
1661 4573 1815 4630 Diem
1848 4574 1996 4628 enim
2035 4603 2077 4658 υ
2176 4580 2342 4636 vus.
2381 4579 2435 4634 5,
2479 4597 2498 4630 ι
2537 4572 2805 4631 Tulcrunt
2849 4586 2981 4641 ergo
3032 4576 3232 4650 cuncta
3275 4581 3398 4637 qua:
3427 4563 3692 4658 jusscrat

411 4683 666 4733 octavum
712 4674 1075 4729 Pentecosten
1137 4671 1394 4742 appellat,
1451 4672 1578 4741 quia
1632 4669 1996 4725 Pentecostes

410 4769 530 4824 dies
573 4765 768 4822 incidit
812 4766 869 4821 in
917 4765 1041 4832 hac,
1075 4779 1180 4835 qua
1219 4763 1471 4819 Salvator
1514 4759 1832 4826 resurrexit,
1873 4774 1996 4830 quae

412 4876 533 4918 esse
554 4867 743 4917 octava
766 4858 1040 4916 creditur:
1072 4857 1197 4928 quia
1225 4856 1451 4928 ﬁguram
1470 4854 1609 4927 gerit
1628 4852 1997 4925 primitiarum

413 4954 608 5016 futuri,
662 4951 756 5008 sed
800 4959 856 5007 et
908 4949 1401 5006 consummationis
1447 4945 1736 5018 praesentis
1780 4944 1994 5011 seaculi,

412 5062 535 5119 qute
567 5046 622 5100 in
649 5053 859 5121 septem
887 5043 1184 5100 revolvitur
1206 5042 1425 5099 diebus.

482 5137 838 5194 Pentecostes
868 5144 1050 5190 autem
1082 5133 1322 5190 circulus
1342 5133 1445 5188 sub
1470 5131 1731 5203 praedicto
1760 5146 1998 5188 numero

414 5241 519 5302 est,
561 5248 693 5305 ergo
739 5238 886 5286 recte
937 5229 1131 5285 incidit
1173 5228 1229 5282 lu
1270 5225 1529 5298 praesenti
1581 5225 1805 5282 saeculo.
1851 5224 2001 5280 Con-

415 5323 862 5386 summationem,
903 5320 1174 5391 simulque
1226 5317 1683 5373 resurrectionem
1732 5316 2004 5388 signiﬁcat

416 5417 772 5474 Pentecostes
804 5414 922 5471 dies
955 5432 969 5468 :
1021 5412 1309 5484 oportebat
1352 5412 1521 5476 enim,
1569 5416 1633 5464 ut
1665 5408 1720 5463 in
1767 5422 1874 5478 qua
1912 5407 2002 5463 die

417 5509 656 5565 surrexit
711 5505 965 5562 Christus
1012 5505 1068 5559 in
1140 5503 1332 5559 eadem
1390 5511 1447 5558 et
1501 5502 1639 5557 ritus
1687 5500 1996 5558 adveniret.

417 5599 574 5657 Tunc
620 5614 750 5672 ergo
786 5598 971 5654 vocari
1022 5596 1225 5661 Aaron,
1274 5603 1331 5653 et
1359 5595 1498 5650 ﬁlios
1526 5594 1649 5664 ejus
1675 5602 1733 5650 et
1770 5593 2001 5665 majores

415 5702 550 5750 natu
578 5691 747 5749 Israel
771 5689 865 5757 ait,
889 5689 1183 5746 Ecclesium
1206 5686 1631 5760 quodammodo,
1663 5701 1758 5757 per
1783 5700 1998 5753 eorum,

488 5873 534 5908 “
571 5870 765 5933 “Cor.
788 5884 871 5941 tu,
899 5867 986 5928 l‘l.
1060 5869 1107 5900 ”
1131 5867 1252 5925 Act.
1288 5882 1348 5936 ιι,
1376 5865 1433 5921 5.

2096 4673 2307 4745 Moyses
2361 4669 2430 4725 ad
2482 4666 2684 4731 ostium
2744 4660 3101 4724 tabernaculi,
3157 4674 3282 4714 cum
3366 4654 3443 4710 ibi
3508 4652 3694 4709 omnis

2098 4773 2276 4822 staret
2305 4759 2626 4818 multitudo.
2668 4775 2687 4810 ι

2169 4857 2374 4927 Aperte
2408 4852 2499 4908 hic
2535 4849 2836 4907 Ecclesiam
2867 4843 3146 4916 exposuit.

2169 4949 2252 5004 Ad
2270 4947 2464 5003 ostium
2492 4940 2842 4999 tabernaculi.
2865 4937 2982 5005 Vel,
3002 4937 3145 4993 sicut
3173 4931 3336 4999 LXX,
3363 4942 3488 4987 ante
3513 4929 3693 4985 taber-

2044 5031 2051 5034 “
2102 5040 2354 5098 naculum
2388 5036 2691 5100 testimonii,
2729 5032 2989 5089 videlicet
3013 5027 3162 5086 cmli.
3185 5025 3244 5081 Si
3271 5025 3417 5081 enim
3448 5020 3691 5077 Ecclesia

2099 5127 2408 5201 frequentia
2440 5134 2526 5182 est
2555 5123 2875 5195 angelorum
2909 5116 3346 5190 primitivorum,
3372 5112 3463 5201 qui
3497 5108 3689 5201 scripti

2099 5198 2231 5278 sunt
2262 5200 2503 5274 in'cmlis
2527 5224 2655 5271 ante
2690 5207 3117 5281 tabernaculum
3149 5200 3475 5263 testimonii,
3513 5198 3568 5253 id
3603 5207 3693 5253 est

2099 5321 2230 5368 ante
2264 5310 2459 5366 faciem
2492 5307 2638 5372 cmli,
2689 5304 2770 5360 sic
2827 5302 2977 5356 enim
3012 5308 3068 5355 et
3097 5297 3292 5368 Aquila
3342 5302 3467 5347 ante
3497 5290 3691 5364 faciens

2101 5407 2492 5476 interpretatus
2537 5409 2643 5463 est,
2686 5397 2793 5453 hoc
2824 5392 2969 5465 quod
2994 5392 3203 5447 dictum
3244 5394 3349 5453 est,
3384 5382 3691 5476 secundum

2108 5474 2271 5563 LXXV,
2298 5504 2421 5550 ante
2452 5493 2753 5547 Dominum.
2787 5487 2845 5543 Si
2878 5502 3011 5559 ergo
3042 5484 3115 5538 ita
3156 5489 3263 5542 est.
3304 5494 3406 5550 pro
3442 5490 3511 5532 eo
3542 5474 3689 5545 quod

2108 5592 2176 5647 ad
2200 5591 2348 5645 illam
2369 5604 2428 5643 se
2444 5582 2922 5642 conversationem
2946 5586 3094 5650 apta,
3118 5581 3248 5630 ante
3279 5567 3689 5627 tabernaculum

2109 5690 2259 5738 recte
2289 5676 2623 5748 intelligitur.
2664 5671 2760 5727 llic
2788 5662 2972 5726 autem
3012 5665 3192 5723 omnis
3228 5659 3542 5727 multitudo,
3573 5656 3691 5714 sive

2776 5922 2867 5981 ηυξ,
