3992 6394
386 367 492 439 891

1584 367 1946 430 HESYCHII
1984 364 2462 428 PRESBYTERI

3550 369 3659 432 892

379 496 655 557 synagoga
681 483 863 539 omnis
892 481 1123 548 accedit,
1158 482 1211 537 id
1242 490 1344 549 est,
1364 497 1431 537 ea
1455 498 1581 554 qua:
1606 500 1674 539 ex
1699 482 1956 537 omnibus
1984 482 2032 539 Α
2057 478 2234 536 factus
2272 488 2357 536 est
2391 479 2730 551 propitiatio.
2788 477 2898 535 Sed
2938 489 2994 534 et
3039 495 3140 549 pro
3181 481 3507 551 semetipso,
3558 498 3660 537 cur

380 584 441 632 et
470 575 714 646 undique
746 584 830 630 est
863 575 1231 646 congregatio,
1265 574 1442 631 omnis
1475 575 1679 645 quippe
1727 575 1964 630 contrita

381 666 602 730 anima,
655 676 711 722 et
758 668 939 722 omnis
985 675 1238 738 peccator
1264 709 1278 730 ,
1313 667 1492 723 omnis
1532 666 1964 722 misericordiam

381 758 752 814 necessariam
778 759 1006 825 habens,
1034 760 1215 815 omnis
1235 761 1303 814 ab
1326 775 1513 815 errore
1531 775 1591 814 se
1615 769 1961 826 convertens,

381 848 443 906 in
492 849 598 904 hac
625 848 869 905 Ecclesia
900 860 1285 921 congregatur,
1341 866 1454 905 non
1495 850 1670 905 solum
1712 865 1830 915 eos,
1870 850 1963 922 qui

382 940 454 995 de
484 942 680 1010 plateis
730 950 783 996 et
813 941 949 997 vicis
991 950 1139 1007 sunt,
1184 941 1282 996 sed
1312 950 1368 996 et
1396 955 1493 997 eos
1538 942 1630 1012 qui
1661 942 1731 997 de
1758 942 1882 1009 viis,
1910 951 1968 998 et

382 1033 452 1088 de
493 1033 718 1102 sepibus
768 1034 949 1088 vocari
980 1034 1329 1104 praecipiens,
1370 1043 1433 1090 ut
1475 1035 1713 1106 regalem
1750 1049 1964 1091 cmnam

380 1123 753 1192 ingredientes
781 1124 1100 1194 implerent.

455 1211 622 1269 Vens.
648 1214 700 1270 6.
740 1232 759 1266 ι
793 1216 883 1271 Ait
932 1217 1185 1288 Moyses:
1235 1217 1342 1274 lste
1399 1228 1486 1274 est
1540 1232 1741 1288 sermo,
1799 1235 1964 1292 quem

382 1304 641 1376 praecepit
706 1305 993 1373 Dominus,
1053 1307 1247 1374 facile,
1324 1316 1382 1364 et
1447 1310 1735 1380 apparebit
1808 1311 1965 1367 vobis

364 1395 554 1467 -gloria
585 1395 727 1467 ejus.
765 1415 785 1449 ι

448 1487 689 1543 Gloriam
716 1505 838 1546 esse
858 1491 1072 1547 Domini
1098 1494 1372 1563 Spiritum,
1408 1495 1697 1551 manifeste
1718 1497 1963 1553 ostendit

380 1579 528 1648 quod
565 1577 767 1636 Paulus
821 1581 891 1637 ad
939 1583 1256 1640 Corinthios
1310 1586 1531 1657 scripsit
1571 1604 1583 1641 :
1631 1587 1738 1642 Nos
1785 1604 1963 1643 omnes

380 1664 619 1719 revelata
645 1668 783 1738 facie
801 1668 1028 1738 gloriam
1048 1672 1256 1726 Domini
1272 1674 1619 1742 specniantes,
1643 1677 1700 1730 in
1723 1678 1962 1733 eamdem

377 1755 665 1826 imaginem
714 1762 1181 1830 transformamur,
1236 1766 1299 1818 de
1362 1766 1531 1837 gloria
1593 1768 1647 1821 in
1711 1769 1957 1839 gloriam,

385 1848 523 1900 sicut
553 1863 585 1900 a
615 1848 829 1903 Domini
872 1851 1059 1921 spiritu
1096 1854 1162 1907 "‘.
1220 1853 1289 1909 Ut
1338 1869 1467 1926 ergo
1513 1857 1681 1928 gloria
1741 1859 1958 1914 Domini

377 1937 681 2003 videretur,
718 1941 768 1995 id
798 1951 899 2006 est,
936 1951 995 1997 ut
1016 1944 1285 2000 adventus
1314 1947 1682 2003 celebraretur
1711 1948 1957 2019 spiritus,

378 2025 482 2081 iSte
513 2037 597 2083 est
647 2044 845 2094 sermo,
902 2032 1101 2102 inquit,
1139 2050 1301 2104 quem
1352 2040 1614 2109 praecepit
1660 2040 1956 2098 Dominus:

379 2117 567 2175 Facite
594 2121 848 2179 videlicet
871 2127 1132 2196 mysticus
1164 2128 1234 2183 de.
1266 2145 1377 2199 quo
1407 2142 1745 2201 praeceperat
1777 2133 1961 2194 Domi-

378 2224 503 2265 nus.
569 2211 682 2267 Hoc
745 2216 905 2286 facite
962 2219 1016 2270 in
1072 2236 1246 2274 meam
1308 2228 1861 2283 commemorationem
1889 2230 1957 2283 ⁸⁷.

376 2297 697 2357 Sermonem
735 2315 919 2360 autem
965 2307 1237 2378 lcgislator
1267 2326 1336 2365 ex
1380 2316 1777 2371 consuetudine
1825 2317 1958 2374 illud

372 2401 554 2459 vocat,
576 2395 700 2464 quia
725 2396 850 2466 plus
881 2413 1136 2456 sermone
1160 2403 1408 2459 subsistit
1434 2405 1599 2477 hujus
1621 2407 1959 2479 dispensatio

373 2485 640 2555 mysterii,
667 2489 903 2543 maxime
928 2490 1210 2547 Dominico
1240 2495 1409 2550 verbo
1435 2510 1498 2550 ea
1519 2513 1642 2566 qua:
1670 2508 1955 2569 apparent,

371 2575 428 2629 in
459 2576 610 2633 aliud
636 2578 839 2649 aliquid
867 2582 1047 2651 majus
1087 2593 1142 2639 et
1186 2585 1531 2658 intelligibile
1568 2590 1954 2649 transferente.

371 2666 530 2755 Unde
600 2685 728 2725 cum
807 2688 1008 2729 manna
1090 2676 1384 2748 imaginem
1439 2681 1600 2750 panis
1656 2683 1800 2749 vitae,
1864 2685 1957 2755 qui

373 2748 660 2817 descendit
704 2764 773 2819 de
828 2766 989 2826 etelo.
1046 2780 1408 2838 pnesentaret
1441 2748 1465 2827 *ς
1522 2772 1627 2828 Hic
1662 2785 1738 2829 est
1778 2748 1953 2845 panis,

372 2851 472 2917 ait,
517 2867 671 2921 quem
711 2854 855 2909 dedit
899 2858 1042 2913 vobis
1092 2859 1348 2916 Dominus
1385 2865 1455 2917 ad
1488 2868 1862 2923 comedendum
1886 2870 1952 2935 ⁶⁸,

372 2940 463 2996 hic
486 2951 573 2997 est
594 2957 775 3000 sermo
800 2951 963 3016 quem
994 2952 1280 3007 constituit
1324 2953 1610 3012 Dominus.
1645 2957 1784 3024 Quid
1826 2975 1957 3032 ergo

373 3047 440 3086 ex
481 3033 588 3100 his,
639 3050 762 3106 quae.
806 3038 951 3095 dicta
989 3053 1138 3110 sunt,
1192 3044 1469 3117 legislator
1517 3050 1806 3120 significat,
1848 3055 1956 3109 nisi

372 3124 500 3193 quia
531 3125 656 3181 sine
695 3129 865 3184 dubio
904 3133 1193 3202 agentibus
1216 3136 1296 3190 eis
1328 3139 1580 3193 sanctum
1615 3143 1951 3211 mysterium,

373 3224 431 3271 et
451 3217 788 3276 Dominicam
822 3238 1036 3279 coenam
1069 3228 1495 3297 celebrantibus,
1537 3234 1761 3290 advenit
1793 3238 1958 3308 spiri—

377 3316 466 3363 tus
502 3310 710 3376 γρυοά
754 3316 858 3370 etsi
909 3332 1019 3370 non
1050 3319 1266 3388 planius
1311 3326 1622 3394 expositum
1667 3327 1958 3397 habemus,

375 3403 549 3460 multa
597 3406 799 3478 quippe
862 3410 1049 3465 studio
1099 3413 1382 3471 brevitatis
1428 3418 1711 3490 Scriptura
1776 3424 1958 3480 divina

375 3497 742 3566 praetermisit,
800 3516 924 3569 qua:
974 3501 1055 3557 fas
1111 3514 1289 3561 estex
1337 3508 1457 3564 aliis
1501 3511 1778 3582 colligere.
1830 3514 1997 3571 Erat:

371 3588 523 3642 enim
553 3590 671 3647 dies
701 3593 794 3663 qui
825 3598 1130 3665 appellatur
1159 3599 1495 3671 Dominicus,
1522 3605 1575 3660 in
1601 3622 1712 3676 quo
1740 3619 1961 3679 oporte-

370 3678 471 3735 bat
499 3683 673 3737 modis
699 3686 954 3741 omnibus
974 3704 1133 3760 agere
1150 3694 1427 3762 apostolos
1448 3699 1675 3769 mystica
1699 3710 1753 3756 et
1781 3678 1958 3757 sacra.

373 3769 510 3825 Nam
538 3783 595 3828 et
621 3790 721 3830 nos
751 3776 968 3834 illorum
1002 3793 1297 3852 sequentes
1320 3788 1692 3859 traditionem,
1721 3793 1962 3850 Domini-

367 3877 494 3917 .cam
566 3865 712 3922 diem
797 3870 998 3927 divinis
1072 3877 1435 3933 conventibus
1527 3892 1956 3951 sequestramus.

368 3955 690 4015 invenimus
764 3971 949 4019 autem
1026 3976 1082 4020 et
1150 3968 1432 4026 Christum
1512 3974 1765 4031 similiter
1836 3989 1961 4048 post

367 4054 833 4108 resurrectionem
878 4071 908 4110 a
938 4060 1191 4125 mortuis,
1237 4076 1337 4132 per
1366 4066 1615 4135 mysticae
1663 4082 1857 4136 coenae,
1903 4080 1960 4126 et

366 4139 532 4216 panis
612 4140 936 4204 fractionem
1018 4149 1489 4210 manifestatum:
1554 4158 1701 4225 quod
1768 4171 1961 4229 aperte

364 4230 595 4300 quidem
631 4232 828 4302 Lucas,
863 4238 1078 4307 plenius
1115 4253 1297 4299 tamen
1321 4247 1487 4302 etiam
1514 4248 1758 4305 Joannes
1788 4268 1958 4307 evan-

368 4321 569 4393 gelista
599 4326 782 4382 tradit.

449 4411 611 4469 Vens.
645 4414 693 4469 7.
730 4437 749 4469 ‹
794 4419 932 4475 Dixit
981 4423 1046 4477 ad
1085 4423 1266 4481 Aaron
1301 4445 1315 4482 :
1359 4428 1573 4485 Accede
1606 4432 1675 4487 ad
1703 4433 1877 4490 altare
1904 4444 1960 4491 et
2000 4464 2003 4467 λ

2066 569 2192 634 hoc,
2222 585 2348 625 cum
2397 569 2842 641 propitiationem
2887 584 2997 623 non
3028 574 3206 640 egeat,
3242 570 3417 641 magis
3466 580 3658 626 autem

2065 660 2183 731 ipse
2245 670 2470 731 praestet
2530 660 3049 733 propitiationem?
3112 660 3218 716 Sed
3277 671 3335 716 ut
3396 671 3657 717 nostrum

2065 763 2348 823 peccatum
2404 752 2733 824 suscipiens,
2777 753 2945 808 etiam
2984 769 3083 823 pro
3126 755 3425 824 semetipso
3456 755 3659 825 depre-

2066 854 2223 900 catur
2257 861 2272 900 :
2304 846 2592 901 evidenter
2620 846 2769 901 enim
2808 845 2914 901 hoc
2958 844 3198 900 hominis
3231 856 3335 909 est,
3362 855 3423 900 et
3451 846 3572 913 Dei,
3603 847 3659 903 id

2064 948 2170 1003 est,
2212 940 2354 994 sicut
2393 938 2635 995 hominis
2689 939 3126 1011 propitiationcm
3175 941 3553 1010 suscipientis,
3601 952 3659 997 et

2066 1029 2208 1085 sicut
2263 1028 2360 1084 Dei
2416 1031 2636 1087 sibimet
2694 1030 3024 1099 praestantis.
3086 1031 3239 1085 Alter
3285 1031 3438 1084 enim
3488 1033 3657 1088 homo

2065 1117 2387 1188 sibimetipsi
2419 1117 2867 1188 propitiationem
2901 1125 3162 1186 praestare
3193 1132 3301 1171 non
3334 1127 3545 1188 potest.

2135 1208 2299 1264 Vens.
2347 1208 2497 1265 8-H.
2567 1230 2589 1261 ‹
2632 1208 2940 1280 Statimque
3000 1212 3183 1264 Aaron
3248 1211 3526 1266 accedens
3586 1212 3657 1268 ad

2063 1300 2254 1367 altare,
2297 1301 2599 1357 immolavit
2642 1302 2873 1357 vitulum
2928 1317 3028 1372 pro
3069 1312 3297 1373 peccato
3338 1318 3466 1369 suo,
3495 1305 3656 1371 cujus

2064 1394 2383 1463 sanguinem
2442 1394 2759 1450 obtulerunt
2803 1395 2856 1449 ei
2898 1394 2997 1451 ﬁlii
3038 1395 3142 1451 sui.
3182 1393 3244 1450 In
3281 1411 3393 1467 quo
3435 1396 3657 1469 tingens

2064 1486 2311 1557 digitum,
2350 1485 2528 1556 tetigit
2551 1501 2757 1541 cornua
2774 1486 2986 1553 altaris,
3023 1494 3081 1541 et
3104 1486 3248 1544 fudit
3273 1488 3563 1549 residuum
3587 1491 3656 1546 ad

2064 1577 2234 1630 basim
2255 1575 2757 1648 ejus.Adipemque
2782 1594 2848 1634 ac
2878 1582 3235 1648 renunculos,
3269 1592 3325 1638 et
3354 1584 3655 1642 reticulum

2059 1663 2283 1733 jecoris,
2311 1680 2434 1733 quae
2458 1675 2587 1720 sunt
2613 1682 2712 1735 pro
2729 1681 2975 1736 peccato,
2998 1671 3237 1727 adolevit
3261 1689 3432 1744 super
3456 1677 3651 1743 altare,

2063 1756 2205 1810 sicut
2246 1768 2581 1828 praeceperat
2626 1759 2891 1816 Dominus
2943 1762 3132 1834 Moysi.
3184 1762 3394 1820 Carnes
3423 1782 3558 1822 vere
3599 1776 3650 1823 et

2066 1845 2260 1913 pellem
2286 1847 2406 1916 ejus
2430 1857 2581 1903 extra
2610 1852 2796 1903 castra
2828 1850 3130 1907 combussit
3174 1853 3306 1924 igni.
3344 1852 3655 1911 lmmolavit

2003 1950 2008 1956 ‘
2062 1947 2117 1992 et
2166 1938 2470 1995 holocausti
2518 1940 2818 1998 victimam.
2867 1940 3305 2014 Obtulcruntque
3353 1947 3405 2001 ei
3436 1945 3536 2002 filii
3567 1947 3650 2003 sui

2061 2032 2383 2101 sanguinem
2406 2032 2555 2103 ejus:
2580 2049 2742 2102 quem
2766 2035 2910 2090 fudit
2935 2051 3103 2107 super
3122 2037 3308 2093 altaris
3330 2038 3648 2094 circuitum.

2063 2119 2238 2190 Ipsam
2261 2122 2422 2176 etiam
2451 2122 2682 2178 hostiam
2707 2125 2759 2178 in
2791 2125 2960 2180 frusta
2979 2128 3275 2194 concisam,
3294 2144 3424 2183 cum
3452 2130 3646 2198 capite,

2061 2222 2116 2267 et
2150 2215 2413 2269 membris
2441 2217 2669 2288 singulis
2720 2218 3059 2273 obtulerunt.
3089 2220 3221 2286 Quae
3259 2222 3448 2277 omnia
3485 2239 3652 2291 super

2061 2307 2231 2361 altare
2261 2308 2524 2362 cremavit
2552 2310 2682 2382 igni,
2720 2310 2845 2366 lotis
2870 2312 3024 2381 prius
3052 2327 3194 2381 aqua
3253 2312 3560 2382 intestinis,
3595 2322 3650 2370 et

2059 2397 2312 2468 pt‘dibus.
2352 2417 2371 2451 ι

2134 2490 2199 2543 Et
2225 2490 2381 2558 cujus
2411 2491 2486 2545 rei
2521 2493 2694 2561 gratia
2742 2492 2858 2546 lucc
2885 2491 3049 2547 etiam
3080 2493 3135 2547 in
3160 2494 3266 2548 hoc
3304 2495 3432 2549 loco
3477 2497 3648 2551 sat-ri-

2060 2581 2179 2635 ficia
2199 2593 2557 2651 peraguntur,
2579 2584 2833 2652 superius
2847 2583 3107 2639 diximus.
3123 2584 3240 2640 Non
3262 2602 3396 2657 ergo
3421 2603 3648 2643 necesse

2058 2682 2162 2737 est,
2215 2673 2413 2729 iterum
2461 2689 2655 2728 eorum
2706 2676 2966 2730 virtutem
3016 2693 3115 2746 per
3172 2679 3384 2749 singula
3444 2682 3645 2743 dicere,

2058 2780 2177 2834 qum
2202 2764 2256 2818 in
2299 2766 2403 2819 hoc
2431 2766 2698 2823 sacrificio
2728 2778 3061 2839 peraguntur
3090 2788 3104 2836 ;
3141 2785 3266 2825 cum
3296 2772 3436 2827 olim
3460 2789 3522 2827 ea
3556 2754 3648 2842 per

2059 2855 2306 2910 ordinem
2351 2855 2777 2912 discusserimus
2811 2868 2899 2914 et
2969 2861 3131 2928 cujus
3176 2864 3644 2931 comparationem

2058 2960 2248 3022 gerant
2272 2951 2410 3005 nihil
2444 2951 2870 3008 intermittentes
2892 2954 3318 3009 ostenderimus.
3354 2955 3428 3011 Et
3455 2973 3617 3026 quem

2024 3095 2037 3109 ,
2058 3043 2348 3097 admodum
2373 3044 2426 3097 in
2444 3044 2657 3099 Domini
2680 3045 2969 3109 sacrificio,
2996 3047 3140 3116 quod
3166 3063 3291 3103 eum
3320 3064 3500 3105 unum
3551 3051 3644 3115 sit,

2062 3148 2168 3186 non
2211 3141 2419 3187 tantum
2450 3135 2611 3189 nobis
2658 3144 3011 3204 peccatorum
3060 3146 3327 3206 prmstans
3360 3140 3645 3194 remissio-

2061 3238 2209 3288 nem,
2265 3224 2363 3279 sed
2414 3232 2471 3280 et
2516 3226 2682 3280 vitam
2739 3226 3042 3297 perfectam
3095 3228 3150 3281 in
3191 3229 3565 3301 philosophia,
3594 3238 3648 3286 ct

2062 3324 2497 3371 consummatam
2549 3316 2811 3382 efﬁciens,
2853 3320 3162 3374 necessarie
3191 3330 3246 3375 et
3286 3322 3345 3377 in
3379 3323 3632 3384 vitulum,

2060 3406 2155 3476 qui
2199 3422 2299 3476 pro
2340 3416 2566 3476 peccato
2610 3418 2714 3475 est,
2754 3418 2811 3464 et
2874 3411 2929 3464 in
2970 3409 3197 3465 arietem
3234 3413 3404 3480 hunc,
3452 3415 3542 3484 qui
3593 3414 3642 3466 in

2062 3498 2441 3554 holocaustum
2474 3500 2809 3567 immolatur,
2845 3510 3062 3571 oportet
3092 3504 3336 3573 reputari
3363 3522 3376 3558 :
3416 3506 3565 3560 unde
3593 3513 3646 3557 ct

2062 3591 2118 3644 in
2147 3606 2377 3661 persona
2437 3591 2738 3647 sacerdotis
2763 3602 3061 3663 utrumque
3092 3595 3457 3665 perspicimus
3496 3597 3643 3652 obla—

2062 3689 2176 3737 tum
2205 3703 2217 3737 :
2242 3684 2354 3754 jam
2382 3700 2514 3754 ergo
2551 3692 2606 3738 et
2633 3685 2699 3738 ad
2729 3685 3122 3755 subsequentia
3146 3688 3461 3744 veniamus.

2131 3773 2294 3829 Vens.
2329 3775 2521 3828 15-21.
2560 3794 2577 3825 ι
2613 3775 2680 3830 Ει
2730 3791 2829 3845 pro
2880 3785 3106 3846 peccato
3150 3780 3341 3848 populi
3382 3781 3640 3842 offerens,

2060 3863 2324 3920 mactavit
2350 3864 2588 3932 hircum,
2621 3867 2947 3936 cxpiatoque
2994 3868 3173 3934 altari;
3211 3869 3357 3924 fecit'
3387 3871 3644 3926 holocau-

2061 3968 2229 4025 stum,
2259 3959 2467 4015 addens
2510 3960 2566 4014 in
2621 3961 2892 4016 sacrificio
2931 3962 3227 4019 libamenta
3275 3980 3396 4033 quae
3442 3965 3645 4036 pariter

2060 4049 2381 4114 offerantur,
2445 4059 2502 4104 et
2564 4050 2790 4106 adolcns
2838 4067 2900 4106 ea
2966 4068 3133 4123 super
3197 4053 3386 4121 altare,
3444 4057 3644 4124 absque

2061 4142 2411 4197 caeremoniis
2484 4143 2793 4199 holocausti
2854 4146 3130 4200 matutini.
3212 4144 3524 4202 lmmolavit
3592 4153 3645 4199 et

2059 4234 2255 4290 bovem
2303 4245 2469 4302 atque
2540 4237 2791 4304 arietem,
2850 4237 3060 4292 hostias
3126 4238 3382 4308 pacificas
3439 4236 3640 4311 populi.

2060 4326 2496 4397 Obtuleruntque
2542 4328 2592 4383 ei
2639 4327 2731 4382 filii
2768 4326 2854 4382 sui
2896 4330 3241 4399 sanguinem,
3290 4348 3453 4402 quem
3501 4330 3644 4386 fudit

2060 4432 2225 4486 super
2260 4418 2429 4473 altare
2474 4419 2525 4472 in
2573 4419 2846 4474 circuitu:
2895 4420 3112 4490 adipem
3150 4432 3332 4476 autem
3367 4423 3542 4486 bovis,
3591 4428 3643 4475 et

370 4503 595 4561 immola
629 4524 727 4577 pro
761 4522 985 4579 peccato
1016 4525 1127 4581 tuo,
1163 4518 1404 4575 oﬂ'erens
1450 4522 1855 4594 holocaustum,
1898 4537 1955 4584 et
1987 4527 2031 4582 ι)
2058 4513 2287 4597 caudam
2314 4513 2520 4578 arietis,
2563 4513 3006 4582 renunculosque
3051 4528 3176 4568 cum
3226 4513 3481 4585 adipibus
3510 4515 3640 4579 suis,

368 4596 672 4666 deprecare
692 4616 791 4670 pro
820 4613 892 4668 te,
916 4614 969 4657 ct
997 4621 1095 4674 pro
1121 4611 1339 4678 populo,
1366 4627 1601 4683 cumque
1631 4619 1957 4674 mactaveris

374 4687 612 4743 hostiam
656 4692 886 4763 pepuli,
940 4711 1032 4750 ora
1083 4714 1182 4768 pro
1228 4716 1317 4767 eo,
1368 4704 1512 4756 sicut
1555 4707 1804 4777 praecipit
1850 4710 1959 4764 Do-

370 4794 576 4837 rmnus.
619 4798 640 4831 ι
1402 4843 1410 4849 _

444 4869 546 4925 Ubi
583 4881 768 4929 nostra
801 4878 1082 4933 translatio
1116 4880 1331 4950 planius
1358 4882 1541 4950 habet,
1576 4904 1679 4957 pro
1701 4898 1751 4943 te
1790 4899 1841 4944 et
1866 4908 1962 4960 pro

370 4964 585 5033 populo,
616 4983 712 5036 pro
739 4969 921 5038 teipse,
953 4980 1002 5024 et
1025 4988 1120 5035 pro
1152 4974 1305 5028 domo
1331 4987 1422 5031 tua
1446 4978 1588 5033 LXX
1638 4980 1953 5040 ediderunt.

372 5055 479 5120 Qui
529 5066 724 5113 autem
789 5070 918 5115 sunt
978 5064 1173 5120 domus
1238 5065 1594 5142 intelligihilis
1659 5075 1969 5131 sacerdotis

371 5144 542 5201 Paulo
572 5148 810 5215 dicente,
844 5167 1137 5223 cognosce;
1175 5158 1251 5211 ait
1288 5159 1432 5214 enim
1473 5179 1485 5214 :
1521 5161 1756 5218 Christus
1781 5176 1961 5221 autem

372 5247 430 5298 at
454 5240 597 5309 ﬁlius
629 5242 683 5297 in
712 5245 866 5298 domo
904 5263 1002 5300 sua
1023 5247 1064 5280 "
1087 5266 1101 5313 ;
1127 5265 1250 5319 qua:
1282 5251 1477 5309 domus
1523 5271 1627 5311 nos
1658 5272 1872 5324 sumus,
1912 5259 1965 5314 si

373 5328 628 5392 fiduciam
658 5344 716 5390 et
770 5337 999 5408 gloriam
1049 5341 1164 5411 spei
1225 5359 1398 5414 usque
1438 5346 1503 5400 ad
1542 5346 1704 5403 finem
1748 5348 1963 5421 ﬁrmam

374 5424 727 5481 retineamus.
755 5429 898 5500 Ergo
928 5431 981 5484 hi
1004 5434 1095 5501 qui
1128 5434 1500 5503 profecerunt,
1524 5446 1582 5493 et
1604 5440 1964 5509 perfectiores

380 5525 531 5579 sunt,
578 5517 775 5573 domus
812 5521 934 5590 ejus
982 5522 1124 5591 jnste
1170 5526 1518 5595 appellantur

377 5604 719 5675 deprecatur,
752 5619 807 5665 et
837 5628 935 5682 pro
966 5615 1113 5668 omni
1149 5618 1367 5686 pupula,
1403 5628 1589 5690 utpote
1639 5622 1730 5690 qui
1774 5635 1962 5680 nostra

456 5802 502 5844 F'
529 5802 570 5863 ll
597 5804 724 5862 Cor.
762 5821 845 5873 ill,
874 5809 958 5863 l8.
1034 5812 1074 5843 “7
1110 5813 1237 5869 Luc.
1273 5831 1404 5880 χχιι,
1446 5817 1527 5872 15.

1563 5547 1578 5583 :
1630 5546 1728 5600 pro
1762 5532 1964 5601 quibus
1995 5597 1999 5600 ν

2057 4614 2114 4660 et
2191 4605 2483 4660 reticulum
2538 4604 2764 4674 jecoris,
2815 4614 3123 4674 posuerunt
3184 4622 3349 4677 super
3407 4617 3639 4676 pectora.

2058 4696 2304 4767 Cumque
2332 4699 2557 4752 cremati
2587 4706 2773 4752 essent
2796 4698 2986 4768 adipes
3016 4714 3185 4769 super
3202 4700 3405 4766 altare,
3428 4708 3641 4772 pectora

2058 4804 2272 4855 eormn,
2308 4799 2365 4844 et
2396 4806 2579 4845 armos
2608 4791 2833 4845 dextros
2869 4792 3145 4860 separavit
3188 4791 3394 4855 Aaron,
3427 4794 3642 4847 elevans

2060 4898 2245 4938 coram
2284 4883 2531 4946 Domino,
2562 4884 2706 4938 sicut
2731 4892 3067 4954 praeceperat
3097 4885 3147 4939 ei
3174 4884 3409 4955 Moyses.
3450 4903 3470 4936 ι

2133 4976 2300 5042 Cujus
2348 4974 2571 5044 figuram
2624 4991 2688 5029 ea
2747 4991 2867 5045 qua:
2921 4975 3063 5030 dicta
3131 4982 3259 5032 sunt
3310 4976 3565 5031 habeant.
3592 4980 3642 5026 et

2058 5066 2520 5138 quemadmodum
2583 5082 2683 5137 pro
2754 5077 2980 5137 peccato
3057 5068 3244 5121 hircus
3308 5065 3643 5139 poenitentire

2059 5159 2389 5215 sacrificium
2437 5159 2725 5230 significet,
2795 5161 3111 5215 holocausta
3168 5170 3350 5215 autem
3402 5155 3638 5215 crucifixi

2060 5256 2530 5311 conversationem
2561 5273 2575 5309 :
2603 5254 2956 5324 Theologiam
2978 5271 3108 5309 vero
3140 5254 3339 5309 similia
3369 5278 3379 5309 :
3415 5255 3640 5309 salutare

2069 5359 2273 5410 autem,
2332 5364 2428 5404 seu
2479 5348 2832 5417 pacificorum
2898 5347 3252 5411 sacrificium,
3315 5348 3480 5401 vitam
3529 5356 3643 5414 quae

2070 5458 2173 5498 nos
2222 5442 2431 5496 salvare
2478 5448 2674 5510 potest,
2717 5439 2882 5494 etiam
2938 5440 3290 5495 mediocriter
3332 5441 3637 5511 sapientes:

2072 5534 2462 5590 sacrificiorum
2480 5533 2751 5589 discussio
2769 5533 3104 5603 prteccdcns,
3134 5535 3451 5589 unctionem
3475 5542 3644 5587 sacer-

2073 5624 2218 5681 dotis
2265 5623 2525 5679 ostendit.
2576 5622 2715 5694 Ergo
2766 5622 2858 5694 qui
2918 5624 3082 5695 hujus
3133 5624 3433 5680 sanctionis
3482 5615 3642 5677 nescit

1608 5819 1651 5853 5“
1685 5820 1857 5874 Exod.
1890 5837 2001 5888 xvt,
2042 5820 2130 5876 i3.
2198 5821 2238 5852 ’Ψ
2273 5818 2438 5875 lithr.
2473 5833 2551 5880 tu.
2585 5816 2639 5873 6.
