3992 6434
328 422 541 530 893.

1444 454 1558 545 ‘IN
1598 447 2034 514 LEVITICUM.
2068 472 2136 482 —
2168 444 2314 507 LIB.
2347 442 2435 504 Il.

3490 413 3600 475 894

331 581 806 653 explanationem,
864 580 974 636 illic
1028 595 1153 634 eum
1217 575 1519 632 subtilitate
1570 566 1915 640 perquirens.
1948 568 1992 622 Α
2021 559 2185 616 etiam
2214 556 2415 613 Paulus
2441 550 2729 608 intellexit.
2770 546 2910 603 Dicit
2939 554 3121 600 autem
3152 540 3231 596 sic
3268 555 3282 593 :
3312 535 3436 592 Volo
3457 533 3598 589 viros

2210 651 2217 653 Α
2413 648 2424 653 -
2455 645 2465 653 .
2491 648 2503 653 -
2611 641 2624 653 ι
2769 649 2778 653 -
3012 652 3019 653 ,
3054 649 3093 653 η-
3112 646 3236 653 -..---
3256 628 3300 653 τι
3343 625 3597 653 Tnann.

316 673 509 732 'etiam
569 675 686 731 haec
745 690 845 744 per
883 672 1095 744 singula
1146 670 1301 726 sciet.
1358 665 1491 721 lllud
1537 673 1717 719 autem
1770 671 1920 713 nunc

338 769 655 824 necessarie
680 764 951 833 addimus,
999 764 1175 821 sancti
1204 762 1440 832 Spiritus
1473 759 1530 813 in
1560 756 1919 811 Pentecosten

338 861 664 933 provenisse
693 859 1130 921 descensionem,
1158 870 1282 911 cum
1314 854 1371 907 in
1410 864 1578 909 unum
1613 842 1919 918 congregati

338 962 536 1010 essent
609 952 881 1024 apostoli,
945 949 1130 1006 omnia
1191 962 1313 1018 quas
1380 944 1682 1002 secundum
1746 939 1923 1010 legem

339 1046 607 1102 Ecclesiae
637 1053 879 1116 agerent,
908 1041 1215 1113 signiﬁcare
1241 1034 1607 1095 consideravit
1628 1030 1922 1104 legislator,

340 1149 497 1194 recte
544 1139 857 1209 praecedere
907 1134 1211 1192 sacerdotis
1266 1128 1553 1191 sacriﬁcia,
1611 1141 1675 1180 ac
1727 1121 1926 1179 deinde

340 1231 647 1288 subinferri
684 1230 869 1301 populi
907 1226 1207 1299 praecepit:
1237 1230 1453 1294 oportet
1490 1219 1636 1275 enim
1668 1215 1928 1272 Ecclesia:

341 1324 659 1381 doctrinam
687 1339 718 1376 a
742 1320 1011 1377 sacriﬁcio
1039 1317 1310 1388 Unigeuiti
1345 1312 1625 1375 inchoare,
1659 1318 1719 1364 ut
1753 1308 1928 1361 intro-

346 1419 621 1473 ducantur
669 1415 953 1477 docentes,
1006 1410 1137 1481 quid
1186 1406 1344 1463 nobis
1400 1403 1584 1477 passio
1643 1396 1929 1456 Dominica

345 1506 666 1580 profecerit,
709 1513 805 1559 aut
849 1501 1179 1559 contulerit:
1228 1507 1392 1569 atque
1437 1497 1511 1552 ita
1558 1492 1932 1550 subinferatur

348 1613 537 1655 sermo
561 1594 921 1668 paenitentia,
946 1608 1110 1664 quem
1127 1605 1321 1646 omnes
1343 1589 1552 1658 utique,
1574 1594 1635 1641 ut
1651 1583 1927 1646 homines,

349 1689 729 1747 necessarium
782 1687 1072 1743 habemus.
1127 1681 1286 1739 Unde
1343 1688 1400 1736 et
1445 1677 1713 1733 Dominus
1764 1687 1932 1729 unam

352 1783 663 1839 doctrinam
690 1779 967 1850 praedicat,
1005 1777 1060 1832 id
1105 1784 1190 1831 est
1221 1769 1619 1845 paenitentiam,
1651 1776 1933 1835 totumque

351 1877 483 1949 peri
482 1886 634 1931 cetus
646 1871 939 1929 subinferri
954 1886 1126 1926 conve
1134 1868 1417 1941 rsationes,
1433 1872 1597 1932 atque
1613 1857 1933 1929 theologiam

355 1971 469 2026 illis
498 1966 948 2040 permiscendas:
990 1962 1175 2018 subdit
1197 1969 1403 2021 autem,
1436 1965 1490 2012 et
1510 1970 1633 2026 quae
1665 1950 1940 2022 corrigen-

356 2074 467 2126 tes,
516 2062 634 2117 sive
690 2058 841 2116 uncti
892 2057 1088 2113 salvari
1138 2066 1455 2126 possumus,
1519 2044 1771 2118 quamvis
1827 2057 1939 2097 non

356 2155 675 2212 sublimiter
740 2163 1152 2208 conversemur.
1231 2143 1292 2198 ln
1359 2142 1447 2198 his
1510 2137 1656 2194 enim
1725 2140 1943 2206 oportet

359 2248 667 2306 Ecclesiam
731 2240 1083 2316 congregari,
1158 2249 1215 2294 et
1283 2232 1776 2291 manifestationem
1846 2224 1942 2279 Dei

361 2345 553 2418 gloriae
575 2342 873 2413 suscipere.
896 2338 1023 2394 Haec
1047 2337 1166 2392 sine
1188 2329 1352 2389 dubio
1375 2328 1567 2386 diebus
1592 2325 1944 2381 Pentecostes

363 2413 607 2492 maxime
631 2433 864 2504 agebant
893 2427 1143 2497 discipuli
1176 2420 1414 2486 Domini,
1464 2426 1689 2490 propter
1715 2414 1859 2486 quod
1889 2413 1945 2466 in

366 2544 543 2585 unum
575 2536 707 2582 tunc
745 2521 961 2580 collecti
1000 2527 1176 2583 erant,
1225 2514 1371 2584 quod
1421 2510 1735 2568 manifestat
1771 2508 1948 2562 Lucas
2020 2550 2027 2555 .

365 2622 560 2677 dicens
585 2638 599 2675 :
628 2619 695 2674 Et
723 2618 849 2671 dum
877 2612 1259 2681 complerentur
1275 2607 1389 2660 dies
1408 2604 1758 2665 Pentecostes,
1794 2598 1946 2654 erant

369 2727 549 2767 omnes
563 2710 724 2763 simul
754 2702 1077 2760 unaru'miter
1095 2699 1163 2751 7°.
1189 2695 1329 2762 Quid
1351 2701 1535 2747 autem
1565 2695 1722 2744 erant
1738 2680 1947 2740 collecti

372 2820 553 2878 agere,
605 2800 709 2857 nisi
758 2814 825 2853 ea
871 2795 1051 2851 modis
1092 2789 1371 2853 omnibus,
1423 2799 1545 2855 quae
1588 2780 1731 2837 dicta
1782 2774 1953 2833 sunt?

370 2876 511 2952 Nam
566 2892 671 2948 etsi
714 2889 896 2960 palam
934 2899 1045 2940 non
1113 2877 1506 2952 praedicabant,
1560 2881 1616 2927 et
1666 2876 1951 2941 propterea

373 2991 524 3046 intus
549 2992 729 3049 erant,
758 2983 813 3036 in
831 2975 1209 3049 superioribus
1237 2971 1512 3030 sedentes,
1530 2967 1764 3019 necdum
1790 2958 1954 3014 verba

373 3079 819 3139 disseminantes,
852 3048 970 3127 sive
1003 3066 1189 3137 palam
1225 3064 1537 3131 loquentes,
1564 3053 1691 3125 quia
1723 3051 1792 3108 de
1815 3048 1957 3105 ostio

376 3167 715 3230 tabernaculi
735 3160 1035 3221 testimonii
1059 3172 1169 3212 non
1191 3161 1348 3210 erant
1372 3148 1510 3222 jussi
1543 3144 1750 3218 egredi,
1783 3156 1958 3212 usque

377 3266 508 3321 dum
559 3260 632 3316 de
699 3254 916 3313 excelso
987 3249 1348 3306 inducrentnr
1416 3239 1652 3312 Spiritus
1710 3235 1953 3290 virtute:
1987 3259 2029 3316 ρ

378 3364 753 3415 vetumtamen
781 3350 836 3405 in
862 3342 1174 3413 semetipsis
1205 3338 1330 3410 quia
1357 3336 1477 3392 haec
1504 3332 1754 3404 agebant,
1787 3326 1962 3384 mani-

382 3447 585 3519 festum
634 3448 752 3496 est:
780 3446 837 3493 et
868 3444 1207 3505 quaecunque
1249 3427 1447 3482 decent
1491 3417 1813 3482 Ecclesiam,
1844 3430 1962 3469 me-

384 3514 548 3595 ditari
576 3550 688 3590 non
705 3529 992 3587 cessabant
1013 3532 1087 3579 ut‘
1102 3523 1278 3592 ipsum
1301 3514 1556 3574 videlicet
1581 3511 1638 3566 in
1655 3505 1966 3576 semetipsis

387 3630 657 3686 haberent
684 3622 990 3683 Christum,
1023 3614 1115 3686 qui
1166 3620 1250 3667 est
1295 3616 1459 3678 caput
1488 3602 1769 3660 Ecclesiae.
1811 3598 1967 3655 Unde

386 3727 444 3775 et
466 3715 747 3772 alatthiam
765 3711 831 3766 ad
846 3706 1234 3779 apostolatum,
1252 3713 1374 3755 cum
1392 3694 1754 3751 coneionatus
1775 3688 1971 3744 fuisset

388 3811 588 3866 Petrus
617 3815 674 3863 et
714 3800 1092 3876 proposuisset
1120 3794 1317 3876 divinae
1346 3789 1644 3859 Scriptura:
1672 3780 1971 3854 expositio-

390 3918 543 3968 nem,
593 3909 757 3969 atque
810 3890 1141 3957 testimonia,
1186 3874 1331 3942 sorte
1384 3884 1800 3951 separaverunt.
1847 3871 1977 3927 Sive

392 4004 579 4050 autem
627 3985 962 4051 concionari,
1007 3983 1062 4038 id
1096 3988 1181 4035 est
1224 3975 1485 4048 populum
1525 3965 1824 4030 exhortari,
1857 3964 1973 4018 sive

394 4084 694 4157 prophetas
711 4073 1054 4146 interpretari
1066 4114 1078 4134 ,
1092 4071 1330 4126 etcleros
1345 4063 1575 4122 sociare,
1593 4054 1975 4115 ecclesiasticae

396 4173 826 4249 dispensationis
854 4177 908 4224 et
935 4165 1146 4223 ordinis
1177 4161 1299 4216 fuit.
1327 4158 1469 4228 Ergo
1493 4151 1840 4210 manifestum
1872 4155 1974 4210 est,

398 4273 530 4345 quia
575 4263 1032 4339 quemadmodum
1078 4258 1134 4311 in
1180 4249 1455 4309 Ecclesias
1512 4242 1726 4301 collecti
1783 4240 1838 4294 in
1874 4237 1980 4292 illis

400 4331 610 4421 diebus.
647 4366 824 4419 erant,
872 4356 1018 4424 quod
1075 4357 1131 4403 et
1178 4344 1452 4418 legislator
1501 4337 1677 4393 modis
1726 4331 1983 4389 onmibns

403 4449 699 4526 signiﬁcari
752 4446 1135 4506 considerans,
1194 4431 1599 4506 consequenter
1649 4435 1704 4483 et
1746 4440 1811 4481 ea
1862 4437 1985 4498 quae

403 4546 820 4613 subsequuntur
853 4535 1060 4591 addidit
1086 4551 1099 4587 :

2021 662 2175 706 orare
2202 651 2255 703 in
2281 648 2424 702 omni
2448 645 2579 706 loco,
2606 641 2837 696 levantes
2856 652 3026 708 puras
3047 646 3237 688 manus
3256 625 3601 681 ".Tendens

2021 741 2135 795 sive
2158 741 2347 794 levans
2391 750 2520 807 ergo
2574 746 2793 794 manus,
2825 723 3105 783 benedixit
3138 721 3261 776 illos
3297 736 3312 772 :
3346 716 3472 786 quia
3505 727 3603 783 per

2021 830 2345 887 levationem
2367 840 2647 888 manuum,
2670 838 2767 893 per
2793 817 3097 875 orationem
3126 810 3401 872 videlicet,
3420 818 3604 860 sacer-

2024 922 2405 992 dotes‘pOpulo
2432 916 2784 974 benedicunt'.
2837 908 2943 965 Sed
2973 905 3121 962 unde
3162 898 3603 958 benedictionem

2024 1022 2283 1088 praestent
2309 1010 2608 1068 oStendunt
2634 1003 2944 1076 sequentia.

2096 1104 2258 1162 Vens.
2284 1105 2375 1160 2'5.
2425 1120 2444 1155 ι
2478 1097 2720 1172 Ingressi
2782 1104 2965 1151 autem
3036 1088 3246 1158 Moyses
3305 1090 3361 1137 et
3421 1079 3606 1132 Aaron

2028 1195 2435 1256 tabernaculum
2509 1187 2846 1249 testimonii,
2912 1189 2976 1254 ‘et
3048 1178 3310 1245 deinceps
3377 1167 3604 1241 egressi,

2028 1289 2429 1349 benedixcrunt
2462 1282 2682 1355 populo.
2723 1298 2742 1334 ι

2099 1379 2464 1450 Quamobrem
2506 1374 2659 1446 prius
2726 1370 2781 1425 in
2841 1362 3251 1422 tabernaculum
3308 1352 3608 1414 testimonii

2032 1472 2431 1546 ingrediuntur,
2479 1444 2534 1522 et
2579 1472 2768 1536 postea
2820 1454 3256 1515 benedictionem
3297 1444 3605 1520 praestant?

2032 1572 2136 1628 nisi
2161 1580 2220 1625 ut
2246 1583 2355 1624 non
2388 1565 2719 1637 ignoremus,
2745 1556 2869 1626 quia
2899 1554 2967 1610 de
3002 1545 3323 1619 intelligibili
3349 1543 3608 1597 taberna-

2034 1663 2175 1727 culo,
2213 1656 2468 1714 videlicet
2523 1653 2591 1707 de
2632 1648 2792 1710 coelo,
2834 1640 3270 1700 benedictionem
3324 1629 3613 1703 proferunt

2035 1752 2366 1812 sacerdotes,
2399 1745 2648 1802 dicentes
2679 1740 2821 1796 sicut
2850 1734 3048 1791 Paulus
3073 1746 3087 1784 :
3117 1727 3430 1784 Benedictus
3454 1721 3611 1785 Deus,

2036 1856 2086 1899 et
2130 1843 2292 1898 Pater
2342 1835 2554 1892 Domini
2598 1831 2762 1887 nostri
2806 1828 2934 1883 Iesu
2961 1821 3179 1886 Christi,
3229 1817 3318 1888 qui
3358 1811 3618 1868 benedixit

1969 1903 2010 1957 Β
2043 1956 2133 1992 nos
2163 1937 2218 1990 in
2255 1933 2399 1988 omni
2432 1926 2787 1984 benedictione
2824 1915 3116 1991 spirituali,
3158 1912 3215 1966 iu
3241 1905 3527 1963 caelestibus
3564 1900 3620 1953 in

2041 2026 2326 2085 Christo".
2349 2022 2465 2078 Hoc
2492 2018 2637 2075 enim
2669 2012 2828 2070 nobis
2860 2020 2915 2065 et
2945 2010 3063 2079 ipse
3093 2003 3313 2058 tradens
3334 1995 3616 2054 Dominus,

2041 2108 2282 2192 quinque
2315 2128 2506 2187 panes,
2556 2118 2611 2166 et
2660 2120 2854 2163 rursus
2894 2110 3105 2171 septem
3143 2090 3498 2151 benedicens,
3552 2084 3618 2137 ad

2042 2211 2241 2267 malum
2281 2203 2628 2276 respiciebat.
2659 2200 2769 2253 (Zur
2824 2203 3007 2250 autem
3059 2204 3173 2245 non
3228 2185 3379 2240 solus
3415 2179 3620 2242 Aaron,

2185 2310 2240 2356 et
2279 2264 2488 2370 Movscs
2531 2293 2892 2365 Synagogam,
2943 2298 3042 2338 seu
3088 2276 3348 2351 populum
3395 2264 3623 2325 benedi-

2045 2395 2214 2451 (πηιιῖ
2244 2391 2347 2447 nisi
2379 2398 2440 2444 ut
2481 2387 2794 2442 discamus,
2834 2377 2960 2448 quia
3006 2388 3118 2428 non
3159 2365 3382 2440 propria
3421 2361 3624 2415 virtute

2045 2488 2354 2544 sacerdotes
2374 2477 2813 2537 benedictionem
2833 2474 3115 2541 prastant,
3138 2460 3234 2516 sed
3253 2459 3379 2528 quia
3398 2453 3624 2521 ﬁguram

2048 2583 2237 2637 ferunt
2282 2575 2513 2647 Christi,
2554 2574 2785 2641 possunt
2827 2540 3050 2634 propter
3101 2569 3227 2610 cum
3273 2548 3365 2619 qui
3411 2546 3464 2598 in
3494 2540 3626 2610 ipsis

2048 2683 2152 2739 est,
2178 2644 2449 2743 praestare
2477 2635 2881 2720 benedictionis
2922 2646 3340 2724 plenitudinem.
3373 2635 3531 2692 Unde
3572 2639 3629 2685 et

2053 2723 2152 2739 -.η
2928 2723 2933 2724 7

2053 2767 2282 2838 Moyses,
2313 2768 2505 2831 utpote
2560 2755 2646 2810 cui
2674 2754 2852 2821 imago
2905 2754 2991 2800 est
3040 2735 3257 2796 Domini
3305 2730 3508 2788 credita
3563 2723 3632 2778 ad

2940 2837 2945 2838 ⁷
3069 2832 3099 2838 ’⁵
3258 2825 3289 2838 η
3348 2823 3362 2838 I
3434 2827 3465 2838 γι
3504 2815 3631 2838 ΞΙΙ--.‹Ι

2051 2815 2483 2913 benedicendum
2528 2854 2679 2900 recte
2712 2815 3220 2909 comprehenditur.
3257 2823 3364 2880 Sed
3417 2827 3473 2873 et
3504 2815 3634 2870 illud

2053 2965 2149 3021 per
2200 2962 2263 3002 ea
2306 2958 2428 3015 qua:
2467 2940 2608 2994 dicta
2653 2942 2801 2998 sunt,
2856 2930 2939 2984 lex
2987 2921 3253 2993 signiﬁcat
3297 2934 3312 2970 :
3354 2912 3480 2984 quia
3527 2922 3636 2963 non

2056 2998 2140 3021 I'"
2207 2998 2263 3002 "'
2320 2998 2338 3015 1

2055 3040 2230 3097 solum
2261 3037 2307 3091 is
2331 3033 2425 3104 qui
2448 3025 2818 3085 sacerdotium
2847 3017 3077 3075 sortitus
3107 3019 3213 3075 est,
3244 3007 3339 3063 sed
3367 3014 3422 3058 et
3456 2998 3643 3056 omnis

2053 3137 2237 3207 justus
2279 3128 2559 3186 Christum
2606 3123 2817 3177 habens
2860 3117 2917 3170 in
2963 3107 3277 3177 semetipso,
3324 3110 3380 3154 et
3416 3098 3643 3168 ﬁgurato

3137 3201 3147 3207 '
3422 3184 3610 3207 κ-Α-Α--.Ι

2063 3184 2234 3207 ,_--_-
2295 3184 2307 3186 _

2063 3221 2275 3281 Domini
2317 3219 2400 3276 sui
2447 3232 2545 3289 per
2588 3214 2788 3268 bonam
2843 3201 3337 3261 conversationem,
3381 3184 3645 3259 quemad-

2063 3317 2285 3373 modum
2312 3311 2520 3382 Moyses
2549 3304 2839 3361 exsistens,
2872 3297 3103 3352 idoneus
3124 3297 3209 3344 est
3238 3285 3304 3340 ad
3336 3277 3649 3338 donandum

2064 3401 2522 3462 benedictionem.
2576 3393 2704 3447 llaec
2744 3382 2874 3459 ergo
2917 3378 3201 3450 discipulis
3231 3369 3442 3428 Domini
3479 3381 3647 3438 agen-

2070 3499 2235 3560 tibus,
2297 3491 2522 3563 spiritus
2574 3481 2814 3544 advenit,
2889 3481 3113 3548 propter
3168 3465 3317 3538 quod
3363 3460 3656 3515 audiamus

2070 3584 2378 3656 sequentia.

2139 3642 2303 3732 licus.
2344 3673 2437 3728 24.
2509 3689 2527 3721 ι
2559 3660 2934 3737 Apparuitque
2995 3653 3162 3727 gloria
3227 3644 3441 3702 Domini
3497 3642 3650 3696 omni

2074 3764 2429 3826 multitudini.
2480 3762 2549 3815 Et
2603 3772 2733 3813 eccc
2794 3750 2938 3824 ignis
3008 3758 3261 3818 egressus
3317 3755 3345 3792 a
3403 3734 3657 3792 Domino,

2074 3857 2360 3941 devoravit
2406 3854 2806 3910 holocaustum,
2858 3850 2914 3897 et
2962 3830 3175 3907 adipem
3208 3831 3449 3902 quierat
3493 3837 3660 3891 super

2972 3937 2982 3941 -
3045 3935 3056 3941 -
3132 3922 3208 3941 ι--
3297 3916 3659 3941 ι--..ι....η...η.ρ

2077 3934 2264 4005 altare.
2319 3943 2474 4011 Quod
2536 3953 2659 3994 cum
2722 3933 2991 3988 vidissent
3044 3922 3244 3984 turbae,
3297 3916 3662 3973 laudavcrunt

2080 4039 2371 4096 Dominum
2402 4040 2624 4088 ruentes
2664 4027 2719 4081 in
2755 4023 2923 4079 facies
2958 4032 3108 4073 suas.
3148 4033 3166 4066 ι

2151 4132 2317 4187 Putas
2345 4141 2416 4181 ne
2462 4123 2641 4192 aliqua
2688 4110 3144 4185 interpretatione
3178 4097 3465 4175 praesentia
3500 4094 3663 4150 verba

2081 4219 2407 4296 legislatoris
2469 4185 2608 4285 opus
2675 4203 2946 4264 habent?
3004 4200 3125 4272 Ipsa
3192 4205 3429 4261 namque
3483 4185 3667 4242 verbis

2085 4278 2418 4374 cooncordant
2465 4278 2573 4371 his,
2624 4317 2746 4373 quae
2795 4304 2925 4352 sunt
2959 4292 3028 4349 de
3072 4288 3313 4346 adventu
3345 4281 3583 4353 Spiritus
3612 4278 3670 4332 in

2086 4403 2401 4479 apestolicis
2426 4396 2638 4453 actibus
2665 4391 2891 4461 scripta.

2160 4495 2419 4570 Apparuit
2449 4490 2607 4554 enim,
2639 4485 2829 4555 inquit,
2871 4478 3043 4552 gloria
3082 4470 3290 4530 Domini
3318 4466 3461 4523 omni
3490 4461 3674 4518 multi—

475 4554 571 4601 bse
615 4554 820 4596 nuntur
853 4554 1099 4591 acuunt:
2207 4554 2253 4570 ..
2710 4554 2717 4555 ,

475 4560 641 4690 Verg.
794 4648 815 4682 ι
843 4628 912 4684 Ει
956 4624 1186 4681 tendens
1219 4632 1446 4674 manum
1481 4620 1670 4669 contra
1696 4604 1982 4681 populum,
2020 4591 2281 4650 D'tudini.
2312 4582 2619 4653 Quomodo,
2656 4577 2813 4637 .dicat
2865 4570 3090 4627 forsitan
3135 4558 3451 4634 quispiam?
3474 4554 3688 4626 Utique.

2148 4682 2184 4690 -ι
2420 4677 2434 4690 ι
2594 4664 2850 4690 “unum
2918 4674 3084 4690 mm...
3156 4650 3432 4690 ριιονιιιιίη
3505 4646 3677 4690 visum

403 4727 688 4788 benedixit
734 4723 808 4779 ei.
840 4721 1037 4790 Sicque
1065 4711 1352 4785 completis
1382 4707 1575 4764 hostiis
1599 4718 1700 4776 pro
1737 4705 1986 4773 peccato,

406 4831 465 4880 et
496 4815 852 4879 holocaustis,
884 4821 940 4868 et
971 4806 1227 4882 paciﬁcis,
1262 4799 1561 4859 descendit.
1598 4815 1617 4847 ι

479 4912 726 4976 Intende,
777 4906 905 4981 quia
954 4916 1172 4958 omnem
1232 4896 1390 4953 nobis
1443 4891 1725 4948 evidenter
1762 4885 1988 4957 ﬁgurant

409 5008 669 5066 Ecclesiae
726 4979 846 5059 vult
907 5009 1234 5066 exponere:
1292 5003 1421 5045 nam
1481 4992 1769 5055 postquam
1829 4979 1992 5044 dixit,

372 5088 384 5099 ’
412 5098 695 5159 descendit
720 5103 1003 5171 postquam
1033 5086 1162 5144 fecit
1181 5098 1280 5155 pro
1299 5087 1543 5152 peccato,
1568 5087 1623 5131 et
1641 5069 1991 5135 holocaustis,

414 5205 473 5252 et
505 5160 774 5266 paciﬁcis,
816 5160 1056 5241 ostendit
1082 5178 1209 5250 quia
1246 5169 1669 5243 completionem
1697 5160 1998 5220 sacriﬁcio-

417 5300 562 5348 rum,
600 5276 871 5338 intellexit
907 5268 1304 5344 expositionem
1352 5274 1566 5323 eorum,
1613 5263 1671 5312 et
1711 5260 1999 5323 prepterea

416 5376 577 5438 dixit,
595 5368 882 5432 descendit,
909 5337 1005 5436 per
1024 5353 1440 5417 descensioncm
1459 5343 1794 5404 doctoralem
1813 5337 1999 5395 sedem

419 5466 736 5538 designans,
785 5459 854 5515 de
898 5431 1005 5526 qua
1034 5456 1155 5523 post
1207 5441 1609 5517 expositionem
1661 5431 2001 5493 sacerdotes,

421 5527 622 5632 quibus
694 5553 865 5625 ﬁgura
939 5539 1295 5614 intelligibilis
1359 5535 1542 5590 Aaron
1611 5527 1818 5583 credita
1881 5531 2003 5584 est,

422 5647 787 5710 descendunt,
837 5651 893 5697 et
936 5654 1033 5709 per
1077 5631 1383 5690 orationem
1430 5637 1627 5682 manus
1684 5618 1752 5673 ad
1809 5615 2006 5670 C(Blllttl

425 5744 630 5802 levant.
684 5734 1054 5792 Elevationem
1127 5726 1275 5783 enim
1333 5734 1635 5777 manuum,

501 5920 695 5978 "Act.
732 5931 791 5982 ιι.
828 5914 878 5969 1.
952 5911 991 5944 ⁷⁸
1033 5907 1215 5963 lTim.
1250 5920 1307 5970 ιι,
1333 5902 1387 5957 8.
1424 5898 1467 5930 ⁷³
1496 5896 1539 5953 ll
1568 5895 1692 5950 Cor.
1720 5907 1754 5957 ι,
1790 5889 1841 5942 5.

1704 5710 2011 5765 oration-un

2096 4646 2238 4746 talis,
2311 4646 2525 4749 q'ualem
2594 4664 2853 4726 Ezechiel
2918 4674 3084 4731 super
3156 4650 3435 4709 Cherubin
3505 4646 3677 4700 visam

2093 4745 2404 4844 descripsit,
2432 4775 2527 4824 aut
2552 4762 2767 4835 qualem
2793 4756 3070 4814 Michaeas,
3100 4748 3187 4803 vel
3200 4745 3378 4829 lsaias
3404 4760 3419 4795 :
3443 4751 3681 4810 quorum

2095 4884 2239 4928 unus
2290 4862 2512 4936 quidem
2575 4851 2844 4925 Seraphin
2905 4849 2963 4903 in
3025 4826 3300 4903 circuitu,
3358 4835 3497 4889 alter
3552 4843 3687 4885 vero

2095 4925 2373 5018 caelestem
2402 4948 2705 5009 exercitum
2729 4942 2884 5000 vidit.
2913 4937 3021 4995 Sed
3045 4944 3391 5004 nequaquam
3423 4925 3525 4981 fuit
3553 4936 3684 4986 una,

2095 5013 2218 5125 quae
2239 5046 2514 5111 onmibus,
2535 5050 2590 5097 et
2608 5038 2809 5108 ubique
2834 5028 3169 5105 spiritalibus
3203 5020 3456 5094 apparuit
3494 5013 3684 5086 gloria,

2100 5104 2213 5125 -.—~
2252 5104 2259 5105 κ
2501 5104 2511 5111 .
2721 5104 2739 5108 -
2866 5104 2869 5105 ν

2100 5145 2196 5203 sed
2233 5140 2551 5199 differentes
2579 5133 2838 5194 visiones,
2876 5129 3070 5194 utpote
3105 5104 3691 5185 incomprehensibiles

2100 5238 2379 5314 prmbebat
2427 5229 2778 5288 videntibus:
2811 5231 3055 5293 prmsens
3106 5222 3290 5269 tamen
3341 5200 3534 5285 similis
3571 5200 3693 5250 erat

2103 5289 2201 5398 illi,
2233 5330 2360 5401 quia
2403 5318 2761 5393 intelligibilis
2804 5289 3059 5385 egressus
3103 5313 3189 5360 est
3221 5298 3429 5385 ignis‘a
3460 5289 3693 5348 Domino

2108 5378 2201 5398 ....,
2236 5378 2360 5401 ν---
2581 5378 2611 5393 ν
2840 5378 2867 5385 _

2108 5428 2195 5482 die
2219 5426 2595 5480 Pentecostes,
2631 5418 2855 5485 propter
2887 5401 3033 5476 quod
3057 5399 3167 5454 ait:
3378 5378 3389 5385 ’

2182 5514 2443 5587 Apparuit
2471 5477 2647 5585 gloria.
2665 5477 2897 5565 Domini,
2924 5504 2972 5552 et
2994 5503 3227 5564 egressu:
3250 5493 3325 5539 est
3354 5480 3487 5554 ignis
3508 5496 3541 5533 a
3562 5477 3696 5532 Deo.

2117 5612 2255 5682 Ergo
2319 5610 2372 5661 in
2441 5605 2622 5675 specie
2649 5596 2790 5669 ignis
2849 5589 3119 5661 apparuit,
3151 5572 3613 5652 quemadmodum
3643 5575 3701 5622 et

2121 5660 2295 5757 Lu‘cas
2326 5660 2549 5769 exponit
2581 5712 2592 5745 :
2640 5690 2701 5745 Et
2738 5689 2909 5759 {actus
2941 5690 3011 5735 est
3041 5683 3104 5733 de
3131 5672 3257 5729 ario
3294 5682 3454 5725 sonus
3482 5660 3701 5734 spiritus
