3992 6422
318 5584 333 5597 \

318 5600 338 5657 ι

338 376 447 443 895

1553 367 1914 434 HESYCHII
1955 368 2426 430 PRESBYTER!

3511 363 3624 429 896

338 484 675 549 oetwmmtis,
710 492 759 540 et
783 485 1014 555 implevit
1049 492 1215 539 totam
1242 482 1463 537 domum
1510 484 1566 538 in
1613 500 1719 553 qua
1771 490 1926 537 erant
1961 492 2004 542 Α
2032 482 2315 548 docentes,
2347 482 2524 555 punit.
2567 481 2632 538 lli
2669 495 2852 537 coram
2903 480 3137 536 Domino
3164 478 3497 543 moriuntur,
3535 478 3627 535 vi-

340 581 594 637 sedentes.
617 586 664 632 et
683 578 807 631 visa!
826 588 948 631 sunt
964 576 1071 631 illis
1097 577 1275 631 divisa:
1306 573 1530 646 linguis,
1561 577 1695 629 sicut
1711 576 1926 647 ignis".

346 669 535 740 Populi
571 670 732 725 etiam
790 670 970 725 omnis
1022 670 1340 724 memoriam
1417 668 1698 738 legislator
1739 666 1926 722 facit:

346 763 493 829 quod
524 771 580 815 et
603 761 779 816 Lucas
803 763 905 816 hoc
938 762 1100 816 modo
1130 761 1350 829 exponit
1386 777 1399 809 τ
1426 758 1490 812 Et
1514 769 1667 812 erant
1698 759 1753 811 in
1772 756 1932 812 Jeru-

346 849 512 904 salem
530 851 825 904 habitantes
874 849 1073 912 Judwi,
1128 848 1228 901 viri
1283 845 1540 917 religiosi,
1579 848 1645 900 de
1693 846 1933 899 omnibus

348 941 585 1008 gentibus
613 957 730 1010 qua:
751 940 844 994 sub
872 941 996 995 caelo
1010 949 1153 995 sunt.
1185 937 1354 991 Facta
1400 928 1593 995 'autens
1650 939 1747 991 hac
1788 954 1931 1001 voce,

350 1034 919 1093 convenitmultitudo,
962 1042 1011 1087 et
1073 1041 1243 1087 mente
1304 1034 1525 1089 confusa
1577 1033 1752 1086 est".
1796 1031 1934 1098 Quia

348 1123 495 1176 cnim
527 1139 635 1176 non
660 1123 834 1177 solum
867 1124 1142 1187 convenit,
1202 1123 1303 1179 sed
1342 1123 1580 1193 expavit,
1616 1132 1673 1178 et
1694 1123 1812 1193 ipse
1831 1123 1938 1178 hoc

347 1212 709 1277 demonstrat,
734 1214 921 1269 dicens
955 1231 968 1266 :
1014 1216 1465 1277 Obstttpcscebant
1488 1215 1651 1274 enim,
1675 1223 1722 1267 et
1758 1214 1935 1268 aduri-

349 1303 626 1368 rabantur,
659 1305 757 1358 sed
785 1315 839 1360 et
866 1321 1032 1375 super
1063 1305 1259 1360 faciem
1317 1305 1657 1369 ceciderunt,
1682 1304 1783 1359 etsi
1823 1320 1936 1358 non

351 1394 456 1449 boc
478 1397 834 1462 sensibiliter,
874 1407 1056 1454 tamen
1088 1399 1509 1471 intelligibiliter
1538 1396 1886 1469 pertulerunt
1919 1415 1932 1452 :

351 1503 460 1542 non
493 1490 639 1544 enim
670 1491 1049 1562 intelligebant
1099 1494 1250 1561 quod
1280 1494 1482 1547 factum
1508 1501 1647 1558 erat,
1683 1490 1823 1545 alter
1839 1506 1937 1544 au-

352 1588 463 1633 tem
493 1582 559 1635 ad
587 1583 819 1637 alterum
856 1584 1110 1640 dicebat:
1173 1585 1351 1639 Μεισιο
1377 1585 1520 1653 pleni
1547 1592 1666 1639 sunt
1687 1584 1762 1646 In',
1790 1582 1937 1652 quod

350 1672 629 1741 proprium
653 1682 772 1728 erat
803 1674 857 1727 in
879 1683 1077 1729 terram
1111 1674 1313 1730 faciem
1339 1676 1541 1731 mentis
1575 1682 1936 1745 prosternen—

351 1764 511 1818 tinm.
547 1765 686 1831 Quid
718 1775 901 1821 autem
957 1782 1215 1837 egressus
1268 1768 1406 1838 ignis
1445 1764 1608 1822 fecit?
1645 1762 1938 1819 Devoravit

351 1857 535 1911 omnia
569 1874 691 1928 qua:
723 1867 882 1914 erant
909 1874 1074 1931 super
1123 1861 1294 1916 altare
1343 1858 1778 1914 bolocautamata
1812 1896 1829 1921 ,
1879 1864 1937 1910 et

352 1948 564 2017 adipes,
595 1965 717 2019 quae
748 1966 815 2005 ex
842 1951 1109 2019 paciﬁcis,
1142 1963 1200 2008 et
1251 1966 1347 2022 pro
1377 1958 1600 2022 peccata
1630 1948 1833 2010 oblata,
1856 1946 1937 2001 al-

353 2039 457 2093 tari
477 2042 819 2110 superposita
858 2050 1034 2097 erant.
1085 2043 1275 2099 Tradit
1329 2059 1459 2115 ergo
1517 2041 1677 2098 nobis
1729 2056 1933 2106 sermo,

350 2131 479 2199 quia
514 2146 741 2186 necesse
777 2132 849 2187 sit
878 2131 1140 2201 praedicta
1173 2133 1458 2197 sacriﬁcia,
1491 2141 1547 2187 et
1588 2144 1784 2187 eorum
1838 2145 1936 2185 cx-

351 2222 654 2293 positiones
676 2238 1056 2293 superponere
1087 2224 1416 2297 intelligibili
1471 2224 1631 2280 altari
1678 2221 1933 2292 corporis

348 2312 574 2375 Christi,
604 2323 664 2368 ut
695 2314 764 2369 ad
788 2314 919 2370 illud
954 2314 1184 2373 festinet
1207 2323 1399 2372 nostra
1441 2315 1695 2380 imitatio,
1727 2322 1782 2369 et
1801 2322 1933 2369 tunc

348 2405 684 2461 nutrimenta
719 2407 1084 2479 intelligibilis
1115 2408 1276 2481 ignis,
1321 2408 1375 2464 id
1404 2415 1492 2464 est
1517 2407 1743 2478 spiritus
1774 2406 1931 2470 fiunt,

348 2500 419 2556 de
439 2516 550 2571 quo
572 2502 779 2558 dictum
801 2513 888 2559 est
914 2523 929 2559 :
958 2504 1212 2559 Dominus
1246 2504 1385 2560 Deus
1415 2514 1625 2568 uoster;
1651 2501 1791 2574 ignis
1808 2517 1936 2554 con—

346 2606 557 2645 sumens
593 2601 669 2647 est
701 2592 768 2647 ⁷⁸.
797 2591 958 2649 Unde
985 2602 1042 2649 et
1068 2608 1217 2648 nunc
1244 2609 1346 2664 pro
1373 2594 1646 2657 devorare,
1680 2590 1933 2660 Symma-

347 2680 489 2736 chus
516 2696 820 2737 consumere
846 2684 1040 2742 edidit.

979 2839 1211 2896 CAPUT
1250 2839 1319 2895 Χ.

422 2947 588 3005 Vens.
623 2952 676 3007 ‘l.
710 2971 728 3003 ι
757 2952 1121 3024 Arreptisque
1155 2953 1369 3016 Nadab,
1390 2962 1446 3007 et
1468 2951 1606 3005 Abiu
1636 2948 1727 3004 lilii
1748 2946 1933 3002 Aaron

350 3042 671 3105 tlturibulis,
711 3053 1015 3114 posuerunt
1042 3045 1247 3115 ignem,
1275 3053 1331 3099 et
1371 3043 1655 3099 incensum
1699 3038 1937 3105 desuper

351 3131 651 3188 oﬂ'erentes
679 3149 863 3189 coram
899 3134 1131 3190 Domino
1163 3136 1343 3206 ignem
1380 3135 1645 3198 alienum,
1673 3128 1820 3201 quod
1850 3125 1932 3179 eis

352 3233 693 3294 praeceptum
720 3240 831 3279 non
865 3234 1003 3280 erat.
1044 3244 1063 3276 ι
1087 3225 1187 3281 llic
1230 3241 1326 3281 eos
1350 3225 1441 3296 qui
1475 3225 1654 3279 aliena
1710 3221 1933 3276 docent.

352 3316 449 3385 qui
486 3315 541 3370 in
572 3315 755 3386 ipsum
787 3315 1049 3387 Spiritum
1078 3318 1174 3372 Dei
1199 3319 1603 3388 blaSpbemant,
1635 3314 1729 3386 qui
1755 3312 1933 3383 inspi-

354 3415 532 3462 ratam
608 3408 679 3463 ab
748 3422 814 3463 co
878 3409 1212 3480 Scripturam
1274 3410 1342 3465 de
1400 3425 1505 3479 qua
1563 3407 1639 3463 ait
1691 3405 1934 3469 Paulus,

353 3497 538 3556 Omnis
604 3499 883 3571 Scriptura
949 3520 982 3558 α
1043 3502 1152 3556 Deo
1216 3504 1496 3572 inspirata,
1562 3500 1703 3555 utilis
1760 3508 1836 3554 est
1866 3499 1936 3565 ⁷⁸,

354 3593 514 3649 aliter
578 3593 1045 3664 interpretantur,
1116 3595 1429 3650 necessarie
1490 3590 1935 3663 abintelligibili

355 3681 481 3751 igne
545 3682 726 3753 puniri
790 3684 978 3753 posuit
1034 3685 1210 3754 :_qui
1281 3684 1372 3738 filii
1451 3685 1656 3747 Aaron,
1714 3691 1777 3738 ut
1833 3682 1934 3738 do-

353 3780 565 3830 ctorum
626 3774 893 3830 habentes
941 3776 1211 3840 habitum,
1271 3784 1326 3830 et
1395 3776 1661 3847 spiritalia
1736 3775 1937 3831 docere

358 3866 664 3936 tingentes,
748 3866 1026 3922 dicuntur.
1107 3865 1263 3922 Unde
1338 3876 1394 3921 et
1472 3867 1668 3935 linguae
1744 3882 1936 3923 eorum

355 3956 803 4028 ignisappellatte
833 3967 1001 4015 sunt:
1049 3936 1360 4015 audivimus
1401 3960 1630 4030 quippe.
1695 3960 1821 4030 quia
1880 3960 1937 4014 in

355 4048 536 4119 specie
567 4050 848 4121 ignearum
880 4052 1186 4123 linguarum
1241 4052 1468 4122 spiritus
1500 4053 1741 4107 advenit.
1788 4050 1939 4123 Thy-

356 4141 557 4196 miama
589 4150 772 4197 autem
802 4144 1116 4209 tburibulis,
1150 4145 1238 4201 vel
1262 4145 1480 4218 ignibus
1509 4145 1821 4217 linguarum
1841 4159 1939 4200 su-

357 4234 774 4304 perimponant,
811 4235 999 4306 legalia
1035 4246 1091 4292 et
1135 4239 1527 4308 prophetarum
1557 4238 1836 4309 dogmata,
1868 4236 1939 4292 de

358 4323 558 4393 quibus
592 4324 831 4379 Ecclesia
864 4327 1082 4383 Christo
1111 4328 1163 4382 in
1196 4328 1440 4384 Canticis
1460 4328 1803 4385 canticorum
1852 4326 1941 4382 di-

356 4414 518 4469 cebat
550 4429 563 4466 :
604 4412 745 4470 Odor
768 4427 1149 4485 unguentorum
1171 4428 1380 4473 tuorum
1408 4435 1566 4489 super
1593 4419 1773 4473 omnia
1809 4436 1937 4474 aro-

2032 579 2197 633 dente
2225 579 2363 649 ipso,
2396 578 2531 634 etin
2561 579 2666 634 bac
2712 592 2809 632 eos
2845 584 3023 631 morte
3062 572 3492 636 condemnante,
3544 588 3619 628 ne

2034 670 2339 727 imitatione
2358 672 2444 727 sui
2497 671 2618 727 aliis
2668 684 2888 725 causam
2956 667 3239 738 praebcant
3293 665 3510 720 mortis.
3553 663 3617 718 In

2032 778 2143 832 quo
2172 772 2227 818 et
2257 763 2419 819 nimis
2440 761 3052 832 admiraturlegislator,
3078 773 3177 812 cur
3198 773 3264 811 ex
3295 771 3361 811 eo
3385 772 3496 825 quo
3521 754 3621 809 de-

2033 856 2269 911 buerant
2299 857 2406 912 vita
2438 857 2567 924 frui,
2604 856 2659 911 id
2706 866 2788 911 est
2812 868 2995 909 coram
3036 851 3288 906 Domino.
3342 847 3626 903 sustinent

2036 958 2289 1014 mortem,
2322 965 2486 1019 quam
2515 947 2657 1004 male
2713 947 3141 1016 interpretantes
3170 941 3387 996 divinas
3440 938 3623 1008 Scrip-

2038 1051 2209 1103 turas,
2242 1040 2526 1110 patiuntur
2559 1059 2573 1094 :
2610 1040 2663 1094 in
2697 1053 2760 1093 ea
2812 1052 2872 1092 re
2905 1052 2969 1091 cx
3016 1050 3123 1105 qua
3186 1047 3282 1088 eos
3332 1028 3625 1100 oportebat

2036 1133 2473 1188 benedictionem
2518 1129 2839 1202 promereri,
2901 1124 3281 1182 maleilictioni
3326 1139 3386 1178 se
3441 1122 3623 1191 subji-

2038 1226 2264 1280 cientes.
2291 1221 2429 1278 Vide
2460 1231 2640 1277 tamen
2671 1219 2851 1292 qualia
2882 1216 3147 1273 subdidit.

2108 1316 2274 1370 Vens.
2304 1316 2356 1369 3.
2386 1333 2406 1366 ι
2442 1313 2696 1382 Dixitque
2724 1311 2933 1382 Moyses
2989 1309 3055 1364 ad
3087 1308 3269 1361 Aaron
3306 1321 3319 1357 :
3369 1302 3487 1359 Hoc
3540 1313 3627 1357 cst

2039 1407 2185 1477 quod
2217 1405 2432 1459 locutus
2478 1413 2563 1458 est
2600 1402 2889 1457 Dominus.
2945 1396 3343 1453 Sanctiﬁcabor
3401 1396 3455 1449 in
3538 1393 3627 1448 bis

2037 1500 2130 1571 qui
2158 1497 2600 1568 appropinquant
2617 1494 2747 1549 mibi
2766 1503 2821 1549 ct
2846 1493 2899 1547 in
2918 1498 3214 1561 conspectu
3237 1488 3416 1543 omnis
3438 1486 3625 1556 populi

2039 1590 2400 1661 gloriﬁcabor.
2435 1584 2592 1653 Quod
2613 1585 2844 1641 audiens
2895 1583 3279 1647 tacuitAaron,
3326 1596 3344 1630 ι
3390 1579 3506 1633 sive
3565 1587 3623 1632 ut

2040 1682 2201 1747 LXX,
2236 1684 2427 1746 edunt,
2458 1701 2476 1732 ι
2518 1688 2574 1734 et
2608 1688 2973 1750 compunctus
3000 1684 3084 1730 est
3124 1675 3307 1727 Aaron
3347 1691 3364 1724 ι

2108 1773 2179 1828 Ει
2240 1773 2330 1827 ubi
2392 1770 2619 1826 omnino
2656 1768 2769 1823 luce
2812 1765 2983 1821 Deum
3028 1764 3231 1821 dixisse
3261 1762 3620 1817 invenimus"

2038 1864 2268 1932 Quando
2291 1863 2540 1917 videlicet
2572 1859 2731 1931 Moysi
2762 1859 2975 1914 dicebat
3004 1876 3017 1913 :
3070 1856 3400 1911 Descendens
3436 1866 3626 1909 conte-

2037 1968 2181 2011 stare
2211 1956 2547 2026 populumne
2576 1954 2709 2025 forte
2734 1951 3153 2021 appropinquant
3212 1949 3284 2001 ad
3322 1947 3514 2010 Deum,
3575 1958 3624 1999 et

2037 2046 2196 2101 cadat
2226 2063 2290 2101 ea:
2342 2046 2415 2099 eis
2447 2043 2766 2097 multitudo:
2793 2041 2857 2095 Et
2887 2040 3183 2095 sacerdotes
3213 2040 3303 2109 qui
3334 2038 3598 2108 appropiu

2036 2147 2200 2210 quant
2229 2137 2453 2192 Domino
2490 2134 2599 2189 Deo
2634 2133 3046 2203 sanctiﬁcentur,
3068 2148 3129 2185 ne
3155 2133 3288 2201 forte
3321 2129 3532 2183 recedat
3555 2128 3623 2182 ab

2036 2234 2110 2288 eis
2166 2229 2510 2286 Dominus".
2566 2227 2694 2283 llaec
2743 2242 2873 2297 ergo
2895 2226 2998 2280 etsi
3041 2223 3224 2278 verbis
3258 2223 3328 2277 ab
3358 2222 3445 2276 bis
3498 2238 3624 2291 quae

2036 2324 2180 2382 dicta
2233 2332 2380 2385 sunt,
2446 2320 2728 2383 ditferunt,
2794 2329 3176 2372 verumtamen
3249 2314 3624 2369 intentionem

2037 2414 2216 2484 ipsam
2246 2408 2662 2467 immutabiliter
2697 2408 2920 2462 habent.
2957 2403 3224 2473 Pratcepit
3257 2404 3405 2457 enim
3445 2419 3625 2473 popu-

2035 2503 2147 2558 lum
2200 2516 2309 2556 non
2365 2499 2742 2570 approximare
2815 2495 2943 2560 Deo,
3014 2500 3068 2548 et
3116 2506 3467 2564 cognoscere,
3512 2508 3623 2547 non

2034 2595 2495 2668 quemadmodum
2523 2592 2776 2648 invidens
2805 2590 2886 2646 eis
2943 2589 3235 2654 visionem,
3278 2588 3373 2643 sed
3407 2598 3464 2641 ut
3521 2587 3626 2641 im-

2035 2687 2310 2761 perfectis,
2339 2695 2396 2742 et
2426 2684 2606 2740 minus
2638 2693 2803 2739 tanta:
2850 2679 3337 2750 contemplationis
3399 2678 3627 2748 capaci—

2034 2782 2138 2837 bus
2179 2794 2427 2852 parcens.
2471 2776 2796 2833 Sacerdotes
2851 2783 3037 2829 autem
3117 2773 3628 2842 appropinquantes

2036 2870 2365 2928 sanctificari
2391 2870 2568 2941 jubet,
2617 2876 2672 2921 ut
2711 2865 2860 2937 digni
2904 2865 2971 2920 ad
3032 2864 3328 2918 videndum
3383 2872 3439 2917 ct
3491 2878 3623 2916 con-

2037 2964 2410 3035 templandnm
2447 2961 2644 3016 tierent
2683 2958 2853 3015 Deum
2887 2956 3052 3027 :quia
3099 2970 3282 3011 veram
3333 2955 3622 3009 scientiam

2036 3074 2065 3112 a
2093 3058 2202 3113 Deo
2222 3070 2384 3111 nemo
2406 3062 2589 3126 potest
2610 3052 2729 3107 sine
2772 3048 3211 3106 sanctificatione
3273 3047 3620 3117 conquirere.

1960 3175 2005 3233 (ι
2036 3149 2268 3220 Propter
2292 3147 2439 3218 quod
2480 3144 2682 3200 Paulus
2717 3159 2732 3197 :
2791 3140 3008 3207 Pacem,
3079 3137 3277 3210 inquit,
3344 3137 3629 3209 sequimini

2037 3260 2154 3299 cum
2184 3240 2442 3303 omnibus,
2465 3247 2513 3293 et
2535 3234 2963 3293 sanctimoniam,
2984 3232 3098 3287 sine
3120 3248 3224 3303 qua
3258 3247 3411 3285 nemo
3431 3230 3626 3285 videbit

2037 3331 2210 3388 Deum
2224 3331 2294 3384 ⁸⁸.
2323 3329 2690 3398 Conspectum
2710 3323 2852 3394 ejus,
2885 3320 3173 3377 scientiam
3187 3321 3308 3390 ejus
3330 3319 3539 3380 dicens,
3574 3319 3626 3372 id

2035 3422 2247 3492 estejus
2262 3415 2803 3487 contemplationem,
2819 3411 2962 3465 unde
2976 3409 3288 3465 saccrdmes
3301 3407 3627 3463 sanetiticari

2035 3512 2315 3586 praecepit.
2345 3508 2480 3565 Vide
2494 3505 2768 3579 quomodo
2791 3503 3031 3557 minatur
3047 3500 3103 3555 in
3126 3500 3620 3571 subsequentibus.

2110 3602 2189 3677 Ne
2209 3604 2341 3675 {orte
2364 3600 2569 3654 recedat
2599 3596 2665 3651 ab
2700 3596 2774 3649 eis
2826 3593 3103 3648 Dominus.
3142 3589 3198 3646 id
3220 3599 3306 3646 est
3335 3605 3405 3645 ne
3458 3590 3627 3662 fugiat

2037 3693 2107 3749 ab
2127 3692 2209 3748 eis
2236 3707 2298 3747 ea
2329 3705 2452 3760 qua:
2490 3687 2585 3742 Dei
2641 3694 2727 3741 est
2754 3683 3006 3746 scientia,
3033 3681 3269 3752 perditio
3317 3681 3465 3737 enim
3519 3682 3621 3743 eis,

2039 3784 2282 3841 scientia:
2313 3780 2574 3837 discessio
2601 3778 2679 3833 fit.
2701 3776 2807 3832 Sed
2825 3791 2969 3831 nunc
2983 3789 3069 3841 ea,
3089 3790 3209 3845 qua:
3237 3772 3379 3830 sicut
3399 3789 3463 3828 ex
3496 3788 3625 3842 per-

2039 3891 2172 3933 sona
2190 3874 2284 3931 Dei
2315 3890 2411 3945 per
2427 3872 2650 3943 Moysen
2684 3869 2825 3923 dicta
2845 3878 2993 3929 sunt,
3020 3867 3183 3920 verba
3218 3864 3619 3936 aggrediamur.

2110 3966 2177 4021 Et
2198 3962 2569 4033 sanctiﬁcabor
2610 3962 2665 4014 iu
2706 3961 2786 4014 Itis
2846 3961 2937 4029 qui
2983 3958 3412 4027 appropinquant
3473 3956 3622 4010 mihi.

2041 4054 2539 4111 Sanctificationem
2611 4066 2763 4105 suam
2839 4056 2997 4104 vocat
3048 4046 3401 4118 profanorum
3439 4087 3453 4109 ,
3511 4047 3625 4101 sive

2038 4149 2307 4204 malorum
2329 4144 2799 4207 emundationem,
2830 4141 2952 4213 quia
2984 4155 3186 4210 corpus
3237 4154 3338 4193 nos
3401 4139 3567 4193 habet
3603 4152 3619 4189 :

2039 4238 2283 4310 corporis
2306 4245 2489 4293 autem
2518 4234 2855 4299 emundatio,
2919 4232 3163 4288 sordium
3227 4230 3464 4301 abiectio
3518 4237 3621 4285 est.

2042 4330 2156 4387 Hoc
2181 4347 2310 4402 ergo
2355 4338 2414 4385 ut
2439 4331 2637 4392 bonus,
2664 4339 2721 4384 et
2749 4327 2873 4399 pius
2921 4327 2974 4380 in
3058 4325 3144 4380 his
3208 4324 3300 4394 qui
3366 4324 3626 4395 approxi-

2040 4432 2193 4480 ntaut
2225 4424 2295 4489 ei,
2322 4423 2623 4479 secundum
2691 4418 3101 4476 multitudinem
3156 4416 3411 4471 videlicet
3444 4415 3628 4471 scier:-

359 4512 507 4557 m‘m’
542 4503 608 4599 ’θ’
653 4503 759 4560 Sed
799 4504 978 4576 ῖεηεηι
1011 4508 1251 4564 alienum
1281 4510 1541 4599 οσειξυιιιο
1589 4510 1932 4579 nequeenim
1967 4543 2012 4599 ι)
2042 4518 2151 4583 tim,
2202 4517 2286 4573 vel
2314 4515 2616 4572 secundum
2640 4513 2857 4584 aliquod
2917 4510 3163 4566 divinum
3231 4507 3624 4573 ministerium,

359 4596 660 4652 secundum
684 4598 1070 4668 intentionem,
1134 4611 1232 4657 aut
1272 4588 1526 4657 virtutem
1564 4601 1802 4673 Spiritus
1848 4602 1934 4658 in-

362 4695 750 4757 terpretantur.
789 4689 884 4745 llis
899 4693 1179 4764 egreditur
1216 4694 1356 4766 ignis
1385 4710 1415 4748 a
1453 4694 1683 4749 Domino
1705 4711 1816 4749 non
1837 4695 1939 4751 ab-

361 4778 556 4845 solute,
593 4782 767 4851 qualis
797 4784 972 4853 prius.
1003 4784 1106 4840 Per
1138 4786 1288 4840 illum
1317 4787 1465 4841 enim
1520 4785 1788 4841 sacrificia
1855 4787 1942 4842 in-

360 4872 547 4927 cendit
586 4873 870 4941 Dominus,
909 4886 964 4931 ct
997 4877 1166 4948 gloria
1205 4878 1420 4934 Domini
1477 4880 1658 4936 dictus
1701 4889 1807 4946 est,
1850 4881 1943 4937 hic

360 4972 544 5019 autem
581 4964 717 5036 ignis
751 4969 981 5038 poenalis
997 4978 1100 5024 est.
1132 4969 1438 5041 Utrumque
1493 4972 1642 5026 enim
1696 4971 1938 5029 Ecclesia

363 5054 548 5120 habet,
590 5055 737 5112 hunc
770 5058 988 5127 quidem
1028 5059 1095 5113 ad
1134 5060 1589 5116 illuminationem
1639 5063 1939 5133 iustorum,

360 5149 736 5205 etoblatornm
763 5151 1154 5221 perfectionem
1190 5170 1203 5204 :
1233 5154 1382 5209 illum
1413 5164 1593 5210 autem
1623 5155 1690 5210 ad
1723 5170 1940 5226 poenam

363 5239 657 5309 impiorum
694 5257 856 5311 quam
908 5243 994 5299 his
1033 5243 1123 5314 qui
1182 5244 1565 5315 blaspbeniant
1625 5246 1943 5302 sacerdotes

364 5331 637 5398 indicunt,
672 5335 736 5388 ex
762 5335 1269 5391 subministratione
1317 5338 1572 5405 Spiritus,
1606 5354 1730 5408 qua:
1757 5339 1812 5394 in
1859 5340 1943 5395 eis

367 5425 686 5495 requiescit,
713 5443 839 5481 eum
865 5429 1280 5484 succendentes.
1315 5429 1543 5501 Propter
1563 5432 1706 5502 quod
1728 5442 1785 5487 et
1801 5431 1942 5485 Pan-

366 5512 455 5568 lns
491 5513 1412 5586 7".llyntcneumctAlexanilrum,
1450 5532 1510 5576 ut
1562 5522 1670 5577 alia
1732 5523 1944 5578 scilicet

444 5717 494 5749 "
528 5719 645 5771 Act.
677 5736 736 5781 tt,
767 5718 856 5773 ‘23.

371 5781 416 5812 η
444 5721 498 5812 ’,ἒ
528 5721 645 5771 Act.
677 5736 736 5781 tt,
767 5721 856 5773 ‘23.
935 5722 979 5752 τ’
1011 5721 1138 5774 ibid.
1183 5721 1235 5782 5,
1268 5722 1322 5773 ti.
1417 5724 1460 5755 ⁷⁸
1493 5724 1654 5779 llebr.
1688 5742 1788 5791 xtt,
1818 5726 1911 5781 9.9.

508 5788 608 5812 ,καὶ
668 5806 751 5812 ..-..
807 5793 867 5812 nl
977 5790 1022 5812 ΙΙ
1060 5791 1100 5812 ΙΙ
1122 5792 1201 5812 .l...
1261 5807 1331 5812 __e_
1399 5793 1413 5812 I
1439 5797 1451 5812 Ι
1552 5796 1590 5812 ιι
1632 5795 1669 5812 h
1738 5799 1750 5812 ι
1894 5796 1911 5812 ι·

457 5787 630 5843 Επεά.
667 5806 773 5853 tux,
807 5793 868 5845 Ἡ

977 5790 1022 5821 ⁸⁸
1058 5791 1221 5846 Hebr.
1261 5807 1354 5854 xu,
1399 5793 1477 5850 l-l.
1552 5796 1591 5828 ‘"
1632 5790 1779 5852 Psal.
1810 5814 1863 5865 κ,
1892 5796 1946 5850 8.

2040 4617 2318 4680 operatur,
2350 4616 2411 4663 ut
2436 4622 2533 4677 per
2564 4608 2713 4677 ipsos
2737 4610 2963 4666 terreat,
2996 4610 3051 4658 et
3082 4602 3136 4656 in
3183 4608 3485 4671 conspectu
3541 4609 3627 4654 to-

2045 4702 2152 4756 tius
2177 4700 2361 4771 populi
2397 4697 2751 4769 gloriﬁcetur,
2783 4696 2835 4751 id
2867 4705 2951 4751 est
2997 4693 3252 4748 laudetur
3286 4699 3341 4747 et
3395 4690 3628 4746 monile-

2045 4802 2220 4848 stetur
2246 4810 2259 4846 :
2288 4802 2581 4862 utrumque
2603 4791 2751 4847 enim
2804 4785 3214 4861 gloriﬁcationis
3238 4784 3472 4839 verbum
3511 4800 3630 4838 ma-

2043 4884 2285 4944 nifestat,
2320 4892 2377 4938 et
2414 4888 2536 4954 que
2556 4896 2621 4937 ex
2650 4882 2757 4936 boc
2780 4880 2904 4934 laus
2960 4876 3079 4938 Dei,
3142 4883 3200 4930 et
3253 4873 3632 4929 manifestatio

2050 4976 2140 5031 sit.
2173 4975 2337 5030 David
2395 4974 2574 5029 dicit:
2640 4971 2781 5038 Quia
2826 4970 3005 5042 justus
3057 4967 3314 5021 Dominus
3361 4965 3631 5036 justitiam

2050 5070 2257 5132 dilexit,
2288 5070 2588 5140 (equitatem
2618 5066 2749 5121 vidit
2779 5064 2952 5118 vultus
2978 5061 3091 5132 ejus
3119 5060 3189 5114 ⁸⁸.

2120 5158 2183 5214 In
2215 5159 2294 5211 his
2316 5158 2480 5211 tacuit
2496 5156 2692 5209 Aaron.
2728 5154 2856 5209 Sive
2890 5150 3129 5215 utLXX,
3184 5158 3522 5221 compunctus
3555 5159 3633 5203 est

2052 5252 2252 5307 Aaron.
2295 5249 2531 5305 Ecclesia
2565 5246 2839 5306 videlicet.
2867 5258 2973 5315 qua
3027 5256 3227 5312 corpus
3276 5240 3633 5311 intelligibilis

2050 5344 2230 5398 Aaron
2265 5339 2502 5394 Ecclesia
2543 5345 2647 5403 est,
2674 5335 2820 5391 unde
2850 5337 2966 5405 ipse
2989 5332 3125 5387 dixit
3158 5348 3171 5383 :
3202 5329 3387 5395 Saute,
3446 5330 3630 5395 Saulc,

2051 5435 2179 5501 quid
2213 5451 2291 5488 me
2318 5432 2641 5503 persequeris
2660 5431 2730 5485 ⁸⁸.
2758 5429 2893 5484 Item
2924 5425 3209 5495 discipulis
3230 5425 3297 5479 de
3324 5422 3633 5493 suscipien-

2051 5527 2201 5582 tibus
2230 5540 2325 5579 cos
2349 5524 2481 5579 dixit
2514 5541 2527 5576 :
2557 5521 2659 5586 Qui
2680 5536 2768 5576 vos
2806 5518 3045 5588 suscipit,
3081 5533 3162 5571 me
3183 5516 3403 5585 suscipit
3433 5515 3501 5569 ⁸³.

2017 5727 2062 5759 ’⁷⁸
2091 5724 2135 5781 ll
2164 5724 2305 5779 Tim.
2340 5741 2419 5784 ιιι.
2448 5724 2532 5775 ιη.
2611 5722 2656 5754 ’³⁷
2679 5720 2837 5777 Cant.
2867 5738 2938 5778 tv.
2981 5721 3061 5774 l0.

2016 5798 2061 5830 "
2103 5797 2199 5854 Act
2255 5813 2328 5861 ις,
2358 5795 2409 5849 4.
2484 5795 2528 5823 ⁸³
2558 5792 2804 5857 Marcnv,
2829 5791 2916 5845 56.

3165 5721 3206 5749 τ’
3244 5720 3260 5773 l
3295 5717 3438 5773 Tini.
3470 5734 3507 5782 ι,
3537 5715 3628 5775 20.
