3992 6398
355 343 469 408 897

1507 342 1590 406 ΙΝ
1637 344 2083 411 LEVITICUM.
2124 373 2189 384 -·-
2232 348 2380 414 LIB.
2414 351 2495 411 Ιῐ.

3532 358 3641 425 898

438 477 457 510 ι
506 456 731 513 Vocavit
799 464 983 515 autem
1043 455 1254 531 Moyses
1308 457 1593 513 Mizaclem
1655 470 1712 516 et
1786 461 1957 518 Elisao
1991 469 2029 522 Α
2061 464 2394 527 moriamini,
2430 473 2487 519 et
2512 480 2679 537 super
2724 480 2946 523 omnem
2992 477 3197 525 ctutum
3252 466 3463 525 oriatur
3494 469 3642 526 indi-

353 550 509 620 phan
563 549 703 606 ﬁlios
754 548 941 606 Ozith
983 552 1159 621 patrui
1200 550 1403 616 Aaron,
1437 561 1493 607 et
1542 551 1620 607 ait
1673 553 1741 609 ad
1802 570 1899 610 eos
1938 575 1950 609 :

358 641 463 706 ite,
516 641 689 697 tollite
711 644 909 698 fratres
940 653 1154 700 vestros
1196 645 1265 701 de
1301 653 1601 715 conspectu
1631 646 1950 712 sanctuarii,

355 744 416 790 et
465 744 747 804 asportata
810 743 964 792 extra
1039 747 1238 793 castra.
1302 736 1609 808 Statimque
1667 748 1955 809 pergentes

358 828 606 883 tulerunt
649 844 745 884 eos
785 830 929 884 sicut
965 830 1258 900 jacebant,
1308 830 1537 886 vestitos
1611 830 1771 885 lineis
1805 830 1952 885 tuni-

354 918 460 983 cis,
497 927 554 974 et
601 920 885 989 eiecerunt
913 921 1077 988 foras,
1111 932 1170 977 ut
1208 922 1309 977 sibi
1337 922 1518 978 fuerat
1542 921 1888 993 imperatum.
1928 941 1946 974 ι

432 1010 515 1064 Ab
549 1011 636 1066 his
678 1014 770 1081 qui
798 1029 894 1068 eos
920 1014 1226 1083 cjccerunt,
1277 1029 1373 1070 eos
1427 1015 1520 1085 qui
1552 1014 1777 1076 sublati,
1834 1015 1952 1070 sive

353 1103 519 1173 ejecti
548 1111 701 1169 sunt,
742 1104 1012 1176 intellige.
1055 1104 1161 1171 Qui
1192 1113 1376 1160 autem
1404 1104 1647 1166 fuerunt,
1698 1105 1791 1175 qui
1826 1120 1950 1159 sus-

355 1190 650 1246 tulerunt?
709 1191 897 1247 Mizael
931 1202 989 1248 et
1046 1192 1366 1265 Elisaphan,
1416 1195 1532 1250 sive
1582 1193 1842 1251 Misaddai
1896 1204 1952 1251 et

351 1281 678 1352 Elisaphan,
712 1300 952 1354 quorum
989 1300 1133 1341 unus
1148 1287 1455 1340 attrectatio
1474 1285 1594 1348 Dei,
1619 1286 1670 1341 id
1704 1295 1787 1342 est
1819 1285 1949 1342 llis-

352 1373 518 1428 addai
554 1393 567 1429 :
606 1374 899 1444 Elisaphan
955 1382 1140 1430 autem
1176 1375 1269 1429 Dei
1296 1378 1398 1431 mei
1430 1376 1644 1447 specula
1675 1377 1946 1447 interpre-

354 1471 524 1518 tatur.
545 1462 866 1534 Quicunque
884 1481 1013 1538 ergo
1046 1467 1148 1522 sc't
1179 1476 1472 1523 attrectare
1505 1468 1697 1532 Deum,
1723 1468 1948 1538 insuper

352 1566 541 1611 autem
597 1565 652 1611 et
701 1558 993 1627 Speculari,
1062 1566 1119 1613 et
1181 1558 1384 1614 Christi
1457 1560 1681 1630 quidem
1722 1576 1943 1615 carnem

354 1660 751 1707 contrectare:
794 1654 1068 1722 Speculari
1117 1663 1301 1708 autem
1360 1669 1459 1725 per
1504 1655 1695 1711 oculos
1743 1655 1945 1710 mentis

353 1744 1161 1810 divinitatem,sicutThomas
1203 1761 1366 1800 manu
1426 1754 1775 1801 contrectans
1819 1762 1942 1801 car-

353 1854 510 1902 nem,
541 1846 597 1892 et
625 1836 730 1893 ﬁde
752 1838 1048 1907 speculans
1070 1838 1437 1904 divinitatem,
1469 1839 1686 1895 dicebat
1716 1855 1729 1892 :
1760 1839 1936 1894 Domi-

352 1947 458 1986 nus
494 1948 639 1985 meus
670 1939 717 1983 et
764 1930 903 1984 Deus
927 1947 1075 1985 meus
1097 1930 1164 1985 ⁸⁸.
1197 1929 1495 2002 Hieignem
1523 1931 1716 1987 aliena:
1740 1933 1945 1988 doctri—

350 2038 445 2078 na:
471 2022 705 2088 auferre,
739 2031 796 2076 et
848 2022 1050 2093 ejicere
1092 2023 1241 2077 illum
1283 2038 1406 2079 cum
1455 2023 1678 2092 tunicis,
1730 2040 1763 2081 a
1811 2024 1948 2078 faeie

351 2123 673 2170 sanctorum
707 2122 916 2184 potest,
966 2115 1096 2185 quia
1150 2130 1402 2185 personae
1456 2128 1770 2183 sanctorum
1820 2125 1950 2171 surt

352 2204 669 2261 sacerdotes
688 2221 700 2256 :
719 2205 917 2260 tunica;
934 2214 1115 2259 autem
1133 2205 1502 2273 sacerdotum,
1519 2206 1864 2262 conversatio
1893 2217 1949 2261 et

353 2301 492 2363 vita,
534 2314 655 2370 quae
682 2299 737 2352 in
775 2297 1068 2356 sacerdotii
1092 2298 1397 2354 induuntur
1429 2298 1640 2356 habitu.
1660 2300 1801 2371 Ergo
1824 2316 1947 2354 cum

352 2392 690 2457 sacerdotio,
718 2391 866 2462 quod
906 2393 955 2445 ei
987 2399 1136 2447 sorte
1187 2392 1431 2455 obvenit,
1481 2408 1511 2447 a
1563 2392 1817 2464 portione
1863 2408 1948 2447 sa-

353 2486 623 2542 cerdotali
648 2486 1020 2557 expelluntur,
1050 2502 1161 2541 non
1192 2487 1369 2542 solum
1409 2497 1592 2544 autem
1622 2502 1654 2542 a
1688 2489 1946 2543 sacerdo-

352 2587 497 2646 tum,
527 2577 622 2633 sed
642 2587 697 2634 et
719 2578 926 2649 populi,
956 2576 1106 2633 unde
1137 2578 1344 2633 addicit
1371 2597 1385 2633 :

429 2668 604 2723 Extra
665 2668 1091 2723 tabernaculum.
1138 2668 1582 2725 Tabernaculum
1630 2670 1775 2725 enim
1831 2667 1945 2733 Dei,

350 2761 619 2817 Ecclesia:
644 2761 881 2832 populus
900 2770 986 2817 est
1022 2778 1036 2815 :
1069 2761 1163 2816 ﬁlii
1184 2769 1367 2817 autem
1398 2761 1579 2833 patrui
1606 2762 1810 2826 Aaron,
1833 2763 1947 2817 sive

353 2852 542 2908 fratris
567 2852 773 2919 Aaron,
808 2852 863 2907 lii
887 2853 980 2923 qui
998 2853 1115 2910 haec
1132 2853 1316 2909 facere
1346 2860 1598 2924 possunt,
1636 2853 1941 2907 rationabi-

352 2948 483 3003 liter
516 2946 893 3002 nominantur.
922 2948 980 3002 Si
1008 2948 1154 3002 enim
1190 2955 1347 3019 pater
1378 2947 1734 3018 intelligibilis
1762 2948 1947 3002 Aaron

353 3041 526 3095 David
554 3050 657 3107 cst,
691 3051 749 3097 et
797 3057 895 3112 per
926 3057 1051 3096 eum
1100 3057 1264 3097 omne
1298 3058 1496 3113 corpus
1556 3043 1946 3114 praphetarum

350 3133 620 3188 creditur.
645 3132 950 3203 PmpIietia:
974 3134 1174 3205 quippe
1187 3148 1311 3188 eum
1345 3134 1696 3191 manifestum
1715 3134 1945 3203 faciunt,
1974 3158 2016 3211 (ι

350 3234 523 3297 atque
544 3225 951 3296 quodammodo
1013 3226 1395 3297 ignorantibus
1439 3228 1679 3299 pariunt.
1748 3227 1944 3284 Frater

352 3326 536 3373 autem
562 3332 856 3389 germanus
884 3325 960 3382 et,
992 3325 1051 3372 ut
1074 3316 1149 3370 ita
1170 3316 1404 3383 dicatur,
1444 3318 1614 3374 frater
1638 3319 1943 3390 prophetiae

353 3408 709 3479 Evangelium
738 3416 824 3463 est
851 3426 864 3463 :
896 3407 1076 3462 omnia
1144 3408 1289 3462 enim
1355 3424 1477 3478 quae
1521 3409 1578 3464 in
1621 3410 1943 3484 ,Evangeliis

350 3510 474 3556 aeta
516 3511 665 3568 sunt,
689 3516 718 3555 a
742 3499 1030 3571 prophetis
1062 3500 1324 3570 praedicta
1364 3510 1510 3557 sunt.
1549 3502 1939 3574 Propterquod

350 3588 679 3662 prephetico
700 3607 953 3647 sermone
970 3592 1214 3660 adjuvari
1229 3592 1296 3646 ad
1311 3592 1607 3663 perfectam
1625 3595 1936 3664 scientiam,

350 3685 478 3755 quia
516 3683 684 3739 frater
702 3684 926 3739 fratrem
954 3685 1239 3756 adjuvads,
1272 3686 1414 3741 sicut
1442 3685 1637 3742 civitas
1662 3686 1818 3744 ﬁrma
1835 3690 1941 3745 Pe-

353 3786 473 3832 trus
501 3777 797 3847 praecepit;
842 3777 919 3832 ait
951 3778 1100 3832 enim
1132 3792 1149 3834 :
1190 3775 1461 3832 Habemus
1494 3778 1783 3847 ﬁrmiorem
1810 3797 1940 3851 pro-

350 3869 620 3939 pheticum
647 3885 960 3934 sermonem,
985 3869 1071 3923 cui
1106 3869 1413 3940 benefacitis
1438 3870 1785 3939 intendentes,
1804 3873 1939 3927 sicut

350 3961 581 4015 lucerna:
596 3961 650 4014 in
681 3963 896 4015 obscuro
918 3960 1052 4024 loco,
1087 3977 1249 4033 usque
1280 3962 1408 4015 dum
1429 3963 1541 4016 dies
1575 3962 1937 4031 inarescat,“

349 4051 563 4121 Lucifer
584 4053 793 4105 oriatur
822 4052 877 4104 in
909 4048 1153 4105 cordibus
1184 4052 1368 4107 vestris
1389 4052 1467 4119 “_;
1515 4052 1567 4113 id
1631 4064 1716 4109 est
1763 4069 1937 4124 usque

347 4142 478 4196 dum
510 4142 563 4195 in
596 4141 752 4196 vobis
782 4140 1097 4213 evangelica
1155 4142 1386 4198 scientia
1416 4143 1638 4198 clareat.
1667 4145 1788 4199 Filii
1823 4145 1937 4200 fra-

350 4234 449 4287 tris
477 4233 649 4302 patris
674 4232 878 4299 Aaron,
912 4233 1053 4291 bene
1084 4243 1139 4290 et
1168 4233 1333 4288 nimis
1361 4243 1489 4304 apte
1521 4234 1599 4300 bi,
1625 4235 1716 4304 qui
1764 4251 1937 4290 evan-

348 4324 581 4395 gelicam
611 4326 1087 4381 conversationem
1156 4325 1489 4391 didicerunt,
1553 4326 1834 4393 dicuntur,
1882 4337 1939 4383 et

350 4415 451 4468 lius
477 4415 570 4484 qui
602 4415 704 4469 alia
741 4416 963 4479 docent,
991 4432 1221 4486 arguere
1281 4424 1338 4471 et
1391 4417 1682 4487 repellere,
1746 4428 1937 4489 utpote

2060 557 2268 628 gnatio.
2320 557 2541 614 Fratres
2588 558 2777 626 vestri,
2835 567 2893 614 et
2917 557 3101 616 omnis
3163 559 3361 618 domus
3404 560 3644 618 ﬁliorum

2059 648 2227 703 Israel
2261 649 2521 721 plangant
2559 650 2895 718 incendium,
2941 652 3088 722 quod
3114 651 3379 708 Dominus
3408 653 3646 708 suscita-

2057 740 2154 795 vit.
2179 740 2289 796 Vos
2314 752 2499 797 autem
2542 759 2654 797 non
2702 744 3027 815 egredimini
3079 744 3228 800 fores
3279 745 3641 811 tabernaculi,

2056 833 2292 900 alioquin
2310 835 2579 905 peribitis,
2609 835 2788 891 oleum
2813 837 3016 907 quippe
3032 846 3237 892 sancta:
3269 837 3544 892 unctionis
3557 845 3645 892 est

2055 940 2222 994 super
2234 942 2346 981 vos.
2363 926 2465 993 Qui
2482 926 2731 983 fecerunt
2747 929 3093 999 omniajuxta
3106 928 3640 999 prteceptumMoysi.

2124 1010 2244 1064 Non
2279 1013 2592 1082 ignoramus
2619 1015 2748 1084 quid
2784 1016 3011 1086 cydares
3040 1015 3354 1087 signiﬁcent
3382 1015 3642 1070 sacerdo-

2055 1110 2194 1170 tum,
2230 1105 2588 1176 scilicetquia
2618 1107 2800 1162 omnis
2828 1107 2934 1162 viri
2984 1116 3152 1177 caput
3181 1107 3455 1173 Christus,
3475 1114 3643 1177 caput

2050 1193 2252 1250 Christi
2297 1205 2505 1264 autem,
2524 1197 2666 1254 Deus
2702 1218 2717 1255 :
2743 1200 3055 1255 necessarie
3080 1200 3294 1272 cydaris
3314 1198 3641 1267 signiﬁcatio

2050 1287 2451 1356 quadammodo
2481 1296 2567 1344 est
2610 1289 2770 1344 simul
2827 1289 3101 1362 Unigeniti
3157 1290 3535 1351 humanitatis,
3584 1296 3642 1342 et

2049 1376 2354 1435 divinitatis
2383 1398 2396 1434 :
2424 1381 2530 1437 hoc
2558 1381 2706 1436 enim
2734 1391 2790 1436 et
2836 1398 2934 1453 per
2953 1382 3165 1454 cydaris
3179 1382 3640 1453 compositionem

2048 1472 2301 1543 superius
2333 1472 2853 1528 demonStraviruus.
2874 1475 3016 1544 Ergo
3050 1481 3640 1544 quae-oporteateusto-

2046 1561 2165 1617 dire
2197 1562 2512 1617 sacerdotes
2538 1572 2594 1617 et
2629 1562 2883 1618 doctores
2913 1563 3174 1634 pra‘cepit
3208 1564 3301 1618 :id
3335 1572 3440 1624 est,
3456 1572 3515 1617 ut
3535 1578 3641 1619 nec

2047 1654 2388 1709 divinitatem
2419 1654 2647 1717 Christi,
2670 1671 2774 1710 nec
2836 1655 3236 1711 humanitatem
3270 1664 3495 1726 negent,
3535 1669 3641 1711 nec

2045 1743 2445 1810 contradicunt,
2471 1744 2598 1815 quia
2626 1745 2770 1800 Deus
2798 1761 2869 1800 ex
2898 1745 3034 1811 Deo,
3064 1753 3121 1801 et
3149 1745 3386 1800 Verbum
3430 1754 3515 1800 est
3570 1761 3641 1802 ex

2049 1836 2227 1890 Patre.
2265 1833 2378 1891 Hoc
2406 1848 2486 1892 est
2516 1838 2664 1892 enim
2704 1838 2945 1910 cydarim
2974 1855 3084 1894 non
3123 1838 3343 1894 auferre
3368 1854 3400 1894 e
3434 1838 3638 1909 capite,

2048 1929 2309 1985 sidelicet
2329 1945 2441 1984 non
2476 1930 2688 1986 nudare
2738 1930 3315 2004 intelligibilicydare.
3372 1931 3481 1986 Sed
3538 1947 3642 1986 nec

2051 2019 2524 2090 dispensationem
2596 2031 2855 2087 renuant,
2919 2032 3017 2078 aut
3074 2024 3480 2094 blasphement.
3536 2023 3641 2090 Qui

2048 2115 2193 2168 enim
2221 2114 2426 2169 Christi
2451 2116 2915 2187 dispensationem
2940 2117 3344 2187 blasphemant,
3380 2120 3640 2173 sacerdo-

2052 2205 2212 2260 talem
2248 2216 2511 2277 rumpunt
2540 2208 2733 2263 stolam
2765 2224 2780 2261 :
2828 2208 2956 2279 quia
2984 2224 3178 2265 omnes
3206 2208 3426 2278 quidem
3453 2211 3634 2266 homi-

2048 2312 2150 2351 nes
2174 2297 2267 2367 qui
2302 2296 2355 2352 in
2387 2297 2670 2353 Christum
2715 2298 3088 2365 crediderunt,
3124 2300 3298 2355 multo
3318 2301 3490 2371 magis
3537 2318 3640 2356 au-

2052 2399 2158 2445 tem
2199 2390 2512 2445 sacerdotes
2550 2400 2679 2445 sunt
2708 2390 2797 2462 qui
2842 2390 3123 2446 Christum
3166 2392 3509 2447 induerunt:
3560 2395 3637 2447 si-

2048 2482 2269 2552 quidem
2286 2482 2600 2553 quicunque
2628 2482 2682 2538 in
2702 2483 2921 2539 Christo
2952 2483 3210 2553 baptizati
3244 2500 3456 2548 sumus,
3475 2484 3651 2539 Chrio‘

2051 2582 2192 2627 stum
2226 2572 2525 2640 induimur,
2569 2574 2687 2629 hcce
2741 2582 2966 2645 agentes
2996 2575 3332 2642 sacerdotes,
3368 2590 3472 2629 nec
3517 2592 3638 2630 nio-

2050 2666 2278 2731 ricntur,
2329 2682 2429 2721 ncc
2486 2667 2894 2739 congregationi
2974 2667 3415 2737 superinducunt
3473 2668 3635 2724 iram.

2051 2756 2471 2826 l'rrcpositorum
2500 2758 2642 2811 enim
2671 2757 2796 2812 vitia
2845 2756 3234 2811 oﬂ’endiculum
3263 2764 3395 2810 sunt
3444 2758 3634 2826 subje-

2050 2849 2172 2913 ctis,
2193 2858 2248 2903 et
2269 2849 2440 2904 multo
2464 2849 2635 2921 magis
2665 2849 2953 2906 doctorum
2987 2850 3274 2919 discipulis
3312 2865 3504 2904 eorum
3541 2848 3640 2903 ira!

2048 2942 2141 2995 Dei
2173 2941 2310 2995 ﬁunt
2332 2943 2565 2997 occasio.
2598 2942 2830 3012 Propter
2872 2942 3019 3013 quod
3072 2950 3128 2996 et
3160 2957 3379 2996 omnem
3409 2943 3636 2997 domum

2047 3033 2237 3100 lsracl,
2279 3049 2498 3088 onmem
2546 3034 2799 3089 videlicet
2855 3033 3179 3100 Ecclesium,
3236 3034 3497 3106 plangere
3549 3023 3635 3088 iu-

2048 3119 2299 3174 cendium
2327 3136 2437 3190 quo
2458 3120 2665 3176 incensi
2687 3132 2817 3176 sunt
2846 3136 2875 3175 a
2905 3121 3014 3176 Deo
3035 3122 3151 3177 vult
3178 3141 3192 3175 :
3216 3124 3342 3193 quia
3370 3124 3633 3178 damnum

2050 3211 2307 3267 Ecclesiae.
2362 3212 2528 3267 unius
2575 3213 2830 3278 membri,
2890 3221 2946 3267 et
2975 3213 3267 3283 cujuslibet
3321 3229 3481 3269 casus
3526 3222 3630 3277 est,

2049 3313 2254 3376 quanto
2284 3306 2453 3376 magis
2484 3305 2792 3370 doctorum,
2869 3315 2924 3361 et
2949 3306 3294 3360 sacerdotum
3358 3307 3637 3376 perditio?

2049 3397 2127 3454 ita
2159 3407 2219 3454 ut
2249 3397 2450 3453 Paulus
2479 3399 2547 3454 de
2564 3415 2629 3454 eo
2648 3398 2740 3470 qui
2773 3398 3073 3453 fornicatus
3102 3399 3300 3464 fuerat,
3332 3399 3633 3454 Corinthiis

2049 3488 2255 3543 scribat
2285 3504 2299 3540 :
2332 3487 2402 3542 Et
2423 3505 2511 3543 vos
2544 3488 2721 3559 inﬂati
2758 3489 2902 3554 estis,
2938 3497 2989 3542 et
3044 3505 3149 3542 non
3197 3490 3370 3560 magis
3431 3489 3631 3543 luctum

2048 3580 2307 3634 habuistis
2338 3580 2405 3634 ⁸⁷.
2435 3578 2489 3633 Si
2538 3589 2721 3633 autem
2773 3595 2884 3633 uno
2931 3595 2995 3634 ex
3044 3579 3248 3650 populo
3303 3581 3627 3645 fornicante,

2048 3687 2266 3727 omnem
2322 3672 2618 3727 Ecclesiam
2675 3672 2859 3743 lugere
2901 3674 3183 3743 praecepit,
3229 3673 3401 3726 multo
3458 3675 3631 3745 magis

2046 3767 2266 3838 quando
2290 3768 2626 3835 sacerdotes,
2672 3777 2726 3823 et
2771 3770 3024 3823 doctores
3058 3769 3219 3839 impie
3247 3781 3488 3843 agentes,
3545 3772 3630 3826 vel

2045 3859 2492 3931 blasphemantes
2532 3860 2907 3915 inveniuntur.
2938 3861 3033 3916 llis
3073 3863 3148 3916 ita
3174 3878 3232 3916 se
3272 3863 3359 3916 ha!
3383 3864 3625 3928 cutibus,

2046 3953 2177 4009 illud
2198 3953 2367 4023 quaeri
2391 3962 2627 4023 oportet,
2657 3953 2929 4022 quomodo
2958 3969 3084 4008 cum
3109 3970 3207 4024 per
3226 3955 3627 4024 pra-cedentem

2046 4042 2410 4105 sanctionem,
2440 4051 2651 4111 septem
2674 4042 2820 4098 solos
2845 4043 2961 4099 dies
3000 4059 3110 4097 non
3139 4045 3320 4116 egredi
3345 4045 3411 4098 de
3446 4046 3630 4100 taber-

2044 4141 2246 4196 naculo
2278 4139 2578 4196 testimonii
2611 4140 2984 4210 praecepisset,
3039 4140 3124 4195 his
3150 4140 3455 4212 completis,
3510 4142 3631 4197 hme

2046 4232 2193 4289 enim
2213 4231 2270 4286 in
2296 4239 2484 4285 octava
2515 4228 2604 4283 die
2628 4237 2885 4300 aguntur,
2932 4244 3123 4283 rursus
3143 4231 3223 4285 eis
3246 4231 3453 4301 Moyses
3486 4247 3631 4300 prae-

2044 4325 2209 4396 cepit,
2242 4323 2310 4379 de
2347 4323 2487 4377 ostio
2520 4321 2853 4376 tabernaculi
2892 4336 3004 4374 non
3053 4322 3279 4393 egredi?
3332 4322 3448 4376 Non
3500 4339 3633 4395 ergo

2045 4415 2320 4471 contraria
2356 4415 2456 4469 sibi
2510 4414 2706 4480 sancit,
2775 4414 2870 4468 sed
2935 4414 3286 4469 manifestum
3349 4416 3630 4484 est'quod

346 4506 649 4578 perfectam
669 4508 933 4563 habentes
970 4509 1279 4574 scientiam,
1311 4509 1624 4564 necessario
1653 4519 1782 4565 sunt
1814 4511 1932 4565 dis-
1966 4512 2013 4571 D
2041 4506 2208 4561 alium
2233 4505 2323 4560 hic
2352 4504 2432 4558 eis
2462 4518 2742 4575 egressum
2806 4506 2929 4557 ostii
2966 4503 3299 4557 tabernaculi
3331 4504 3628 4558 testimonii

348 4596 534 4667 positi.
588 4596 664 4652 De
685 4614 799 4668 quo
847 4598 1087 4653 Joannes
1116 4598 1351 4654 dicebat.
1401 4597 1580 4654 Omnis
1611 4600 1702 4670 qui
1739 4616 1937 4668 prtere-

345 4691 445 4749 dit,
473 4698 522 4743 ct
549 4707 653 4744 non
677 4700 851 4745 manet
871 4692 926 4745 in
948 4692 1188 4747 doctrina
1221 4691 1439 4753 Christi,
1485 4691 1652 4746 Deum
1699 4709 1801 4746 non
1837 4694 1938 4748 ha-

345 4783 448 4835 bet.
488 4780 591 4847 Qui
639 4793 816 4837 manet
850 4784 907 4837 in
935 4784 1197 4849 doctrina,
1219 4782 1304 4837 hic
1326 4793 1373 4837 et
1408 4783 1581 4853 ﬁlium
1630 4794 1680 4839 et
1732 4793 1938 4855 patrem

345 4875 522 4929 habet.
556 4874 615 4930 Si
638 4878 753 4948 quis
782 4877 921 4931 venit
953 4878 1024 4931 ad
1073 4893 1180 4944 vos,
1230 4886 1278 4931 et
1314 4877 1452 4931 hanc
1480 4879 1781 4932 doctrinam
1834 4895 1938 4933 non

345 4968 553 5039 afferet,
582 4970 743 5023 nolite
775 4972 1009 5040 recipere
1038 4987 1159 5025 eum
1182 4972 1236 5025 in
1281 4971 1518 5039 domum,
1550 4988 1643 5025 nec
1662 4972 1712 5026 ei
1735 4973 1936 5026 dixeri-

346 5058 436 5125 tis,
460 5059 565 5113 Ave
588 5057 656 5113 ⁸⁸.
692 5056 836 5131 Ergo
888 5059 1170 5130 proprium
1216 5068 1302 5114 est
1347 5075 1561 5124 eorum,
1615 5060 1709 5129 qui
1756 5058 1936 5114 edocti

344 5161 474 5207 sunt
506 5153 879 5224 evangelicam
910 5152 1239 5216 doctrinam,
1276 5169 1372 5208 eos
1403 5151 1496 5223 qui
1526 5152 1836 5208 adulterina
1883 5161 1943 5209 et

345 5239 525 5293 aliena
567 5240 888 5311 praedicant,
921 5257 950 5295 a
984 5241 1125 5296 facie
1170 5249 1484 5297 sanctorum
1512 5251 1568 5296 et
1598 5242 1936 5297 tabernaculi

344 5334 620 5402 expellere
655 5344 821 5404 atque
852 5335 1144 5405 projicere.

422 5423 587 5481 Vsus.
614 5425 669 5491 6,
698 5426 751 5482 7.
791 5445 811 5479 ι
848 5427 1090 5484 Locutus
1117 5435 1205 5484 est
1228 5427 1441 5498 Moyses
1469 5427 1535 5484 ad
1574 5427 1761 5484 Aaron
1784 5438 1840 5483 et
1866 5427 1934 5484 ad

344 5520 593 5586 Eleazar,
619 5528 787 5592 atque
810 5520 879 5577 ad
908 5521 1151 5576 lthamar
1170 5519 1309 5577 ﬁlios
1338 5518 1459 5591 ejus
1497 5537 1509 5574 :
1540 5518 1734 5592 Capita
1752 5528 1934 5575 vestra

345 5612 519 5670 noble
537 5613 749 5669 nudare
772 5620 828 5670 et
862 5612 1184 5670 vestimenta
1210 5612 1383 5669 nolite
1410 5611 1684 5681 scindere,
1702 5629 1772 5669 ne
1789 5612 1933 5669 forte

2046 4597 2310 4670 praecepit
2331 4597 2627 4652 custodire.
2651 4595 2785 4650 Nam
2816 4594 3055 4650 addidit:

2124 4687 2187 4744 Ut
2218 4703 2321 4740 non
2346 4687 2672 4741 moriemini.
2703 4686 2863 4755 Atqui
2886 4688 3000 4742 hzec
3034 4703 3144 4741 non
3173 4687 3391 4759 scripsit
3416 4689 3472 4743 in
3530 4706 3629 4745 su—

2046 4782 2354 4852 perioribus
2381 4795 2395 4835 :
2428 4780 2566 4852 Ergo
2592 4780 2965 4836 additamento
2989 4784 3457 4850 comminationis,
3480 4787 3626 4841 aliud

2046 4875 2323 4945 quidpiam
2366 4890 2425 4930 se
2464 4874 2711 4929 sanxisse
2763 4874 3133 4946 signiﬁcavit:
3192 4877 3318 4947 quia
3372 4880 3518 4933 enim
3569 4890 3629 4934 ut

2048 4965 2228 5038 ignem
2244 4967 2433 5021 alienae
2456 4965 2720 5022 doctrina;
2748 4965 3044 5022 otl‘erentes
3066 4967 3286 5038 quidam
3313 4970 3630 5024 sacerdotes

2037 5058 2340 5131 perierunt.
2374 5059 2510 5115 Aliis
2533 5074 2646 5116 non
2701 5061 2852 5114 exire
2879 5060 3105 5131 januam
3130 5062 3396 5126 scientize,
3430 5062 3626 5117 videli-

2038 5157 2127 5206 cet
2158 5148 2383 5216 Christi,
2411 5159 2467 5205 et
2494 5150 2803 5209 traditionis
2840 5151 2981 5221 ejus,
3032 5167 3133 5222 per
3162 5168 3229 5207 ea
3278 5168 3401 5222 qua:
3477 5152 3624 5208 dicta

2038 5251 2169 5298 sunt
2192 5243 2473 5313 praseepit,
2510 5241 2564 5297 id
2586 5251 2670 5297 est
2698 5257 2810 5296 non
2834 5243 3137 5314 transgredi
3171 5260 3289 5298 eam
3326 5259 3487 5325 qudam
3508 5244 3628 5314 ipse
3666 5315 3673 5325 ν

2036 5335 2318 5390 mandavit
2384 5334 2849 5406 praedicationem,
2924 5337 3019 5391 sed
3072 5335 3228 5406 sequi
3275 5314 3625 5391 Dominicutn

2040 5434 2378 5500 praeceptum
2400 5441 2500 5497 per
2528 5426 2711 5483 omnia
2744 5446 2759 5483 :
2796 5427 2877 5483 sic
2900 5428 3047 5483 enim
3082 5425 3462 5498 unusquisque
3514 5444 3627 5483 non

2038 5520 2324 5577 morietur.
2354 5518 2469 5577 Hoc
2493 5519 2873 5575 sacerdotibus
2902 5521 3184 5591 praecepit,
3204 5521 3405 5592 quibus
3423 5529 3483 5577 ut
3504 5537 3625 5577 ma-

2035 5614 2238 5687 gistris,
2256 5621 2312 5669 et
2332 5612 2778 5684 praedicatoribus
2825 5613 2975 5668 verbi
3005 5614 3367 5671 ministerium
3387 5630 3454 5671 ex
3482 5615 3629 5672 dono

419 5786 644 5845 σηοω.
680 5802 774 5854 xx,
810 5785 903 5844 28.
981 5787 1029 5821 ⁸⁸
1058 5785 1105 5844 ll
1133 5782 1283 5857 Petr.
1314 5785 1461 5852 1,19.
1537 5786 1584 5819 "
1608 5785 1650 5840 ll
1670 5785 1828 5847 Joan.
1860 5785 1914 5853 9,

2113 5790 2158 5823 ⁸⁷
2190 5744 2358 5845 lCor.
2398 5805 2452 5853 ν,
2477 5787 2532 5840 9.
