3992 6434
450 362 571 429 8.19

1650 324 2014 417 nEsvcnn
2062 353 2540 419 PRESBYTERI

3632 360 3731 429 900

457 474 683 548 spiritus
732 472 1000 532 creditum
1041 483 1158 542 est,
1185 474 1255 530 de
1301 486 1412 544 quo
1444 488 1598 529 nunc
1624 453 1906 542 legislator
1935 472 2045 526 ait:
2080 481 2126 537 Α
2151 483 2337 529 autem
2362 482 2581 545 oportet
2628 489 2879 546 quaerere
2908 476 3054 547 quod
3114 489 3240 530 cum
3307 488 3370 530 ea
3430 489 3561 545 'quze
3607 475 3735 547 legis

529 569 717 626 Oleum
740 571 934 642 quippe
965 578 1168 623 sancta:
1212 569 1474 622 unctionis
1507 576 1584 621 cst
1609 582 1767 635 super
1795 581 1901 619 vos.
1939 565 2051 618 llu-

453 665 547 735 jus
581 672 765 718 autem
801 663 1079 717 unctionis
1110 669 1395 727 virtutem,
1439 659 1679 715 Joannes
1706 659 1863 714 nobis
1881 674 2051 713 evan—

462 757 654 829 gelista
689 756 1051 819 demonstrat,
1074 754 1274 808 dicens
1307 770 1319 807 :
1346 754 1422 808 Et
1451 770 1540 807 vos
1567 753 1863 806 unctionem
1892 767 2054 820 quam

460 849 736 917 accepistis
772 848 837 901 ab
868 865 949 911 eo,
982 856 1192 900 moneat
1250 847 1308 900 in
1338 846 1507 900 vobis.
1568 845 1634 899 Et
1689 861 1789 898 non
1848 860 2055 898 necesse

457 942 681 1005 habetis,
712 950 767 995 ut
808 941 1003 1010 aliquis
1048 944 1235 995 doceat
1279 956 1394 1004 vos,
1425 940 1526 993 sed
1550 939 1686 992 sicut
1717 938 1897 991 unctio
1939 936 2054 1005 ejus

458 1035 604 1088 docet
627 1050 717 1087 vos
750 1034 814 1087 de
840 1033 1107 1099 omnibus,
1160 1041 1209 1086 et
1234 1049 1416 1086 verum
1452 1040 1547 1098 est,
1597 1041 1645 1085 et
1672 1047 1774 1083 non
1805 1038 1877 1083 est
1909 1044 2056 1082 men-

457 1126 668 1180 dacium
698 1126 766 1178 ³⁸.
800 1125 927 1180 Ilzec
965 1123 1181 1194 Moyses
1226 1140 1327 1193 per
1357 1124 1612 1194 spiritum
1655 1123 1937 1192 praecepit,
1999 1130 2054 1175 et

454 1220 699 1274 Ecclesia
728 1219 989 1274 custodit.
1019 1220 1164 1291 Ergo
1192 1228 1602 1287 consequenter
1630 1215 2051 1286 legislatorsub-

451 1311 589 1369 didit
621 1330 633 1364 :
676 1310 779 1376 Qui
810 1313 1048 1381 fecerunt
1060 1312 1222 1381 juxta
1244 1320 1576 1381 .prazceptum
1604 1308 1795 1379 Moysi.

526 1403 688 1459 Vens.
721 1404 872 1459 8-H.
906 1423 925 1456 ι
969 1402 1117 1458 Dixit
1184 1418 1402 1474 quoque
1430 1396 1703 1457 Dominus
1722 1400 1799 1455 ad
1830 1403 2049 1454 Aaron:

453 1497 656 1553 Vinum
684 1509 737 1553 et
765 1514 929 1554 omne
958 1498 1101 1569 quod
1169 1497 1444 1552 inebriare
1482 1504 1680 1567 potest,
1708 1511 1815 1550 non
1847 1493 2052 1549 bibetis

391 1597 396 1601 ’
444 1580 512 1645 tu
542 1601 597 1645 et
630 1591 721 1644 ﬁlii
754 1591 857 1654 tui,
891 1591 1110 1660 quando
1135 1590 1351 1645 intratis
1382 1591 1435 1643 in
1463 1587 1875 1644 tabernaculum
1905 1585 2050 1641 testi-

455 1680 647 1745 monii,
675 1697 743 1733 ne
774 1679 1106 1745 moriamini,
1132 1680 1260 1750 quia
1293 1687 1626 1749 praeceptum
1654 1677 2047 1747 sempiternum

456 1771 514 1826 in
549 1772 936 1843 generationes
964 1781 1199 1835 vestras,
1223 1781 1301 1837 et,
1344 1781 1405 1825 ut
1461 1769 1708 1825 habeatis
1761 1767 2047 1824 scientiam

2156 578 2308 637 sunt,
2333 569 2535 626 docere
2574 570 2715 626 ﬁlios
2737 568 2901 627 lsrael
2920 570 3236 627 sacerdotes
3262 571 3547 641 praecepit,
3590 570 3736 626 locu-

2158 671 2271 716 tum
2294 678 2417 719 esse
2446 664 2618 719 Deum
2642 681 2742 736 per
2782 663 3024 737 Moysen,
3060 680 3171 719 non
3212 679 3311 734 per
3338 663 3599 734 linguam,
3646 664 3738 719 sed

2157 767 2259 824 per
2285 769 2507 810 manum
2535 756 2688 811 dicit.
2720 756 2827 811 Aut
2857 757 3084 811 omnino
3120 756 3441 827 dignitatem
3474 756 3609 826 legis
3646 770 3740 810 os-

2157 847 2387 902 tendere
2422 848 2612 911 voluit,
2641 848 2768 918 quia
2807 850 3062 919 exposuit
3113 849 3333 919 quidem
3386 863 3507 902 eam
3575 846 3737 915 Deus,

2158 940 2377 1011 scripsit
2407 952 2589 997 autem
2641 943 2870 1016 Moyses,
2906 944 3123 1014 excepit
3143 959 3274 998 vero
3306 958 3447 1009 eam,
3476 943 3587 997 Deo
3622 959 3743 1014 quae.

2157 1031 2421 1100 disposita
2439 1043 2565 1086 sunt
2594 1034 2846 1103 jubente.
3422 1020 3427 1025 ἢ

2237 1119 2402 1176 Vsus.
2426 1123 2612 1177 l2-15.
2651 1143 2670 1175 ι
2696 1124 3045 1195 Loeutusque
3079 1132 3163 1178 est
3200 1123 3409 1194 Moyses
3424 1124 3491 1179 ad
3535 1125 3740 1189 Aaron,

2156 1224 2216 1269 et
2247 1214 2316 1268 ad
2347 1216 2593 1285 Eleazar,
2619 1228 2781 1288 atque
2810 1218 3053 1273 Ithamar
3077 1219 3216 1273 ﬁlios
3263 1219 3384 1288 ejus
3409 1219 3502 1287 qui
3536 1217 3741 1273 residui

2160 1319 2322 1364 erant
2358 1328 2372 1365 :
2409 1310 2606 1365 Tollite
2658 1310 2985 1366 sacriﬁcium
3022 1311 3167 1380 quod
3205 1310 3471 1364 remansit
3498 1310 3567 1365 de
3587 1309 3744 1365 obla-

2154 1404 2311 1458 tione
2343 1403 2584 1467 Domini,
2630 1411 2687 1457 et
2715 1404 2986 1458 cumedite
3049 1402 3180 1457 illud
3216 1402 3425 1472 absque
3474 1401 3744 1459 fermento

2150 1498 2303 1565 juxta
2334 1496 2527 1562 altare,
2553 1496 2679 1566 quia
2723 1497 2987 1552 Sanctum
3021 1504 3335 1550 sanctorum
3391 1504 3498 1550 est.
3552 1496 3744 1551 Come-

2158 1588 2300 1643 detis
2330 1597 2516 1642 autem
2548 1588 2603 1642 in
2634 1589 2753 1641 loco
2820 1596 3030 1650 sancto,
3080 1588 3223 1657 quod
3279 1587 3467 1641 datum
3490 1596 3576 1641 est
3623 1589 3742 1657 tibi,

2144 1691 2208 1737 et
2242 1680 2369 1736 ﬁliis
2410 1681 2517 1735 tuis
2551 1682 2617 1735 de
2649 1681 3023 1735 oblationibus
3078 1680 3313 1743 Domini,
3363 1680 3506 1734 sicut
3536 1697 3742 1749 praece-

2156 1779 2310 1840 ptum
2339 1779 2422 1825 est
2450 1769 2607 1824 mihi.
2632 1769 3015 1824 Pectusculum
3041 1785 3260 1839 quoque
3299 1768 3443 1840 quod
3494 1771 3740 1826 oblatum

455 1866 807 1921 discernendi
849 1867 992 1919 inter
1021 1863 1270 1919 sanctum
1330 1877 1385 1919 et
1446 1862 1761 1935 profanum,
1796 1870 1853 1916 et
1904 1861 2048 1916 inter
2082 1842 2119 1894 θ
2140 1873 2236 1920 est
2256 1873 2314 1919 et
2335 1880 2554 1918 armum
2577 1863 2668 1933 qui
2701 1874 2987 1934 separatus
3017 1873 3123 1926 est,
3157 1864 3332 1918 edetis
3355 1864 3410 1918 in
3444 1864 3744 1920 locomuu-

451 1959 720 2031 pollntum
756 1967 811 2014 et
834 1961 1118 2024 mundum,
1140 1959 1493 2028 ducentisque
1524 1958 1661 2012 ﬁlius
1679 1957 1847 2011 Israel
1863 1956 2045 2010 omnia

451 2049 695 2121 legitima
730 2065 870 2112 mea,
908 2066 1031 2121 quae
1057 2050 1277 2104 locutus
1315 2058 1399 2104 est
1442 2048 1710 2105 Dominus
1732 2047 1797 2102 ad
1822 2062 1918 2101 eos
1942 2062 2048 2117 per

452 2154 675 2193 manum
706 2140 897 2209 Moysi.
941 2161 959 2192 ι

526 2247 674 2303 Ilanc
703 2265 874 2319 usque
909 2266 1059 2305 nunc
1106 2249 1282 2322 legem
1317 2249 1370 2304 in
1412 2246 1679 2305 Ecclesiis
1708 2248 1922 2305 invenis
1950 2262 2048 2302 cu-

451 2341 641 2395 stodiri
676 2340 902 2412 :Neque
926 2344 1077 2397 enim
1109 2340 1430 2398 omnimodo
1474 2343 1755 2397 abstinere
1822 2358 1853 2396 a
1922 2342 2049 2396 vino

446 2432 727 2502 praecepit,
763 2433 859 2487 sed
892 2433 1114 2504 quando
1135 2434 1210 2488 ad
1261 2433 1672 2495 tabernaculum
1725 2431 2045 2495 testimonii,

442 2535 544 2578 aut
579 2524 644 2579 ad
671 2525 841 2579 altare
869 2525 1241 2592 ascendimus,
1279 2525 1332 2579 id
1381 2535 1465 2580 est
1506 2527 1728 2595 quando
1757 2527 2047 2597 quodcun-

453 2628 562 2683 que
599 2600 968 2668 ministerium
1023 2615 1289 2669 doctrinae
1351 2615 1597 2671 cozlestis
1654 2617 2041 2689 contingimus.

445 2703 736 2759 Ministcrii
759 2706 929 2770 enim,
959 2706 1127 2761 altare
1153 2706 1322 2778 ﬁgura
1361 2717 1447 2761 est
1478 2708 2046 2764 :tabernaculumxau-

449 2803 563 2851 tem
603 2798 927 2864 testimonii,
987 2800 1297 2854 caelestium
1339 2816 1525 2855 rerum
1575 2803 2043 2866 contreetationis,

451 2890 599 2945 unde
630 2888 1007 2949 et'Timotbeo
1055 2890 1257 2946 Paulus
1320 2892 1614 2948 scribebat.
1649 2893 1778 2948 Vino
1843 2897 2046 2951 modico

444 2993 614 3048 utere,
658 2993 873 3055 propter
900 2985 1229 3039 stomachum
1262 2974 1437 3049 suum,
1505 2997 1553 3041 et
1601 2990 1898 3060 frequentes
1922 3001 2045 3046 tuas

442 3076 791 3147 inﬁrmitates
826 3078 894 3130 ".
926 3078 1027 3144 Qui
1050 3087 1235 3133 autem
1273 3080 1490 3136 modico
1525 3083 1716 3148 utitur,
1754 3082 1849 3138 hic
1899 3093 2041 3139 tem-

2149 1957 2378 2011 dissimo
2402 1966 2460 2011 tu
2491 1965 2546 2010 et
2586 1955 2679 2009 ﬁlii
2710 1956 2811 2020 tui,
2836 1972 2898 2009 ac
2924 1955 3045 2010 ﬁlia:
3062 1963 3169 2010 tua:
3197 1967 3397 2011 tecum.
3430 1954 3555 2011 Tibi
3594 1957 3740 2011 enim

2149 2065 2214 2104 ac
2250 2048 2440 2103 liberis
2474 2049 2584 2102 tuis
2612 2048 2850 2118 reposita
2893 2059 3023 2103 sunt
3050 2050 3118 2105 de
3162 2050 3360 2104 hostiis
3407 2050 3741 2105 salutaribus

2142 2142 2388 2197 ﬁliomm
2422 2140 2612 2205 Israel,
2638 2157 2703 2197 eo
2732 2143 2880 2211 quod
2931 2157 3171 2208 armum,
3204 2152 3260 2197 et
3292 2152 3503 2212 pectus,
3531 2153 3588 2198 et
3620 2144 3741 2199 adi-

2149 2253 2268 2308 pes,
2296 2237 2386 2308 qui
2417 2246 2734 2291 cremantur
2762 2236 2817 2290 in
2841 2236 3019 2301 altari,
3046 2235 3243 2289 nlevati
3270 2235 3382 2290 sint
3408 2251 3593 2290 coram
3624 2237 3736 2290 Do-

2154 2331 2306 2385 mino
2344 2341 2402 2385 et
2431 2331 2747 2400 pertineant
2779 2330 2846 2384 ad
2876 2338 2948 2391 te,
2976 2336 3032 2383 et
3062 2328 3127 2382 ad
3161 2327 3301 2382 ﬁlios
3332 2338 3456 2383 tuos
3478 2329 3596 2399 lege
3613 2346 3742 2399 per-

2140 2424 2345 2493 petua,‘
2360 2422 2502 2476 sicut
2526 2421 2785 2492 praecepit
2813 2422 3099 2474 Dominus.
3131 2439 3151 2470 ι

2214 2512 2353 2579 Quia
2374 2513 2748 2583 pectusculum
2786 2512 3171 2566 conﬁdentiam
3231 2510 3606 2576 oﬂ‘erentium,
3688 2521 3743 2566 et

2146 2606 2309 2660 ﬁdem
2358 2605 2665 2677 signiﬁcat:
2721 2615 2777 2661 et
2857 2605 3165 2669 brachium,
3218 2605 3500 2675 promissae
3543 2605 3616 2661 ab
3659 2606 3743 2661 eis

2149 2699 2590 2753 conversationis
2623 2699 2919 2761 aetionem,
2981 2700 3456 2752 cteorrectionem
3491 2713 3504 2749 :
3539 2698 3680 2752 satis
3713 2713 3742 2752 a

2148 2791 2381 2847 nobisin
2406 2791 2492 2847 ltlS
2521 2807 2643 2861 qua:
2672 2791 2740 2846 de
2767 2790 3034 2845 sacriﬁcio
3070 2788 3441 2860 paciﬁcorum,
3468 2804 3563 2844 seu
3590 2790 3744 2844 salu-

2146 2884 2245 2939 tari
2274 2901 2373 2955 per
2394 2896 2576 2955 partes
2623 2885 2868 2940 discussa
2925 2891 3074 2947 sunt,
3130 2883 3565 2937 demonstratum
3634 2892 3740 2937 est.

2149 2979 2254 3034 Sed
2278 2978 2634 3049 quamobrem
2665 2979 2845 3033 Aaron
2870 2986 2925 3031 et
2938 2975 3064 3031 ﬁliis
3093 2978 3234 3047 ejus,
3289 2991 3353 3031 ea
3414 2991 3537 3046 quat
3587 2975 3741 3031 dicta

2147 3082 2299 3137 sunt,
2330 3071 2633 3142 deputavit,
2663 3069 2776 3125 illic
2798 3069 2948 3125 enim
2973 3076 3029 3123 et
3070 3082 3263 3123 eorum
3322 3067 3742 3123 distinctionem

445 3186 584 3241 pore
615 3170 907 3224 ministerii
938 3170 1195 3226 videlicet
1220 3182 1275 3226 et
1316 3173 1600 3239 doctrinae,
1657 3173 1726 3228 ab
1774 3175 1931 3229 omni
1957 3175 2040 3230 vi-
2060 3183 2111 3242 ς,
2151 3162 2435 3236 legislator
2455 3162 2737 3232 exposuit,
2766 3162 2921 3232 quod
2945 3161 3001 3216 1ιί
3028 3160 3248 3231 quidem
3272 3159 3366 3231 qui
3392 3162 3578 3215 Aaron
3605 3169 3743 3215 sunt

443 3262 693 3317 uolentia
728 3270 782 3317 et
828 3262 1094 3319 ebrietate
1131 3280 1190 3319 se
1221 3264 1482 3318 abstinet.
1535 3264 1800 3320 Similiter
1857 3274 2041 3322 autem

450 3365 514 3410 ut
544 3355 859 3411 sacerdotes
883 3356 937 3410 lii
968 3357 1059 3428 qui
1091 3357 1316 3412 student
1342 3358 1516 3429 legem
1549 3360 1894 3423 custodiunt,
1916 3376 2044 3432 pro-

444 3456 575 3518 pter
605 3445 887 3515 quodnon
920 3448 1097 3502 solum
1137 3448 1340 3512 Aaron,
1386 3448 1482 3504 sed
1513 3457 1570 3503 et
1602 3449 1728 3504 ﬁliis
1752 3451 1898 3522 ejus,
1945 3466 2041 3507 su-

446 3540 700 3596 blimiora
735 3539 1247 3610 videlicetadeptis,
1292 3541 1611 3596 mandatum
1668 3543 1773 3599 hoc
1795 3544 2036 3604 tradidit.

440 3632 657 3687 Similia
692 3640 877 3688 autem
916 3633 1001 3685 bis
1032 3642 1085 3687 et
1107 3632 1308 3688 Paulus
1362 3633 1431 3689 ad
1470 3634 1745 3705 Ephesios
1798 3636 2037 3707 scripsit.

447 3722 633 3779 Nolite
659 3725 918 3779 inebriari
945 3725 1090 3787 vino,
1116 3726 1170 3778 in
1193 3742 1301 3796 quo
1350 3735 1427 3779 est
1468 3728 1637 3781 omnis
1662 3726 1899 3791 luxuria,
1949 3730 2041 3782 sed

440 3819 619 3889 magis
653 3817 950 3888 implemini
977 3815 1183 3886 Spiritu
1225 3827 1409 3872 sancto
1434 3819 1517 3885 ’°;
1553 3818 1806 3874 hebetem
1837 3820 2041 3890 quippe

436 3910 684 3966 ebrietas
733 3918 979 3965 mentem
1043 3910 1244 3976 reddit,
1312 3922 1369 3965 et
1413 3912 1765 3967 sobrietatem
1814 3913 1931 3985 ejus
1978 3914 2036 3968 in

435 4002 693 4058 deterius
720 4003 906 4067 vertit,
945 4012 1143 4058 utnon
1190 4003 1566 4076 intelligantur
1600 4021 1722 4076 quae
1779 4015 2035 4078 aguntur,

436 4111 571 4166 quas
599 4094 927 4151 testiﬁcatur
960 4096 1146 4161 Isaias,
1172 4095 1366 4151 dicens
1401 4113 1414 4148 :
1443 4095 1529 4150 Va
1581 4096 1671 4167 qui
1722 4099 2040 4170 consurgitis
2068 4093 2074 4099 ’

447 4202 614 4240 mane
634 4187 706 4239 ad
736 4186 1038 4240 ebrietatem
1077 4188 1405 4255 sectandam,
1433 4196 1481 4240 et
1535 4188 1823 4257 potandum
1879 4206 2039 4261 usque

436 4278 518 4331 ad
580 4292 871 4346 vesperum,
913 4290 976 4331 ut
1012 4279 1134 4331 vino
1215 4269 1464 4332 a'stuetis.
1531 4276 1752 4333 Cithara
1812 4288 1860 4333 et
1896 4280 2034 4351 lyra,

438 4378 497 4422 et
530 4377 867 4440 tympanum,
895 4378 942 4423 et
963 4370 1117 4436 tibia,
1144 4380 1191 4424 et
1231 4371 1410 4424 vinum
1455 4370 1511 4423 in
1542 4371 1789 4425 conviviis
1827 4373 2032 4437 vestris,

437 4470 653 4531 etopus
700 4463 911 4516 ﬂamini
970 4479 1075 4517 non
1132 4464 1411 4533 respicitis,
1464 4479 1555 4517 nec
1579 4479 1737 4533 opera
1780 4480 2035 4519 manuum

436 4528 564 4618 ejus
593 4551 943 4606 consideratis
973 4552 1042 4606 ⁸³.
1075 4551 1179 4618 Qui
1213 4528 1397 4606 autem
1452 4528 1622 4622 opera
1664 4553 1877 4617 Domini
1924 4571 2031 4609 non
2062 4528 2113 4582 θ

444 4643 653 4710 vident,
688 4643 965 4713 quomodo
980 4643 1236 4698 dividere
1274 4644 1420 4699 inter
1459 4653 1647 4698 sancta
1703 4654 1758 4700 et
1786 4646 2032 4715 profana,

436 4744 541 4790 aut
580 4735 878 4797 mundaet
915 4736 1218 4799 immunda,
1242 4735 1328 4791 vel
1361 4737 1637 4806 quomodo
1651 4732 2035 4804 exhortari,e-t

450 4828 771 4883 illuminare
794 4827 1054 4899 populum
1103 4828 1170 4883 de
1211 4825 1509 4899 Scripturis
1567 4830 1832 4899 possunt?
1878 4830 2033 4887 Unde

437 4920 549 4974 hoc
580 4920 897 4975 mandatum
926 4919 1219 4974 sublimius
1247 4918 1539 4974 ostendere
1562 4923 1812 4991 cupiens,
1849 4924 2028 4994 ipsum

439 5012 551 5066 hoc
575 5013 650 5066 ait
674 5012 918 5066 locutum
943 5011 1111 5066 fuisse
1136 5010 1446 5066 Dominum.
1464 5011 1570 5067 Sed
1593 5013 2036 5086 intende,quem-

413 5106 734 5184 Iadmodum
779 5119 879 5158 nec
942 5103 1045 5159 hoc
1085 5118 1114 5156 a
1169 5103 1509 5159 districtione
1555 5120 1745 5160 eorum
1802 5124 1924 5177 qua
1976 5108 2029 5163 in

438 5194 775 5251 Pentecoste
806 5204 924 5249 acta
958 5205 1106 5261 sunt,
1158 5195 1397 5248 alienum
1430 5198 1520 5249 sit.
1550 5196 1704 5263 Quod
1737 5201 1881 5253 enim
1930 5202 2031 5271 hic

436 5293 708 5360 ptmcepit
734 5306 841 5343 non
885 5289 1022 5353 ﬁeri,
1068 5278 1271 5342 factum
1324 5305 1448 5344 esse
1486 5292 1813 5360 quibusdam
1852 5294 2032 5364 suspi-

439 5383 719 5445 cantibus,
751 5381 969 5452 quando
1004 5380 1240 5449 Spiritus
1292 5383 1461 5452 gratia
1491 5384 1733 5446 advenit,
1768 5397 1820 5439 et
1845 5385 2035 5441 dicen-

445 5472 607 5526 tibus.
643 5470 781 5537 Quia
805 5486 975 5526 musto
1006 5474 1147 5542 pleni
1168 5487 1291 5526 sunt
1321 5477 1395 5541 hi,
1428 5474 1619 5530 Petrus
1677 5486 1736 5531 ut
1790 5479 2035 5549 prohibi-

442 5570 557 5618 tum
593 5565 834 5633 negavit,
866 5566 1102 5621 dicens:
1152 5568 1271 5622 Non
1289 5570 1425 5622 enim
1474 5569 1607 5621 sicut
1663 5586 1750 5623 vos
1798 5571 2037 5641 suspica-

442 5658 595 5723 mini,
628 5657 831 5711 hiebrii
860 5671 1003 5727 sunt,
1033 5678 1148 5715 cum
1172 5662 1237 5715 sit
1304 5665 1433 5715 hora
1478 5662 1581 5714 diei
1618 5663 1772 5715 tertia
1805 5663 1872 5714 δ’.
1902 5661 2033 5714 Illud

2146 3254 2263 3322 ﬁlii,
2295 3256 2426 3327 quid
2454 3265 2636 3311 autem
2662 3256 2786 3326 ipse
2819 3256 3000 3309 Aaron
3031 3254 3197 3308 habet
3222 3253 3580 3323 praecipuum.
3639 3252 3745 3309 Sa-

2145 3347 2414 3403 criﬁcium
2438 3347 2585 3402 enim
2624 3348 2767 3418 quod
2799 3347 3063 3402 remansit
3098 3348 3168 3403 de
3195 3347 3494 3415 oblatione,
3520 3349 3651 3404 sive
3675 3349 3743 3403 ab

2145 3441 2487 3497 holocaustis
2539 3440 2776 3503 Domini,
2830 3442 2933 3496 hoc
2962 3440 3122 3507 dixit,
3189 3442 3335 3511 quod
3371 3451 3632 3512 superest
3674 3443 3743 3499 de

2147 3534 2350 3591 simila.
2374 3535 2580 3605 Aperte
2600 3550 2731 3606 ergo
2771 3534 2965 3604 Aquila
3015 3534 3209 3599 edidit,
3238 3534 3474 3589 dicens:
3524 3534 3740 3590 Donum

2142 3629 2286 3700 quod
2303 3627 2562 3698 reliquum
2584 3638 2656 3681 est
2690 3630 2754 3681 de
2783 3627 3067 3697 frumento.
3121 3628 3298 3698 Hujus
3349 3627 3741 3700 interpretatio

2144 3730 2229 3777 est
2258 3739 2270 3774 :
2298 3721 2461 3776 etiam
2496 3721 2599 3775 hoc
2630 3721 2777 3790 quod
2799 3719 3077 3790 legislator
3122 3720 3387 3782 subdidit,
3420 3720 3498 3773 ait
3525 3722 3682 3775 enim
3720 3735 3735 3772 :

2218 3811 2284 3866 Et
2304 3813 2563 3867 comedite
2581 3813 2776 3883 absque
2791 3813 3045 3881 fermento
3064 3812 3226 3881 juxta
3272 3811 3463 3865 altare.
3509 3809 3731 3882 Ubique

2143 3904 2449 3960 doctrinam
2471 3892 2753 3973 theologia?
2781 3903 2923 3957 hanc
2963 3901 3237 3973 signiﬁcat
3259 3901 3589 3956 sacriﬁcium
3653 3903 3726 3958 si-

2144 3998 2290 4053 mila:
2320 3998 2442 4052 sine
2474 3998 2744 4052 l'emtento
2764 4007 3195 4066 esse,quantum
3251 3995 3318 4050 ad
3393 3997 3735 4053 exteriorem

2141 4088 2454 4146 doctrinam
2492 4091 2706 4154 volens,
2737 4090 2990 4145 similiter
3032 4090 3198 4144 etiam
3261 4090 3580 4152 ostendens,
3606 4092 3741 4161 quia

2143 4183 2480 4254 participalis
2501 4183 2751 4254 quaedam
2775 4182 2919 4255 apud
2945 4197 3049 4238 nos
3071 4190 3156 4237 est
3186 4182 3453 4254 theologia
3486 4199 3500 4235 :
3529 4182 3586 4237 in
3617 4198 3741 4249 cte-

2145 4276 2212 4331 lis
2239 4277 2446 4347 quippe
2476 4276 2599 4355 ejus
2626 4285 2713 4331 est
2743 4273 3049 4347 plenitudo.
3119 4274 3352 4345 PrOpter
3414 4275 3561 4344 quod
3629 4276 3743 4331 hoc

2141 4370 2286 4439 quod
2318 4369 2580 4424 remansit
2639 4367 2693 4423 id
2720 4376 2807 4423 est
2836 4368 2941 4423 hoc
2971 4368 3116 4438 quod
3173 4374 3448 4435 superest,
3514 4367 3739 4423 comedi

2141 4462 2423 4531 praecepit,
2453 4470 2514 4516 ut
2536 4460 2789 4515 ostendat
2817 4475 3092 4515 summum
3143 4460 3286 4529 apud
3309 4474 3435 4513 eum
3461 4473 3605 4523 esse,
3645 4468 3741 4514 at-

2139 4572 2246 4625 que
2281 4554 2759 4625 servari.0portet
2778 4561 2960 4609 autem
2991 4568 3111 4608 eam
3162 4552 3377 4607 comedi
3439 4553 3595 4621 juxta
3657 4553 3741 4608 al-

2141 4659 2274 4710 tare,
2316 4648 2367 4703 id
2385 4657 2475 4702 est
2506 4647 2710 4703 Christi
2732 4661 2958 4715 corpus,
3012 4663 3080 4699 ex
3110 4661 3177 4700 eo
3197 4645 3343 4700 enim
3378 4645 3536 4699 nobis
3566 4645 3736 4702 theo-

2139 4741 2279 4813 logia
2301 4740 2480 4795 omnis
2499 4739 2868 4794 ministratur.

2208 4831 2312 4887 Sed
2342 4832 2480 4903 quod
2506 4832 2762 4885 remansit
2795 4831 2858 4885 de
2879 4831 3057 4885 simila
3086 4831 3268 4884 Aaron
3292 4831 3394 4885 erit
3421 4841 3469 4885 et
3493 4830 3737 4901 ﬁliorum

2141 4923 2272 4993 ejus.
2303 4923 2432 4988 Quae
2456 4940 2579 4977 vero
2609 4925 2672 4977 de
2700 4921 2978 4992 sacriﬁciis
3006 4923 3359 4995 pacificorum
3377 4925 3487 4977 sive
3515 4923 3735 4978 saluta-

2141 5017 2285 5070 ribus
2314 5026 2441 5080 suut
2475 5020 2655 5070 Aaron
2679 5026 2728 5070 et
2755 5016 2986 5086 ﬁliorum
3018 5015 3132 5085 ejus
3176 5031 3194 5069 :
3254 5018 3372 5071 sive
3424 5017 3732 5072 secundum

2135 5108 2282 5164 LXX
2309 5119 2355 5164 et
2382 5110 2563 5164 domui
2595 5110 2729 5176 eius,
2764 5110 2941 5163 ontnis
2975 5108 3212 5162 videlicet
3252 5109 3452 5178 populi.
3487 5108 3733 5164 Theolo-

2138 5204 2236 5275 gi:e
2260 5204 2461 5272 quippe
2489 5202 2710 5255 studere
2735 5216 2845 5255 non
2871 5201 3113 5254 omnium
3138 5207 3240 5256 est.
3267 5199 3361 5254 sed
3388 5200 3729 5265 sublimium,

2096 5278 2193 5349 [ct
2244 5293 2801 5363 appropinquantium
2862 5292 3112 5349 Domino.
3164 5300 3329 5361 atque
3380 5307 3570 5347 eorum
3630 5296 3728 5361 qui

2137 5382 3061 5454 sequunturChristum.Consequi
3093 5389 3274 5435 autem
3327 5397 3447 5449 quae
3500 5381 3566 5435 ad
3624 5397 3729 5450 pa-

2136 5477 2314 5542 ciﬁca,
2352 5494 2445 5531 seu
2489 5478 2720 5549 salutent
2778 5475 3077 5545 pertinent,
3126 5460 3293 5528 totius
3341 5475 3515 5545 plebis
3571 5483 3724 5539 sunt,

2135 5587 2257 5639 qua:
2291 5572 2487 5624 domus
2514 5567 2868 5640 intelligibilis
2907 5567 3204 5622 sacerdotis
3243 5552 3576 5622 nominatur.
3626 5563 3727 5620 Est
3788 5612 3799 5619 .

2136 5671 2317 5715 autem
2347 5660 2611 5726 Ecclesia,
2647 5661 2715 5715 de
2743 5676 2847 5731 qua
2880 5668 2936 5715 et
2961 5658 3161 5714 Paulus
3192 5659 3327 5714 dixit
3354 5679 3367 5715 :
3411 5659 3479 5715 In
3524 5674 3722 5729 magna

516 5835 564 5868 ⁸³
598 5832 617 5888 1
659 5833 820 5891 Joan.
853 5851 918 5903 ιι,
968 5836 1060 5892 '27.
1137 5836 1181 5870 ⁸⁹
1212 5835 1400 5910 l_Tim.
1428 5854 1483 5904 v,
1505 5836 1597 5897 9.5.
1671 5838 1717 5872 9°
1752 5835 1951 5907 Ephes.
1989 5854 2042 5904 v,

2155 5877 2167 5889 .
2246 5840 2287 5869 ‘”
2315 5838 2453 5892 Psal.
2486 5855 2539 5905 v,
2579 5836 2667 5904 11,
2694 5836 2784 5921 i2.
2862 5839 2908 5870 "
2936 5837 3058 5892 Act.
3084 5852 3146 5906 ιι,
3169 5835 3260 5893 15.
