3992 6398
378 369 485 438 903

1578 359 1939 427 HESYCHII
1983 360 2459 425 PRESBYTERI

3545 345 3653 415 90$

378 488 596 559 phemia
646 484 1040 541 abstineamus.
1098 481 1478 535 til-vr'licamns
1526 489 1710 534 autem
1781 478 1958 533 solum
1992 489 2034 543 Α
2068 475 2309 548 Spiritus
2332 472 2528 539 sancti,
2552 482 2701 527 nunc
2728 481 2783 526 et
2807 485 3045 542 semper,
3079 480 3134 525 ct
3165 466 3220 523 in
3250 466 3450 526 saecula
3473 481 3655 531 saecu-

377 581 655 637 viventem
675 593 866 634 verum
900 578 1092 636 Deum.
1123 586 1177 630 ct
1203 588 1403 629 numen
1426 572 1621 639 Patris,
1656 582 1709 628 et
1734 571 1872 639 Filii,
1906 579 1964 626 et

2068 571 2271 625 lorum.
2303 568 2497 623 Amen.

1120 763 3631 791 Wmm

1454 938 1891 1029 LIBER
1960 937 2640 1030 TERTIUS.

1968 1150 2040 1167 Ρη

945 1309 1407 1376 PREFATIO.

450 1412 917 1481 Quemadmodum
948 1411 1095 1467 Deus
1123 1425 1235 1465 non
1278 1409 1481 1465 frustra
1530 1415 1842 1465 creaturam
1870 1420 1969 1461 va-

380 1505 572 1560 rietale
597 1504 909 1575 coinplevit,
933 1503 1031 1560 sed
1063 1512 1128 1558 ut
1157 1518 1224 1558 ex
1274 1501 1585 1558 diderentia
1638 1498 1972 1556 conditionis

376 1610 481 1651 nos
508 1595 852 1666 disciplinam
884 1592 1134 1657 artiﬁcis,
1158 1601 1215 1649 et
1266 1593 1389 1663 quis
1433 1592 1506 1647 sit
1549 1590 1968 1661 conjiceremus.

379 1685 514 1741 Nam
526 1687 617 1757 qui
634 1687 803 1742 caelos
815 1685 1126 1750 intendunt,
1142 1698 1211 1740 ex
1225 1684 1487 1739 varietate
1501 1690 1774 1738 astrorum
1791 1679 1965 1735 maxi—

377 1790 528 1830 mum
545 1740 747 1830 leorum
774 1775 1062 1838 artiﬁcem,
1092 1782 1255 1844 atque
1280 1772 1622 1828 conditorem
1652 1769 1968 1840 intelligunt
1998 1740 2040 1795 Β

379 1866 575 1922 Deum.
609 1867 717 1923 Sed
754 1876 807 1925 et
838 1867 931 1939 qui
966 1875 1167 1922 terram
1191 1865 1565 1926 considerant.
1599 1879 1666 1919 ex
1693 1860 1968 1919 diti'erenti

376 1959 668 2029 positionis
695 1963 816 2030 ejus
850 1958 1067 2025 habitu,
1098 1958 1154 2015 id
1177 1969 1264 2015 est
1293 1972 1358 2012 ex
1393 1956 1735 2021 animalium,
1759 1954 1969 2027 virgul-

383 2060 679 2122 torumque
702 2052 1063 2112 etseminum,
1086 2051 1343 2120 omnique
1365 2049 1485 2120 ejus
1504 2047 1816 2105 dili‘erentia
1840 2061 1967 2101 eum

373 2153 734 2214 cognoscunt.
774 2143 882 2197 Sed
912 2151 970 2198 et
998 2141 1054 2196 hi
1083 2143 1177 2213 qui
1236 2142 1303 2197 ad
1334 2143 1659 2197 immensam
1703 2153 1967 2211 aquarum

375 2234 730 2289 diliusionem
767 2232 1109 2288 transferunt
1132 2232 1306 2300 visus,
1348 2249 1416 2289 ex
1446 2232 1738 2303 spirituum
1762 2245 1862 2302 per
1890 2229 1973 2286 di-

380 2340 536 2378 versa
568 2325 927 2394 proveniente
958 2333 1134 2392 motu,
1174 2324 1478 2379 insularum
1520 2339 1761 2395 quoque,
1815 2329 1970 2378 ceto-

376 2432 609 2487 rumque
638 2417 1033 2489 magnitudine,
1059 2427 1116 2474 et
1143 2417 1400 2473 distantia
1431 2417 1683 2488 piscium,
1709 2417 1970 2472 innumeo

379 2510 741 2579 rabiliumque
775 2526 1037 2582 generum
1071 2511 1317 2577 natione,
1350 2508 1522 2564 Deum
1561 2524 1684 2564 esse
1705 2509 1969 2563 factorem

378 2602 543 2671 huius
569 2603 735 2657 etiam
769 2603 999 2658 visibilis
1032 2602 1283 2657 sentiunt
1324 2611 1591 2656 creatum
1627 2617 1641 2653 :
1680 2600 1774 2654 Sic
1804 2599 1968 2654 etiam

381 2698 551 2767 legem
579 2706 739 2752 ornat
761 2697 1017 2752 omnibus
1043 2696 1356 2768 praeceptis,
1389 2697 1699 2767 producens
1716 2695 1972 2751 videlicet

382 2790 682 2855 hominem,
730 2796 787 2843 et
829 2804 982 2843 nunc
1043 2789 1097 2842 in
1144 2789 1535 2843 sacriﬁciorum
1578 2787 1968 2854 oblationibus,

380 2895 530 2935 nunc
559 2891 741 2935 autem
776 2881 827 2934 in
855 2880 1101 2935 ciborum
1148 2881 1496 2945 abstinentia,
1532 2896 1680 2935 nunc
1706 2882 1869 2936 etiam
1914 2881 1970 2935 iu

378 2973 669 3027 curatione
689 2971 1056 3042 corporalium
1089 2973 1404 3027 morborum
1438 2973 1732 3042 aliquando
1786 2983 1970 3027 autem

382 3073 439 3119 ct
469 3065 521 3117 in
549 3065 875 3134 quibusdam
903 3065 1302 3129 contractibus,
1336 3065 1523 3133 quales
1540 3080 1662 3120 esse
1683 3065 1885 3121 debent
1912 3065 1971 3119 hi
1999 3095 2042 3152 ο

381 3156 475 3226 qui
498 3170 716 3226 semper
738 3156 926 3210 volunt
952 3172 1075 3212 esse
1129 3172 1254 3211 cum
1312 3157 1444 3220 Deo,
1500 3156 1777 3227 praecepit.
1831 3157 1973 3227 Ergo

376 3245 494 3316 jam
521 3246 588 3301 ad
613 3246 727 3316 ipsa
759 3246 893 3317 legis
922 3247 1091 3302 verba
1117 3248 1428 3302 veniamus.

1000 3398 1230 3455 CAPUT
1273 3398 1367 3454 Xl.

457 3531 748 3587 Vanam-8.
790 3550 809 3583 ι
845 3532 1087 3588 Locutus
1118 3542 1204 3587 est
1238 3533 1505 3589 Dominus
1548 3534 1615 3591 ad
1663 3534 1884 3607 Moysen
1922 3544 1977 3590 et

384 3624 566 3681 Aaron
583 3624 773 3679 dicens
797 3641 810 3677 :
836 3624 1009 3680 Dicite
1039 3625 1164 3680 filiis
1194 3625 1361 3680 lsrael
1386 3641 1400 3682 :
1423 3627 1550 3681 Haec
1579 3626 1976 3682 suntanimalia

383 3735 506 3787 qua
540 3718 828 3772 comedere
860 3717 1073 3772 debetis
1091 3717 1157 3771 de
1180 3719 1778 3773 cunctisanimantibus
1796 3728 1974 3773 terraz.

385 3810 561 3865 Omne
613 3811 757 3879 quod
809 3810 973 3865 habet
1014 3809 1243 3865 divisam
1272 3810 1552 3881 ungulam,
1574 3819 1629 3864 et
1657 3811 1898 3865 ruminat
1922 3810 1976 3864 in

385 3902 704 3972 pecoribus,
744 3902 1044 3957 comedetis
1079 3920 1092 3956 :
1126 3901 1392 3972 quidquid
1419 3910 1602 3957 autem
1636 3901 1897 3969 ruminat,
1925 3911 1980 3956 et

388 3995 553 4051 habet
580 3996 861 4067 ungulam,
889 3995 987 4051 sed
1012 4011 1121 4051 non
1151 3996 1347 4050 dividit
1375 4011 1520 4059 eam,
1549 3995 1693 4051 sicut
1714 3995 1975 4057 camelus.

388 4098 445 4143 et
461 4098 679 4151 caetera,
710 4104 820 4143 non
843 4088 1147 4143 comedetis
1169 4089 1323 4155 illud,
1346 4089 1490 4143 inter
1511 4088 1792 4143 immunda
1812 4104 1979 4157 repu-

389 4180 597 4234 tabitis.
620 4179 1017 4250 Chirogryllus,
1044 4178 1136 4250 qui
1172 4180 1434 4247 ruminat,
1468 4181 1837 4250 ungulamque
1866 4194 1978 4233 non

390 4272 605 4333 dividit,
635 4271 954 4327 immundus
985 4281 1088 4326 est.
1124 4271 1306 4343 Lepus
1337 4288 1575 4343 quoque,
1610 4286 1737 4325 nam
1763 4281 1821 4327 et
1861 4271 1979 4342 ipse

390 4365 651 4425 ruminat,
682 4363 775 4417 sed
801 4364 1057 4434 ungulam
1083 4379 1193 4418 non
1221 4365 1417 4419 dividit
1452 4383 1465 4418 :
1511 4371 1565 4418 et
1602 4377 1697 4417 sus
1725 4362 1817 4432 qui
1849 4377 1975 4417 cum

3615 1208 3645 1234 Ο

2068 1308 2176 1366 hoc
2231 1306 2377 1380 quod
2436 1307 2789 1365 immundum
2837 1312 2943 1368 est,
3001 1314 3201 1376 potest.
3243 1301 3402 1359 Nunc
3447 1311 3654 1368 autem,

2068 1414 2327 1475 tanquam
2348 1402 2552 1458 oblitus
2581 1415 2747 1471 quam
2769 1400 2838 1454 de
2867 1400 2949 1455 eis
2976 1398 3276 1470 protulerat
3301 1394 3655 1460 sententiam,

2067 1498 2314 1568 quaedam
2345 1496 2568 1567 quidem
2619 1491 2938 1557 animalium
2971 1491 3196 1559 munda,
3232 1488 3483 1561 quaedam
3518 1487 3656 1543 dixit

2068 1589 2372 1645 immunda.
2410 1586 2549 1660 Ergo
2573 1586 2822 1656 quaedam
2860 1593 3026 1639 erunt
3052 1582 3215 1650 bona,
3242 1582 3489 1654 quaedam
3546 1595 3656 1636 non

2069 1679 2235 1735 bona.
2265 1679 2371 1734 Sed
2407 1693 2517 1733 non
2550 1676 2756 1743 estita,
2789 1691 2917 1732 nam
2944 1675 3048 1730 etsi
3079 1674 3145 1729 ad
3182 1672 3461 1729 modicum
3488 1671 3656 1729 casti-

2069 1788 2197 1844 gare
2216 1771 2531 1827 Judaeorum
2562 1769 3013 1843 γαστριμαργίαν
3043 1767 3283 1830 volebat,
3315 1774 3497 1821 tamen
3530 1778 3659 1817 vera

2071 1865 2205 1933 legis
2242 1862 2613 1918 consideratio
2650 1858 2938 1916 manifesta
2966 1866 3071 1924 est,
3105 1866 3160 1912 et
3186 1854 3485 1926 spiritualis
3518 1868 3661 1923 pra:-

2070 1965 2353 2027 ecptorum
2397 1954 2689 2025 expositio.
2751 1951 3059 2022 Qualcsque
3109 1956 3326 2021 oportet
3385 1962 3506 2003 esse
3552 1946 3657 2015 legi

2071 2049 2311 2104 studium
2336 2048 2551 2112 dantes,
2578 2046 2796 2102 docenti
2817 2045 3181 2100 intentionem
3232 2036 3510 2113 legislator
3559 2040 3658 2094 hau

2070 2141 2185 2197 bet.
2210 2140 2264 2197 Si
2297 2141 2440 2196 enim
2464 2157 2567 2194 non
2594 2141 2647 2193 in
2673 2139 2782 2194 solo
2808 2153 2946 2207 pane
2970 2137 3094 2191 vivit
3123 2138 3298 2199 homo,
3322 2133 3413 2189 sed
3436 2134 3492 2187 in
3517 2133 3660 2188 omni
3709 2128 3715 2133 ’

2070 2240 2227 2288 verba
2256 2235 2396 2306 quod
2418 2233 2651 2303 procedit
2685 2231 2749 2286 de
2776 2247 2866 2285 ore
2892 2229 2991 2284 Dei
3016 2228 3061 2292 ⁸,
3100 2228 3243 2283 sicut
3291 2227 3450 2298 panis
3479 2224 3658 2279 nutri-

2071 2334 2317 2379 mentum
2348 2332 2435 2379 est
2459 2322 2727 2393 corporis,
2759 2321 2840 2377 sic
2894 2329 2950 2376 et
3000 2319 3083 2376 lex
3114 2319 3210 2374 Dei
3258 2319 3659 2375 nutrimentum

2072 2426 2159 2472 est
2187 2416 2402 2477 animai,
2428 2423 2619 2485 utpote
2644 2412 2925 2468 rationalis
2957 2410 3208 2466 rationali
3233 2411 3408 2466 virtus
3441 2422 3497 2465 et
3528 2410 3660 2464 sub-

2072 2509 2346 2565 sistentia.
2379 2506 2445 2562 Et
2478 2507 2622 2563 sicut
2651 2507 2707 2561 in
2743 2504 3124 2577 superioribus
3151 2522 3219 2561 ex
3251 2504 3339 2559 his
3384 2518 3507 2575 quae
3560 2502 3662 2557 im-

2071 2602 2370 2665 molantur,
2399 2598 2594 2671 ﬁgurat
2613 2614 2708 2654 eos
2733 2599 2827 2669 qui
2861 2595 3122 2662 offerunt,
3167 2613 3267 2668 per
3295 2610 3454 2651 ovem
3489 2595 3661 2666 signi-

2073 2694 2245 2750 ﬁcans
2276 2692 2599 2762 simplicem,
2626 2707 2722 2763 per
2742 2691 2976 2747 vitulum
3012 2691 3398 2746 mandatorum
3455 2704 3658 2760 opera-

2076 2796 2276 2849 torcm,
2299 2800 2397 2856 per
2430 2784 2648 2840 haedum
2678 2799 2810 2840 vero
2832 2785 3210 2855 poenitentem,
3233 2784 3313 2839 sic
3325 2782 3491 2838 etiam
3514 2796 3663 2836 nunc

2075 2879 2345 2951 signiﬁcat
2375 2892 2472 2948 per
2502 2876 2785 2945 animalia;
2812 2892 2908 2932 eos
2951 2877 3047 2948 qui
3083 2876 3165 2932 eis
3206 2883 3537 2941 vescuntur;
3585 2873 3664 2944 ait

2074 2972 2220 3027 enim
2250 2972 2328 3027 sic
2350 2989 2363 3025 :

2147 3064 2375 3118 Locutus
2401 3072 2475 3119 est
2509 3062 2763 3118 Dominus
2797 3062 2868 3116 ad
2894 3056 3111 3133 Moysen
3140 3070 3191 3116 et
3213 3061 3393 3116 Aaron
3433 3060 3612 3117 dicens
3642 3075 3664 3117 :

2075 3154 2249 3208 Dicite
2276 3155 2403 3223 ﬁliis
2447 3153 2618 3208 Israel
2646 3170 2666 3208 :
2699 3153 2825 3209 Hmc
2867 3162 2990 3208 sunt
3033 3152 3295 3207 animalia
3327 3167 3446 3224 quia
3488 3167 3665 3208 come-

2075 3248 2197 3301 dere
2225 3248 2419 3301 debetis
2439 3248 2500 3301 de
2515 3248 2712 3301 cunctis
2738 3246 3100 3302 animantibus
3145 3256 3320 3302 terra.
3348 3246 3669 3303 Communis

2075 3349 2161 3395 est
2194 3339 2300 3402 lex,
2329 3339 2646 3395 mandatum
2674 3340 2782 3396 hoc
2807 3340 2874 3396 ad
2899 3352 3092 3397 omnes
3107 3339 3365 3411 pertinet.
3391 3340 3667 3410 totiusque

2079 3432 2265 3504 populi
2302 3441 2386 3489 est
2405 3431 2746 3503 justilicatio.
2764 3433 2936 3506 Loqui
2966 3435 3115 3489 enim
3144 3433 3268 3489 liliis
3294 3433 3486 3499 lsrael,
3515 3433 3667 3489 omni

2076 3526 2335 3581 videlicet
2380 3526 2603 3598 populo,
2636 3529 2919 3600 praecepit.
2981 3526 3123 3594 Quid
3160 3537 3349 3582 autem
3404 3526 3668 3598 praecepit

2080 3619 2223 3689 loqui
2246 3619 2269 3673 ?
3290 3607 3294 3613 ’

2150 3712 2275 3767 Ηωε
2294 3721 2417 3767 sunt
2444 3712 2706 3787 animalia
2729 3727 2847 3783 qua!
2880 3713 3150 3767 comedere
3177 3711 3394 3779 debetis,
3426 3712 3491 3766 tle
3537 3726 3666 3765 cun-

2080 3808 2178 3860 clis
2206 3806 2570 3861 animantibus
2597 3814 2776 3861 terra.
2795 3804 3147 3877 Nequaquam
3192 3814 3378 3861 autem
3433 3803 3664 3868 diceret,

2080 3897 2149 3951 de
2207 3899 2580 3953 animantibus
2638 3905 2819 3965 terrae,
2873 3898 2985 3952 nisi
3044 3898 3407 3953 intentionem
3439 3897 3667 3951 haberet

2080 3991 2149 4044 ab
2197 3992 2528 4046 animalibus
2565 3991 2881 4047 cmlestibus
2927 3990 3296 4062 distinguendi
3337 4008 3351 4045 :
3387 3988 3459 4044 ibi
3520 3990 3664 4042 cnim

2079 4082 2258 4137 leonis
2307 4097 2430 4136 esse
2473 4082 2705 4147 vultum,
2739 4090 2796 4137 et
2834 4081 3012 4146 vituli,
3063 4091 3120 4135 et
3169 4080 3384 4150 aquilze,
3424 4080 3570 4135 sicut
3612 4086 3670 4134 et

2082 4171 2345 4238 hominis,
2382 4175 2510 4229 dum
2550 4172 2848 4229 Ezechiel’
2878 4173 3135 4229 animalia
3167 4172 3451 4230 Cherubin
3478 4171 3665 4235 tradit,

2080 4265 2321 4321 edocuit.
2354 4265 2493 4336 Ergo
2524 4266 2578 4319 in
2604 4264 2921 4321 ccelestibus
2949 4263 3279 4319 animalibus
3297 4261 3546 4327 custodia
3573 4270 3668 4316 aut

2082 4357 2186 4413 alia
2216 4358 2711 4428 circumspectione
2738 4372 2848 4412 non
2876 4370 3121 4427 egemus,
3162 4363 3225 4411 ut
3270 4368 3668 4427 cognoscamus

391 4457 650 4527 ungulam
680 4456 906 4522 dividat,
938 4472 1049 4511 non
1073 4456 1311 4513 ruminat
1331 4476 1345 4512 :
1366 4457 1562 4511 horum
1593 4454 1851 4510 carnibus
1865 4466 1976 4508 non
2009 4442 2057 4501 Ι)
2082 4465 2204 4521 qua
2229 4449 2340 4505 sint
2358 4450 2586 4504 munda.
2616 4446 2814 4505 Omnia
2843 4449 2995 4503 enim
3041 4446 3294 4502 similiter
3344 4446 3547 4501 munda
3615 4454 3669 4501 et

391 4550 715 4611 vescemini,
735 4564 842 4605 nec
863 4550 1128 4605 cadavera
1165 4546 1497 4620 contingetis
1525 4545 1654 4616 quia
1690 4543 1974 4600 immunda

387 4653 521 4701 sunt
548 4645 720 4699 vobis.
760 4662 779 4696 ι

472 4736 595 4791 llaec
658 4736 727 4791 de
754 4735 955 4806 quibus
998 4750 1146 4791 nunc
1183 4748 1363 4789 sermo
1395 4739 1500 4797 est,
1542 4729 1612 4786 ad
1640 4729 1758 4801 ipsa
1792 4728 1976 4785 divina

386 4828 607 4898 eloquia
645 4829 936 4883 maximam
975 4829 1230 4883 videntur
1277 4825 1484 4881 habere
1511 4823 1980 4895 contrarietatem,

390 4921 486 4991 qui
518 4921 660 4974 cnim
698 4920 807 4975 Noe
836 4920 1020 4976 dixit:
1051 4918 1215 4974 Omne
1264 4917 1403 4985 quod
1452 4925 1689 4971 movetur
1739 4922 1788 4969 et
1835 4913 1982 4976 vivit,

394 5016 497 5069 erit
549 5015 689 5069 robis
723 5013 779 5067 in
817 5013 989 5067 cibum
1025 5020 1123 5102 ut
1153 5010 1306 5082 quasi
1336 5008 1479 5064 olera
1529 5009 1755 5063 uirentia
1788 5006 1986 5060 tradidi

398 5108 542 5162 vobis
569 5106 751 5160 onmia
784 5106 799 5136 ί
828 5123 842 5158 :
877 5100 1156 5176 quomodo
1181 5116 1329 5158 nunc
1380 5101 1629 5172 quaedam
1671 5100 1885 5157 comedi
1917 5100 1987 5155 de

399 5199 508 5263 his,
534 5215 656 5270 qua:
683 5199 830 5269 prius
863 5208 1123 5252 concessa
1161 5203 1310 5260 sunt,
1341 5193 1667 5266 prohibuit?
1694 5192 1982 5260 Quomodo

397 5293 589 5357 etiam,
643 5291 863 5361 quando
914 5288 1146 5344 iaciebat
1198 5288 1400 5342 bestias
1465 5295 1624 5341 terra:
1680 5285 1981 5340 secundum

402 5399 576 5456 genus
608 5396 790 5446 suum,
826 5391 881 5437 ct
913 5396 1132 5451 pecora,
1167 5386 1224 5434 et
1256 5375 1487 5449 reptilia,
1524 5377 1728 5433 dictum
1754 5384 1838 5432 est
1869 5394 1882 5430 :
1916 5375 1987 5431 Et

404 5473 534 5527 vidit
570 5472 708 5526 Deus
739 5473 878 5544 quod
907 5479 1073 5524 essent
1119 5473 1255 5525 bona
1295 5471 1337 5533 ',
1363 5476 1421 5522 et
1452 5483 1642 5523 rursus
1682 5484 1699 5523 :
1751 5465 1990 5538 Viditque

405 5563 544 5617 Deus
577 5573 764 5617 cuncta
793 5576 911 5632 qua:
935 5562 1075 5632 fecit,
1103 5571 1151 5615 et
1185 5571 1334 5615 erant
1366 5560 1522 5615 ualde
1568 5559 1771 5615 bona'?
1801 5558 1990 5614 Nulla-

406 5667 570 5710 tenus
620 5664 814 5711 autem
877 5669 999 5709 esse
1051 5655 1254 5709 bonum
1285 5694 1299 5717 ,
1375 5654 1610 5708 maxime
1681 5658 1739 5707 et
1808 5652 1986 5715 valde,

2079 4552 2267 4599 sancta
2304 4551 2455 4606 sunt,
2492 4541 2631 4596 sicut
2650 4550 2843 4596 sancto
2873 4538 3005 4603 Deo,
3029 4548 3087 4595 et
3115 4555 3211 4595 eos
3236 4539 3330 4610 qui
3357 4540 3409 4594 in
3433 4538 3668 4594 circuitu

2081 4635 2203 4708 ejus
2225 4643 2359 4690 sunt
2392 4633 2697 4690 sanctiﬁcat
2724 4634 2982 4690 astantia.
3014 4632 3199 4689 Terrae
3223 4646 3356 4687 vero
3410 4630 3670 4687 animalia

2080 4745 2195 4787 non
2223 4731 2409 4785 omnia
2435 4737 2565 4783 sunt
2590 4726 2815 4794 munda,
2856 4743 2967 4784 non
3000 4736 3225 4798 propter
3261 4735 3541 4789 naturam,
3573 4725 3670 4781 sed

2082 4831 2310 4896 propter
2356 4830 2607 4877 nostrum
2649 4836 2935 4876 excessum
2957 4828 3008 4876 et
3053 4822 3180 4891 quia
3204 4836 3304 4892 per
3325 4819 3669 4893 iniquitatem

2083 4924 2336 4972 naturam
2367 4913 2807 4985 depravavimus.
2845 4911 2955 4969 Sed
3011 4911 3473 4984 quemadmodum
3505 4927 3672 4967 mun-

2083 5009 2275 5067 ditiam
2294 5022 2483 5064 eorum
2502 5023 2916 5081 cognoscamus,
2936 5009 3022 5063 vel
3043 5006 3470 5074 immunditiam,
3490 5022 3555 5063 ex
3587 5006 3675 5061 his

2087 5116 2209 5177 quae
2235 5109 2542 5172 sequuntur
2566 5100 2891 5156 intuendum
2924 5109 3030 5157 est.

2160 5193 2332 5251 Omne
2353 5195 2491 5258 quod
2522 5194 2675 5249 habet
2700 5192 2925 5249 divisam
2951 5192 3226 5267 ungulam,
3256 5202 3305 5275 ᾳ
3356 5193 3591 5250 ruminat
3620 5192 3673 5247 in

2092 5286 2389 5360 pecoribus,
2416 5287 2717 5342 comedetis.
2745 5286 3089 5344 Animalibus
3130 5286 3368 5348 maxima
3396 5287 3573 5342 virtus
3619 5284 3673 5339 in

2093 5381 2370 5453 unguibus
2401 5395 2523 5438 esse
2575 5381 2837 5443 creditur,
2891 5395 3013 5452 quae
3065 5381 3233 5437 etiam
3291 5379 3676 5453 cognationem

2096 5471 2299 5527 habent
2328 5486 2451 5527 cum
2485 5470 2761 5526 dentibus.
2798 5468 3068 5543 Unguium
3128 5468 3399 5542 siquidem
3450 5478 3556 5536 est,
3613 5481 3676 5531 ea

2097 5561 2416 5632 discerpere
2450 5577 2574 5633 qua:
2623 5570 2746 5632 apta
2776 5562 2897 5617 esui
2948 5576 3049 5633 per
3085 5561 3280 5618 dentes
3313 5559 3472 5625 ﬁunt,
3532 5557 3677 5630 quod

2099 5666 2396 5735 utrumque
2426 5656 2587 5711 nobis
2639 5653 2828 5711 Daniel
2865 5655 3047 5717 tradit,
3081 5654 3304 5726 quando
3359 5653 3501 5711 forte
3545 5665 3670 5723 pro-

471 5797 488 5827 ⁸
512 5803 644 5857 lien.
696 5816 773 5863 Ix,
807 5800 861 5855 '5.
940 5801 959 5829 ²
990 5797 1130 5854 Gen.
1164 5815 1203 5864 I,
1238 5799 1304 5856 l0
1335 5807 1384 5853 et
1411 5800 1564 5858 alibi.
1640 5800 1663 5831 ⁸
1692 5797 1828 5855 ibid.
1855 5797 1945 5853 3i.

2082 5796 2263 5854 ilatth.
2314 5817 2391 5868 tv,
2422 5800 2477 5854 Δ.
2554 5801 2575 5833 ⁸
2603 5797 2800 5859 Ezeeh.
2824 5814 2861 5865 ι,
2897 5797 2922 5852 ί
2956 5812 3111 5877 seqq.
