3992 6402
414 332 523 401 905

1512 324 1515 327 1
1563 334 1643 395 IN
1679 332 2204 397 LEVITICUM.—
2237 330 2383 393 LIB.
2425 330 2540 392 III.

3574 340 3678 405 905

414 458 627 514 ponens
653 463 899 518 regnum,
939 448 1068 504 d’cit
1097 468 1112 502 ;
1156 448 1479 515 Aspicicbaat
1509 448 1563 499 iu
1586 447 1783 501 visione
1814 446 1997 511 noctis,
2034 456 2071 509 Α
2105 452 2158 497 et
2194 444 2284 514 qui
2316 442 2556 513 leporem
2590 444 2975 507 comedunt,ct
3003 445 3094 515 qui
3124 445 3509 518 chirogivllam
3544 468 3557 504 :
3584 469 3680 506 ru-

415 544 467 588 et
491 552 605 590 ecce
642 538 805 591 bestia
849 548 1041 609 quarta
1090 539 1355 601 terribilis,
1404 549 1563 609 atoue
1610 535 1890 603 mirabilis,
1952 548 1999 590 ct

415 629 568 699 [ortis
591 629 783 693 nimis;
816 636 995 685 dentes
1011 633 1205 702 ferreos
1222 628 1442 685 habebat
1473 644 1709 700 magnos,
1732 634 2001 683 comedens

415 736 577 796 atque
605 726 984 790 comminuens,
1023 736 1071 780 et
1121 727 1322 797 reliqua
1362 727 1576 795 pedibus
1631 726 1738 779 suis
1791 721 2000 777 concul-

417 834 546 871 cans
571 819 613 872 ⁸.
648 819 1006 888 Septuaginta
1042 827 1225 872 autem
1290 818 1587 888 specialius
1624 817 1856 872 dicunt:
1895 816 2001 871 Uu-

416 922 545 978 yues
570 909 644 962 eis
666 910 811 964 terei.
844 908 978 975 Quia
1006 896 1223 979 crgoita
1245 919 1345 972 est,
1385 909 1610 979 ﬁgurate
1642 908 1999 972 demonstrat,

415 1001 511 1071 qui
540 1001 651 1053 sint
680 1001 770 1070 qui
807 1014 867 1055 se
898 1001 963 1054 ad
1001 1002 1412 1055 meditationem
1445 1002 1781 1055 devoverant
1845 1000 2000 1070 legis,

416 1101 604 1144 utrum
646 1089 832 1145 mundi
892 1104 960 1142 an
992 1089 1257 1143 immundi
1294 1106 1308 1140 :
1351 1088 1626 1142 ruminarc
1674 1087 1822 1141 enim
1887 1100 2001 1149 cos,

416 1194 474 1238 ct
504 1181 748 1237 dividere
774 1182 1026 1251 ungulam
1067 1181 1344 1250 prazcepit.
1393 1180 1484 1234 Illa
1534 1189 1716 1234 autem
1748 1178 2004 1233 animalia

415 1275 680 1344 ungulam
726 1273 973 1337 ﬁndunt,
1025 1285 1366 1343 quaecunque
1429 1287 1667 1343 unguem
1720 1286 1889 1344 usque
1938 1273 2005 1327 ad

416 1369 594 1438 ipsam
622 1367 932 1421 inferiorem
961 1366 1212 1421 dividunt
1240 1366 1457 1436 pellem.
1509 1366 1651 1436 Ergo
1683 1365 1771 1421 ille
1804 1367 2003 1421 munda

412 1459 677 1513 animalia
709 1457 964 1521 comedit,
1002 1457 1093 1526 qui
1129 1472 1239 1511 non
1274 1456 1449 1510 solam
1483 1456 1777 1510 meditatur
1806 1456 2003 1527 legem,

415 1553 518 1607 sed
545 1562 599 1607 et
634 1552 890 1612 ruminat,
923 1550 976 1603 id
1015 1557 1101 1604 est
1131 1549 1423 1613 reconl‘ert,
1452 1557 1508 1620 et
1546 1556 1759 1622 eructat
1790 1549 2006 1603 actione

415 1655 587 1715 atque
615 1643 893 1713 Operibus.
928 1641 1205 1696 Eructalio
1261 1641 1408 1694 enim
1469 1639 1763 1695 verborum
1801 1641 1917 1703 Dei.
1952 1650 2007 1695 et

418 1733 720 1789 ruininatio
778 1731 1156 1785 mandatorum
1204 1741 1288 1787 cst
1332 1739 1387 1785 et
1431 1731 1752 1787 exsecutio:
1788 1739 2009 1801 prOplcl‘

419 1825 567 1894 quod
603 1823 727 1877 audi
760 1822 924 1876 David
956 1823 1229 1876 dicentem
1286 1838 1299 1875 :

419 1918 639 1973 verbum
662 1918 874 1980 bonum,
912 1918 1029 1970 dico
1069 1930 1159 1986 ego
1210 1931 1370 1983 opera
1418 1932 1534 1968 mea
1576 1901 1687 1987 régi
1717 1916 1761 1972 ".
1797 1915 1875 1968 Ad
1910 1917 2008 1969 de-

421 2011 825 2064 nuntiationem
857 2022 1046 2063 eorum
1073 2023 1193 2077 qua:
1247 2008 1576 2062 consecutus
1631 2015 1717 2061 est
1754 2022 2005 2075 operum,

424 2102 573 2155 hanc
614 2098 1009 2154 eructati'onem
1055 2098 1346 2156 bonorum,
1382 2104 1545 2166 atque
1584 2095 2007 2149 ruminationem

429 2190 805 2260 proculdubio
840 2187 1254 2242 intellexit.N0n
1292 2195 1473 2241 autem
1502 2186 1801 2255 ruminare.
1827 2185 1921 2240 sed
1956 2194 2012 2239 et

424 2283 672 2340 dividere
709 2280 842 2350 legis
866 2279 1144 2351 ungulam,
1187 2287 1241 2332 et
1271 2278 1606 2349 distinguere
1644 2276 1879 2331 litteram
1942 2277 2011 2330 ab

424 2377 646 2448 spiritu,
691 2383 747 2429 et
782 2374 998 2429 tradere
1057 2372 1303 2442 quredam
1358 2372 1660 2425 secundum
1725 2370 2010 2423 historiam

424 2471 623 2529 solam,
656 2468 906 2537 quredam
934 2465 1233 2519 secundum
1282 2462 1824 2532 contemplationem,
1860 2476 2011 2531 quae-

428 2566 551 2617 dam
592 2574 722 2615 vero
762 2558 1065 2614 secundum
1097 2566 1389 2625 utrumque
1434 2554 1759 2625 intelligere,
1821 2554 2011 2607 distri-

422 2664 572 2710 ctum
602 2653 975 2709 custodientes
1013 2651 1063 2705 in
1097 2651 1177 2704 eis
1202 2649 1527 2704 divisionem
1557 2663 1696 2717 opus
1721 2647 2007 2702 habemus.

428 2746 533 2814 Qui
564 2747 713 2800 enim
743 2745 867 2798 talis
906 2752 1009 2809 est,
1044 2742 1131 2796 hic
1157 2750 1569 2796 consummatus
1610 2748 1774 2808 atque
1828 2740 2012 2809 perfe-

424 2848 552 2893 ctus
578 2845 682 2897 est,
720 2845 773 2891 et
802 2843 1088 2905 propterea
1124 2832 1359 2886 umndus
1399 2839 1548 2885 recte
1594 2831 1817 2885 dicitur.
1879 2830 2014 2898 Qui-

429 2946 649 3000 cunque
682 2939 866 2983 autem
894 2942 1059 2980 unum
1088 2926 1155 2980 de
1186 2925 1288 2989 bis,
1318 2940 1436 2993 quae
1466 2925 1610 2979 dicta
1645 2934 1794 2987 sunt,
1831 2926 2015 2980 minus

429 3025 618 3088 habet,
655 3023 743 3076 hic
772 3018 1057 3074 manifeste
1080 3015 1394 3070 imumndus
1417 3024 1519 3078 est,
1551 3017 1692 3069 sicut
1717 3016 1827 3087 ipsa
1855 3017 2012 3070 docet

428 3116 566 3188 legis
602 3116 802 3176 littera,
837 3112 913 3164 ait
946 3111 1092 3164 enim
1130 3127 1142 3163 :

504 3205 630 3259 Non
656 3201 935 3259 comedetis
956 3201 1108 3265 illud,
1159 3201 1297 3254 inter
1351 3201 1625 3255 immunda
1669 3202 2003 3271 reputabitis.

430 3297 704 3369 Quidquid
731 3298 985 3358 ruminat,
1024 3304 1072 3349 et
1095 3295 1249 3348 habet
1280 3295 1554 3366 ungulam,
1591 3296 1683 3349 sed
1704 3312 1808 3348 non
1829 3295 2015 3349 dividit

432 3407 550 3443 eam
590 3390 723 3442 sicut
768 3386 1018 3453 camelus,
1048 3395 1094 3438 et
1116 3395 1329 3445 cratera,
1358 3402 1459 3439 non
1476 3386 1776 3450 comedetis,
1804 3394 1853 3439 et
1878 3387 2018 3438 inter

430 3481 708 3535 immunda
749 3480 1081 3549 reputabitis.
1124 3479 1401 3533 (Zamelum
1456 3479 1743 3534 comedere
1801 3487 2018 3533 tumens

431 3587 533 3644 per
579 3573 891 3643 superbiam
943 3569 1164 3626 ,Ιυόωυε
1213 3580 1360 3625 recte
1418 3569 1761 3641 intelligitur,
1808 3569 1879 3625 .id
1936 3577 2020 3623 est

430 3664 638 3721 Scriba:
699 3675 755 3719 ct
810 3663 1086 3729 Pharisaei,
1144 3662 1210 3718 ad
1265 3679 1403 3733 quos
1452 3659 1669 3718 dicebat
1711 3662 2015 3717 Dominus:

430 3758 723 3827 Liquantes
806 3756 1045 3821 culicem,
1129 3755 1391 3809 camclum
1443 3764 1621 3808 autem
1670 3755 1948 3825 glutientcs
1971 3752 2015 3806 ’⁸.

430 3848 603 3902 Isaias
632 3848 794 3901 etiam
819 3846 955 3901 dixit
982 3864 994 3899 :
1033 3843 1158 3899 Hice
1188 3846 1328 3899 enim
1371 3845 1505 3898 dixit
1555 3846 1684 3898 milii
1714 3845 1969 3898 Dominus
1999 3857 2018 3895 :

444 3926 612 4002 Vade,
639 3950 688 3993 et
737 3954 869 4008 pone
896 3940 1296 4010 speculatorem,
1332 3948 1379 3992 et
1424 3940 1765 4009 quodcunque
1808 3939 2017 4004 viderit,

425 4035 732 4090 annuntiat.
773 4032 840 4086 Et
862 4033 990 4087 vidit
1015 4050 1227 4086 currum
1279 4034 1505 4087 duorum
1554 4029 1806 4103 equitum,
1833 4049 2020 4086 ascen-

429 4143 606 4182 sorem
642 4126 803 4193 asini,
846 4135 893 4179 et
924 4142 1251 4179 ascensorem
1310 4124 1562 4179 cameli".
1619 4120 1723 4179 Per
1779 4124 2017 4191 asinum,

430 4221 681 4293 gentium
716 4238 729 4275 :
761 4235 856 4289 per
884 4219 1175 4282 eamelum,
1207 4214 1487 4273 Judaicam
1543 4212 2019 4272 conversationem

432 4309 768 4381 signiﬁcans.
814 4304 1033 4379 Figurat
1082 4307 1248 4362 etiam
1274 4304 1513 4362 litteram
1537 4308 1691 4378 legis,
1721 4323 2023 4379 eorumque

430 4417 599 4475 grave
640 4400 831 4471 jugum
875 4396 1133 4465 camelos,
1170 4409 1358 4470 utpote
1388 4401 1481 4470 qui
1511 4402 1796 4456 consuevit
1854 4417 2021 4457 onera

2104 537 2315 590 minant
2350 537 2495 591 enim
2528 546 2583 591 et
2612 537 2734 608 ipsi,
2768 539 2861 609 sed
2894 540 3149 610 ungulam
3178 556 3290 595 non
3319 541 3590 598 dividunt.
3619 545 3680 600 lu

2105 628 2347 696 populari
2430 636 2611 683 autem
2697 626 3062 696 multitudine,
3123 631 3436 688 Judaeorum
3510 651 3683 706 genus

2106 728 2396 790 utrumque
2435 732 2557 775 esse
2587 721 2890 791 accipitur:
2917 723 3114 778 debilia
3142 726 3344 795 quippe
3391 741 3516 783 esse
3564 728 3685 783 ani-

2106 811 2263 865 malia
2282 812 2398 866 lucc
2426 813 2702 879 dicuntur,
2731 823 2869 869 teste
2898 814 3066 871 David
3121 827 3172 873 et
3198 818 3511 887 Salomone,
3531 833 3683 877 utro~

2105 917 2334 971 rumque
2383 903 2700 959 animalium
2746 906 3076 964 debilitates.
3128 910 3419 968 Salomone
3464 914 3686 983 quidem

2105 1009 2229 1047 eam
2261 995 2335 1050 ait
2374 1014 2386 1048 :
2421 995 2763 1066 chusculus,
2800 1001 2940 1068 plebs
2969 1003 3225 1068 invalida,
3258 1007 3431 1073 posuit
3455 1007 3511 1060 in
3537 1017 3686 1076 petra

2107 1087 2274 1141 cubile
2295 1089 2392 1143 sibi
2419 1089 2481 1144 ".
2531 1091 2700 1146 David
2731 1109 2861 1149 vero
2913 1113 2925 1148 :
2990 1094 3154 1150 Petra
3199 1099 3462 1169 refugium
3502 1102 3688 1154 crina-

2108 1179 2280 1243 ciis“,
2311 1181 2425 1236 sive
2454 1183 2812 1257 chirogryllis,
2844 1202 3078 1257 quorum
3110 1204 3279 1243 unum
3305 1199 3389 1245 est
3442 1192 3600 1247 velox
3632 1201 3688 1247 et

2108 1271 2379 1339 timidum,
2410 1289 2535 1330 eum
2562 1277 2897 1343 inﬁrmitate,
2925 1279 2977 1334 id
3000 1288 3084 1336 est
3104 1282 3294 1351 lepus:
3327 1282 3471 1338 aliud
3503 1293 3688 1339 autem

2108 1363 2286 1420 debile
2315 1368 2556 1436 quidem,
2580 1371 2673 1425 sed
2704 1386 2867 1441 rapax
2899 1380 2953 1426 et
2997 1373 3243 1438 bestiale,
3299 1384 3463 1446 atque
3492 1377 3688 1432 morti-

2108 1455 2284 1513 ferum
2309 1460 2517 1523 dicunt,
2540 1462 2592 1516 id
2616 1472 2698 1516 est
2718 1464 3094 1534 chirogryllus,
3126 1468 3270 1536 quod
3293 1470 3442 1523 omni
3469 1471 3690 1539 quidem

2110 1549 2341 1617 plebeio,
2370 1553 2603 1609 maxime
2634 1563 2816 1609 autem
2847 1556 3158 1612 Judaeorum
3191 1559 3338 1615 inc‘st
3375 1562 3595 1632 populo,
3623 1562 3691 1617 de

2106 1640 2306 1708 quibus
2338 1643 2476 1697 dixit
2504 1644 2673 1701 David
2707 1664 2721 1701 :
2786 1647 2988 1702 l'eloces
3025 1650 3180 1718 pedes
3209 1666 3389 1707 eorum
3416 1655 3487 1707 ad
3527 1655 3697 1725 effum

2110 1733 2335 1788 dcndum
2384 1738 2692 1807 sanguinem
2716 1738 2781 1793 ι’.
2843 1741 3042 1795 Timidi
3096 1751 3279 1798 autem
3332 1755 3593 1814 quantum
3639 1756 3699 1801 et

1365 1819 1642 1875 Eructarit
1693 1838 1781 1875 cor
1834 1838 2005 1874 meum
2042 1823 2079 1875 Β
2110 1825 2313 1879 inlirmi
2354 1826 2449 1882 lilii
2491 1828 2805 1885 Judteorum
2860 1832 2991 1895 sint,
3063 1850 3164 1889 vox
3220 1836 3404 1890 divina
3455 1839 3698 1894 ostendit

2118 1932 2241 1969 cum
2275 1916 2408 1971 dicit
2436 1935 2449 1970 :
2484 1918 2575 1973 νω
2597 1922 2854 1977 cordibus
2919 1924 3168 1994 trepidis,
3216 1936 3271 1981 et
3323 1929 3575 1984 manibus
3604 1945 3696 1985 re-

2112 2008 2314 2062 missis.
2349 2010 2618 2078 lujustitia
2669 2022 2853 2069 autem
2878 2024 3101 2084 quanta,
3134 2031 3189 2072 et
3220 2018 3409 2073 feritas
3436 2021 3581 2091 apud
3597 2038 3694 2076 eos

2112 2107 2249 2160 erat,
2284 2099 2412 2153 audi
2448 2100 2637 2155 Isaiam
2657 2101 2930 2158 dicentem
2966 2120 2985 2158 ξ
3010 2105 3279 2171 Quomodo
3306 2110 3449 2179 facta
3481 2121 3558 2163 est
3586 2125 3697 2166 me-

2114 2189 2277 2242 retrix
2309 2192 2491 2245 civitas
2514 2192 2683 2261 ﬁdelis
2705 2194 2864 2262 plena
2901 2196 3132 2264 judicii?
3169 2199 3384 2267 justitia
3437 2201 3698 2257 habitavit

2112 2280 2167 2332 in
2191 2297 2275 2345 ea,
2308 2298 2445 2335 nunc
2471 2294 2646 2339 autem
2672 2287 2953 2341 homicidia
2986 2288 3050 2342 ¹³.
3077 2289 3207 2345 Post
3238 2292 3339 2346 hos
3374 2308 3527 2347 suem
3562 2294 3699 2348 dicit

2114 2390 2235 2428 esse
2264 2375 2624 2443 immundum,
2658 2380 2783 2449 quia
2811 2380 3007 2435 dividit
3032 2384 3311 2453 ungulam,
3362 2394 3419 2439 et
3445 2401 3552 2440 non
3600 2402 3698 2440 ru-

2114 2467 2305 2522 minat.
2337 2466 2438 2534 Qui
2462 2485 2591 2541 ergo
2623 2471 2735 2526 sint
2768 2472 2858 2541 qui
2893 2473 3241 2540 aemulentur,
3297 2491 3361 2529 ac
3407 2488 3698 2547 propterea

2115 2560 2402 2614 comedere
2461 2561 2611 2616 illum
2680 2562 2983 2630 dicuntur,
3051 2566 3271 2621 Petrum
3332 2571 3698 2637 expositorem

2115 2660 2171 2704 et
2218 2652 2536 2723 magistrum
2590 2655 2805 2725 suscipe
2849 2674 2862 2710 :
2914 2672 3041 2711 eum
3094 2659 3295 2728 quippe
3351 2659 3443 2729 qui
3534 2661 3699 2716 habet

2116 2746 2405 2801 scientiam
2463 2747 2795 2815 divinorum,
2839 2751 2935 2805 sed
3005 2766 3111 2806 non
3176 2753 3265 2807 illa
3311 2754 3453 2809 bene
3505 2756 3699 2821 utitur,

2116 2834 2531 2905 actionibusque
2564 2835 2878 2908 incongruis
2901 2852 3021 2892 eam
3066 2841 3260 2910 polluit
3306 2842 3538 2912 vitasque
3592 2845 3699 2899 im~

2118 2924 2332 2980 mundae
2364 2928 2719 2996 semetipsum
2753 2929 2939 2984 tradit.
2970 2929 3133 2986 Suem
3166 2933 3329 2987 etiam
3359 2934 3473 3004 ipse
3512 2935 3701 3007 appel-

2118 3015 2247 3069 lavit
2272 3016 2501 3072 diccns:
2538 3016 2732 3072 Melius
2773 3021 2953 3089 fuisset
2991 3023 3065 3075 eis
3091 3038 3189 3075 non
3215 3038 3520 3094 cognoscere
3557 3028 3701 3081 viam

2065 3155 2078 3174 ,
2117 3107 2356 3174 iustitiw,
2390 3124 2550 3180 quam
2583 3110 2792 3179 cognita
2821 3127 2903 3176 ea,
2928 3121 3069 3165 retro
3100 3114 3286 3167 reverti
3317 3132 3347 3167 α
3376 3118 3573 3170 tradito
3600 3119 3701 3171 sibi

2119 3209 2301 3253 sancto
2321 3201 2572 3254 mandato
2594 3217 2612 3255 :
2638 3202 2851 3273 contigit
2867 3203 3009 3256 enim
3039 3204 3145 3258 illis
3179 3223 3258 3260 res
3287 3208 3391 3261 teri
3419 3208 3699 3276 proverbii,

2121 3287 2281 3343 Canis
2308 3307 2540 3345 reversus
2569 3293 2640 3346 ad
2657 3294 2911 3347 vomitant
2935 3312 3108 3359 suum,
3141 3304 3187 3349 ct
3226 3314 3315 3351 sus
3340 3298 3448 3352 lota
3481 3302 3535 3354 in
3560 3302 3704 3356 colu-

2123 3382 2273 3433 tabro
2304 3383 2517 3435 rami“.
2552 3381 2691 3448 Quia
2724 3399 2853 3455 ergo
2886 3387 3229 3441 ostendimus
3285 3403 3411 3443 cum
3460 3390 3552 3459 qui
3597 3391 3702 3463 legi

2121 3487 2341 3542 operam
2379 3474 2472 3529 dat
2502 3476 2778 3529 ruminare
2805 3476 3029 3542 debere,
3060 3479 3104 3533 is
3131 3480 3223 3549 qui
3251 3481 3373 3535 talis
3391 3491 3496 3549 est,
3514 3492 3703 3554 utpote

2122 3564 2393 3619 sordidam
2446 3565 2657 3620 habens
2719 3567 2907 3634 vitam,
2967 3578 3023 3624 et
3087 3584 3195 3623 non
3241 3573 3475 3643 impleas
3504 3574 3701 3646 legem,

2124 3664 2269 3710 recte
2287 3671 2396 3709 non
2424 3654 2701 3710 rumiuare
2722 3673 2844 3726 quae
2872 3658 3005 3728 legis
3035 3668 3182 3723 sunt,
3214 3660 3436 3716 dicitur.
3467 3662 3620 3719 Unde
3650 3674 3706 3719 et

2125 3748 2293 3802 vomit
2322 3757 2510 3818 utpote
2545 3747 2873 3820 indigestum
2921 3752 3101 3805 cibum
3134 3754 3506 3809 meditationis
3546 3755 3701 3827 legis,

2122 3852 2177 3894 et
2235 3841 2462 3897 minime
2505 3842 2572 3897 ad
2621 3843 2877 3896 ctl'ectum
2919 3843 3354 3912 pervenientem.
3408 3843 3571 3918 Ergo,
3600 3849 3703 3902 etsi

2125 3934 2381 4004 ungulam
2418 3933 2633 3998 dividit,
2676 3944 2733 3988 et
2758 3934 2996 3989 litteram
3028 3935 3272 3991 dividere
3302 3938 3428 4000 scit,
3456 3954 3487 3992 a
3509 3939 3703 4009 spiritu

2125 4035 2305 4078 tamen
2338 4025 2657 4080 immundus
2684 4035 2787 4081 est.
2817 4026 2922 4081 Sed
2956 4027 3084 4095 quid
3123 4027 3208 4081 his
3234 4042 3355 4098 qua:
3381 4029 3525 4085 dicta
3576 4043 3707 4087 sunt

2122 4117 2368 4174 addidit?

2194 4213 2399 4267 Horum
2436 4211 2684 4268 carnibus
2715 4229 2817 4268 non
2850 4212 3145 4280 vescemini,
3173 4233 3265 4271 nec
3294 4214 3556 4271 cadauera
3582 4230 3707 4272 con-

2126 4307 2358 4376 tingetis,
2395 4307 2521 4377 quia
2567 4308 2844 4360 immunda
2895 4316 3016 4361 sunt
3059 4309 3220 4363 vobis.
3263 4309 3376 4364 Nec
3415 4311 3707 4372 cumelum,

2124 4413 2228 4453 nec
2273 4399 2541 4469 leporem,
2587 4410 2689 4455 nec
2735 4401 3146 4472 chirogryllum,
3189 4415 3291 4457 nec
3345 4417 3521 4469 suem,
3562 4402 3710 4457 inter

433 4503 658 4566 portare
694 4508 709 4546 :
772 4492 915 4548 unde
965 4508 1158 4548 servus
1202 4480 1477 4548 Abraham
1530 4494 1721 4550 decem
1782 4490 2020 4549 camelos
2057 4487 2100 4542 D
2131 4491 2335 4545 munda
2365 4491 2631 4561 judicavit
2664 4510 2678 4545 :
2712 4502 2809 4562 per
2854 4493 2971 4547 luce
3008 4493 3173 4547 etiam
3213 4499 3409 4548 caetera
3452 4492 3709 4548 animalia

431 4592 719 4658 portantes
746 4585 815 4640 de
845 4583 1005 4640 bonis
1048 4585 1254 4643 domini
1285 4586 1369 4641 sui
1431 4586 1499 4641 ad
1549 4582 2016 4657 dispensationem

434 4676 700 4733 Rebecca!
728 4676 904 4733 duxit.
939 4671 1268 4747 Figurabant
1301 4687 1483 4731 autem
1539 4675 1592 4732 hi
1648 4678 1836 4734 decem
1882 4694 2021 4750 prae-

433 4778 593 4839 cepta
624 4768 777 4839 legis,
815 4784 935 4838 qua:
965 4784 1074 4823 non
1095 4769 1274 4824 omnia
1308 4764 1447 4823 bona
1481 4769 1592 4833 Dei,
1625 4771 1720 4826 sed
1750 4774 1929 4825 tamen
1953 4771 2022 4826 de

432 4861 691 4915 omnibus
724 4858 883 4916 bonis
910 4866 1128 4931 gerunt,
1161 4872 1385 4931 propter
1416 4858 1520 4916 hoc
1549 4863 1694 4932 quod
1728 4863 2023 4933 participa-

433 4954 542 5009 lem
569 4953 1017 5024 justiﬁcationem
1047 4952 1212 5009 habet
1232 4954 1340 5008 lex.
1376 4954 1519 5025 Ergo
1549 4954 1753 5012 Scriba:
1786 4966 1841 5012 et
1878 4956 2021 5011 Pha-

434 5046 578 5101 risazi
615 5047 981 5101 ruminantem
1020 5046 1336 5111 comedunt,
1372 5048 1497 5117 quia
1530 5049 1584 5101 in
1614 5049 1801 5120 legalis
1828 5050 2022 5106 litterae

435 5138 738 5210 gloriantur
767 5139 1148 5201 meditatione,
1176 5147 1231 5194 et
1263 5139 1317 5193 in
1360 5141 1511 5195 cultu
1546 5140 1791 5208 Sabbati,
1828 5143 2023 5213 puriﬁ-

435 5227 800 5300 cationisque,
827 5238 884 5284 et
915 5226 1332 5297 sacriﬁciorum,
1364 5231 1705 5303 aliorumque
1738 5228 2022 5288 similium.

433 5317 707 5392 lingulam
739 5332 922 5377 autem
960 5338 1071 5377 nou
1096 5318 1346 5380 dividunt
1376 5340 1441 5379 ea
1475 5340 1596 5395 quae
1636 5327 1706 5381 ab
1738 5326 1819 5381 eis
1838 5342 2025 5382 come-

435 5414 662 5478 duntur,
723 5428 902 5485 neque
944 5411 1266 5470 discernunt
1322 5415 1393 5471 ab
1443 5417 1638 5486 spiritu
1677 5418 1935 5483 litteram,
1964 5427 2021 5473 et

435 5514 723 5576 propterea
751 5521 944 5562 eorum
976 5501 1206 5562 scientia
1236 5502 1518 5563 immunda
1555 5517 1660 5565 est.
1687 5501 1845 5564 Tales
1893 5518 2023 5565 sunt

509 5711 532 5744 ⁶
564 5712 697 5766 Dan.
739 5727 835 5777 vn,
859 5712 912 5764 7.
990 5712 1009 5743 "
1039 5712 1185 5765 Psal.
1217 5726 1363 5775 xuv,
1388 5710 1444 5767 9...

437 5779 484 5811 “
515 5781 663 5837 Psal.
693 5798 814 5846 sui,
839 5783 895 5836 5.
970 5781 1142 5835 “13a.
1181 5799 1217 5842 ι.
1251 5782 1345 5836 9-1.

679 5876 950 5936 Parum.
990 5878 1105 5935 Gn.
1131 5875 1339 5935 XClIl.

1522 5711 1544 5744 ⁸
1567 5711 1761 5766 Matth.
1790 5712 2058 5777 unum.

1425 5782 1469 5814 “
1499 5781 1687 5837 lPetr.
1724 5781 1903 5851 mil,
1938 5784 2031 5837 ‘22.

2126 4584 2440 4655 designans,
2462 4599 2584 4653 qua:
2606 4580 2693 4638 lex
2717 4598 2783 4637 ex
2808 4583 2893 4639 his
2934 4598 3056 4653 quae
3079 4584 3223 4639 dicta
3263 4592 3393 4640 sunt
3421 4585 3711 4640 manifesta

2127 4675 2277 4730 fecit.
2313 4671 2443 4731 ldeo
2475 4691 2609 4747 ergo
2647 4675 2765 4731 haec
2807 4682 3042 4745 qnatuor
3078 4686 3310 4730 numero
3341 4676 3542 4747 posuit,
3583 4676 3708 4746 quia

2129 4776 2368 4837 quatuor
2412 4778 2541 4824 sunt
2577 4767 2861 4840 generales
2893 4767 3146 4829 virtutes.
3186 4768 3567 4838 praedictorum
3614 4780 3709 4823 au-

2134 4870 2242 4916 tem
2288 4858 2608 4916 animalium
2653 4857 2983 4933 signiﬁcatio
3023 4861 3321 4916 virtutibus
3364 4869 3533 4927 caret,
3573 4874 3710 4931 qua-

2133 4965 2258 5010 tuor
2291 4953 2494 5024 quippe
2526 4950 2818 5009 virtutibus
2858 4961 2941 5008 est
2975 4952 3272 5008 contraria.
3305 4952 3439 5006 Nam
3470 4950 3712 5006 camelos

2126 5042 2182 5101 in
2217 5039 2532 5098 Scribarum
2573 5046 2629 5097 et
2666 5041 3063 5099 Pharisaorum
3096 5042 3406 5113 superbiam
3436 5048 3707 5110 sumptus,

2125 5138 2411 5207 sapientiae
2463 5137 2775 5192 contrarius
2827 5144 2914 5192 est
2958 5154 2970 5188 :
3012 5137 3306 5191 stultorum
3369 5133 3571 5205 quippe
3628 5146 3714 5190 est

2122 5226 2407 5301 proprium
2432 5230 2738 5301 superbire.
2760 5227 2899 5296 Quia
2926 5239 3110 5285 autem
3134 5238 3365 5299 utroque
3387 5228 3493 5283 hoc
3520 5214 3714 5283 morbo

2126 5318 2333 5378 Scriba:
2350 5335 2405 5378 et
2419 5316 2679 5379 Pharisaei
2699 5321 3051 5388 tenebantur,
3072 5318 3197 5377 audi
3219 5322 3287 5375 ad
3309 5334 3404 5375 eos
3420 5319 3713 5376 Dominum

2098 5411 2401 5470 dicentem
2445 5433 2458 5468 :
2496 5414 2659 5469 Stulti
2708 5424 2758 5469 et
2810 5411 2953 5479 edaci,
2982 5412 3108 5485 quid
3156 5412 3333 5483 majus
3375 5421 3472 5475 est,
3511 5428 3714 5466 aurum

2130 5518 2223 5563 aut
2274 5508 2525 5579 templum
2562 5504 2701 5579 quod
2739 5501 3037 5576 sanctificat
3081 5522 3275 5561 aurum
3305 5505 3382 5558 ιη
3407 5506 3478 5561 Ει
3521 5519 3716 5579 rursus

2135 5712 2284 5766 ’lsa.
2318 5726 2428 5778 xxi,
2452 5712 2507 5767 6.
2586 5712 2629 5744 '°
2688 5711 2849 5769 Prov.
2882 5730 3011 5781 xxx,
3063 5713 3154 5772 εδ.

3235 5715 3275 5746 ³⁸
3301 5713 3447 5769 Psal.
3479 5727 3592 5781 cui,
3622 5710 3715 5770 l8.

2115 5784 2159 5816 "
2188 5782 2382 5838 Matth.
2423 5798 2576 5852 χχιιι,
2626 5783 2713 5838 l7.

3315 5873 3392 5935 29
