3992 6422
452 401 559 467 967
592 416 593 419 ‘

1669 386 2033 450 HESYCHII
2082 388 2561 449 PRESBYTERI

3621 402 3718 470 908

454 513 772 585 superbiam
803 524 994 567 eorum
1026 508 1130 563 hoc
1159 503 1323 559 modo
1355 503 1597 557 retundit
1635 522 1647 558 :
1683 504 1877 563 Amant
1909 505 2046 559 enim
2078 509 2120 566 Λ
2154 504 2245 558 lite
2294 507 2523 576 gaudere
2570 508 2693 575 quia
2740 508 2997 562 da'nmnia
3046 511 3185 565 vobis
3237 513 3606 583 subjiciuntur,
3642 526 3729 577 sed

456 607 657 677 primos
701 602 972 658 accubitus
1016 600 1072 653 in
1115 597 1290 661 comis,
1325 606 1375 650 et
1419 597 1621 666 primas
1664 596 1942 651 cathedras
1989 598 2045 651 in

460 694 761 766 synagogis,
803 701 851 746 et
888 688 1239 745 salutationes
1284 686 1339 739 in
1385 686 1517 755 foro,
1559 696 1606 738 et
1637 686 1814 739 vocari
1849 686 1913 739 ab
1949 685 2045 739 ho-

459 790 686 845 minibus
734 787 901 843 Rabbi
938 786 999 838 ¹⁶.
1055 783 1146 839 Sic
1182 795 1312 852 ergo
1335 780 1490 835 stulti
1532 779 1752 849 quidam
1796 779 1863 835 de
1914 779 2046 850 ipsis

459 888 620 935 erant
671 887 727 934 et
780 874 1023 946 superbi.
1075 872 1258 942 Lepus
1317 879 1375 925 ut
1430 870 1687 937 timidus,
1737 869 2046 929 fortitudini

459 973 764 1028 contrarius
802 981 887 1026 est
924 987 937 1022 :
975 967 1370 1038 ehirogryllus,
1408 978 1470 1020 ut
1523 982 1708 1037 rapax,
1747 966 1973 1036 justitize
2029 985 2044 1020 :

458 1084 573 1136 sus,
609 1077 669 1125 ut
701 1066 811 1121 vita
845 1063 1063 1119 sordida
1115 1063 1327 1126 vivens,
1370 1070 1425 1116 et
1473 1061 1774 1125 immunda,
1813 1059 1884 1117 de
1936 1075 2045 1129 quo

457 1160 662 1213 dictum
707 1166 792 1212 est
831 1172 845 1206 :
886 1154 1039 1210 Sicut
1087 1153 1314 1207 circulus
1340 1169 1532 1207 aureus
1576 1153 1630 1206 in
1664 1154 1880 1207 naribus
1909 1152 2041 1212 suis.

457 1249 538 1305 sic
581 1249 772 1302 mulier
819 1246 1043 1316 pulchra
1096 1255 1144 1298 et
1193 1246 1347 1316 fatua
1382 1246 1445 1313 ιτ,
1488 1244 1723 1299 castitati
1772 1242 2041 1298 contraria

456 1349 556 1395 est.
613 1338 819 1393 [lorum
874 1351 975 1391 nec
1015 1350 1212 1389 carnes
1264 1335 1638 1393 comedamus,
1680 1333 1730 1387 id
1785 1342 1890 1395 est,
1940 1348 2042 1386 nec

455 1444 619 1499 cpiam
664 1428 921 1483 videntur
962 1425 1167 1481 habere
1211 1425 1469 1480 virtutem
1503 1438 1817 1492 sequamur,
1849 1423 1906 1476 in
1942 1423 2041 1493 hy-

455 1525 660 1597 pocrisi
710 1524 855 1579 enim
911 1522 1078 1583 illam.
1116 1530 1173 1576 et
1213 1536 1323 1576 non
1366 1520 1420 1574 in
1463 1519 1693 1574 veritate
1738 1528 2039 1574 sectantur.

455 1613 624 1670 Multo
656 1615 828 1683 magis
859 1621 1041 1681 autem
1081 1609 1371 1665 morticina
1402 1623 1591 1662 eorum
1626 1607 1895 1678 tangenda
1930 1622 2038 1660 non

453 1716 603 1773 sunt,
623 1722 723 1763 nec
757 1704 912 1760 malis
940 1718 1129 1758 eorum
1161 1698 1675 1757 coinmunieandum
1706 1699 2038 1761 actionibus,

455 1800 571 1870 ipsa
602 1798 747 1853 enim
784 1794 1097 1866 huiusmodi
1145 1792 1337 1863 procul
1378 1792 1546 1847 dubio
1590 1792 1877 1846 morticina
1913 1800 2039 1845 sunt

453 1890 580 1948 viri.

524 1985 689 2043 Vens.
722 1981 879 2039 9-12.
918 2000 936 2033 ‹
972 1979 1095 2035 Ilico
1126 1987 1255 2034 sunt
1286 1994 1407 2049 quae
1437 1976 1732 2049 gignuntur
1763 1975 1816 2030 in
1859 1975 2034 2044 aquis,

450 2088 510 2135 et
542 2076 687 2134 vesci
721 2075 931 2130 licitum
962 2082 1065 2129 est.
1109 2072 1282 2127 Omne
1320 2071 1464 2140 quod
1499 2070 1666 2124 habet
1701 2068 1957 2139 pinnulas
1986 2076 2040 2120 et

452 2183 708 2239 squamas
742 2206 757 2233 ,
814 2173 924 2219 tam
979 2165 1032 2216 in
1089 2163 1248 2228 mari,
1297 2177 1461 2232 quam
1517 2161 1572 2215 in
1622 2159 1938 2214 ﬂuminibus
1985 2169 2038 2212 et

452 2259 661 2332 stagnis
693 2298 708 2321 ,
752 2256 1055 2311 comedetis
1088 2273 1101 2309 :
1141 2255 1409 2326 quidquid
1463 2263 1647 2309 autem
1696 2252 1954 2324 pinnulas
1986 2261 2039 2305 et

452 2365 707 2422 squamas
740 2364 850 2402 non
889 2349 1073 2419 habet,
1101 2362 1290 2401 eorum
1323 2362 1443 2417 quae
1474 2346 1530 2400 in
1565 2344 1720 2416 aquis
1750 2353 2041 2399 moventur

451 2455 509 2501 et
541 2446 752 2510 vivunt,
786 2444 1155 2500 abominabile
1194 2443 1351 2498 vobis
1389 2451 1444 2496 et
1485 2442 1884 2497 exsecrandum
1913 2441 2036 2494 erit.

450 2539 659 2594 Carnes
688 2553 880 2593 eorum
922 2552 1031 2590 non
1063 2534 1383 2597 comedetis,
1415 2544 1471 2589 et
1512 2533 1799 2588 morticina
1841 2532 2039 2588 vitabi-

451 2631 544 2684 tis.
573 2630 785 2683 Cuncta
814 2643 939 2697 quae
983 2642 1094 2680 non
1142 2626 1347 2680 habent
1385 2625 1641 2695 pinnulas
1690 2634 1745 2679 et
1783 2640 2039 2694 squamas
2116 2692 2119 2695 Α

448 2719 504 2773 in
539 2719 697 2789 aquis
729 2718 933 2790 polluta
963 2725 1143 2771 erunt.
1179 2736 1199 2768 ι

521 2811 598 2865 Ex
629 2825 696 2865 eo
727 2810 872 2878 quod
908 2824 1018 2864 non
1048 2817 1236 2877 aperte
1280 2806 1466 2861 divina
1511 2805 1793 2876 Scriptura
1835 2820 2035 2877 genera

449 2902 685 2972 piscium
730 2899 1003 2970 exposuit,
1041 2914 1071 2953 a
1113 2898 1314 2967 quibus
1355 2898 1622 2953 abstineri
1669 2897 1803 2961 vult,
1840 2913 2037 2967 super-

448 2992 616 3049 ﬂuum
651 3002 736 3048 est
766 2991 882 3047 haec
918 2990 972 3045 in
1002 2991 1261 3060 praesenti
1291 3005 1558 3058 quaerere,
1590 3006 1859 3060 nusquam
1889 2992 2035 3046 enim

447 3083 682 3151 piscium
731 3083 789 3137 in
833 3098 898 3138 ea
952 3082 1301 3137 inveniemus
1343 3082 1627 3136 vocabula.
1674 3082 2033 3152 Semetipsam

445 3175 613 3231 etiam
640 3190 770 3244 ergo
805 3174 860 3227 in
893 3174 998 3229 hoc
1025 3173 1271 3227 imitatur
1300 3172 1440 3227 loco.
1472 3172 1864 3227 Verumtamen
1901 3172 2031 3227 illud
2061 3193 2104 3252 ρ
2137 3173 2362 3234 propter
2416 3165 2779 3236 ignorantiam
2834 3183 2849 3221 :

447 3281 597 3323 nunc
629 3265 805 3321 notari
843 3272 1079 3336 oportet,
1111 3264 1237 3333 quia
1277 3264 1739 3332 quemadmodum
1773 3264 1827 3318 in
1861 3280 2031 3335 spon-

448 3357 623 3414 taneis
651 3356 957 3424 sacriﬁciis,
991 3372 1113 3426 quae
1146 3365 1202 3411 et
1231 3356 1371 3410 dona
1408 3355 1685 3426 legislator
1717 3356 2029 3426 appellavit.

443 3448 741 3519 aliquando
782 3446 1003 3516 quidem
1049 3454 1369 3517 operatores
1411 3446 1567 3519 legis,
1601 3448 1896 3518 aliquando
1935 3463 2032 3503 au-

446 3551 554 3596 tem
587 3538 884 3610 simplices.
916 3538 1210 3608 aliquando
1253 3553 1384 3593 vero
1430 3539 1894 3609 contemplatores
1931 3554 2030 3609 per

443 3631 782 3688 oblationem
824 3629 1152 3703 signiﬁcavit
1195 3630 1409 3694 modos,
1449 3630 1743 3700 aliquando
1792 3645 1889 3686 eos
1934 3629 2027 3701 qui

440 3722 725 3779 salvantur
763 3737 830 3777 ex
879 3721 1157 3792 gentibus,
1200 3720 1399 3790 quibus
1447 3730 1506 3775 et
1553 3720 1817 3778 sacriﬁcia
1846 3722 1913 3776 de
1948 3721 2027 3776 si-

439 3813 592 3878 mila,
642 3820 705 3868 ut
750 3812 1114 3883 simplicibus,
1150 3810 1454 3880 deputavit,
1484 3812 1628 3880 quod
1677 3812 1917 3868 ostendit
1959 3827 2027 3866 ex

437 3921 507 3960 eo
548 3903 696 3975 quod
737 3903 894 3969 dicit,
926 3900 985 3957 Si
1031 3903 1213 3956 anima
1256 3902 1503 3957 obtulerit
1544 3904 1739 3957 donum
1778 3903 2023 3967 Domino,

439 4011 550 4051 non
580 3993 810 4058 addens,
831 3992 890 4050 Si
925 3994 1107 4047 anima
1139 3995 1203 4048 de
1227 3994 1421 4065 populo
1456 4003 1631 4061 terra’,
1671 3995 2027 4065 quemadmo-

436 4090 567 4144 dum
594 4087 651 4141 in
680 4087 911 4142 aliorum
939 4087 1331 4143 sacriﬁciorum
1350 4088 1825 4143 enuntiationibus
1852 4087 2021 4152 solet;

433 4172 582 4227 sicut
611 4187 741 4245 ergo
771 4172 825 4225 in
859 4172 989 4237 illis,
1020 4173 1098 4229 sic
1127 4183 1183 4228 et
1212 4173 1304 4229 hic
1332 4189 1431 4244 per
1465 4174 1712 4228 ciborum
1742 4174 2023 4228 abstinen-

434 4265 593 4330 tiam,
643 4262 832 4334 quales
879 4264 1085 4320 debent
1136 4280 1258 4320 esse
1304 4266 1395 4337 qui
1438 4266 1613 4338 legero
1662 4265 2016 4332 meditantur,

435 4354 732 4412 ostendere
784 4355 1035 4426 cupiens,
1111 4373 1210 4428 per
1269 4358 1550 4412 ruminare
1607 4357 1910 4427 siquidem,
1966 4365 2021 4411 et

432 4446 691 4519 ungulam
736 4447 1014 4514 dividere,
1054 4447 1304 4504 Judaeum
1364 4448 1722 4521 signiﬁcavit,
1773 4451 1868 4520 qui
1923 4449 2021 4504 dc~

2151 600 2378 667 gaudete
2404 609 2451 651 et
2479 598 2755 667 exsatiate,
2787 602 2911 665 quia
2944 604 3158 656 nomina
3186 612 3363 659 uestra
3393 608 3588 678 scripta
3614 628 3724 671 sunt

2149 689 2205 739 in
2244 688 2385 742 caelis
2415 690 2481 741 ιο.
2515 688 2757 745 l’robant
2800 701 2984 746 autem
3036 695 3151 748 bare
3196 696 3365 750 etiam
3407 697 3570 768 hujus
3607 717 3727 757 san-

2150 780 2350 835 ationis
2380 783 2567 847 verba,
2600 784 2756 837 aiunt
2785 785 2931 839 enim
2974 802 2987 838 :

2224 872 2351 926 "ch
2379 884 2500 928 sunt
2527 892 2644 946 qua:
2669 877 2956 947 gignuntur
2990 878 3045 931 in
3079 880 3254 949 aquis,
3283 890 3333 935 et
3363 885 3499 937 vesci
3533 884 3720 941 licitum

2148 972 2244 1015 est.
2278 962 2665 1035 lntelliguntur
2699 983 2793 1037 per
2838 966 2956 1023 haec
3004 968 3057 1023 lii
3100 971 3196 1039 qui
3229 986 3301 1025 ex
3337 975 3592 1043 gentibus
3625 980 3725 1033 sal-

2148 1054 2255 1107 vati
2289 1064 2439 1123 sunt,
2475 1068 2662 1127 utpote
2702 1061 3175 1131 regenerationem
3208 1062 3478 1119 habentes
3512 1067 3567 1123 in
3595 1085 3723 1139 aqua

2147 1146 2511 1217 baptismatis,
2535 1152 2603 1205 de
2624 1152 2822 1222 quibus
2849 1162 2904 1208 et
2926 1154 3091 1208 Isaias
3120 1155 3340 1211 dicebat
3367 1172 3381 1211 :
3407 1158 3542 1213 Ecce
3562 1173 3724 1233 gentes

2146 1240 2301 1309 quasi
2350 1242 2525 1297 silulce
2574 1243 2750 1297 stultce
2780 1246 2846 1297 ²².
2909 1244 3057 1310 Sive,
3091 1256 3151 1300 ut
3184 1246 3350 1312 LXX,
3396 1247 3545 1303 Sicut
3580 1269 3721 1323 aqum

2148 1330 2351 1395 multm,
2388 1343 2579 1402 gentes
2624 1335 2827 1389 multae.
2863 1335 3017 1390 Unde
3047 1344 3103 1391 et
3128 1337 3208 1391 eis
3234 1340 3578 1394 conveniunt
3612 1359 3721 1412 qua:

2145 1434 2469 1490 sequuntur.
2753 1466 2760 1474 .
3280 1492 3283 1493 ν

2216 1513 2380 1569 Omne
2431 1526 2567 1588 quod
2616 1520 2770 1573 habet
2823 1521 3073 1590 pinnulas
3125 1532 3175 1575 et
3219 1538 3494 1591 squamas,
3533 1535 3637 1579 tam
3677 1529 3726 1580 iri

2145 1608 2304 1669 mari,
2330 1625 2489 1677 quant
2528 1611 2580 1661 in
2623 1612 2928 1679 ﬂuminibus
2958 1622 3005 1666 ct
3040 1614 3264 1684 stagnis,
3302 1618 3601 1670 comedetis.
3630 1616 3724 1671 Ea-

2145 1698 2267 1752 dem
2301 1701 2466 1754 etiam
2518 1701 2603 1754 his
2643 1703 2733 1770 qui
2785 1718 2852 1757 ex
2904 1705 3162 1774 gentibus
3202 1715 3356 1771 sunt,
3400 1707 3468 1760 de
3510 1709 3725 1763 medita-

2147 1793 2295 1848 tione
2351 1796 2485 1866 legis
2536 1796 2657 1849 aliis
2708 1800 2967 1867 praecepit
3017 1800 3223 1855 verbis.
3279 1799 3411 1855 Vult
3455 1803 3599 1856 enim
3641 1818 3723 1857 eo;

2073 1858 2111 1909 Β
2146 1883 2347 1937 habere
2407 1886 2460 1938 in
2512 1887 2869 1942 meditatione
2924 1888 3059 1960 legis
3113 1890 3411 1959 pinnulas,
3464 1891 3723 1961 vitamque

2143 1972 2433 2027 sublimem
2480 1984 2642 2045 atque
2688 1976 2991 2043 emlestem,
3025 1979 3119 2033 sed
3163 1980 3565 2050 expositionem
3605 1981 3722 2053 legis

2144 2061 2270 2115 huic
2305 2062 2562 2131 similem,
2590 2075 2814 2136 propter
2851 2067 2995 2137 quod
3029 2084 3140 2122 non
3186 2070 3479 2139 pinnulam
3513 2070 3719 2134 habere,

2146 2156 2236 2208 sed
2285 2155 2542 2225 pinnulas
2589 2173 2683 2213 eos
2729 2160 2863 2213 vult.
2900 2159 3037 2226 Quia
3075 2173 3258 2217 autem
3302 2163 3603 2237 ignorantia
3639 2164 3715 2218 di-

2143 2245 2283 2299 vinae
2317 2246 2613 2318 Scriptura:
2643 2258 2834 2320 gentes
2860 2252 3192 2319 obtinuerat,
3218 2268 3334 2307 non
3365 2254 3515 2309 enim
3549 2269 3718 2310 susce-

2142 2351 2337 2407 perant
2367 2342 2563 2412 lcgem,
2594 2359 2775 2413 neque
2799 2344 3121 2414 prepbetas,
3149 2362 3255 2401 nec
3288 2347 3394 2402 alia
3424 2346 3479 2402 in
3507 2348 3585 2402 eis
3614 2358 3716 2402 erat

2140 2433 2369 2487 scicntia
2405 2434 2590 2488 divina
2636 2435 2910 2500 subtilior,
2948 2452 3018 2492 ne
3057 2452 3188 2508 ergo
3232 2439 3341 2493 hoc
3385 2440 3577 2494 morbo
3606 2452 3717 2508 per-

2141 2523 2381 2576 manenti
2428 2535 2481 2578 et
2530 2534 2798 2595 perpetuo
2838 2527 3170 2593 laborarent,
3206 2545 3469 2598 squamas
3497 2545 3589 2585 eos
3620 2531 3715 2585 lia-

2140 2612 2273 2666 bcre
2328 2614 2478 2689 vult,
2530 2630 2653 2684 quae
2715 2615 2875 2671 facile
2931 2618 3304 2673 auferrentur.
3358 2619 3494 2686 Quia
3551 2631 3714 2674 autem

2138 2720 2380 2773 squama:
2414 2706 2794 2775 temporalem,
2830 2717 2884 2763 et
2918 2724 3024 2778 qua
3071 2708 3231 2764 facile
3271 2721 3543 2776 careatur,
3575 2712 3713 2782 igno-

2137 2800 2370 2853 rantiam
2412 2800 2739 2870 signiﬁcant,
2783 2802 3165 2858 demonstrant
3206 2820 3273 2859 ea
3313 2821 3436 2875 qum
3466 2805 3532 2861 de
3561 2803 3715 2859 Paulo

2137 2889 2410 2959 descripta
2444 2901 2591 2955 sunt,
2628 2892 2684 2946 in
2718 2895 3090 2963 apostolorum
3121 2896 3390 2964 Actibus;
3426 2913 3546 2951 cum
3580 2896 3711 2950 enim

2137 2979 2254 3033 zelo
2302 2967 2523 3051 judai‘co
2572 2983 2872 3038 Ecclesium
2932 2997 3381 3056 persequeretur,
3432 2988 3714 3060 ignoraret-

2136 3086 2240 3140 que
2292 3086 2418 3125 eum
2457 3088 2621 3141 quem
2676 3076 3129 3145 persequebatur,
3173 3077 3336 3134 facile
3386 3079 3560 3136 caruit
3605 3075 3711 3132 zelo

2902 3182 3190 3239 postquam
3251 3171 3510 3242 cognovit
3563 3185 3709 3241 quem

2135 3265 2580 3324 persequeretur,
2628 3266 2855 3314 vocatus
2904 3274 2936 3314 a
2978 3258 3220 3323 Christo,
3259 3271 3317 3317 et
3353 3272 3634 3332 postquam
3664 3259 3709 3312 ei

2135 3344 2204 3399 ab
2235 3348 2445 3402 Anania
2478 3350 2912 3421 evangelizatum
2943 3360 3048 3417 est,
3072 3353 3371 3408 ceciderunt
3399 3368 3626 3425 squama:
3650 3350 3708 3404 ab

2134 3440 2297 3494 oculis
2323 3442 2458 3510 ejus,
2486 3450 2534 3496 et
2572 3459 2695 3497 mox
2718 3444 2846 3497 vidit
2871 3445 2935 3500 “.
2962 3445 3103 3515 Ergo
3130 3446 3182 3499 in
3212 3446 3437 3502 modum
3468 3459 3706 3517 squama-

2132 3544 2252 3583 rum
2298 3531 2720 3602 superjacebant
2760 3533 3028 3589 instantes
3070 3535 3123 3590 ei
3178 3537 3508 3607 temporales
3564 3536 3706 3607 igno-

2132 3621 2343 3675 rantiae.
2398 3618 2554 3676 Unde
2605 3622 2771 3677 nimis
2818 3634 3221 3694 consequenter
3267 3625 3541 3698 legislator
3585 3624 3706 3680 sub-

2131 3711 2296 3767 didit:

2203 3803 2469 3877 Quidquid
2501 3816 2682 3861 autem
2719 3808 2972 3878 pinnulas
3016 3818 3108 3864 aut
3149 3826 3404 3876 squamas
3437 3827 3537 3864 non
3563 3808 3703 3863 habet

2131 3914 2309 3951 eorum
2340 3914 2457 3970 quae
2483 3898 2539 3952 in
2563 3900 2717 3969 aquis
2750 3910 3024 3954 moventur
3052 3910 3100 3955 et
3135 3903 3338 3967 vivunt,
3368 3899 3700 3957 abominabila

2128 3988 2268 4042 vobis
2287 3998 2336 4042 et
2355 3991 2733 4044 exsecrandum
2756 3992 2876 4045 erit.
2898 3990 3040 4046 Sunt
3060 3991 3205 4046 enim
3222 3992 3469 4063 quadam
3486 3991 3702 4064 piscium

2128 4092 2347 4147 genera,
2376 4087 2571 4133 testam
2596 4095 2697 4149 pro
2723 4079 2864 4150 pelle
2895 4079 3154 4137 habentia
3186 4100 3199 4136 :
3228 4098 3464 4153 quorum
3490 4094 3699 4152 squama
3750 4096 3756 4103 η

2127 4169 2327 4224 auferri
2376 4186 2487 4224 non
2539 4180 2740 4242 potest.
2794 4172 2956 4229 Tales
2997 4178 3129 4228 sunt
3175 4175 3271 4244 qui
3316 4190 3421 4230 nec
3462 4185 3701 4244 squamas

2126 4259 2450 4329 ignorantia:
2479 4263 2648 4318 verbo
2676 4262 2772 4318 Dei
2804 4263 3102 4334 deponere,
3137 4280 3237 4320 nec
3270 4266 3506 4322 cultrum
3548 4261 3700 4334 spiri—

2126 4361 2214 4407 tus
2249 4353 2529 4425 suscipere
2566 4357 2873 4426 patiuntur.
2919 4355 2985 4411 Hi
3017 4358 3122 4413 etsi
3161 4358 3215 4413 in
3249 4361 3387 4415 mari
3425 4357 3699 4414 invenian-

2126 4453 2215 4500 tur
2269 4447 2649 4518 baptismatis,
2703 4449 2805 4505 etsi
2860 4449 2915 4504 in
2965 4450 3284 4508 ﬂuminibus
3339 4448 3692 4523 pcenitentiae,

432 4542 528 4596 bet
573 4540 707 4612 legis
758 4540 988 4611 implere
1039 4541 1295 4596 mandata
1349 4549 1404 4596 ct
1432 4542 1501 4596 ab
1534 4541 1732 4612 spiritu
1779 4541 2014 4597 litteram
2051 4528 2092 4581 Β
2125 4537 2523 4595 abominabiles
2579 4547 2709 4596 sunt
2755 4541 2810 4595 in
2852 4543 3108 4597 omnibus
3156 4559 3280 4614 quae
3320 4550 3603 4600 moventur
3646 4550 3700 4592 et

433 4634 697 4702 dividere,
726 4644 782 4689 et
823 4635 997 4707 legem
1037 4635 1357 4705 spiritaliter
1404 4635 1729 4706 intelligere,
1763 4651 1859 4706 per
1898 4637 2018 4691 haec

430 4730 615 4777 autent
649 4736 772 4793 qua:
819 4737 967 4777 nunc
1008 4722 1152 4778 dicta
1198 4732 1346 4787 sunt,
1381 4723 1624 4778 ostendit
1656 4723 1725 4780 de
1763 4724 2019 4797 gentibus

430 4830 491 4869 se
523 4814 693 4885 loqui.
727 4810 886 4870 Unde
920 4814 1197 4883 existimo,
1231 4830 1343 4869 non
1383 4815 1664 4886 expressis
1703 4816 2018 4872 nominibus

427 4902 664 4973 piscium
708 4903 1285 4971 memorianht‘actam,
1317 4904 1446 4975 quia
1485 4919 1588 4960 nec
1624 4904 1846 4960 nomina
1889 4920 2018 4961 suo-

427 5009 551 5051 rum
597 4994 762 5050 scribi
805 5010 972 5066 super
1027 5004 1231 5050 terram
1279 4997 1433 5067 cupit
1479 4995 1745 5064 Ecclesia,
1778 4998 1925 5055 unde
1961 5008 2016 5054 et

427 5086 517 5142 illa
556 5085 727 5142 David
767 5086 842 5142 ait
877 5106 891 5143 :
928 5080 1241 5142 Scribuntur
1289 5090 1399 5144 Iuec
1445 5091 1499 5143 in
1546 5090 1882 5160 generatione
1925 5090 2014 5144 αι-

425 5190 538 5233 tera
568 5177 637 5244 ",
664 5177 921 5234 videlicet
953 5176 1138 5234 futura
1171 5179 1225 5233 in
1253 5179 1424 5247 cmlis,
1466 5180 1541 5235 ibi
1585 5181 1737 5237 enim
1776 5182 2011 5237 ﬁliorum

422 5267 543 5338 eius
596 5267 797 5338 scripta
855 5275 986 5323 sunt
1039 5268 1286 5333 nomina,
1320 5269 1389 5324 de
1432 5285 1539 5340 qua
1578 5269 1780 5326 Paulus
1824 5270 2004 5326 dicit:

419 5361 720 5416 Accessistis
748 5362 823 5415 ad
849 5369 1077 5416 utentem
1102 5360 1249 5429 Sion,
1279 5372 1326 5417 et
1358 5364 1429 5417 ad
1459 5364 1724 5418 deitatem
1759 5365 1852 5419 Dei
1884 5366 2006 5429 viri,

417 5449 715 5508 Jerusalem
743 5453 1017 5517 caelestem,
1051 5464 1100 5506 et
1133 5453 1418 5508 multorum
1448 5454 1676 5508 millium
1702 5455 2011 5526 angelorum

415 5544 731 5615 frequentia:
776 5534 1112 5601 et’Ecclesite
1154 5547 1562 5616 priinitivorum,
1603 5548 1692 5618 qui
1732 5549 2011 5618 conscripti

416 5643 539 5689 sunt
568 5634 626 5688 in
657 5635 801 5690 caelis
828 5634 893 5689 ”.
932 5636 998 5690 Et
1029 5634 1295 5692 Dominus
1329 5637 1395 5691 ad
1432 5637 1710 5708 apostolos
1754 5638 1831 5693 ait
1858 5657 1871 5692 :
1902 5638 2012 5693 Νο-

2123 4628 2315 4684 vivunt
2359 4631 2417 4685 in
2459 4632 2635 4701 aquis.
2686 4633 2753 4687 Et
2793 4648 2917 4687 cum
2957 4633 3126 4689 vitam
3167 4635 3347 4691 sortiti
3387 4635 3497 4690 sint
3524 4632 3575 4685 in
3604 4630 3703 4706 ba-_

2120 4721 2409 4791 ptismate,
2455 4724 2801 4779 vocationem
2878 4733 3066 4781 tamen
3127 4728 3692 4798 regenerationemque

2123 4821 2492 4886 corruperunt
2533 4832 2545 4868 :
2602 4816 2732 4872 dum
2767 4817 3028 4884 pinnulas
3061 4826 3118 4873 et
3157 4833 3413 4889 squamas
3458 4832 3561 4871 non
3600 4814 3690 4869 ba-

2118 4902 2272 4969 bent,
2325 4904 2615 4959 sublimem
2675 4906 2930 4963 videlicet
2986 4908 3176 4974 vitam,
3230 4909 3687 4981 cognitionemque

2117 4993 2455 5060 divinorum,
2497 5011 2620 5065 qua:
2668 4997 2911 5054 caelestis
2960 5007 3064 5066 est,
3104 4999 3201 5056 sed
3250 5018 3344 5057 eor
3389 5013 3583 5055 cmcum
3636 4994 3683 5048 in

2118 5087 2426 5158 ignorantia
2471 5087 2721 5143 detinent
2749 5108 2763 5144 :
2790 5097 2847 5145 et
2883 5100 3173 5163 propterea
3208 5094 3264 5148 in
3296 5095 3383 5149 his
3411 5091 3500 5163 qui
3535 5101 3683 5158 squa-

2118 5196 2237 5235 mas
2287 5180 2511 5248 habent,
2564 5197 2676 5237 non
2720 5194 3178 5243 annumerantur.
3223 5185 3448 5243 Intende
3493 5192 3677 5239 autem.

2117 5277 2320 5342 quanta
2368 5270 2671 5328 subtilitate
2721 5287 3062 5342 sermonum,
3096 5285 3155 5332 ut
3187 5278 3439 5334 videlicet
3466 5273 3678 5330 maxima

2118 5376 2215 5431 per
2264 5377 2359 5417 eos
2408 5362 2668 5436 mysteria
2719 5372 2775 5420 et
2827 5364 3172 5427 admirabilia
3225 5367 3548 5440 signiﬁcans,
3608 5363 3679 5415 lc-

2119 5454 2344 5526 gislator
2388 5457 2594 5525 utitur;
2625 5457 2870 5527 pinnulis
2914 5460 3059 5515 enim
3104 5476 3358 5532 squamas
3393 5454 3674 5529 conjunxit.

2118 5546 2244 5617 quia
2274 5548 2734 5616 quemadmodum
2765 5549 3031 5620 piscibus,
3056 5552 3257 5623 quibus
3285 5560 3410 5608 sunt
3436 5556 3672 5618 squamae,

2122 5639 2208 5693 bis
2255 5647 2383 5693 sunt
2431 5640 2753 5698 omnimodo
2790 5651 2845 5697 et
2894 5642 3158 5712 pinnular,
3200 5648 3277 5702 sic
3310 5642 3502 5715 quibus
3538 5639 3673 5709 igno-

492 5769 536 5856 ’_'
558 5771 945 5856 namnam,
978 5775 1032 5832 6.
1108 5777 1152 5810 ιτ
1188 5775 1352 5836 Prov.
1383 5795 1459 5846 ιι,
1483 5777 1577 5835 22.
1654 5780 1697 5814 ’⁸
1727 5778 1874 5836 Psal.
1904 5797 1980 5849 Cl,
2012 5785 2029 5838 l

2177 5785 2220 5819 ’³
2255 5783 2426 5842 Hebr.
2451 5802 2547 5853 im,
2580 5786 2672 5841 22.
2754 5789 2799 5821 ὀ
2834 5789 2971 5844 Luc.
3001 5806 3056 5856 κ,
3095 5791 3187 5847 20.
3266 5790 3310 5823 ²¹
3347 5788 3445 5843 lsa.
3474 5796 3560 5849 IL,
3588 5774 3665 5831 15·

422 5834 468 5864 ’⁸
497 5840 615 5896 Act.
648 5859 723 5912 ix,
768 5845 855 5899 l8.

1712 5986 1743 5994 ο.
1778 5992 1834 6000 ,4,
