3992 6400
369 425 481 488 909
1512 422 1594 485 ΙΝ
1632 418 2072 482 LEVITICUM.
2107 444 2176 455 -
2208 419 2356 481 LIB.
2391 419 2485 481 IlI
3544 420 3651 487 910

369 538 548 592 rautia
583 537 904 608 temporalis
942 546 1048 599 cst,
1084 544 1141 591 tt
1182 549 1289 606 qua
1319 543 1606 605 propterea
1635 534 1745 589 cito
1777 532 1952 589 eareri
1987 541 2029 594 Α
2059 532 2282 584 veritate
2329 531 2527 599 priuati
2570 541 2714 597 sunt,
2762 534 3181 590 existimantium
3234 546 3493 607 quanam
3542 552 3652 591 esse

369 630 544 703 possit
577 671 592 696 ,
636 632 723 687 his
769 641 827 687 et
876 631 1116 703 cognitio
1168 629 1416 686 sublimis
1455 637 1512 684 et
1563 628 1673 683 vita
1719 627 1961 684 caelestis
2062 624 2316 690 pietatem
2356 624 2422 678 “.
2468 624 2577 680 llos
2617 640 2747 697 ergo
2788 625 3102 697 signiﬁcant
3137 644 3200 684 ea
3231 642 3354 700 quin
3382 644 3531 685 nunc
3566 630 3653 686 di-

366 721 647 792 adjicitur.
683 722 886 778 liorum
917 738 1049 794 ergo
1081 722 1175 793 qui
1208 738 1322 776 non
1358 730 1488 777 sunt
1522 722 1678 785 tales,
1712 737 1815 775 nec
1843 737 1962 775 car-

357 830 472 872 nes
531 816 861 877 comedere,
918 816 1016 871 sed
1073 830 1177 870 nec
1224 814 1516 870 morticina
1557 818 1811 885 tangere,
1862 829 1966 869 nec

368 906 612 975 aliquam
667 905 1114 973 communionem
1168 906 1395 961 omnino
1448 920 1572 961 eum
1624 906 1707 959 eis
1761 904 1966 960 habere

367 1004 615 1067 oportet.
653 999 798 1068 quod
853 1008 1085 1054 testatur
1127 998 1351 1063 Paulus,
1389 999 1622 1053 dicens:
1662 997 1723 1052 Si
1774 999 1843 1062 is,
1877 999 1967 1069 qui

372 1095 548 1164 frater
592 1095 921 1160 nominatur,
966 1105 1043 1149 est
1093 1096 1403 1166 fornicator,
1456 1105 1551 1148 aut
1605 1111 1822 1158 omnis,
1874 1102 1968 1146 aut

372 1184 534 1238 idolis
579 1185 831 1251 serviens,
882 1194 975 1238 aut
1025 1184 1346 1249 maledicus,
1402 1194 1497 1238 aut
1548 1186 1812 1249 ebriosus,
1875 1191 1968 1236 aut

376 1291 573 1345 rapax,
604 1292 724 1329 cum
748 1275 1051 1345 hujusmodi
1077 1293 1170 1330 nec
1198 1276 1371 1330 cibum
1393 1293 1597 1330 sumere
1621 1277 1686 1329 ".
1718 1275 1965 1337 Adulter,

372 1376 473 1421 aut
505 1383 722 1433 avarus,
752 1377 846 1421 aut
877 1368 1151 1432 ebriosus,
1191 1377 1285 1421 aut
1313 1369 1609 1433 detractor,
1651 1383 1763 1421 non
1807 1367 1973 1421 habet

374 1459 673 1529 pinnulas,
722 1468 784 1513 ut
817 1460 987 1514 vitam
1036 1460 1296 1515 videlicet
1342 1460 1553 1515 habens
1604 1459 1877 1514 sordidam
1916 1468 1973 1513 et

373 1550 742 1606 immundam.
800 1551 1072 1605 idolorum
1123 1561 1306 1606 autem
1370 1551 1552 1606 cultor
1629 1551 1686 1605 in
1742 1551 1827 1605 bis
1877 1550 1970 1620 qui

373 1659 639 1713 squamas
678 1644 904 1708 habent,
939 1660 1050 1699 non
1101 1653 1472 1716 computatur,
1507 1644 1699 1700 duram
1745 1644 1969 1715 quippe,

371 1746 435 1791 et
465 1736 520 1789 in
556 1751 764 1790 morem
798 1744 983 1801 testae,
1029 1744 1193 1806 atque
1240 1736 1601 1792 insanabilem
1647 1736 1854 1791 habere
1893 1735 1973 1791 vi-

308 1834 321 1842 ‘
376 1828 545 1883 detur
595 1827 907 1882 divinorum
959 1828 1357 1898 ignorantiam,
1407 1828 1543 1883 alias
1588 1842 1969 1898 nequaquam,

2064 723 2350 770 itontcrata
2391 725 2523 771 sunt
2558 716 2838 782 animalia,
2880 719 3084 774 victum
3111 736 3178 775 ex
3206 720 3397 791 rapina
3421 722 3653 793 conqui-

2070 811 2261 864 rentia.
2299 810 2558 876 Quasdam
2590 821 2771 868 autem
2802 829 2871 867 cx
2904 812 3009 877 bis,
3039 813 3175 868 alias
3206 828 3336 871 aves
3366 814 3655 874 invadunt.

2067 909 2123 953 et
2156 916 2220 955 ex
2263 903 2651 958 venationibus
2686 920 2877 960 earum
2917 906 3274 973 nutriuntur;
3309 906 3415 963 alia
3441 920 3573 964 vero
3600 907 3657 963 in

2069 992 2261 1048 domus
2313 994 2704 1066 ingredientia,
2750 997 3018 1067 diripiunt
3066 1014 3190 1069 quae
3241 1000 3547 1070 repererint
3588 1015 3661 1056 ne

2066 1085 2290 1154 quidem
2329 1087 2634 1155 gorentium
2670 1088 2917 1144 obsoniis
2952 1091 3257 1161 parcentia,
3289 1091 3492 1161 quibus
3530 1102 3664 1147 sunt

2068 1175 2277 1230 similes
2309 1177 2533 1246 quidam
2585 1177 2678 1248 qui
2725 1187 3016 1248 penetrant
3060 1181 3276 1246 domos,
3315 1189 3373 1236 et
3419 1180 3663 1251 captivas

2066 1269 2281 1325 ducunt
2320 1272 2671 1328 mulierculas
2703 1283 2959 1329 oneratas
2990 1275 3251 1346 peccatis,
3290 1288 3429 1347 quos
3464 1274 3663 1330 Paulus

2068 1367 2270 1437 arguit.
2309 1366 2508 1423 Vultur
2537 1369 2670 1423 rixis
2701 1378 2757 1423 ot
2787 1369 2944 1424 bellis
2981 1372 3204 1441 gaudet,
3241 1378 3468 1441 propter
3496 1369 3663 1425 cada-

2072 1473 2201 1512 vera
2235 1460 2568 1529 praeliorum,
2600 1461 2653 1514 in
2680 1468 2891 1517 tantum
2917 1471 2981 1517 ut
3012 1462 3175 1517 etiam
3221 1470 3483 1532 sequatur
3506 1478 3666 1518 exer-

2071 1549 2266 1604 citum.
2299 1549 2419 1605 Non
2450 1566 2583 1623 ergo
2615 1560 2834 1621 oportet
2865 1552 3097 1607 aliorum
3127 1551 3346 1607 casibus
3374 1551 3529 1622 pasci
3581 1559 3669 1606 at-

2070 1656 2183 1709 que
2226 1642 2426 1697 nutriri
2476 1658 2602 1697 eum
2649 1642 2742 1713 qui
2789 1641 3238 1713 contemplationi
3281 1642 3376 1697 dat
3420 1657 3665 1713 operam.

2072 1733 2294 1788 Corvini
2342 1750 2476 1790 vero
2510 1735 2730 1806 generis
2762 1736 3019 1791 animalia
3056 1745 3192 1791 sunt
3231 1734 3544 1793 alectiouis
3569 1752 3669 1791 ex—

2076 1825 2272 1895 pertia,
2304 1826 2449 1898 quod
2490 1827 2848 1883 manifestum
2874 1837 3054 1885 estex
3085 1840 3177 1894 eo,
3201 1827 3349 1898 quod
3375 1827 3615 1884 emissus
3637 1842 3669 1883 a

377 1925 672 1987 postquam
743 1916 858 1974 Deo
922 1896 1256 1988 conjunctus
1324 1928 1444 1987 est,
1507 1920 1646 1974 ultra
1680 1896 1973 1975 servisset
2008 1896 2046 1951 Β
2077 1917 2211 1983 Noe,
2238 1934 2304 1973 ex
2324 1896 2517 1989 prima
2557 1935 2683 1975 eum
2720 1935 2920 1977 corvus
2958 1896 3273 1977 avolatione
3296 1929 3672 1991 transgressus

380 2008 568 2061 idolis.

460 2098 624 2153 Vsus.
662 2100 848 2156 i349.
885 2121 905 2154 ι
951 2101 1078 2157 Haec
1125 2110 1257 2157 sunt
1301 2119 1423 2173 qum
1460 2103 1527 2158 de
1561 2103 1757 2159 avibus
1791 2119 1975 2159 eome-

376 2193 517 2248 dere
558 2209 668 2247 non
699 2195 934 2255 debetis,
964 2204 1018 2250 et
1050 2196 1266 2251 vitanda
1299 2205 1427 2251 sunt
1469 2198 1622 2251 vobis
1652 2217 1665 2251 :
1708 2200 1968 2268 aquilam,

381 2292 439 2337 ct
467 2284 754 2354 gryphem,
784 2294 839 2339 ct
869 2284 1145 2339 haliaetum
1173 2324 1189 2347 ,
1220 2296 1275 2339 et
1306 2284 1529 2339 milvum
1583 2300 1649 2339 ac
1680 2286 1974 2351 vulturem,

377 2376 541 2444 juxta
577 2389 752 2445 genus
791 2389 954 2428 suum
983 2391 998 2428 :
1028 2383 1085 2428 et
1112 2388 1275 2428 nume
1312 2373 1521 2429 cervini
1568 2375 1784 2445 generis
1815 2375 1868 2429 in
1900 2375 1977 2430 si-

382 2464 753 2519 militudinem
799 2479 952 2518 suam
1000 2481 1014 2516 :
1058 2464 1445 2528 strutltionem,
1488 2473 1768 2529 noctuam,
1802 2473 1858 2519 et
1898 2465 1979 2518 la-

385 2573 530 2621 rum,
564 2567 620 2611 et
665 2557 982 2627 accipitrem
1032 2556 1187 2625 juxta
1230 2571 1403 2627 genus
1451 2571 1637 2619 suum,
1677 2556 1977 2619 bubonem,

382 2660 439 2704 et
490 2651 820 2720 mergulum,
852 2659 909 2704 et
942 2649 1078 2713 ibin,
1114 2664 1366 2720 cycnum,
1402 2657 1459 2704 et
1495 2650 1891 2714 onocrotalum,
1924 2658 1981 2704 et

382 2743 841 2814 porpizyriouem,
896 2742 1275 2808 herodionem,
1321 2752 1377 2797 et
1429 2743 1783 2798 cltaradrium
1825 2743 1980 2813 juxta

387 2846 561 2901 genus
598 2846 783 2895 suum,
818 2846 1057 2900 upupam
1086 2845 1328 2900 quoque,
1364 2839 1421 2885 et
1449 2830 1915 2901 vespertilionem.
1957 2849 1975 2881 ι

458 2920 570 2977 Nec
613 2938 805 2976 eorum
842 2923 935 2993 qui
970 2923 1039 2977 ad
1077 2923 1599 2994 contemplationem
1649 2931 1868 2988 vacant,
1902 2924 1983 2977 vi-

389 3024 500 3070 tam
550 3016 607 3068 in
657 3015 764 3070 hoc
820 3016 1099 3086 legislator
1152 3015 1519 3071 indiscussam
1579 3015 1833 3085 reliquit,
1886 3016 1984 3070 sed

387 3106 854 3176 quemadmodum
915 3106 969 3160 iu
1035 3106 1314 3161 oblatione
1401 3104 1793 3161 sacriﬁciorum
1861 3120 1984 3174 pro-

2075 2020 2177 2074 est,
2205 2010 2291 2064 cui
2328 2011 2524 2065 similis
2581 2008 2754 2067 ludas
2799 2012 2943 2068 circa
2993 2028 3155 2068 suum
3204 2013 3524 2085 magistrum
3569 2012 3673 2067 fuit

2074 2111 2131 2154 ct
2176 2100 2487 2156 Dominum.
2540 2100 2792 2157 Struthio
2844 2102 2963 2157 avis
3008 2101 3229 2173 quidem
3286 2110 3389 2170 est,
3435 2102 3533 2158 sed
3571 2118 3672 2158 νο-

2075 2191 2190 2246 lare
2225 2208 2335 2247 non
2367 2201 2568 2263 potest,
2599 2202 2880 2264 totamque
2905 2194 3074 2249 vitam
3101 2206 3258 2250 suam
3288 2194 3436 2250 circa
3466 2202 3669 2249 terram

2076 2294 2331 2355 occupat,
2384 2286 2576 2356 quales
2622 2297 2754 2342 sunt
2803 2287 3027 2357 quidam
3083 2286 3197 2342 Deo
3247 2286 3566 2351 militantes,
3615 2295 3674 2341 et

2078 2377 2262 2432 smculi
2298 2391 2357 2431 se
2392 2378 2627 2449 negotiis
2667 2378 3035 2447 implicantes.
3083 2378 3350 2433 Noetuam
3385 2392 3538 2442 vero,
3570 2392 3673 2447 pro

2078 2484 2185 2539 qua
2216 2469 2574 2542 Septuaginta
2605 2470 2824 2538 γλαῦκα
2849 2471 3126 2540 dixerunt,
3151 2471 3295 2527 hanc
3316 2478 3577 2527 asserunt
3613 2470 3671 2524 in

2080 2571 2243 2617 nocte
2266 2563 2411 2618 acuti
2436 2578 2558 2618 esse
2589 2564 2759 2628 visus,
2782 2563 2895 2619 sole
2929 2572 3112 2619 autem
3144 2570 3463 2635 apparente,
3486 2563 3672 2618 minus

2083 2653 2321 2709 utilitate
2346 2655 2631 2709 oculorum
2663 2652 2792 2709 frui.
2816 2651 2977 2709 Tales
3002 2663 3133 2709 sunt
3152 2654 3246 2724 qui
3272 2654 3410 2725 legis
3432 2653 3675 2725 glorian-

2088 2757 2175 2801 tur
2217 2747 2684 2817 contemplatione
2716 2756 2775 2801 et
2811 2747 3063 2813 scientia,
3124 2747 3301 2801 lucem
3346 2745 3676 2816 evangelicae

2086 2840 2520 2895 conversationis
2564 2850 2761 2910 capere
2810 2855 2921 2894 non
2966 2839 3234 2895 valentes.
3270 2839 3444 2893 Larus
3474 2837 3677 2892 animal

2087 2940 2171 2985 est
2216 2930 2270 2985 in
2327 2940 2563 3002 utroque
2612 2931 2829 2997 vivens,
2863 2931 2916 2986 id
2963 2940 3050 2987 est
3101 2946 3240 3002 aqua
3286 2939 3345 2985 et
3385 2942 3553 2996 terra,
3582 2928 3679 3000 qui

2085 3024 2229 3079 sicut
2271 3024 2389 3079 avis
2433 3023 2657 3094 quidem
2703 3024 2868 3089 volat,
2903 3033 2964 3078 ut
3003 3023 3242 3094 aquatile
3283 3031 3467 3078 autem
3500 3030 3675 3077 natat.

2084 3116 2185 3171 Cui
2217 3131 2325 3173 non
2360 3118 2504 3174 male
2536 3125 2924 3188 comparantur
2967 3117 3045 3182 lii,
3074 3115 3168 3187 qui
3212 3115 3374 3171 simul
3416 3114 3680 3170 cicumci—

390 3200 572 3270 prium
599 3199 682 3253 eis
711 3199 845 3270 legis
873 3199 1175 3271 capitulum
1201 3198 1507 3270 deputavit,
1534 3199 1607 3253 ita
1628 3206 1684 3253 et
1714 3197 1770 3253 in
1800 3197 1981 3267 inqui-

2087 3210 2298 3266 si0nem
2368 3218 2701 3265 venerantur
2747 3218 2802 3266 et
2852 3209 3144 3281 baptisma,
3183 3207 3251 3265 ad
3296 3222 3437 3280 quos
3479 3205 3681 3263 Paulus
3737 3204 3743 3209 ’

388 3293 593 3348 sitioue
653 3292 901 3348 ciborum
965 3292 1104 3346 lines
1156 3291 1236 3346 eis
1282 3290 1532 3362 proprios
1587 3290 1796 3355 dedit,
1845 3304 1986 3360 quos

390 3382 729 3453 producens,
774 3391 832 3437 et
886 3382 1250 3437 terribiliores
1299 3381 1527 3447 faciens,
1571 3396 1685 3436 non
1730 3380 1875 3438 sicut
1918 3380 1986 3436 de

390 3475 686 3545 pecoribus
714 3483 769 3528 et
807 3475 874 3529 de
908 3475 1174 3545 piscibus,
1215 3475 1382 3529 etiam
1430 3474 1499 3530 de
1542 3474 1628 3528 his
1670 3474 1865 3529 sancit.
1908 3474 1986 3529 lbi

389 3568 541 3621 enim
575 3567 655 3622 ait
689 3587 702 3621 :
735 3567 858 3621 Haec
886 3577 1008 3621 sunt
1063 3567 1330 3621 animalia
1370 3584 1487 3639 quia
1526 3567 1796 3621 comedere
1835 3567 1987 3621 debe-

391 3662 459 3715 tis
494 3662 561 3715 de
604 3662 805 3715 eunetis
849 3660 1213 3714 animantibus
1259 3669 1434 3714 teme.
1474 3658 1540 3714 Et
1580 3674 1774 3714 rursus
1807 3680 1820 3715 :
1860 3658 1989 3715 Han:

387 3761 515 3805 sunt
564 3768 684 3823 qum
730 3752 1022 3822 gignuntur
1070 3751 1127 3803 in
1174 3750 1347 3820 aquis,
1376 3758 1425 3802 et
1457 3749 1593 3802 vesci
1629 3748 1835 3802 licitum
1888 3757 1985 3804 est.

390 3845 495 3899 liic
528 3851 715 3898 autem
750 3862 765 3896 :
805 3841 934 3914 [hec
960 3853 1082 3896 sunt
1128 3859 1245 3914 qua:
1278 3842 1345 3896 tle
1370 3842 1557 3897 avibus
1586 3842 1855 3896 comedere
1884 3858 1990 3895 non

386 3937 615 3997 debetis,
665 3946 713 3991 et
762 3937 983 3990 vitanda
1022 3947 1142 3991 sunt
1194 3936 1356 3990 vobis.
1396 3933 1535 3990 Vere
1581 3935 1990 3990 abominatione

387 4030 624 4100 dignum
674 4036 778 4093 est,
833 4037 889 4082 et
935 4028 1092 4082 valde
1148 4027 1293 4082 inter
1350 4027 1541 4082 illicita
1608 4035 1772 4097 atque
1827 4026 1991 4082 nimis

297 4113 307 4122 ’
386 4119 650 4175 evitanda
680 4118 1212 4184 connumerandum,
1232 4118 1680 4188 contemplationi
1706 4124 1989 4172 vacantem

386 4212 713 4283 quempiam
768 4220 965 4282 sponte
1015 4211 1150 4267 tales
1204 4211 1408 4266 habere
1463 4210 1703 4265 maculas
1738 4250 1754 4274 ,
1801 4209 1992 4280 quales

390 4323 496 4377 per
564 4306 940 4361 dinumeratas
1010 4320 1140 4360 aves
1210 4303 1489 4376 legislator
1552 4301 1855 4373 signiﬁcat;
1915 4299 1993 4355 ait

388 4415 546 4455 enim
593 4416 609 4453 2

469 4512 742 4586 Aquilam,
773 4521 823 4567 et
866 4514 1141 4585 gryphem,
1168 4521 1218 4566 et
1270 4512 1513 4568 aliaztum
1539 4550 1554 4575 ,
1596 4518 1645 4564 et
1671 4510 1887 4565 miluum
1930 4524 1993 4563 ac

2089 3304 2268 3359 dicit:
2310 3302 2368 3359 Si
2416 3303 2884 3370 circuincidenrini,
2916 3301 3153 3359 Christus
3202 3301 3346 3357 vobis
3388 3300 3525 3356 nihil
3555 3314 3683 3371 pro-

2090 3398 2200 3451 dest
2231 3396 2299 3449 ".
2326 3395 2604 3465 Accipiter
2633 3395 2775 3450 inter
2802 3402 3030 3465 rapaces
3070 3409 3200 3450 aves
3239 3402 3342 3460 est,
3373 3393 3539 3449 habet
3576 3406 3683 3448 au-

2092 3499 2202 3544 tem
2241 3489 2498 3559 quiddam
2530 3487 2700 3550 aliud,
2741 3494 2969 3558 propter
2998 3486 3143 3557 quod
3176 3501 3207 3541 a
3242 3486 3551 3559 legislature
3577 3500 3683 3557 po.

2091 3580 2228 3636 situs
2252 3589 2357 3645 est,
2395 3580 2731 3635 mansuescit
2774 3578 2998 3650 quippe,
3030 3587 3088 3634 et
3119 3587 3446 3649 cooperator
3477 3578 3547 3633 ad
3590 3593 3683 3633 ra-

2092 3674 2405 3745 pacitatem.
2440 3673 2613 3739 Quem
2647 3673 2932 3727 imitantur
2959 3670 3014 3726 bi
3040 3670 3133 3741 qui
3157 3670 3430 3725 mansueti
3455 3668 3682 3740 quidem

2091 3766 2349 3820 videntur
2380 3780 2521 3828 esse,
2553 3772 2609 3819 et
2640 3779 2806 3819 sensu
2850 3763 3152 3832 tranquilli,
3186 3770 3315 3818 sunt
3341 3768 3524 3817 autem
3554 3775 3681 3819 eum

2092 3858 2432 3929 potentibus,
2465 3866 2521 3911 et
2553 3856 2754 3923 avaris,
2782 3865 2950 3926 atque
3008 3855 3317 3926 rapacibus.
3360 3853 3684 3926 Nycticorax

2091 3950 2290 4005 animal
2322 3957 2427 4013 est,
2463 3948 2607 4017 quod
2644 3947 2699 4001 in
2729 3956 2895 4003 nocte
2927 3946 3308 4001 tantummodo
3344 3945 3489 4017 repit
3517 3950 3684 4015 atque

2091 4048 2402 4112 operatur:
2450 4040 2591 4095 sicut
2638 4047 2770 4094 sunt
2818 4047 3039 4110 gentes,
3088 4036 3456 4107 inteiligibiles
3504 4040 3684 4092 noctis

2092 4134 2370 4205 operibus,
2405 4146 2527 4203 quae
2571 4141 2701 4188 sunt
2745 4131 3058 4196 iornieatio,
3096 4128 3466 4196 lmmunditia,
3503 4128 3685 4199 impu-

2091 4226 2299 4289 dicitis,
2331 4225 2601 4280 idolorum
2628 4224 2832 4287 cultus,
2861 4232 2918 4278 et
2946 4222 3034 4277 bis
3069 4220 3293 4276 simiiia.
3330 4219 3438 4274 ibis
3470 4227 3527 4274 et
3554 4230 3686 4290 por-

2093 4320 2326 4393 phyrion
2373 4329 2437 4376 .et
2471 4332 2635 4391 quem
2675 4316 3034 4388 Septuaginta
3066 4314 3353 4369 nominant
3380 4312 3684 4384 pelicanus,

2093 4423 2148 4469 et
2192 4428 2417 4486 cycnus,
2471 4420 2528 4467 et
2579 4409 2860 4474 herodius,
2910 4410 2965 4463 et
3010 4406 3327 4471 charadius,
3364 4404 3509 4477 longi
3560 4418 3686 4460 esse

2095 4505 2243 4570 colli,
2272 4504 2605 4573 trabereque
2645 4501 2830 4557 cibum
2874 4508 2941 4554 ex
2973 4497 3266 4553 altitudine
3320 4505 3483 4551 terra:
3520 4503 3687 4565 atque

392 4604 661 4659 vulturem
706 4603 867 4673 juxta
919 4619 1082 4673 genus
1138 4614 1331 4657 suum.
1376 4603 1644 4670 Rapaces,
1689 4608 1745 4653 et
1800 4599 1981 4653 cibum
2017 4606 2062 4662 ι)
2092 4612 2357 4669 aquarum
2399 4595 2707 4650 dicuntur:
2743 4606 2865 4660 quae
2896 4589 3155 4646 animalia
3198 4587 3403 4643 imitari
3442 4595 3685 4658 oportet,

367 4700 639 4756 'alienum
708 4698 849 4753 maia
917 4704 1229 4765 sectantes,
1296 4696 1707 4766 qtuestibusque
1767 4694 1987 4764 iniustis

397 4790 726 4865 gaudentes.
760 4804 858 4859 per
886 4788 1141 4859 praedicta
1176 4786 1465 4858 signiﬁcat.
1496 4784 1634 4851 Quia
1672 4782 1823 4838 enim
1862 4782 1989 4853 qui-

398 4884 525 4938 dam
563 4881 921 4935 inveniuntur
950 4881 1006 4934 in
1035 4879 1316 4943 Ecclesiis,
1348 4878 1492 4932 inter
1520 4889 1617 4931 eos
1652 4875 1747 4946 qui
1792 4884 1990 4941 putan-

400 4982 491 5030 tur
536 4972 985 5042 contemplationi
1037 4985 1261 5041 operam
1306 4969 1460 5030 dare,
1497 4967 1591 5038 qui
1635 4980 1746 5021 non
1792 4980 1991 5036 quem-

397 5067 695 5123 admodum
738 5066 966 5130 debent,
1003 5064 1074 5119 ad
1120 5064 1226 5118 hoc
1261 5073 1478 5126 vacant,
1523 5060 1618 5116 sed
1668 5060 1870 5115 frustra
1905 5058 1994 5113 iu—

397 5160 622 5223 llantur,
661 5159 789 5213 audi
822 5157 1049 5212 Paulum
1080 5157 1352 5213 dicentem
1391 5172 1405 5209 :
1432 5152 1494 5210 Si
1523 5153 1640 5224 quis
1672 5149 1784 5205 alia
1821 5151 1992 5210 docet,

396 5262 446 5307 et
494 5269 599 5307 non
653 5250 939 5322 acquiescit
985 5250 1131 5304 scitis
1184 5246 1508 5303 sermonibus
1558 5243 1775 5298 Domini
1828 5241 1994 5296 nostri

397 5344 523 5397 Iesu
552 5339 773 5404 Christi,
799 5349 849 5395 et
879 5342 926 5395 ei
953 5340 1047 5412 qui
1078 5339 1366 5395 secundum
1404 5339 1656 5408 pietatem
1689 5343 1763 5389 est
1794 5334 1993 5388 doctri-

402 5452 503 5502 nae,
544 5436 797 5505 superbus
839 5443 938 5500 est,
981 5433 1115 5489 nihil
1164 5434 1353 5497 sciens,
1402 5430 1492 5487 sed
1545 5431 1802 5503 languens
1850 5426 1991 5481 circa

402 5529 715 5599 quationes
762 5538 812 5582 et
854 5543 1062 5598 pugnas
1100 5526 1397 5588 verborum,
1428 5541 1494 5579 ex
1522 5523 1712 5595 quibus
1751 5523 1996 5576 oriuntur

403 5621 640 5687 incidite,
673 5621 1046 5682 contentiones,
1074 5618 1431 5689 blasphemiar,
1457 5616 1781 5686 suspiciones
1812 5611 1991 5676 malai,

404 5712 824 5783 conﬂictationes
848 5711 1119 5766 hominum
1145 5721 1315 5765 mente
1341 5720 1731 5778 corruptorum,
1760 5715 1808 5760 et
1835 5704 1925 5775 qui
1960 5719 1995 5756 a

465 5866 512 5899 ’³
563 5889 582 5943 ι
622 5888 752 5946 Cor.
804 5906 860 5953 v,
894 5889 979 5944 ll.
1058 5889 1103 5921 ’δ
1131 5886 1152 5941 l
1179 5886 1320 5942 Tim.
1356 5902 1430 5953 vt,
1462 5886 1518 5950 5,
1551 5887 1605 5941 l.
1684 5884 1729 5916 "
1760 5880 1938 5939 Galat.
1980 5896 2033 5947 ν,
2066 5877 2122 5934 2.

2094 4702 2198 4746 nec
2220 4689 2289 4745 de
2314 4684 2665 4743 inferioribus
2680 4684 2918 4741 evellere
2928 4683 3137 4747 cibum,
3152 4680 3249 4737 sed
3267 4681 3335 4735 de
3348 4679 3685 4736 cmlestibus.

2097 4782 2192 4838 llle
2218 4780 2491 4851 siquidem
2518 4772 2968 4847 contemplationi
2993 4784 3169 4839 vacat,
3192 4772 3286 4844 qui
3308 4773 3378 4828 ad
3402 4771 3689 4843 superiora

2097 4883 2286 4930 mente
2317 4871 2622 4935 contendit,
2659 4872 2716 4925 et
2754 4883 2866 4923 non
2917 4866 3092 4923 solum
3132 4863 3552 4935 intelligin,
3589 4863 3691 4920 sed

2102 4970 2160 5018 et
2188 4959 2505 5016 sensibiiem
2532 4957 2717 5013 cibum
2752 4974 2781 5009 a
2816 4949 2929 5010 Deo
2952 4959 3267 5024 exspectat:
3300 4951 3448 5007 unde
3473 4952 3553 5006 ait
3581 4949 3691 5005 Do-

2104 5053 2287 5109 minus
2310 5068 2326 5108 :
2353 5051 2531 5106 Nolite
2557 5047 2768 5105 solliciti
2794 5058 2906 5103 esse
2928 5047 3125 5102 anime
3149 5053 3358 5111 vestra,
3383 5045 3514 5116 quid
3530 5050 3691 5098 mana

2102 5144 2323 5207 (lucetis,
2338 5156 2503 5213 neque
2527 5139 2759 5210 corpori,
2774 5138 2905 5206 quid
2925 5138 3232 5192 induamini
3256 5152 3276 5191 :
3295 5136 3394 5192 scit
3417 5135 3559 5189 uita
3579 5130 3691 5188 Pa-

2101 5246 2183 5290 ter
2223 5222 2390 5289 vester
2422 5232 2659 5297 scelestis,
2696 5231 2823 5301 quia
2872 5228 3115 5283 omnibus
3158 5228 3239 5282 his
3284 5236 3489 5280 necesse
3527 5224 3690 5278 habe»

2102 5331 2169 5384 tis
2191 5329 2258 5382 ’⁵.
2292 5326 2486 5398 Upupa
2515 5324 2745 5396 lugubre
2772 5321 2973 5377 animal
3000 5333 3302 5390 amansque
3326 5320 3535 5373 luctum
3564 5320 3649 5371 est
3668 5320 3689 5371 ':

2102 5420 2286 5477 seculi
2334 5424 2519 5474 autem
2574 5414 2795 5471 tristitia
2847 5422 3082 5469 mortem
3129 5418 3407 5482 operatur.
3458 5405 3692 5478 Pmpter

2101 5513 2247 5585 quod
2288 5515 2514 5583 oportet
2549 5520 2676 5564 eum
2720 5506 2813 5578 qui
2856 5505 3033 5576 diligit
3082 5503 3253 5558 Deum
3302 5514 3527 5571 semper
3558 5512 3695 5571 gau-

2104 5607 2254 5669 dere,
2286 5604 2407 5660 sine
2448 5600 2861 5657 intermissione
2898 5610 3077 5663 orare,
3112 5596 3169 5650 in
3203 5592 3462 5649 omnibus
3489 5590 3696 5664 gratias

2104 5714 2267 5772 agerc
2297 5716 2311 5752 :
2344 5696 2472 5767 quia
2511 5693 2771 5766 gaudium
2821 5690 3033 5746 fructus
3061 5695 3147 5745 est
3180 5683 3428 5758 Spiritus.
3455 5682 3695 5754 Vesper-

2212 5879 2259 5909 "
2288 5873 2481 5931 Matth.
2510 5888 2586 5938 τι,
2617 5869 2710 5939 3|,
2739 5869 2832 5925 39.
