3992 6394
409 417 505 486 9H

1606 412 1970 473 HESYCHII
2008 406 2479 469 PRESBYTERI

3587 416 3688 481 9i!

413 544 629 598 tiliones
661 540 806 594 circa
839 547 1037 591 terram
1070 530 1271 591 volant,
1296 527 1368 581 ita
1402 536 1461 580 ut
1484 522 1680 593 pennis
1713 536 1814 591 pro
1847 519 1998 589 pcdi-
2033 532 2071 587 Α
2103 516 2197 571 sed
2230 526 2433 577 tamen,
2461 518 2587 586 quia
2616 532 2727 572 non
2759 520 3058 574 secundum
3092 521 3375 578 veritatem
3396 568 3408 590 ,
3435 526 3691 583 socialem

411 637 515 690 bus
542 642 768 688 utantur
794 626 1013 699 quando
1045 620 1326 677 ambulant
1364 637 1377 671 :
1416 614 1563 686 qttod
1604 612 1885 684 indignum
1918 617 2001 662 est

410 730 465 781 in
514 727 597 782 eis
644 724 737 795 qui
776 713 1225 788 contemplationi
1277 712 1410 765 dant
1460 720 1683 778 operam
1767 715 2002 772 quorum

412 818 561 872 enim
595 825 679 870 est
726 812 941 869 velatus
981 809 1126 863 circa
1176 814 1399 865 terram,
1432 799 1629 853 horum
1663 799 1828 849 etiam
1868 805 2001 845 con-

411 909 696 981 templatio
724 904 918 976 procul
949 900 1116 956 dubio
1156 898 1212 951 in
1254 893 1489 949 terrenis
1517 895 1838 986 occupatur.
1871 884 2001 986 .Non

412 1015 541 1071 ergo
581 996 896 1053 incredulus
942 994 1018 1047 sis
1067 1006 1172 1046 nec
1212 987 1452 1049 dubites,
1485 980 1631 1075 quod
1666 981 1782 1075 haec
1811 980 1998 1075 etiam,

410 1070 532 1159 quin
576 1101 726 1142 nunc
756 1086 1104 1140 dinumerata
1135 1086 1284 1143 sunt,
1324 1073 1599 1136 animalia,
1631 1070 1699 1125 ad
1729 1070 2001 1123 ostensio-

410 1196 536 1236 ncnt
566 1179 905 1250 ﬁguramque
932 1189 1148 1239 eorum,
1179 1187 1208 1224 a
1236 1170 1436 1239 quibus
1476 1164 1754 1220 abstinere
1797 1159 2002 1214 debent

409 1269 861 1343 contemplationi
899 1274 1177 1328 vacantes,
1213 1261 1397 1333 posuit
1435 1257 1728 1330 legislator.
1776 1252 1882 1309 Sed
1915 1253 2000 1306 in-

407 1368 565 1437 quies
595 1385 608 1422 :
645 1363 934 1433 Quomodo
968 1362 1163 1415 horum
1195 1354 1512 1410 animalium
1545 1364 1653 1404 non
1684 1347 1861 1409 cibus,
1904 1345 1999 1447 sed

409 1460 645 1515 imitatio
692 1439 1057 1529 prohibetur,
1106 1465 1230 1505 cum
1275 1447 1526 1518 pelicano
1569 1450 1627 1495 et
1671 1439 1998 1511 nycticoraci

410 1552 578 1606 David
627 1548 898 1620 propheta
947 1542 1305 1610 semetipsum
1349 1530 1720 1603 comparavit,
1762 1529 1994 1629 dicens:

411 1642 615 1698 Similis
649 1643 824 1712 factus
855 1637 1095 1708 pelicano
1131 1649 1269 1698 sum,
1302 1632 1472 1702 factus
1513 1641 1627 1679 smn
1667 1624 1801 1675 sicut
1830 1624 1998 1691 nycti-

410 1751 573 1790 corax
611 1736 667 1787 in
707 1730 974 1786 domicilio
999 1729 1081 1781 "‘l
1129 1725 1232 1780 Per
1277 1721 1511 1793 aquilam
1563 1726 1743 1771 autem
1789 1713 1999 1782 Moyses

410 1828 593 1896 ipsum
642 1821 913 1895 signiﬁcat
959 1820 1153 1884 Deum,
1185 1817 1459 1870 dicentem
1504 1809 1571 1865 ad
1613 1805 1776 1860 Israel
1810 1821 1822 1857 :
1855 1802 1997 1896 Quo-

2104 611 2511 680 amplectuntur
2546 612 2741 677 vitam,
2780 613 3081 668 abutuntur
3104 624 3287 671 autem
3322 621 3692 688 compastione

2105 699 2511 763 praedicationis
2544 716 2644 769 pro
2692 702 2807 757 suis
2835 704 3229 774 voluptatibus,
3262 707 3527 764 immundi
3569 724 3694 768 sunt

2103 797 2267 857 atque
2314 789 2733 856 abominabiles,
2784 802 2975 862 utpote
3022 795 3116 863 qui
3168 796 3219 847 in
3269 797 3358 850 tali
3402 812 3694 855 conversa-

2104 881 2273 947 tione,
2316 889 2373 935 ct
2416 881 2469 934 in
2516 882 2605 935 tali
2648 884 2897 947 scientia,
2926 893 3139 955 turpem
3178 890 3468 956 quamdam
3515 891 3695 962 ingre-

2102 969 2331 1025 diuntur
2377 981 2433 1027 et
2475 972 2812 1028 immundam
2866 975 3054 1029 vitam.
3096 975 3307 1042 Quibus
3350 989 3534 1034 autem
3567 991 3692 1037 sunt

2102 1081 2265 1120 crura
2308 1065 2629 1129 excelsiora,
2664 1075 2725 1120 ut
2766 1081 2865 1137 per
2902 1083 2966 1121 ea
3005 1069 3259 1123 exsiliant
3296 1085 3327 1122 a
3360 1079 3528 1133 leua,
3553 1074 3696 1129 inter

2102 1157 2307 1212 munda
2331 1166 2619 1227 prepterea
2639 1160 3095 1229 ponuntur,quia,
3117 1176 3244 1216 cum
3276 1164 3387 1217 sint
3418 1165 3470 1217 in
3503 1180 3694 1229 carne,

2103 1266 2213 1305 non
2252 1253 2554 1306 secundum
2584 1265 2809 1306 carnem
2853 1254 3107 1317 militant,
3138 1255 3233 1309 sed
3264 1270 3294 1308 a
3325 1256 3561 1311 sordidis
3599 1272 3696 1311 ex-

2102 1342 2295 1397 siliunt
2338 1342 2671 1408 actionibus,
2727 1352 2783 1397 et
2835 1344 3190 1400 saecularibus
3257 1346 3592 1413 hominibus,
3639 1361 3698 1404 ut

2103 1434 2339 1489 doceant
2368 1450 2463 1489 eos
2494 1445 2659 1506 atque
2695 1437 2986 1502 instruant,
3035 1439 3439 1507 permiscentur
3470 1460 3483 1494 :
3514 1445 3587 1496 ita
3638 1455 3697 1498 ut

2105 1536 2162 1581 et
2191 1542 2316 1580 cum
2348 1526 2611 1582 adulteris
2649 1528 2963 1598 aliquando,
3001 1541 3056 1584 et
3087 1547 3210 1586 cum
3249 1533 3561 1603 publicanis
3595 1536 3695 1589 ha-

2101 1621 2301 1686 bitent,
2326 1631 2382 1675 et
2404 1633 2583 1676 tamen
2616 1623 2914 1678 immundis
2943 1639 3132 1679 eorum
3159 1641 3268 1680 non
3295 1627 3693 1682 commiscean—

2102 1723 2191 1767 tur
2220 1713 2529 1767 actionibus
2567 1732 2579 1767 :
2618 1715 2867 1769 resiliunt
2909 1716 3055 1771 enim
3086 1717 3155 1771 ab
3192 1718 3293 1782 eis,
3346 1728 3403 1773 et
3447 1722 3691 1785 avolant,

2100 1813 2156 1858 et
2185 1818 2311 1856 cum
2346 1805 2662 1859 societatem
2708 1807 2918 1876 peccati
2949 1808 3192 1878 ipsorum
3239 1811 3536 1881 refugiant,
3564 1827 3695 1883 pec-
3734 1801 3741 1807 ’

409 1894 564 1973 ,ίωάυ
601 1894 922 1986 parauerim
958 1927 1046 1964 υοε
1076 1924 1236 1977 super
1271 1905 1390 1959 atus
1420 1900 1727 1973 aquilarum
1756 1896 1833 1948 "1’
1861 1894 1997 1949 Nam
2037 1903 2072 1957 Β
2101 1899 2380 1953 caloribus
2419 1905 2622 1965 tamen,
2652 1908 2712 1952 ut
2744 1914 2841 1952 eos
2874 1915 2905 1953 a
2940 1909 3288 1969 peccatorum
3329 1903 3585 1959 sordibus
3625 1903 3692 1956 li.

406 2022 462 2068 et
512 2009 795 2079 prophetas
852 2005 1069 2059 leonem
1109 1999 1389 2053 Christum
1441 1991 1737 2063 appellant,
1778 1989 1994 2041 leonem

406 2110 591 2156 autem
617 2115 647 2153 e
670 2098 888 2153 diverso
921 2108 1045 2148 esse
1084 2091 1278 2145 Petrus
1317 2086 1591 2142 diabolum
1624 2082 1753 2137 dicit
1777 2081 1857 2145 ³’;
1890 2094 1994 2132 nec

408 2204 588 2248 tamen
623 2191 924 2244 secundum
956 2186 1061 2239 hoc
1089 2183 1175 2237 leo
1223 2179 1495 2240 Christus,
1520 2173 1822 2229 secundum
1849 2169 1993 2239 quod

405 2262 653 2337 diabolus
687 2278 904 2333 dicitur.
938 2273 1098 2329 Absit
1139 2288 1169 2325 a
1234 2269 1414 2333 nobis,
1452 2267 1595 2323 absit
1648 2263 1751 2317 ista
1798 2260 1994 2330 impiv-

407 2386 492 2430 tas
524 2392 538 2428 :
570 2373 666 2428 sed
698 2370 825 2441 quia
868 2367 1031 2424 simul
1072 2365 1303 2436 regium,
1342 2375 1558 2416 necnon
1608 2372 1793 2428 rapax,
1833 2363 1995 2423 atque

406 2468 616 2523 immite
642 2475 726 2521 est
751 2461 977 2527 animal,
1009 2472 1243 2528 eumque
1276 2456 1597 2526 dignitatem
1644 2448 1992 2507 laudabilem,

406 2555 823 2627 vituperabilem
862 2560 1047 2606 tamen
1084 2548 1460 2618 Operationem
1494 2551 1665 2614 gerat,
1700 2539 1845 2610 quod
1875 2538 1995 2607 qui-

405 2650 529 2702 dent
573 2645 843 2700 laudabile
889 2642 1074 2707 habet,
1106 2642 1210 2694 hoc
1248 2638 1303 2693 in
1337 2635 1539 2691 Christi
1591 2648 1758 2704 regno
1794 2632 1996 2700 accipi-

406 2749 515 2804 tur,
553 2738 700 2809 quod
730 2745 913 2792 autem
940 2731 1325 2803 vituperabile,
1359 2729 1412 2783 in
1444 2726 1683 2789 diabolo,
1715 2724 1768 2779 id
1797 2733 1881 2779 est
1910 2739 1997 2776 ra-

406 2833 638 2904 pacitas,
669 2828 1139 2891 imntansttetudo.
1187 2823 1343 2890 Quod
1388 2832 1445 2876 et
1498 2821 1551 2875 in
1601 2819 1778 2889 aquila
1820 2817 1997 2872 consi-

406 2929 690 2988 derantes,
724 2923 845 2977 sine
875 2920 1056 2989 aliqua
1097 2917 1376 2971 dubietate
1412 2913 1740 2985 reperimus,
1776 2918 1997 2980 propter

406 3018 755 3073 altitudinem
807 3012 958 3068 enim
1016 3010 1230 3065 volatus
1280 3006 1435 3076 ejus,
1494 3004 1717 3075 ﬁguram
1768 3001 1888 3070 ejus
1939 2999 1993 3052 in

409 3113 581 3165 Deum
632 3105 869 3176 sumpsit
910 3101 1152 3173 Moyses;
1193 3098 1318 3167 quia
1383 3110 1510 3151 vero
1562 3108 1749 3164 rapax,
1796 3108 1826 3145 a
1874 3091 1996 3145 cibo

405 3205 528 3274 ejus
553 3196 940 3255 abstinendum
976 3192 1133 3248 dixit.
1165 3189 1437 3258 Propheta
1468 3196 1652 3247 autem
1694 3184 1881 3249 David,
1914 3184 1997 3274 lus

407 3266 542 3362 gens
582 3286 858 3343 hominem
908 3284 961 3335 in
997 3290 1222 3351 peccato
1256 3277 1636 3341 constitutum,
1669 3272 1995 3345 nycticoraci
2024 3266 2065 3322 C

408 3382 582 3443 hunc,
620 3377 765 3431 sicut
800 3374 853 3427 in
892 3382 1055 3426 nocte
1087 3369 1383 3433 viventem,
1420 3364 1758 3435 comparavit
1791 3363 1858 3415 ³⁸.
1892 3362 1996 3415 Per

408 3470 720 3541 pelicanum
772 3472 980 3528 autem,
1023 3467 1210 3529 utpote
1252 3474 1349 3528 per
1390 3456 1591 3511 animal
1632 3468 1823 3509 amans
1867 3452 1995 3508 soli-

406 3560 678 3621 tudinem,
714 3554 967 3627 ﬁguravit
1000 3567 1148 3617 eum,
1177 3550 1271 3621 qui
1318 3547 1500 3605 forsan
1548 3546 1740 3602 amicis
1783 3546 1994 3600 desola-

406 3666 498 3711 tus
530 3660 632 3716 est,
659 3657 754 3704 aut
775 3645 1042 3717 cognatis,
1072 3643 1416 3713 aliorumque
1442 3639 1702 3695 similium
1734 3639 1991 3694 societate

406 3744 723 3801 destitutus.

479 3837 640 3892 Vsas.
672 3833 862 3891 (ἑο-22.
895 3855 916 3887 ι
950 3833 1125 3889 Omne
1168 3830 1237 3886 de
1271 3829 1603 3890 volucribus,
1635 3827 1779 3899 quod
1813 3824 1992 3897 gradi-

404 3942 493 3985 tur
540 3935 986 4001 superquatuor
1026 3925 1213 3996 pedes,
1256 3922 1623 3979 abominabile
1663 3921 1766 3975 erit
1810 3917 1988 3974 vobis.

401 4022 682 4092 Quidquid
722 4031 907 4076 autem
942 4019 1183 4074 ambulat
1208 4017 1427 4088 quidem
1462 4030 1628 4086 super
1661 4014 1827 4084 pedes
1855 4026 1991 4081 qua-

404 4127 546 4178 tuor,
582 4114 676 4169 sed
713 4113 880 4170 habet
905 4112 1148 4183 largiora
1187 4118 1333 4164 retro
1370 4124 1549 4173 crura,
1585 4121 1681 4177 per
1709 4119 1832 4175 quae
1869 4102 1993 4159 salit

402 4222 573 4273 super
607 4214 828 4271 terram,
857 4204 1144 4259 comedere
1174 4201 1407 4269 debetis,
1446 4210 1510 4255 ut
1541 4206 1627 4253 est
1658 4197 1903 4251 bruchus
1933 4195 1990 4248 itt

401 4310 604 4367 genere
630 4310 753 4360 suo,
782 4302 1016 4360 attaeus,
1038 4302 1203 4364 atque
1235 4289 1633 4363 ophiomaclms
1663 4301 1727 4341 ac
1757 4286 1986 4353 locusta,

402 4387 611 4459 singula
635 4387 787 4458 juxta
816 4401 992 4458 genus
1024 4400 1205 4441 suum.
1247 4403 1266 4436 ι

470 4483 554 4536 Ab
607 4480 755 4536 onmi
803 4479 1038 4535 mundos
1081 4493 1203 4534 esse
1261 4486 1517 4548 peccato,
1557 4483 1730 4543 atque
1773 4471 1990 4527 actione

2099 1988 2295 2041 berent
2360 1996 2523 2058 atque
2590 1997 2890 2055 revocent,
2946 1989 3272 2061 plerumque
3325 1992 3689 2047 cohabitant:

2097 2082 2240 2137 sicut
2278 2080 2587 2145 Dominus,
2639 2082 2731 2151 qui
2770 2092 3043 2149 peccatum
3077 2099 3179 2136 non
3215 2085 3359 2154 fecit,
3393 2100 3485 2138 nec
3518 2086 3573 2138 in
3603 2103 3695 2139 ore

2098 2173 2212 2242 ejus
2242 2172 2393 2226 dolus
2421 2173 2529 2243 fuit
2554 2173 2619 2238 ³³,
2663 2187 2787 2228 cum
2833 2175 3216 2244 peccatoribus
3257 2178 3582 2233 comedebat
3636 2188 3694 2233 et

2098 2265 2338 2327 bibebat,
2369 2264 2616 2319 doctrina
2648 2280 2743 2320 eos
2784 2265 3239 2337 institutioneque
3280 2269 3607 2338 justiticans,
3638 2283 3693 2328 et

2098 2358 2164 2411 ad
2206 2358 2287 2411 sui
2325 2373 2627 2428 provocans
2661 2359 3090 2424 :cmulationem,
3142 2362 3280 2415 nihil
3333 2378 3526 2418 eorum
3573 2365 3694 2435 ipse

2102 2449 2341 2514 imitans,
2373 2465 2475 2504 nec
2504 2450 2573 2503 ab
2601 2450 2681 2503 eis
2713 2450 3048 2521 inquinatus.
3088 2450 3320 2523 Propter
3353 2457 3497 2525 quod
3537 2457 3691 2511 dixe-

2100 2549 2229 2592 runt
2255 2539 2478 2594 Cantica
2509 2541 2850 2595 canticorum
2882 2561 2893 2596 :
2924 2541 3058 2596 Ecce
3101 2545 3197 2596 iste
3227 2546 3365 2598 venit
3395 2546 3595 2600 saliens
3635 2548 3690 2600 in

2100 2633 2381 2695 montibus,
2423 2634 2685 2687 transiens
2743 2649 2903 2703 super
2959 2634 3114 2688 colles
3158 2635 3224 2690 ".
3277 2637 3503 2706 Oportet
3561 2654 3690 2710 ergo

2100 2740 2201 2779 nos
2247 2725 2450 2779 habere
2498 2740 2659 2780 crura
2706 2726 3025 2781 sublimiora
3069 2728 3326 2798 pedibus,
3359 2746 3469 2784 non
3508 2733 3689 2802 qualia

2099 2817 2414 2872 Judmorum
2452 2819 2619 2888 pedes
2654 2818 2875 2884 habent,
2910 2818 3002 2889 qui
3044 2818 3099 2872 in
3133 2820 3419 2891 utriusque
3449 2824 3691 2895 vestigiis

2100 2911 2238 2976 suis,
2273 2911 2326 2966 in
2364 2912 2481 2981 lege
2512 2911 2767 2966 videlicet
2795 2920 2851 2966 et
2879 2912 3184 2982 prophetis,
3220 2914 3563 2982 claudicant;
3594 2919 3688 2971 sed

2099 3002 2278 3072 qualia
2312 3002 2518 3056 habent
2557 3017 2642 3070 ea,
2683 3017 2805 3072 quae
2838 3002 3096 3058 dicuntur
3131 3002 3449 3072 Cherubim,
3480 3009 3546 3062 de
3571 3006 3690 3077 qui-

2100 3097 2204 3150 bus
2231 3095 2437 3150 dictum
2467 3104 2551 3149 est
2576 3112 2590 3148 :
2623 3093 2689 3148 Et
2716 3113 2872 3150 crura
2905 3113 3084 3151 eorum
3115 3114 3271 3152 crura
3300 3110 3460 3165 recta,
3488 3110 3536 3153 et
3563 3117 3694 3171 pen—

2103 3188 2217 3240 nati
2258 3188 2413 3256 pedes
2454 3204 2656 3256 eorum,
2700 3197 2848 3244 recte
2884 3198 2937 3243 et
2963 3189 3418 3246 indeclinabiliter
3443 3193 3495 3246 in
3524 3209 3690 3249 evan-

2101 3280 2289 3348 gelicis
2341 3280 2573 3350 pedibus
2624 3298 2635 3334 :
2682 3282 2749 3336 de
2797 3281 2994 3351 quibus
3040 3283 3243 3337 dictum
3284 3295 3366 3339 est
3403 3304 3416 3340 :
3453 3284 3691 3341 Calccati

2099 3374 2254 3440 pedes
2274 3373 2328 3424 in
2366 3374 2758 3443 prmparatione
2784 3373 3063 3445 Evangelii
3093 3377 3240 3445 pacis
3255 3377 3319 3431 ⁸⁵.
3352 3377 3470 3437 Hic.
3499 3395 3690 3448 quam-

2099 3463 2181 3519 vis
2214 3479 2382 3534 super
2419 3473 2620 3518 terram
2657 3465 2919 3533 ambulet,
2974 3468 3224 3538 quamvis
3265 3482 3389 3523 cum
3433 3478 3687 3538 peccato-

2099 3557 2251 3611 ribus
2284 3557 2715 3627 dispensationis
2768 3559 3050 3629 cujusdam
3083 3561 3251 3630 gratia
3282 3562 3689 3632 juvaminisque

2097 3659 2478 3715 conversetur,
2509 3649 2641 3705 illud
2672 3650 2905 3721 implens
2934 3654 3295 3721 apostolicum
3331 3671 3342 3705 :
3374 3646 3433 3709 Si
3459 3656 3576 3724 quis
3602 3671 3687 3709 vos

2095 3751 2245 3794 vocat
2289 3742 2584 3812 inﬁdelium
2621 3744 2692 3796 ad
2730 3760 2952 3809 caenam,
2978 3755 3023 3798 ct
3058 3745 3214 3799 vultis
3248 3746 3344 3814 ire,
3371 3762 3525 3800 omne
3552 3749 3688 3818 quod

2095 3836 2234 3889 vobis
2270 3838 2567 3906 appositum
2607 3838 2787 3909 fuerit,
2825 3839 3100 3904 comedite,
3135 3838 3266 3891 nihil
3301 3840 3686 3910 interrogantes

2095 3938 2312 3998 propter
2332 3930 2709 3983 conscientiam
2734 3930 2779 3962 ³⁸
2807 3946 2820 3981 :
2858 3938 3041 3984 tamen
3076 3931 3296 3987 volatile
3328 3942 3611 4002 permanet
3634 3945 3687 3988 ct

2094 4020 2333 4075 mundus
2364 4030 2470 4084 est,
2510 4021 2689 4077 sciens
2718 4037 2748 4075 a
2780 4033 2922 4077 terra
2971 4023 3209 4078 emicare
3245 4032 3410 4094 atque
3443 4026 3680 4092 exsilire,

2093 4121 2148 4166 et
2177 4126 2286 4167 non
2318 4112 2603 4169 adhaarere
2641 4114 2998 4170 saecularibus
3031 4115 3361 4171 actionibus.
3404 4115 3553 4172 Bene
3589 4135 3683 4173 au-

2095 4213 2204 4258 tem
2243 4204 2434 4259 talium
2478 4206 2797 4261 animalium
2837 4206 3003 4261 etiam
3043 4207 3306 4263 vocabula
3348 4211 3575 4279 protulit
3607 4211 3682 4264 lc-

2093 4295 2338 4366 gislator,
2396 4296 2704 4363 brucbum,
2757 4297 3155 4366 etlocustam,
3194 4308 3467 4365 attacum,
3521 4311 3682 4372 atque

2093 4387 2521 4456 ophiomachum
2565 4389 2878 4445 nominans.
2920 4389 3091 4460 Cujus
3133 4400 3314 4446 autem
3350 4395 3681 4464 operationis

2094 4477 2226 4543 sint,
2258 4479 2375 4534 sive
2420 4480 2658 4546 virtutis,
2685 4478 2900 4535 Nahum
2930 4482 3197 4551 propheta
3240 4483 3373 4537 satis
3404 4485 3678 4555 explanat,

401 4575 641 4640 sordida,
674 4588 769 4630 eos
797 4574 890 4644 qui
923 4571 1402 4659 contemplativant
1437 4568 1602 4623 vitam
1638 4566 1982 4638 pollicentur,

2097 4571 2168 4624 ait
2205 4571 2350 4624 enim
2385 4590 2398 4625 :
2441 4570 2681 4626 Brucltus
2706 4588 2971 4643 expansus
2999 4584 3093 4639 est,
3129 4584 3177 4627 et
3206 4577 3435 4630 avolavit
3464 4593 3482 4631 :
3509 4588 3682 4633 custo-

401 4674 639 4736 oportet.
683 4664 975 4735 Propterea
1026 4650 1340 4732 quicunque
1396 4658 1614 4729 quidem
1673 4657 1986 4712 volatilibus

402 4754 609 4811 similes
635 4762 790 4820 sunt,
818 4768 1185 4823 supernorum
1215 4750 1470 4807 videlicet
1495 4748 1707 4818 assequi
1736 4755 1986 4802 contem-

401 4844 696 4915 plationem
736 4844 1142 4915 promittentes,
1189 4858 1310 4912 qua:
1359 4840 1512 4896 ducit
1555 4839 1622 4895 ad
1663 4839 1853 4902 caelos,
1890 4838 1989 4893 scd

402 4938 689 5008 reptilibus
712 4945 1131 5007 comparantur,
1175 4935 1304 5004 quia
1348 4934 1716 5002 depascuntur
1760 4941 1985 4994 terram,

402 5040 459 5088 et
486 5030 946 5103 concupiscentiis
975 5042 1201 5098 operam
1235 5029 1389 5091 dant,
1420 5025 1636 5081 etiamsi
1668 5025 1720 5079 in
1753 5031 1989 5094 quatuor

401 5126 684 5183 ambulant
716 5124 906 5196 pedes,
938 5123 991 5178 id
1025 5131 1131 5188 est,
1166 5121 1270 5177 etsi
1312 5120 1681 5191 evangelicam
1727 5117 1990 5172 simulant

401 5219 871 5293 praedicationem,
906 5232 1028 5286 quae
1064 5214 1201 5269 dixit
1231 5232 1242 5266 :
1276 5214 1394 5267 Non
1425 5212 1540 5266 veni
1579 5224 1767 5264 vocare
1787 5210 1984 5279 justas,

398 5316 489 5370 sed
517 5322 813 5383 peccatores
848 5311 919 5365 ad
964 5306 1327 5378 paenitentiam
1359 5305 1424 5370 ³⁸,
1471 5314 1525 5359 et
1571 5321 1582 5356 :
1636 5302 1755 5356 Non
1794 5302 1986 5355 habent

399 5421 602 5460 necesse
638 5404 757 5458 sani
788 5402 1023 5466 medico,
1059 5399 1151 5454 sed
1191 5399 1281 5470 qui
1325 5397 1461 5451 male
1492 5396 1683 5451 habent
1715 5397 1780 5460 3’,
1815 5412 1843 5448 a
1877 5411 1985 5466 quo

397 5497 535 5551 latro
576 5496 815 5552 salvatus
842 5503 945 5557 est,
977 5500 1033 5547 et
1067 5491 1313 5546 adultera
1345 5488 1639 5558 justiticata
1671 5501 1776 5552 est,
1805 5497 1861 5542 et
1891 5489 1982 5558 qui

394 5590 523 5661 plus
542 5589 851 5652 debebant,
880 5587 1002 5657 plus
1024 5585 1250 5657 diligere
1280 5584 1651 5655 ignoscentem
1688 5583 1979 5651 dicuntur;

490 5766 706 5823 “Psal.
760 5783 831 5832 Cl,
889 5767 939 5821 7.
1046 5769 1094 5799 ’⁸
1156 5766 1331 5821 Exod;
1364 5784 1474 5829 xix,
1517 5771 1569 5823 ἀ.

403 5838 484 5891 l2.
595 5839 640 5868 "
674 5839 777 5891 lsa.
812 5852 928 5897 Lm,
964 5836 1027 5897 9;
1086 5835 1105 5889 l
1142 5835 1286 5891 Petr.
1317 5855 1377 5904 tt,
1410 5840 1500 5895 ‘22.

388 5920 480 5973 su,
514 5907 595 5960 lii.
690 5907 753 5937 ³⁷⁸
785 5907 973 5960 Matth.
1015 5922 1166 5977 xXIv,
1197 5907 1283 5965 12.

1673 5768 1720 5799 ’³
1753 5765 1770 5818 i
1803 5764 1947 5820 Pctr.
1983 5786 2033 5835 ν,
2068 5771 2120 5825 3.

1613 5840 1656 5869 υ
1688 5837 1845 5891 Cant.
1903 5854 1962 5907 tt,
1995 5841 2047 5893 8.

2089 4663 2178 4716 des
2212 4664 2290 4716 tui
2317 4664 2471 4733 quasi
2512 4663 2728 4719 locusta:
2767 4664 3116 4729 locustarum,
3162 4683 3281 4737 quw
3317 4670 3585 4740 conﬁdunt
3628 4674 3683 4726 in

2087 4755 2318 4825 sepibus,
2366 4754 2423 4807 in
2467 4755 2555 4808 die
2604 4754 2820 4826 [rigoris
2849 4757 2915 4810 ".
2966 4755 3065 4811 Vel
3105 4759 3247 4813 sicut
3287 4760 3638 4834 Septuaginta
3663 4805 3680 4831 ,

2091 4844 2325 4898 Emicuit
2357 4845 2492 4897 sicut
2523 4855 2734 4900 attacus
2791 4849 3094 4902 commistas
3148 4850 3264 4913 tibi,
3300 4852 3437 4905 sicut
3479 4853 3680 4908 locusta

2089 4952 2206 5006 qua:
2257 4937 2584 4990 transcendit
2631 4940 2938 5005 materiam,
2970 4940 3029 4993 in
3069 4942 3153 4995 die
3192 4942 3424 5013 frigoris.
3454 4945 3533 4999 Ex
3563 4946 3683 5016 qui-

2092 5029 2195 5083 bus
2225 5030 2407 5084 cernis
2439 5030 2590 5099 quia,
2637 5032 2737 5085 etsi
2783 5033 3168 5102 peccatoribus
3201 5037 3677 5107 commisceantur,

2088 5121 2190 5175 etsi
2238 5121 2291 5175 in
2340 5123 2428 5176 die
2476 5123 2598 5192 gelu
2640 5123 2756 5179 sive
2805 5125 3056 5194 pruinse,
3099 5126 3154 5182 id
3205 5137 3290 5184 est
3334 5130 3681 5188 abundantia:

2085 5215 2293 5283 peccati
2315 5257 2330 5279 ,
2372 5213 2507 5270 Cum
2539 5218 2674 5270 attint
2702 5256 2718 5282 ,
2758 5217 2972 5288 inquit,
3005 5220 3353 5276 abundaverit
3382 5235 3677 5293 peccatum,

2084 5310 2377 5381 refrigescit
2406 5313 2644 5366 rltaritas
2680 5316 2967 5368 multorum
2992 5316 3078 5378 δ”,
3114 5318 3483 5375 transiliamus
3509 5332 3680 5376 mate-

2086 5402 2542 5474 riam,spinosam
2602 5406 2855 5462 videlicet
2907 5418 3257 5478 peccatorum
3308 5413 3682 5469 exacerbatio-

2093 5509 2241 5559 nem,
2274 5509 2383 5549 non
2421 5495 2628 5550 similes
2660 5498 2839 5553 etl'ecti
2892 5499 2990 5564 eis,
3034 5501 3130 5555 sed
3186 5503 3545 5573 subjicientes
3585 5519 3682 5562 eos

2091 5589 2271 5651 nobis,
2317 5597 2374 5643 ut
2419 5590 2551 5645 (iant
2595 5591 2858 5648 doctrinm
2892 5594 3236 5661 obedientes,
3277 5607 3464 5667 aperte
3502 5598 3684 5655 salva-

2304 5772 2441 5845 Psal.
2481 5788 2553 5835 Cl,
2588 5775 2639 5828 7.
2746 5778 2787 5809 ³⁸
2859 5778 2993 5845 Luc.
3035 5796 3087 5845 v,
3118 5780 3207 5835 52.

3301 5783 3347 5814 ⁸³
3373 5780 3562 5839 Matth.
3601 5799 3648 5839 tv

2159 5843 2202 5873 επ
2234 5841 2432 5913 spites.
2466 5861 2539 5910 γι,
2582 5846 2660 5900 ιδ.
2777 5849 2866 5902 εει
2900 5836 3025 5903 Cor.
3178 5852 3267 5907 εδ.

3376 5856 3419 5888 ³⁷
3462 5845 3692 5912 Nam“;
