3992 6432
443 319 554 386 913

1597 317 1680 381 IN
1711 317 2151 408 LEVITICUM.
2180 343 2248 354 -
2284 321 2431 382 LIB.
2475 295 2596 382 ιιι.

3631 318 3734 385 ιλιι

447 447 596 496 mus,
631 440 685 485 et
723 430 1076 496 salvabimnr,
1110 426 1368 507 unde.ait
1405 426 1602 481 Paulus
1635 443 1650 480 :
1685 419 1884 480 Factus
1921 442 2038 480 sum
2070 433 2113 486 Α
2147 425 2202 482 Si
2237 427 2388 484 enim.
2419 430 2653 486 aliorum
2686 431 2982 505 participes
3009 431 3308 490 cliiciamur
3355 445 3735 506 peccatorum,

442 521 650 576 Iudicis
675 522 808 576 sicut
835 521 1072 584 Iudaeus,
1102 520 1182 574 his
1213 521 1304 591 qni
1332 520 1424 574 sub
1460 521 1570 588 tege
1597 528 1740 586 sunt,
1767 520 1919 590 quasi
1945 521 2038 573 sub

445 614 560 683 lege
599 630 795 679 essent,
835 630 952 666 cum
993 613 1102 682 ipse
1147 614 1240 667 sub
1281 612 1389 682 tege
1429 629 1530 666 non
1577 627 1738 666 essent
1775 627 1794 666 :
1829 612 1908 666 bis
1949 612 2038 682 qui

441 706 558 759 sine
582 703 694 774 lege
732 713 872 770 sunt,
915 705 1070 774 quasi
1107 705 1218 758 sine
1257 703 1366 774 lege
1414 719 1596 768 essent,
1635 719 1756 757 cum
1789 703 1899 772 ipse
1928 703 2039 756 sine

441 795 560 861 que
598 796 692 848 Dei
725 811 826 848 non
865 812 1048 860 essem,
1079 797 1169 849 sed
1204 797 1294 848 sub
1327 797 1434 865 lege
1467 810 1628 850 essem
1661 795 1880 849 Christi.
1913 792 2040 850 0m-

445 889 600 941 nibus
641 887 818 940 omnia
861 889 1034 958 factus
1083 906 1220 954 sum,
1257 897 1312 940 ut
1351 903 1528 940 omnes
1568 887 1930 957 lucrifacere»:
1970 885 2037 938 ³³.

445 979 558 1034 Sed
605 989 787 1034 tamen
838 980 893 1034 in
948 995 1154 1034 morem
1205 980 1417 1045 bruchi,
1458 979 1720 1049 impetum
1764 979 1945 1034 facere
1985 987 2041 1033 et

444 1072 669 1126 evolare
703 1086 929 1126 necesse
963 1071 1249 1139 habemus,
1280 1081 1341 1126 ut
1371 1073 1514 1126 sicut
1543 1072 1776 1138 locusta,
1813 1071 1926 1125 sive
1957 1079 2041 1124 at—

456 1171 618 1215 tacus
681 1153 838 1226 eSSe,
888 1161 980 1230 qui
1034 1175 1134 1232 pro
1172 1161 1485 1230 huiusmodi
1537 1171 1776 1216 attacum
1826 1161 2036 1226 dicunt,

443 1254 672 1309 exsilire
714 1254 990 1325 possimus
1043 1263 1099 1308 ct
1139 1247 1400 1309 emicare.
1446 1253 1537 1310 Sic
1571 1255 1717 1310 enim
1753 1264 1878 1324 apte
1911 1270 2042 1308 con-

444 1347 654 1413 veniet,
679 1347 822 1416 quod
846 1347 900 1400 in
925 1348 1118 1402 eodem
1154 1348 1422 1418 prepheta
1454 1349 1700 1418 sequitur
1731 1365 1744 1402 :
1775 1348 1870 1404 Sol
1896 1358 2040 1404 ortus

442 1450 494 1494 et
514 1439 747 1494 elevatus
777 1449 871 1505 est,
905 1449 954 1494 et
984 1456 1086 1493 non
1117 1449 1192 1494 est
1220 1440 1458 1494 inventus
1485 1441 1627 1495 locus
1656 1441 1770 1510 ejus
1800 1441 1874 1504 ”;
1907 1456 2043 1510 quo-

441 1535 622 1600 niam,
654 1540 776 1586 orto
811 1533 1040 1603 justitize
1075 1531 1225 1600 Sole,
1261 1535 1352 1603 qui
1397 1532 1668 1587 illuminat
1698 1533 2038 1600 abscondita,

439 1626 692 1680 emicant
742 1633 908 1694 atque
945 1625 1202 1680 exsiliunt
1251 1626 1303 1678 hi
1367 1624 1459 1695 qui
1496 1640 1620 1679 cum
1665 1625 2044 1694 peccatoribus

441 1727 868 1784 conversantur,
897 1717 964 1772 ad
1007 1717 1260 1772 solatium
1295 1718 1545 1787 justitiae,
1579 1725 1633 1772 et
1667 1733 1771 1774 non
1813 1719 1924 1787 jam
1963 1717 2043 1771 lo-

2144 521 2414 578 immundi
2458 539 2633 595 usque
2666 525 2732 580 ad
2757 541 3043 596 vesperam
3091 541 3501 596 permanemus,
3545 527 3596 582 id
3625 537 3736 587 est.

2143 629 2316 686 usque
2342 616 2471 670 dum
2505 632 2729 688 agamus
2760 617 3162 688 pmnileutiam.
3188 617 3342 672 lianc
3362 617 3508 673 enim
3536 633 3731 688 vespe--

2143 723 2260 762 ram
2295 709 2460 764 David
2475 710 2586 764 ait:
2623 709 2706 764 Ad
2745 726 3011 778 vespermn
3066 710 3427 764 demorabitur
3445 697 3620 780 ﬂetus,
3683 720 3732 764 et

2141 804 2214 855 ad
2233 804 2557 856 matutinum
2611 801 2888 857 latitia“.
2941 802 3239 874 Propterea
3295 803 3463 858 lavari
3515 817 3734 873 quoque

2144 892 2468 946 vestimenta
2507 893 2786 964 lcgislator
2815 895 3092 964 praecepit,
3120 906 3308 965 aperte
3328 896 3729 960 demonstrans,

2142 983 2288 1052 quod
2319 984 2587 1039 immundi
2620 1001 2832 1052 sumus,
2859 1001 3031 1055 usque
3065 985 3196 1041 dum
3248 985 3736 1041 actionesnostras

2143 1075 2398 1147 lacrymis
2417 1077 2710 1132 diluamus.

2220 1168 2380 1225 Vens.
2411 1169 2502 1236 27,
2531 1169 2622 1225 28.
2666 1189 2682 1220 ι
2724 1170 2880 1236 Quod
2912 1171 3158 1227 ambulat
3189 1186 3354 1242 super
3388 1185 3606 1237 manus,
3665 1183 3730 1222 ex

2145 1262 2360 1316 cunctis
2388 1261 2762 1317 animantibus
2784 1266 2875 1334 qui
2907 1263 3173 1320 incedunt
3202 1265 3601 1334 quadrupedis,
3626 1260 3732 1316 itu-

2147 1355 2409 1410 mundum
2435 1356 2559 1410 erit.
2586 1356 2687 1424 Qui
2719 1357 2957 1428 tetigerit
2983 1357 3272 1412 morticina
3294 1371 3504 1420 eorum,
3533 1353 3732 1425 pollui-

2148 1455 2236 1501 tur
2256 1463 2428 1517 usque
2457 1447 2522 1504 ad
2547 1463 2858 1518 vesperum.
2897 1449 2963 1503 Et
3009 1449 3100 1518 qui
3140 1447 3442 1518 portaverit
3473 1448 3732 1517 hujusce-

2147 1539 2292 1594 modi
2321 1541 2611 1606 cadavera,
2658 1541 2862 1594 lavabit
2895 1541 3220 1596 vestimenta
3252 1555 3370 1603 sua,
3403 1548 3457 1594 et
3491 1537 3734 1592 immth

2147 1633 2250 1687 dus
2281 1633 2582 1703 critusque
2611 1632 2678 1688 ad
2711 1647 3019 1704 vesperam,
3064 1633 3194 1702 quia
3245 1631 3430 1688 omnia
3471 1630 3588 1685 haec
3634 1629 3733 1684 im-

2150 1725 2354 1780 munda
2380 1733 2510 1780 sunt
2533 1723 2708 1780 vobis.
2745 1743 2764 1776 ι

443 1828 548 1867 CUS
591 1812 807 1866 illorum
858 1811 948 1866 ille
997 1825 1120 1866 esse
1177 1809 1548 1877 cognoscitur,
1589 1813 1748 1880 cujus
1799 1808 2039 1864 habitum
2077 1787 2116 1841 Β
2215 1814 2436 1870 Nullum
2455 1815 2540 1870 lex
2574 1815 2737 1870 tacite
2766 1813 3016 1886 prmleril,
3073 1822 3380 1886 Peccatum,
3437 1813 3535 1868 sed
3582 1828 3735 1884 qua-

446 1905 663 1978 pridem
699 1905 1173 1971 demonstrabant,
1207 1920 1331 1959 cum
1379 1903 1784 1974 quodammodo
1817 1912 2043 1956 uteren-

446 2010 559 2066 tur,
593 2013 732 2069 quos
787 2006 844 2053 et
877 2006 998 2052 erat
1032 2012 1258 2052 necesse
1296 1995 1513 2051 salvari.
1549 1993 1908 2066 Ophiomachi
1943 2009 2042 2047 au-

445 2099 560 2144 tem
607 2089 676 2144 ab
720 2088 1088 2158 appellatione
1135 2086 1518 2142 manifestatur
1559 2092 1614 2139 et
1651 2085 1844 2152 virtus,
1879 2099 2040 2154 quem

445 2181 654 2239 imitari
714 2183 920 2237 bonum
984 2191 1088 2246 est,
1129 2188 1185 2236 et
1248 2178 1682 2252 intelligibilibus
1740 2193 2044 2249 repugnare

445 2275 804 2345 serpentibus
851 2293 863 2328 :
916 2274 1332 2330 reminiscentes
1403 2273 1570 2344 quod,
1631 2289 1730 2326 non
1777 2273 1844 2327 sit
1899 2273 2042 2326 nobis

445 2366 758 2422 eotiuctatio
801 2366 1057 2422 adversus
1099 2383 1312 2421 carnem
1359 2375 1407 2421 et
1453 2365 1786 2436 sanguinem,
1827 2365 1917 2418 sed
1946 2365 2045 2418 ad—

445 2477 630 2515 versus
656 2459 941 2530 principes,
973 2468 1023 2514 et
1053 2469 1354 2529 potestates,
1383 2461 1636 2512 adversus
1667 2459 1847 2512 mundi
1877 2469 2044 2512 recto-

444 2568 532 2604 res
582 2549 922 2605 tenebrarum
966 2550 1182 2615 harum,
1226 2560 1410 2604 contra
1453 2549 1760 2618 spiritantia
1797 2550 2046 2619 nequitia:

444 2646 505 2698 in
527 2645 820 2700 emtestibus
849 2643 916 2697 ³ο.
950 2643 1014 2698 111
1041 2650 1170 2698 sunt
1194 2643 1396 2715 quippe
1421 2642 1790 2714 intelligibiles
1821 2659 2046 2715 serpen-

446 2747 551 2805 tes,
567 2746 627 2794 et
657 2737 908 2793 venenati
940 2738 1231 2792 dracones.

525 2829 685 2885 Vnus.
717 2829 911 2884 25-26.
945 2847 961 2880 ι
999 2827 1274 2898 Quidquid
1313 2841 1380 2882 ex
1436 2827 1753 2884 volucribus
1807 2838 2048 2896 quatuor

445 2927 664 2976 tantum
700 2920 868 2975 habet
917 2919 1110 2990 pedes,
1157 2917 1498 2974 exsecrabile
1556 2919 1664 2975 erit
1719 2917 1928 2974 vobis:
1989 2928 2045 2974 et

447 3013 768 3084 quicunque
785 3012 1075 3070 morticina
1122 3027 1314 3069 eorum
1362 3010 1624 3084 tetigerit,
1655 3012 1952 3084 polluetur,
1989 3021 2045 3069 et

2145 1921 2362 1977 cunque
2391 1907 2636 1962 actiones
2669 1922 2766 1977 per
2793 1907 3169 1980 evangelicum
3189 1912 3581 1963 testamentum
3603 1921 3732 1976 pro-

2147 1998 2332 2053 hibita:
2358 2006 2508 2062 sunt,
2535 1997 2672 2053 texit
2704 1997 2802 2052 has
2827 1997 2980 2069 prius
3013 1997 3412 2070 aenigmatibus,
3437 2005 3497 2051 ut
3525 1995 3735 2050 ntrius~

2141 2108 2251 2163 que
2294 2092 2596 2148 sanctionis
2648 2093 3068 2148 consonantiam
3139 2091 3367 2156 dicens,
3418 2087 3734 2148 conﬁtearis

2146 2183 2340 2246 Deum,
2377 2183 2471 2253 qui
2516 2183 2570 2237 in
2623 2183 2704 2238 eis
2731 2183 2946 2238 locutus
2993 2191 3103 2248 est,
3154 2181 3465 2253 timensque
3509 2177 3735 2258 recedas

2145 2279 2213 2331 ab
2235 2277 2492 2333 omnibus
2545 2292 2666 2347 quae
2715 2275 3142 2347 prohibuerunt.
3207 2273 3268 2329 ln
3311 2281 3550 2344 quatuor
3597 2288 3735 2340 ergo

2131 2369 2369 2435 incedit,
2401 2369 2493 2440 qui
2521 2369 2590 2424 ad
2618 2369 2986 2441 evangelieam
3022 2367 3496 2423 conversationem
3515 2366 3729 2440 migrat.

2147 2463 2397 2519 Ambula!
2435 2473 2618 2518 autem
2645 2461 2700 2517 in
2727 2463 3000 2530 manibus,
3027 2461 3118 2533 qui
3137 2469 3380 2531 quaestus
3399 2474 3518 2514 eam
3541 2473 3730 2523 causa,

2149 2557 2394 2627 tuerique
2419 2555 2593 2626 turpis
2613 2554 2956 2625 adipiscitur,
3012 2554 3266 2609 manibus
3289 2553 3399 2608 cito
3422 2553 3732 2622 imponens,

2150 2653 2210 2698 ut
2238 2660 2302 2698 ex
2333 2660 2395 2701 ea
2427 2643 2706 2716 quidpiam
2761 2641 2963 2714 capiat.
3020 2641 3322 2698 Commode
3357 2641 3448 2696 hic
3477 2635 3736 2695 omnibus

2151 2746 2300 2792 recte
2328 2744 2758 2794 connumeratur
2804 2745 2968 2808 atque
2993 2743 3344 2807 comparatur
3373 2732 3585 2788 bestiis.
3607 2729 3736 2788 Sive

2148 2829 2300 2902 enim
2328 2828 2642 2884 adulterum
2673 2827 2846 2894 dicas,
2875 2826 2992 2881 sive
3023 2839 3271 2890 avarum,
3333 2823 3451 2880 sive
3505 2821 3740 2878 homici-

2150 2925 2296 2991 dam,
2341 2923 2458 2979 sive
2484 2923 2872 2987 detractorem,
2905 2919 3024 2974 sive
3074 2917 3483 2987 blasphemum,
3537 2913 3590 2970 in
3647 2913 3737 2968 lus

2150 3017 2538 3082 omnibusest,
2582 3023 2772 3086 utpote
2842 3013 3087 3068 omnium
3144 3008 3386 3082 peccatis
3427 3005 3737 3064 communi-

447 3107 560 3162 erit
595 3107 914 3162 immundus
951 3121 1126 3176 usque
1155 3107 1226 3166 ad
1249 3122 1563 3177 vesperum.
1597 3107 1668 3162 Et
1721 3107 1766 3161 si
1816 3121 2044 3162 necesse
2075 3131 2116 3188 ρ
2149 3125 2302 3176 cans,
2346 3124 2444 3180 per
2497 3107 2760 3178 injustam
2818 3119 3016 3160 manus
3077 3101 3506 3172 impositionem.
3564 3095 3742 3168 llujus

444 3199 640 3265 fuerit,
673 3208 732 3255 ut
763 3207 946 3270 portet
970 3199 1252 3271 quidpiam
1285 3199 1485 3255 horum
1509 3207 1810 3265 mortuum,
1843 3199 2048 3258 lavabit

445 3290 780 3345 vestimenta
810 3305 933 3352 sua,
967 3290 1367 3346 etimmundus
1397 3288 1503 3344 erit
1558 3304 1733 3359 usque
1777 3289 1846 3344 ad
1907 3291 2044 3345 solis

446 3396 733 3438 occasum.
756 3379 933 3437 Omne
967 3381 1172 3436 animal
1196 3381 1344 3452 quod
1391 3381 1559 3436 habet
1611 3380 1834 3451 quidem
1869 3397 2046 3452 ungu-

445 3470 580 3534 lam,
613 3470 710 3526 sed
739 3485 848 3526 non
873 3468 1070 3524 dividit
1093 3484 1236 3535 eam,
1266 3484 1372 3526 nec
1398 3469 1660 3532 ruminat,
1695 3470 2044 3524 immundum

443 3565 575 3629 erit,
610 3577 666 3622 et
693 3563 960 3635 quidquid
1007 3563 1248 3634 tetigerit
1298 3562 1453 3629 illud,
1495 3563 1986 3620 contaminabitur.
2023 3585 2040 3614 ι

521 3656 680 3724 Quod
709 3657 964 3728 reptibile
1001 3655 1306 3712 volatilium
1330 3673 1452 3727 qua:
1503 3657 1556 3710 in
1589 3666 1826 3728 quatuor
1849 3658 2048 3712 ambu-

447 3751 568 3808 lant
593 3751 781 3822 pedes,
815 3765 912 3806 eos
949 3751 1042 3821 qui
1109 3751 1414 3808 abutuntur
1462 3752 1777 3824 evangelica
1812 3752 1942 3816 vita,
1993 3763 2050 3807 et

447 3844 623 3898 vitam
646 3851 926 3898 sectantur
959 3841 1186 3899 solidam
1208 3852 1265 3898 et
1292 3843 1655 3908 immundam,
1693 3844 2042 3916 signiﬁcent;

447 3932 702 3990 dividere
731 3941 915 3988 autem
973 3932 1254 4003 ungulam,
1317 3933 1460 3988 sicut
1530 3932 1619 3986 hic
1681 3930 2042 4002 Septuaginta

447 4025 665 4090 dicunt,
693 4025 787 4080 sed
811 4041 922 4080 non
948 4025 1256 4090 ruminare,
1283 4023 1335 4078 id
1357 4037 1444 4080 est
1463 4025 1659 4096 legem,
1685 4025 2047 4094 quemadmo-

388 4128 400 4137 ‘
449 4115 584 4170 dum
621 4123 862 4184 Oportet.
928 4114 1206 4181 meditari,
1261 4124 1320 4170 et
1374 4115 1616 4170 litteram
1677 4115 1928 4172 dividere
1978 4116 2046 4172 ab

449 4207 672 4278 spiritu,
695 4207 790 4262 sed
821 4222 930 4262 nou
963 4223 1028 4262 ea
1069 4223 1191 4278 quae
1231 4207 1288 4262 in
1327 4222 1392 4262 ea
1416 4208 1620 4280 scripta
1651 4216 1783 4264 sunt
1804 4207 2044 4278 operari,

450 4318 639 4373 neque
684 4303 757 4358 ita
816 4303 1236 4368 conversari,in
1285 4305 1621 4376 praecedenti
1676 4305 2045 4361 ostendimus.

449 4395 610 4454 Unde
635 4396 946 4452 necessarie
973 4410 1166 4452 eorum
1228 4397 1542 4462 morticina,
1579 4398 1634 4453 id
1663 4407 1744 4454 est
1774 4397 2042 4462 actiones,

2151 3201 2439 3256 morticina
2463 3207 2592 3254 sunt
2626 3197 2680 3252 hi
2727 3197 2928 3268 quibus
2996 3195 3251 3250 manibus
3319 3191 3601 3263 imposuit,
3681 3189 3736 3246 iu

2151 3295 2286 3364 ipsis
2316 3293 2464 3348 enim
2496 3290 2701 3362 patitur
2735 3289 2946 3362 peccati
2979 3299 3236 3343 mortem.
3266 3285 3369 3352 Qui
3401 3299 3533 3356 ergo
3568 3282 3740 3355 tangit

2149 3401 2235 3450 ea,
2256 3392 2312 3441 et
2336 3386 2428 3455 qui
2461 3383 2721 3440 levaverit
2751 3397 2814 3436 ex
2843 3381 2944 3446 eis,
3000 3391 3149 3434 recte
3173 3377 3461 3449 polluitur;
3499 3377 3590 3450 qui
3620 3377 3740 3446 qui-

2150 3479 2274 3534 dem
2309 3477 2480 3548 tangit
2502 3491 2589 3542 ea,
2623 3475 2676 3530 id
2709 3483 2814 3539 est,
2855 3473 2946 3543 qui
2979 3477 3361 3536 conversatur,
3386 3469 3556 3536 dicit;
3610 3469 3740 3538 quia

2149 3569 2468 3625 nullatenus
2557 3573 2938 3636 competenter
2991 3562 3318 3634 dignitatem
3361 3560 3736 3630 arripuerunt,

2149 3671 2312 3726 quam
2339 3663 2718 3724 cauponantes
2745 3652 2877 3706 olim
2912 3650 3253 3714 omnimodo,
3283 3663 3381 3720 per
3412 3649 3554 3704 hanc
3573 3649 3739 3718 justi-

2152 3746 2294 3803 ﬁcati
2315 3755 2474 3812 sunt,
2499 3745 2546 3802 si
2581 3753 2705 3815 post
2723 3745 2840 3801 lucc
2865 3745 2921 3799 in
2947 3743 3188 3814 antiquis
3225 3741 3608 3814 iniquitatibus
3626 3758 3738 3798 non

2151 3842 2529 3904 permaneant.
2558 3831 2664 3888 Sed
2684 3833 2844 3904 ctqui
2879 3832 3178 3903 portaverit
3200 3849 3268 3886 ex
3297 3833 3402 3898 his,
3428 3831 3594 3886 veluti
3613 3847 3742 3903 por-

2126 3919 2276 3984 tans
2309 3929 2506 3982 falsum
2547 3928 2946 3992 testimonium,
2971 3925 3318 3998 perhibendo
3377 3934 3433 3982 et
3487 3926 3740 3982 docendo

2150 4021 2398 4092 dignum,
2430 4021 2528 4091 qui
2564 4020 2824 4092 indignus
2845 4029 2950 4076 est.

2223 4115 2536 4171 Immundas
2565 4115 2665 4169 erit
2680 4130 2844 4184 usque
2867 4113 2938 4168 ad
2957 4129 3250 4183 vesperam.
3272 4110 3447 4182 Quam
3482 4111 3738 4182 superius

2150 4207 2392 4263 diximus
2441 4205 2846 4278 paenitentiam.
2899 4204 3114 4264 Lavans
3172 4213 3357 4262 autem
3411 4203 3739 4262 vestimenta

2151 4299 2528 4356 mandabitur.

2221 4391 2386 4448 Vsus.
2417 4388 2608 4446 29,51.
2643 4408 2662 4440 ‹
2698 4388 2814 4446 Hoc
2843 4403 3062 4461 quoque
3089 4387 3233 4442 inter
3255 4385 3460 4456 polluta
3523 4393 3745 4455 reputa-

453 4493 507 4544 in
547 4491 750 4560 quibus
769 4491 980 4562 peccati
1009 4501 1186 4547 morte
1214 4493 1510 4559 intereunt,
1539 4492 1729 4566 fugere
1757 4492 2042 4564 praecepit,
2077 4470 2122 4525 D
2152 4485 2320 4548 bitur,
2349 4486 2419 4540 de
2451 4485 2539 4540 bis
2576 4500 2698 4554 quae
2751 4489 3046 4538 moventur
3081 4478 3136 4533 iu
3170 4488 3336 4552 terra,
3372 4476 3632 4538 mustela,
3685 4482 3744 4530 et

449 4591 510 4637 et
538 4581 692 4636 nullo
724 4582 888 4637 modo
913 4581 1229 4653 participari
1270 4582 1498 4648 talibus,
1549 4599 1656 4638 nec
1717 4585 2044 4656 contingere

448 4688 538 4729 ea.
579 4672 698 4726 Non
735 4671 911 4727 solum
932 4681 1118 4728 autem
1171 4681 1482 4745 tangentes,
1517 4675 1613 4730 sed
1649 4683 1705 4730 et
1729 4683 2040 4745 portantes,

449 4775 551 4822 aut
575 4766 910 4837 accipientes
952 4765 1231 4836 quidpiam
1255 4783 1323 4822 ex
1379 4767 1460 4836 eis
1489 4769 1833 4837 polluuntur.
1861 4768 2050 4825 Portat

451 4863 636 4909 autem
659 4863 903 4926 peccata,
932 4855 1025 4925 qui
1047 4855 1182 4910 dicit
1220 4855 1424 4912 malum
1455 4855 1683 4923 bonum,
1708 4865 1766 4913 et
1795 4873 2044 4914 amarum

450 4947 635 5009 dulce,
667 4955 723 5001 et
749 4947 1006 5003 tenebras
1032 4947 1234 5012 lucem,
1280 4948 1426 5018 quod
1460 4946 1609 5002 Isaiae
1641 4950 1926 5020 prophetae
1957 4966 2074 5005 rc--

453 5039 820 5110 prehenditur
845 5055 980 5096 voce
1019 5039 1087 5106 “,
1123 5040 1250 5110 quia
1300 5055 1398 5110 per
1431 5040 1536 5095 hoc
1569 5056 1836 5096 exercens
1879 5042 2046 5097 alium

451 5133 521 5186 ad
557 5131 930 5202 iniquitatem,
963 5133 1278 5188 etinvitans
1305 5133 1372 5188 ad
1425 5133 1629 5188 malum
1663 5149 1694 5188 a
1726 5150 1836 5205 quo
1866 5135 2049 5204 prohi-

451 5223 586 5278 bere
602 5221 890 5287 debuerat,
926 5237 1094 5291 super
1118 5223 1478 5292 semetipsum
1517 5225 1924 5292 quodammodo
1953 5240 2048 5279 su~

451 5312 618 5384 seipit
643 5315 858 5385 iugum.
891 5314 1010 5369 Non
1045 5322 1229 5370 autem
1292 5323 1511 5385 oportet
1562 5317 1876 5387 quempiam
1917 5327 2048 5388 pec-'-

453 5415 640 5462 catum
679 5406 910 5460 alterius
949 5407 1004 5461 in
1047 5406 1404 5477 semetipsum
1451 5407 1752 5464 transferre
1785 5425 1796 5460 :
1832 5409 1904 5464 ob
1945 5410 2048 5464 hoc

431 5498 604 5576 enim
635 5507 696 5554 et
721 5497 892 5554 David
925 5498 1006 5554 ait
1039 5515 1052 5550 :
1101 5499 1170 5553 Et
1201 5501 1265 5553 ab
1297 5500 1488 5554 alienis
1517 5516 1674 5570 parce
1695 5517 1840 5556 servo
1861 5510 1951 5555 tuo
1981 5503 2049 5558 “.

453 5727 461 5735 ε
524 5699 569 5732 ³⁸
594 5700 613 5754 1
638 5699 766 5756 Cor.
799 5717 875 5762 Ix,
902 5701 1126 5764 209%..
1179 5702 1222 5734 ’9
1251 5702 1463 5759 Nahum
1492 5720 1574 5772 ιιι,
1609 5705 1693 5759 17.

451 5786 604 5836 nix,
641 5773 691 5826 6.
772 5772 816 5802 “
842 5772 1000 5828 Prov.
1037 5789 1162 5838 xxx,
1201 5773 1289 5828 ‘24.

1774 5705 1817 5737 "°
1850 5704 2050 5776 Epltes.
2089 5722 2160 5769 Vl,
2198 5704 2276 5758 l2.

2152 4593 2298 4642 inus,
2339 4583 2396 4632 et
2458 4576 2792 4638 crocodilus,
2859 4573 3075 4646 singula
3125 4571 3280 4642 juxta
3325 4584 3500 4642 genus
3555 4584 3742 4635 suum,

2155 4669 2374 4740 μυγάλη
2407 4663 3120 4730 etchamteleon,etstellio,
3151 4677 3214 4716 ac
3242 4661 3466 4722 lacerta.
3490 4668 3546 4716 et
3579 4660 3728 4731 talpa

2155 4763 2340 4818 omnia
2381 4763 2517 4829 haec,
2541 4759 2826 4816 immunda
2854 4767 3004 4814 sunt.
3049 4756 3153 4824 Qui
3187 4755 3428 4826 tetigerit
3453 4753 3750 4811 morticina

2155 4871 2372 4920 eorum,
2399 4855 2717 4910 immundus
2742 4853 2849 4907 erit
2870 4866 3048 4922 usque
3077 4850 3145 4906 ad
3185 4865 3520 4920 vesperum.
3542 4868 3562 4902 ι

2230 4950 2343 5004 Nec
2380 4962 2530 5002 nunc
2602 4946 2694 5001 Dei
2755 4953 3066 5001 creaturam
3121 4943 3403 5015 legislator
3454 4955 3745 5009 accusans,

2129 5023 2132 5027 ’
2160 5040 2440 5096 immunda
2474 5037 2666 5094 haberi
2699 5037 2814 5091 lucc
2847 5035 3114 5106 praecepit
3144 5032 3427 5098 animalia;
3456 5047 3585 5086 nam
3608 5047 3750 5101 quo-

2159 5132 2325 5186 modo
2355 5147 2419 5186 ea
2458 5130 2566 5184 alio
2598 5129 2801 5184 divina:
2825 5127 3126 5197 Scriptum
3173 5124 3291 5183 loco
3330 5123 3575 5192 reperies
3625 5137 3746 5176 esse

2156 5227 2373 5282 laudata
2403 5225 2426 5281 ?
2465 5223 2724 5278 Salomon
2749 5220 2952 5291 quippe
2984 5220 3037 5274 in
3063 5216 3380 5272 Proverbiis
3405 5207 3573 5270 dicit:
3599 5211 3750 5278 Qua-

2162 5330 2280 5374 tuor
2333 5327 2454 5374 sunt
2502 5315 2726 5374 minima
2783 5323 2961 5376 terra,
2996 5321 3045 5366 et
3099 5311 3211 5365 Ita'c
3243 5317 3368 5364 sunt
3419 5307 3749 5378 sapientiora

2160 5409 2485 5478 sapientibus
2504 5407 2570 5462 “.
2599 5405 2745 5463 inter
2769 5420 2893 5476 qua:
2948 5404 3216 5474 leporem,
3270 5401 3386 5455 sive
3444 5399 3747 5456 secundum

2163 5503 2544 5577 Septuaginta,
2612 5499 2933 5560 erinaceum
2956 5504 3009 5552 et
3041 5494 3350 5552 stellioucm
3373 5489 3743 5576 computavit:

2354 5704 2394 5735 ’ί
2427 5703 2532 5757 isa.
2569 5720 2618 5768 γ,
2642 5717 2658 5756 ι
2681 5715 2832 5768 seqq,
2914 5698 2959 5730 “
2982 5694 3126 5752 Psal.
3158 5708 3316 5761 xvm,
3348 5692 3437 5754 14..
3529 5690 3578 5725 ⁸³
3599 5688 3744 5748 Pri.
