3992 6400
388 303 500 372 915

1582 322 1731 387 ΙΙΕὸ
1743 321 1944 389 YCHII
1988 324 2464 386 PRESBYTERI

3563 321 3668 390 916

389 436 626 495 quorum
651 440 819 481 unum
851 428 1108 500 superius
1146 447 1270 492 cum
1336 431 1547 488 camelo
1572 442 1629 488 et
1658 435 1866 506 lepore,
1918 447 1975 492 ut
2004 442 2048 502 Α
2076 450 2355 499 czecantur
2382 442 2548 498 oculi.
2603 441 2741 511 Quia
2774 457 2904 515 ergo
2945 442 3004 501 in
3034 441 3120 498 his
3135 443 3329 500 animae
3393 441 3667 519 contingit

389 515 763 583 immundum,
794 517 878 574 lex
913 522 1214 581 accusavit.
1271 521 1551 589 Stellionis
1601 537 1784 587 autem
1829 544 1976 589 nunc

389 610 732 675 mentionem
754 610 907 676 fecit.
941 613 1063 671 Non
1081 632 1210 688 ergo
1241 629 1435 681 natura
1476 635 1667 677 eorum
1696 623 1976 681 immunda

388 711 495 769 est,
546 705 641 777 sed
669 721 771 765 nec
797 709 978 765 ontnis
1015 712 1199 780 actio;
1228 730 1353 771 nam
1388 718 1664 786 quomodo
1721 729 1977 789 poterant

391 792 493 848 ista
524 792 772 851 laudari?
800 795 908 854 Sed
946 803 1195 870 quaedam
1222 804 1367 863 circa
1403 807 1525 877 ipsa
1559 818 1690 865 sunt
1725 810 1976 867 actiones

389 892 533 951 apta:
574 884 1047 946 irrationabilibus
1094 893 1428 955 animalibus
1472 906 1528 951 et
1583 913 1706 968 quae
1763 898 1973 961 Rullum

385 970 656 1036 judicium
700 974 947 1047 exigunt,
993 995 1117 1049 quas
1182 998 1286 1038 nec
1312 984 1472 1041 nobis
1492 998 1635 1058 aptae
1669 998 1820 1056 sunt,
1873 1006 1975 1044 nec

387 1062 609 1132 proprie
638 1075 841 1122 nostra:
865 1079 1028 1127 sunt:
1058 1082 1223 1145 atque
1254 1086 1546 1148 prepterea
1574 1080 1840 1150 quandoa
1872 1099 1975 1137 no—

388 1150 473 1207 bis
490 1155 905 1229 continguntur,
926 1161 1240 1222 immundos
1262 1183 1365 1224 nos
1394 1169 1623 1231 faciunt.
1650 1172 1755 1230 Per
1773 1184 1973 1232 terram

390 1259 519 1300 vero
555 1261 767 1319 repere,
793 1264 906 1304 non
932 1259 1018 1308 est
1074 1254 1384 1323 hominum,
1417 1260 1621 1331 quibus
1651 1278 1977 1320 concessum

387 1348 471 1391 est
503 1348 560 1394 ut
589 1342 724 1396 recti
762 1343 1053 1413 incedant,
1102 1349 1413 1423 etelumque
1446 1355 1783 1426 respiciant:
1824 1358 1969 1427 quia,

388 1444 555 1501 super
588 1441 788 1491 terram
823 1450 1016 1508 repere
1039 1480 1053 1506 ,
1088 1448 1172 1501 est
1208 1444 1426 1499 sordida
1457 1461 1622 1516 Opera
1650 1455 1975 1519 terrenaque

389 1540 601 1594 gerere.
633 1523 767 1592 Quae
788 1543 888 1598 per
915 1527 1283 1588 differentiam
1307 1536 1643 1606 animalium,
1677 1557 1798 1611 qua:
1824 1554 1975 1598 ntmc

388 1615 730 1674 dinumerata
752 1630 879 1676 sunt
899 1623 1176 1693 legislator
1195 1627 1552 1699 signiﬁcavit;
1577 1632 1652 1693 ait
1681 1633 1824 1693 enim
1857 1636 1934 1691 sic
1958 1655 1968 1688 :

458 1707 577 1763 Hoc
607 1726 814 1782 quoque
840 1713 977 1775 inter
1005 1717 1213 1786 polluta
1247 1722 1601 1791 reputabitur,
1630 1726 1695 1779 de
1727 1726 1806 1780 his
1857 1743 1974 1797 qua?

383 1811 662 1863 moventur
691 1803 745 1859 in
770 1814 934 1873 terra.
968 1806 1091 1867 Non
1140 1811 1267 1881 quia
1326 1814 1507 1885 aliqua
1532 1818 1781 1887 repentia
1838 1832 1969 1876 sunt

383 1890 606 1957 mmula,
640 1909 805 1950 omne
843 1898 996 1953 enim
1023 1915 1163 1969 opus
1187 1904 1332 1972 quod
1358 1920 1461 1975 per
1501 1916 1702 1963 terram
1744 1912 1887 1980 repit
1916 1923 1970 1967 et

384 1982 642 2050 trahitur,
673 1987 793 2041 sine
822 1988 1003 2044 dubio
1028 1991 1373 2051 immundum
1403 2007 1510 2053 est.
1541 1998 1775 2072 PrOpter
1819 2009 1969 2079 quod

380 2072 582 2129 Paulus
611 2075 738 2130 talia
767 2078 835 2133 de
862 2079 950 2141 his
988 2083 1081 2152 qui
1110 2097 1284 2158 agunt
1308 2104 1392 2153 ea,
1426 2089 1646 2148 dicebat
1675 2113 1687 2148 :
1719 2072 1956 2159 Quorum

377 2162 523 2217 Deus
556 2175 738 2220 venter
779 2177 877 2234 est,
906 2180 961 2225 et
993 2173 1166 2243 gloria
1200 2177 1254 2231 in
1286 2182 1589 2251 confusione
1616 2201 1818 2253 eorum,
1876 2191 1966 2257 qui

379 2264 590 2311 terrena
634 2260 850 2328 sapiunt
873 2262 941 2317 “.
1000 2266 1083 2320 Ad
1151 2269 1315 2339 hujus
1341 2283 1524 2328 autem
1584 2278 1964 2347 probationem

377 2347 543 2419 paulo
566 2358 689 2420 post
727 2350 978 2412 invenies
993 2355 1362 2428 legislatorem
1397 2363 1676 2422 dicentem
1710 2388 1723 2422 :

448 2438 613 2496 Omne
630 2445 771 2515 quod
787 2455 961 2517 reptat
1003 2467 1161 2522 super
1211 2463 1430 2523 terram,
1459 2458 1816 2517 abominabile
1842 2466 1964 2530 erit,

374 2550 470 2588 nec
490 2536 792 2607 adsumitur
816 2542 872 2595 in
894 2542 1089 2600 cibum.
1113 2543 1257 2618 Ergo
1273 2564 1474 2620 genera
1506 2568 1657 2617 nunc
1684 2557 1965 2626 reptiliunt

374 2624 771 2699 dinumeravit,
796 2647 909 2695 non
937 2635 1083 2707 quod
1118 2637 1224 2692 alia
1282 2642 1642 2711 sintmunda,
1707 2624 1812 2703 alia
1857 2650 1964 2703 im-

372 2719 603 2813 munda,
644 2722 743 2787 sed
777 2733 835 2777 ut
850 2740 948 2795 per
966 2727 1081 2783 haec
1105 2743 1512 2813 consequenter
1536 2736 1752 2805 reptilia
1773 2743 1963 2811 respui

372 2806 675 2875 discamus,
706 2826 777 2869 ex
817 2813 1014 2879 horum
1044 2819 1154 2876 vita
1179 2806 1345 2877 omne
1400 2841 1575 2896 genus
1600 2806 1963 2899 conjicientes

374 2901 675 2972 reptilinm.
723 2904 951 2967 Mustela
977 2911 1123 2968 enim
1176 2916 1379 2972 animal
1432 2929 1518 2974 est
1575 2920 1846 2992 dolosum,
1908 2937 1964 2981 et

373 2992 530 3049 valde
560 2994 724 3053 furtis
757 3013 981 3056 vacans.
1013 3002 1134 3059 Mus
1182 3016 1412 3077 propter
1440 3013 1647 3068 ventris
1667 3014 1960 3088 ingluviem

2079 548 2246 599 mors,
2276 534 2566 593 morticina
2594 546 2741 595 recte
2768 535 3122 593 nominantur
3147 556 3158 590 :
3191 545 3246 592 et
3273 553 3365 606 qui
3382 552 3447 591 ea
3468 538 3659 609 tangit,

2078 628 2133 682 id
2200 636 2307 693 est,
2360 630 2454 699 qui
2514 630 2570 685 in
2594 631 2675 687 eis
2704 632 2988 702 polluitur,
3021 632 3162 687 sicut
3196 642 3252 686 et
3270 630 3473 691 Paulus
3535 633 3613 687 ait
3645 652 3659 686 :

2078 715 2283 773 Bonum
2321 730 2396 775 est
2442 722 2645 777 homini
2668 722 2942 780 mulierem
2972 740 3077 779 non
3118 733 3338 794 tangere
3374 724 3445 792 “,
3473 725 3663 795 procul

2077 806 2245 864 dubio
2283 808 2600 871 immundus
2633 821 2741 868 est.
2765 812 2913 869 Nihil
2942 815 3093 869 enim
3134 814 3214 873 sic
3235 814 3514 868 hominem
3548 813 3667 885 pol-

2077 897 2199 963 luit,
2243 909 2302 955 ut
2333 911 2644 971 peccatum.
2688 902 2875 974 Usque
2903 904 3036 960 dum
3100 919 3330 976 vespera
3385 905 3659 971 veniente,

2077 991 2145 1047 de
2185 1007 2290 1061 qua
2318 992 2485 1051 David
2507 995 2723 1054 dicebat
2756 1014 2770 1049 :
2826 996 2911 1051 Ad
2974 1014 3248 1069 vesperum
3301 997 3663 1052 demorabitur

2075 1085 2233 1153 ﬂetus
2255 1085 2336 1153 ";
2391 1088 2470 1142 ait
2531 1098 2716 1144 autem
2787 1089 2855 1147 de
2920 1090 3244 1162 ptenitentia
3285 1089 3609 1162 intelligibili
3641 1110 3660 1146 :

2078 1178 2458 1248 puriﬁcatione
2488 1181 2781 1241 diluamus.

2149 1267 2310 1325 Vens.
2341 1270 2431 1335 52,
2466 1272 2554 1328 '55.
2586 1273 2687 1331 «Et
2721 1289 2888 1345 super
2916 1276 3061 1346 quod
3090 1275 3663 1346 cecideritquidquam

2077 1361 2145 1416 de
2181 1362 2485 1417 morticinis
2515 1379 2729 1431 eorum,
2749 1365 3036 1435 polluitur,
3076 1376 3184 1427 tam
3225 1381 3319 1421 vas
3341 1366 3578 1437 ligneum
3608 1374 3663 1420 et

2077 1453 2491 1520 vestimentum,
2523 1468 2686 1523 quam
2720 1455 2878 1525 pellis
2923 1466 2979 1511 et
3009 1456 3251 1512 cilicium
3294 1473 3307 1510 :
3342 1464 3399 1510 et
3434 1457 3488 1509 in
3522 1472 3662 1527 quo-

2077 1558 2295 1615 cunque
2345 1543 2405 1599 fit
2436 1559 2595 1615 opus,
2638 1547 2922 1617 tiugentur
2983 1563 3123 1617 aqua
3164 1558 3220 1602 et
3253 1547 3460 1618 polluta
3496 1557 3659 1602 erunt

2078 1651 2250 1706 usque
2273 1637 2343 1701 ad
2379 1652 2689 1707 vesperam,
2718 1649 2774 1694 et
2838 1640 2917 1695 sic
2943 1652 3134 1710 postea
3211 1656 3301 1693 mu
3317 1641 3654 1695 ndahuntur.

2080 1726 2187 1784 Vas
2213 1739 2396 1785 autem
2432 1730 2618 1795 fictile,
2652 1731 2709 1785 in
2745 1733 2889 1801 quod
2936 1733 3133 1788 horum
3164 1734 3463 1805 quidquam
3520 1732 3667 1787 intro

2077 1821 2359 1885 ceciderit,
2392 1822 2691 1891 polluetur,
2756 1832 2808 1878 et
2842 1823 3050 1879 idcirco
3098 1824 3464 1895 frangendum
3491 1833 3593 1881 est.
3636 1841 3657 1876 ι

2146 1912 2469 1969 Admirabili
2512 1914 2978 1979 divisioueetiam.
3001 1933 3147 1971 nunc
3167 1917 3342 1971 utitur
3362 1915 3659 1986 lcgislator;

2084 2004 2213 2072 quia
2281 2004 2428 2063 enim
2488 2004 2784 2074 aliquando
2841 2021 2908 2060 ex
2957 2006 3310 2077 negligentia,
3365 2005 3665 2075 aliquando

2071 2109 2365 2165 peccamus
2395 2111 2465 2150 ex
2490 2110 2659 2165 opere
2713 2097 3088 2167 malorumque
3132 2099 3340 2175 studio,
3393 2098 3538 2155 sicut
3583 2099 3658 2153 illi

2071 2187 2139 2239 de
2175 2186 2374 2255 quibus
2404 2185 2661 2241 Salomon
2696 2186 2749 2240 in
2789 2185 3098 2243 Proverbiis
3119 2189 3336 2244 dicebat
3370 2204 3389 2247 :7
3416 2188 3517 2246 Cui
3551 2192 3666 2245 om?

2070 2278 2236 2347 Cujus
2263 2280 2407 2348 patri
2444 2280 2561 2333 vce?
2600 2281 2684 2332 cui
2716 2281 2852 2334 irw?
2884 2281 2969 2334 cui
3004 2283 3134 2336 rixa:
3157 2283 3187 2336 7
3213 2284 3299 2338 cui
3330 2285 3444 2338 sine
3493 2300 3657 2343 causa

2070 2371 2432 2424 vnlnerahui
2456 2372 2673 2441 suffusio
2719 2374 2992 2428 oculorum
3018 2376 3043 2428 Ρ
3072 2374 3268 2429 Nonne
3307 2377 3386 2434 Itis
3423 2378 3514 2445 qui
3543 2387 3657 2431 stu-

2070 2463 2191 2515 dent
2218 2462 2338 2515 vino
2377 2473 2423 2516 et
2442 2474 2632 2517 vacant
2666 2464 2924 2519 calicibus
2955 2467 3331 2537 epotandis“?
3369 2467 3537 2523 Recte
3558 2469 3658 2522 hos

2075 2554 2221 2608 inter
2247 2569 2342 2609 eos
2379 2556 2475 2624 qui
2509 2566 2737 2627 tangunt
2761 2558 3072 2620 morticina,
3100 2560 3307 2628 posuit.
3349 2559 3453 2625 Qui
3523 2576 3655 2615 vero

2071 2662 2169 2717 per
2202 2645 2549 2703 evenientem
2581 2648 2778 2704 anima:
2824 2651 3236 2725 negligentiam,
3270 2662 3325 2706 et
3359 2652 3428 2706 ob
3464 2663 3656 2725 smpn-

2071 2754 2185 2793 rem
2224 2739 2608 2812 delectumque
2631 2741 2894 2797 virtutum
2928 2744 3274 2813 delinquunt,
3299 2746 3656 2814 quemadmo-

2070 2831 2201 2885 dum
2282 2830 2448 2885 David
2515 2846 2747 2903 surgens
2807 2834 3029 2888 meridie
3068 2834 3136 2889 de
3201 2845 3371 2894 strato
3409 2852 3532 2902 suo,
3602 2846 3657 2890 et

2068 2918 2357 2977 ambulans
2393 2920 2448 2973 in
2495 2919 2715 2985 solario,
2758 2930 2813 2977 et
2850 2921 2993 2977 Uriae
3030 2940 3257 2981 uxorem
3287 2926 3557 2980 lavantem
3596 2942 3657 2980 se

2070 3012 2280 3074 videns,
2320 3022 2568 3081 Captusa
2600 3013 2830 3069 muliere
2892 3025 2995 3081 est,
3037 3032 3185 3086 quae,
3218 3019 3382 3074 nimis
3427 3019 3659 3089 pulchra

371 3085 546 3141 multa
574 3089 817 3159 quotidie
847 3092 1090 3164 pericula
1154 3097 1413 3155 sustinet.
1466 3085 1787 3161 Crocodilus
1838 3106 1960 3161 duri
1989 3138 2031 3192 ε
2068 3113 2202 3170 erat,
2234 3104 2674 3172 quiadultcrium
2708 3106 2869 3160 simul
2922 3108 3388 3181 homicidiumque
3423 3085 3655 3167 commi—

380 3178 541 3246 curii,
576 3188 632 3234 et
648 3181 956 3240 malitiosus
1006 3198 1109 3254 est,
1151 3188 1375 3262 lutoque
1420 3195 1685 3263 pascitur.
1727 3198 1958 3271 Μυγάλη

368 3268 573 3327 animal
599 3282 684 3329 est
710 3277 1099 3348 compositum,
1130 3297 1241 3337 non
1289 3294 1505 3355 natura,
1537 3288 1634 3347 sed
1672 3290 1799 3355 vita:
1825 3268 1960 3346 con;

369 3362 581 3420 di‘tione
603 3366 669 3421 ad
697 3366 1056 3430 deridendum
1076 3384 1286 3444 aptum,
1313 3376 1366 3435 id
1391 3388 1496 3442 est,
1527 3381 1757 3441 utdolos
1775 3383 1956 3448 iaciat,

374 3464 432 3511 et
463 3456 657 3527 rapiat,
683 3468 1043 3534 ventremque
1072 3466 1283 3539 repleat
1309 3487 1320 3521 :
1368 3482 1592 3542 propter
1618 3474 1764 3547 quod
1806 3488 1959 3535 cem-

368 3547 857 3623 positum‘nomen
897 3557 1113 3627 accepit
1184 3574 1253 3613 ex
1318 3571 1550 3632 utroque
1587 3565 1832 3633 animali,
1893 3584 1960 3627 ex

367 3653 481 3713 quo
513 3640 631 3697 haec
662 3641 828 3698 habet
860 3644 1013 3700 vitia.
1042 3646 1376 3706 Chameleon
1426 3636 1480 3706 in
1527 3653 1671 3717 man
1729 3655 1959 3714 misere-

368 3731 495 3799 scit,
524 3741 581 3787 et
599 3749 713 3804 prae
741 3734 1061 3795 infirmitate
1094 3751 1445 3799 mansuetum
1496 3760 1618 3805 csso
1661 3761 1721 3802 se
1779 3747 1953 3819 fingit,

365 3839 489 3879 cum
527 3823 602 3878 sit
634 3824 1063 3887 immansuetum
1090 3831 1311 3887 animal.
1333 3832 1544 3903 Stellio,
1576 3836 1627 3891 id
1647 3847 1751 3904 est,
1778 3840 1954 3894 diana-.-

363 3911 636 3983 λοιϐώτης,
663 3913 830 3970 nimis
866 3918 1088 3987 quidem
1138 3922 1422 3991 parvulus,
1466 3925 1559 3981 vel
1588 3927 1953 3993 miserrimus,

363 4022 677 4066 venenosus
730 4018 915 4069 tamen
943 4022 1046 4066 est.
1090 4011 1314 4075 Lacerta
1346 4015 1402 4073 in
1429 4016 1698 4086 sepulcris
1722 4019 1950 4079 habitat.

364 4095 536 4168 Talpa
571 4116 777 4156 ctecum
811 4112 897 4158 est
925 4103 1130 4158 animal
1160 4107 1306 4175 quod
1336 4107 1404 4165 de
1434 4117 1577 4163 terra
1602 4119 1901 4179 generatur
1936 4130 1947 4166 :

365 4189 559 4244 dicunt
594 4191 740 4246 enim
777 4207 898 4247 eam
943 4193 1012 4249 de
1044 4202 1186 4255 terra
1231 4197 1393 4253 Simul
1439 4206 1495 4252 et
1526 4186 1711 4267 plu-via,
1778 4200 1951 4253 creari

363 4289 624 4352 corrupto
675 4282 813 4355 luto,
857 4299 985 4345 cum
1031 4285 1193 4358 prius.
1248 4287 1491 4357 pluviam
1538 4288 1793 4361 suscipit.
1824 4288 1951 4344 Haec

360 4388 494 4443 ergo
526 4373 805 4437 inmunda
839 4385 968 4432 sunt
996 4377 1063 4432 de
1100 4360 1359 4436 erunibus
1409 4396 1531 4449 qua}
1567 4360 1951 4452 repuntsuper

2067 3195 2157 3259 sit,
2195 3195 2249 3257 in
2284 3196 2383 3250 hos
2412 3196 2609 3250 cadere
2637 3197 2926 3261 morticina
2968 3199 3247 3256 dicuntur.
3286 3200 3474 3272 Neque
3505 3205 3659 3259 enim

2066 3288 2167 3358 ipsi
2209 3289 2277 3343 ad
2306 3297 2591 3360 peccatum
2617 3290 3041 3359 festinaverunt,
3072 3294 3168 3348 sed
3219 3294 3541 3351 inciderunt
3597 3298 3651 3351 in

2064 3381 2163 3444 eis,
2198 3389 2252 3434 et
2281 3378 2686 3449 quodauunodo
2759 3396 2926 3451 super
2986 3398 3045 3436 se
3103 3383 3308 3439 cadens
3363 3396 3648 3455 peccatum

2064 3471 2391 3542 suscipiunt.
2419 3469 2555 3541 Quia
2589 3481 2769 3531 autem
2807 3474 3035 3528 omnino
3054 3486 3437 3546 susceperunt,
3468 3487 3648 3534 etnon

2063 3565 2404 3629 restiterunt,
2434 3574 2725 3635 propterea
2755 3574 2903 3621 recte
2937 3567 3208 3624 immundi
3236 3564 3386 3634 sunt,
3425 3580 3533 3627 tam
3554 3590 3649 3630 vas

2064 3656 2314 3727 ligneum
2355 3666 2410 3711 et
2442 3656 2856 3721 vestimentum,
2900 3675 3064 3729 quam
3090 3660 3250 3732 pellis
3281 3673 3335 3719 et
3365 3664 3641 3727 cilicium:

2061 3746 2115 3800 id
2150 3755 2254 3811 est,
2282 3745 2396 3801 sive
2423 3759 2576 3804 aram
2634 3747 2816 3802 levem
2856 3749 3149 3816 quamdam
3211 3759 3265 3806 et
3306 3753 3642 3808 mediocrem

2060 3836 2280 3901 habeat,
2310 3834 2437 3891 talia
2467 3843 2600 3893 sunt
2630 3836 2778 3891 enim
2807 3851 2931 3890 vasa
2957 3835 3156 3907 lignea,
3190 3849 3284 3893 aut
3317 3841 3387 3895 ad
3430 3841 3645 3912 tingeu-z

2058 3926 2186 3984 dum
2253 3922 2635 3989 subicientem,
2706 3925 2849 3979 sicut
2891 3936 2977 3985 est
3035 3928 3455 3996 vestimentum,
3528 3931 3642 3986 sive

2057 4017 2355 4087 patientem
2374 4056 2386 4078 ,
2413 4030 2576 4085 quam
2613 4015 2771 4084 pellis
2799 4017 3092 4087 significat,
3115 4020 3231 4073 sive
3252 4035 3374 4083 eam
3413 4037 3536 4093 qua:
3561 4032 3642 4076 est

2056 4107 2399 4178 patientium,
2441 4108 2582 4163 hanc
2614 4108 2761 4171 enim
2792 4108 3052 4173 cilicium,
3081 4110 3635 4182 sivesaccussigniﬂ.

2056 4209 2164 4254 cat.
2202 4197 2440 4255 Omnino
2467 4207 2653 4255 autem
2684 4215 2777 4255 vas
2812 4210 2918 4267 est,
2961 4203 3014 4256 in
3047 4218 3158 4273 quo
3188 4219 3326 4274 opus
3350 4207 3526 4275 possit
3557 4207 3637 4277 agi

2067 4290 2316 4355 virtutis;
2359 4291 2439 4345 sic
2471 4291 2617 4346 enim
2637 4291 2894 4362 intelligis
2943 4293 2999 4348 in
3030 4309 3360 4366 quocunque
3387 4297 3444 4352 fit
3477 4313 3633 4369 opus.

2126 4380 2342 4437 Polluta
2368 4391 2518 4441 erunt
2549 4399 2711 4453 usque
2749 4385 2820 4437 ad
2851 4400 3139 4453 vesperam.
3188 4385 3245 4443 Id
3303 4403 3406 4455 est,
3470 4408 3640 4461 usque

362 4475 589 4533 terram,
612 4481 724 4522 non
748 4469 875 4538 quia
913 4468 1017 4527 alia
1064 4484 1179 4531 non
1211 4480 1358 4526 sunt.
1394 4470 1627 4541 Propter
1662 4474 1806 4555 quod
1836 4475 1951 4543 pol-
1980 4470 2027 4528 D
2057 4479 2273 4540 tempus
2291 4471 2649 4540 poenitentiae.
2697 4473 2964 4545 Tingetur
3036 4486 3220 4532 autem
3248 4493 3389 4549 aqua
3410 4481 3635 4546 lavacri,

360 4558 630 4625 lutionem
658 4561 919 4631 majorem
954 4562 1180 4630 habent,
1229 4563 1347 4617 sive
1377 4563 1663 4625 malitiam.

431 4649 614 4727 Omnis
655 4653 746 4725 qui
803 4654 1034 4726 tetigerit
1074 4655 1359 4710 morticina
1399 4671 1601 4721 eorum,
1642 4657 1949 4713 immundus

362 4744 461 4797 erit
490 4761 655 4815 usque
676 4746 747 4799 ad
768 4762 1057 4816 vesperam.
1104 4747 1252 4804 Bene
1289 4763 1421 4820 ergo
1457 4749 1653 4818 probat
1683 4750 1949 4807 Intentio-

362 4848 490 4889 nem
520 4834 852 4911 legislaloris
900 4837 1019 4911 ipsa
1055 4838 1254 4894 littera.
1324 4837 1378 4892 Si
1448 4838 1596 4893 enim
1661 4840 1945 4898 immunda

360 4932 560 4977 natura
587 4934 773 4986 essent
823 4941 888 4987 ea
936 4941 1244 5002 quaeaune
1268 4927 1414 4982 dicta
1472 4937 1602 4984 sunt
1661 4930 1943 4996 animalia,

358 5021 639 5083 oporteret
668 5014 1010 5071 immundum
1040 5031 1162 5070 esse
1199 5024 1257 5071 et
1298 5017 1392 5091 qui
1435 5031 1499 5072 ea
1540 5017 1780 5075 viventia
1827 5030 1946 5075 tan-

358 5112 550 5174 geret,
589 5117 741 5160 nunc
785 5114 970 5165 autem
997 5105 1089 5175 qui
1131 5106 1370 5177 tetigerit
1438 5106 1726 5167 morticina
1756 5124 1947 5171 eorum

357 5195 481 5265 ipse
515 5193 664 5250 solus
691 5194 1008 5252 immundus
1026 5206 1131 5251 est.
1176 5196 1471 5253 Morticina
1502 5207 1689 5255 autem
1729 5213 1943 5264 eorum,

358 5278 490 5347 tum
558 5288 830 5360 praedictae
888 5289 1160 5358 actiones,
1216 5290 1278 5349 id‘
1333 5300 1419 5346 est
1473 5292 1654 5359 dolus,
1712 5292 1942 5361 furtum,

360 5379 681 5451 duplicitas,
709 5381 827 5437 sive
874 5382 1074 5447 ironia,
1140 5393 1197 5443 et
1260 5384 1407 5440 circa
1455 5385 1561 5441 alia
1627 5389 1938 5457 occupatio,

359 5482 577 5530 necnon
621 5470 768 5527 circa
808 5479 1026 5529 terrena
1079 5472 1363 5531 festinatio
1405 5493 1419 5530 :
1478 5490 1543 5532 ex
1578 5492 1686 5550 qua
1741 5480 1951 5538 mentis.

417 5673 467 5707 “
531 5681 770 5757 ljhilipp.
827 5704 931 5755 ut,
986 5690 1077 5748 l9.

1207 5688 1310 5751 “l
1365 5690 1491 5751 Cor.
1549 5708 1673 5759 vn,
1729 5691 1783 5752 i.

364 5762 508 5820 ιγιιι.
543 5752 632 5814 ts.

1910 5691 1953 5723 ⁵⁷
2004 5689 2146 5746 Psal.
2213 5706 2390 5758 xxix,
2441 5690 2497 5745 6.

2053 4564 2140 4618 vel
2177 4562 2557 4633 lacrymarum,
2598 4572 2654 4619 et
2705 4566 3079 4625 mandabitur.
3112 4568 3220 4625 Vas
3248 4581 3431 4626 autem
3449 4573 3633 4641 ﬁctile,

2050 4656 2142 4728 qui
2180 4664 2325 4710 totus
2362 4664 2612 4712 terrenus
2635 4666 2737 4719 est,
2779 4657 2835 4713 id
2863 4668 2966 4725 est,
3002 4660 3115 4717 luto
3147 4664 3331 4718 smculi
3371 4680 3633 4735 conSper-

2050 4761 2167 4801 sus.
2230 4745 2290 4800 ln
2329 4746 2436 4801 hoc
2481 4748 2529 4801 si
2605 4746 2862 4803 inciderit
2924 4751 3297 4817 morticinum,
3349 4766 3632 4825 peccatum

2049 4837 2197 4909 quod
2218 4838 2283 4893 ad
2316 4849 2547 4893 mortem
2608 4848 2711 4904 est,
2770 4842 3114 4915 interiusque
3180 4861 3304 4901 eum
3358 4859 3630 4920 penetret,

2051 4930 2474 5001 domineturque
2507 4931 2580 4998 ei,
2612 4931 2758 4987 sicut
2818 4933 2990 4991 David
3020 4937 3238 4992 dicebat
3269 4958 3284 4995 :
3350 4938 3420 4994 Et
3462 4942 3634 4996 induit

2050 5040 2106 5081 se
2137 5021 2558 5077 maledictionem
2586 5023 2722 5077 sicut
2750 5027 3137 5094 uestimentum,
3171 5039 3221 5084 et
3245 5032 3464 5087 intravit
3500 5035 3635 5087 sicut

2048 5120 2193 5186 aqua
2228 5116 2286 5169 in
2310 5115 2572 5170 interiora
2612 5117 2727 5185 ejus
2751 5117 2818 5186 ⁸⁵,
2876 5120 2966 5189 qui
3025 5136 3137 5176 non
3196 5123 3371 5178 solum
3426 5125 3635 5197 ingredi

2052 5209 2516 5272 mult-dictionem,
2547 5210 2643 5265 sed
2671 5220 2727 5265 et
2778 5211 3051 5269 dominari
3096 5215 3151 5269 in
3186 5231 3279 5284 eo,
3310 5218 3365 5273 in
3391 5234 3500 5290 quo
3552 5221 3635 5275 in-

2052 5316 2235 5375 gressa
2264 5309 2368 5368 est,
2407 5301 2541 5365 dicit
2565 5316 2578 5354 :
2615 5304 2924 5360 necessarie
2953 5305 3086 5365 illud
3112 5311 3322 5363 conteri
3349 5312 3632 5383 praecepit.

2052 5392 2242 5461 Neque
2260 5390 2406 5446 enim
2439 5391 2929 5461 ejnsimmunditia
2978 5393 3122 5450 sicut
3173 5395 3428 5463 aliorum,
3476 5397 3636 5455 facile

2052 5478 2270 5555 purgari
2299 5488 2499 5550 potest,
2519 5480 2707 5536 labore
2735 5480 2940 5552 quippe
2971 5482 3165 5548 multo,
3198 5493 3254 5539 et
3278 5485 3629 5553 contritione,

2637 5685 2874 5745 “Prov.
2925 5704 3100 5761 χχιιι,
3171 5690 3262 5748 29.
3421 5689 3630 5755 ⁶⁹Ρελ1ι
