3992 6420
327 336 430 398 917

1452 332 1534 390 IN
1567 328 2006 390 LEVITICUM.
2045 350 2114 361 -·
2148 328 2294 389 LIB.
2331 329 2445 387 III.
3502 330 3599 394 918

325 459 379 504 et
415 445 817 516 quodammodo
873 445 1259 498 reformatione
1297 445 1546 496 contritae
1581 449 1746 510 atque
1798 441 1894 493 hu-
1937 444 1981 494 Α
2011 436 2531 504 contemplationem
2587 436 2849 506 spiritus,
2892 437 3046 507 quod
3087 441 3505 507 cognoscimus,
3563 442 3606 493 si

323 541 540 595 miliatat
596 538 794 592 utentis
835 547 975 606 eget,
1001 536 1141 591 sicut
1201 536 1277 590 ait
1319 535 1504 597 David,
1567 535 1610 588 si
1653 533 1907 588 mundari

325 631 457 686 vult.
503 628 659 684 Unde
689 638 743 682 et
781 629 976 682 beatus
1009 627 1209 682 Paulus
1237 629 1284 660 ³⁵
1324 641 1448 679 eum
1474 626 1568 694 qui
1599 641 1721 679 cum
1741 638 1909 678 uxore

327 721 489 789 patris
521 719 822 772 fornicatus
845 728 945 781 est,
967 719 1020 771 in
1045 727 1253 770 tantum
1281 717 1557 776 contrivit,
1584 723 1644 770 ut
1691 716 1909 770 Satanae

329 827 449 866 eum
490 810 724 864 traderet
758 809 811 862 in
846 809 1069 863 interitu
1116 809 1318 870 carnis,
1367 817 1640 878 quatenus
1700 807 1752 860 in
1814 806 1907 860 tali

325 899 654 955 contritione
686 899 922 952 salvaret
949 900 1230 968 spiritum.

391 988 554 1041 Vens.
600 987 687 1042 Si.
723 1006 742 1038 ‹
781 986 971 1044 Omnis
994 990 1150 1044 cibus
1176 1005 1337 1058 quem
1371 989 1681 1052 comeditis,
1721 991 1764 1043 si
1788 988 1908 1042 fusa

328 1079 485 1134 fuerit
513 1095 682 1149 super
704 1096 828 1136 eum
861 1096 1022 1149 aqua,
1054 1082 1368 1134 immundus
1389 1083 1496 1136 erit
1522 1101 1534 1135 :
1568 1091 1624 1136 et
1655 1097 1816 1136 omne
1842 1081 1905 1133 li-

324 1189 489 1242 quens
503 1174 649 1242 quod
668 1173 870 1227 bibitur
884 1175 951 1228 de
965 1174 1221 1228 universo
1234 1175 1728 1238 vase,imntundum
1745 1175 1866 1228 erit.
1883 1194 1901 1225 ›

390 1263 581 1318 Cibum
613 1278 734 1318 esse
762 1273 816 1318 et
844 1274 1030 1332 potum
1066 1266 1120 1317 in
1189 1265 1336 1318 omni
1372 1281 1500 1318 vase
1540 1265 1710 1318 bonas
1740 1265 1908 1318 actio-

327 1368 420 1408 nes
448 1352 824 1421 intelligimus.
858 1354 1154 1422 Propterca
1181 1356 1330 1408 enim
1369 1354 1500 1408 dixit
1520 1372 1532 1407 :
1554 1353 1721 1409 Cibus
1741 1370 1903 1422 quem

327 1445 632 1506 comeditis,
665 1445 950 1514 etliquens
975 1448 1119 1514 quod
1154 1446 1382 1507 bibitur,
1452 1447 1577 1515 quia
1637 1446 1904 1500 malarum

325 1537 596 1592 actionum
625 1548 681 1592 et
703 1538 856 1592 cibus
873 1548 928 1592 et
956 1548 1118 1608 potus
1149 1539 1487 1608 prohibetur,
1515 1539 1565 1593 id
1593 1547 1696 1604 est,
1718 1555 1906 1592 eorum

325 1627 764 1682 communicatio.
789 1629 845 1682 Si
877 1642 1006 1697 ergo
1027 1628 1078 1680 in
1099 1628 1275 1696 aliqua
1306 1628 1572 1682 bonarum
1605 1629 1902 1694 actionum,

318 1733 429 1788 qua:
460 1717 513 1770 in
549 1717 702 1771 omni
729 1732 855 1772 vase
885 1725 1034 1780 sunt,
1069 1719 1119 1772 id
1151 1728 1252 1782 est,
1285 1720 1338 1772 in
1361 1721 1513 1773 omni
1545 1719 1766 1774 homine
1792 1721 1907 1775 sive

2017 528 2311 582 verborum
2390 528 2898 598 interpretationem
2977 529 3280 583 secundum
3347 532 3605 586 virtutem

2017 634 2170 672 suam
2198 620 2424 673 scruta-li
2449 619 2739 674 fuerimus.
2773 620 2916 687 Quid
2942 621 3089 676 enim
3117 621 3316 677 clibani
3345 623 3430 676 vel
3466 623 3608 678 forte

1965 709 1978 718 '
2018 706 2388 776 chytropodes
2441 719 2736 773 nor-eatur,
2797 708 3088 762 morticina
3141 708 3195 761 in
3237 708 3318 763 eis
3379 712 3606 763 cadente

2016 800 2206 852 mure?
2246 799 2304 852 Si
2342 809 2526 854 autem
2560 800 2763 854 clibani
2823 810 2877 855 et
2914 802 3284 871 chytropodes
3312 808 3603 867 uocentur,

2015 892 2286 960 quomodo
2327 908 2436 947 non
2468 894 2640 964 magis
2691 909 2955 962 aquarum
2983 895 3358 958 eollectiones,
3394 894 3448 947 in
3481 893 3605 962 qui-

2017 982 2119 1036 bus
2152 982 2424 1051 contingit
2454 985 2709 1037 animalia
2749 986 2862 1038 haec
2917 984 3218 1038 incidentia
3261 993 3606 1052 computres-

2016 1074 2178 1125 cere?
2209 1072 2316 1126 Sed
2348 1074 2475 1142 quid
2505 1083 2664 1143 putas
2695 1074 2891 1128 clibani
2938 1075 3021 1128 vel
3044 1074 3406 1144 chytropodes
3432 1073 3602 1142 signi-

2015 1159 2216 1215 ﬁcant?
2265 1161 2547 1230 Magistros
2591 1163 2865 1227 videlicet,
2918 1163 2971 1215 in
3024 1163 3223 1232 quibus
3273 1161 3381 1216 cibi
3435 1175 3602 1216 sacrae

2015 1250 2279 1305 doctrinae
2306 1263 2638 1322 coquuntur,
2671 1255 3008 1324 operationis
3041 1255 3273 1324 Spiritus
3313 1255 3439 1326 igne
3473 1271 3604 1324 sup-

2017 1344 2212 1412 posito.
2243 1344 2361 1398 Non
2397 1355 2482 1398 est
2533 1355 2716 1400 autem
2776 1347 2997 1412 mirum,
3055 1348 3297 1403 clibanos
3349 1363 3444 1404 eos
3503 1363 3602 1418 per

2017 1437 2390 1503 metaphoram
2439 1445 2492 1489 et
2520 1437 2883 1507 chytropodas
2908 1439 3190 1507 appellari,
3218 1441 3342 1509 quia
3368 1441 3421 1494 in
3457 1442 3600 1496 mul-

2019 1527 2090 1580 tis
2127 1527 2333 1581 scimus
2369 1528 2606 1582 divinam
2640 1529 2981 1599 Scripturam
3009 1531 3204 1585 talibus
3242 1548 3394 1586 usam
3424 1535 3600 1588 nomi-

2016 1620 2200 1674 nibus.
2247 1621 2379 1674 Nam
2433 1622 2598 1676 David
2651 1621 2829 1685 Moab,
2875 1622 2929 1677 id
2979 1632 3062 1678 est
3103 1633 3312 1691 gentes,
3369 1626 3601 1681 lebetent

2017 1714 2333 1782 appellavit,
2370 1715 2448 1769 ait
2475 1715 2619 1769 enim
2646 1735 2657 1767 :
2691 1717 2846 1770 Moab
2881 1716 2989 1770 olla
3035 1719 3146 1785 spei
3177 1719 3366 1771 mcw“
3389 1760 3401 1782 ,
3433 1733 3601 1788 prop-

321 1811 576 1880 principe,
610 1811 730 1864 sive
761 1811 996 1881 plebeio,
1035 1811 1150 1865 sive
1173 1812 1439 1880 sapiente,
1467 1813 1583 1866 sive
1622 1812 1890 1881 imperito,
1939 1795 1981 1852 Β
2016 1815 2096 1859 ter
2129 1806 2472 1874 baptismatis
2493 1823 2681 1875 aquas,
2717 1823 2840 1876 quae
2875 1809 2928 1861 in
2985 1809 3066 1864 eis
3098 1809 3372 1863 caleﬁunt.
3411 1810 3518 1865 Sed
3547 1821 3602 1866 et

321 1920 472 1957 unum
500 1905 788 1973 quodlibet
815 1919 1006 1958 eorum
1037 1920 1157 1972 quae
1219 1904 1364 1958 dicta
1427 1915 1575 1970 sunt,
1639 1905 1896 1959 inciderit

320 1994 745 2059 morticinornm,
798 1995 1108 2050 necessario
1136 1995 1452 2049 immundus
1477 1997 1604 2050 erit.
1629 1997 1759 2051 Nam
1791 2000 1893 2052 etsi

318 2102 414 2138 non
472 2086 539 2139 ab
580 2086 744 2140 initio
795 2087 934 2140 mala
995 2087 1228 2155 quadam
1281 2088 1586 2143 intentione
1620 2091 1894 2144 actionem

318 2179 498 2232 bonam
526 2179 784 2247 coeperit,
805 2179 945 2232 sicut
975 2179 1027 2232 hi
1059 2178 1270 2232 faciunt
1310 2180 1424 2248 qui,
1472 2191 1698 2249 propter
1724 2197 1893 2251 nego-

318 2269 580 2323 tiationem
645 2270 733 2324 vel
797 2271 1032 2333 lucrum,
1089 2271 1350 2340 pietatem
1419 2271 1650 2342 lingunt,
1707 2285 1893 2340 postea

317 2368 484 2414 autem
513 2361 774 2416 inciderit
822 2362 1023 2416 actioni
1067 2361 1186 2430 ejus
1255 2361 1532 2430 superbia,
1597 2362 1753 2416 dolus
1800 2372 1894 2417 aut

321 2451 627 2519 hypocrisis,
674 2452 758 2505 vel
785 2452 962 2505 simile
1014 2450 1316 2520 quidpiam,
1342 2453 1486 2520 quod
1521 2453 1890 2520 morticinum,

319 2551 489 2608 utpote
538 2553 778 2596 mortem
810 2543 1211 2611 quodammodo
1261 2543 1603 2612 participanti
1633 2545 1890 2610 inferens,

317 2633 518 2698 dicitur,
584 2635 698 2688 erit
753 2644 808 2688 et
867 2635 955 2688 hic
1002 2635 1336 2698 immundus,
1399 2635 1593 2689 bonam
1623 2636 1893 2704 siquidem

319 2724 568 2778 actionezn
593 2727 744 2778 mala
777 2726 1200 2794 subingrediens
1241 2726 1475 2782 intentio
1503 2727 1714 2796 polluit.
1753 2726 1894 2792 Qttid

316 2823 480 2867 autem
516 2815 733 2868 addidit
763 2815 888 2884 legi,
931 2830 1050 2883 quae
1081 2814 1256 2868 estde
1283 2813 1448 2868 cibo?

381 2908 434 2962 Si
481 2911 597 2978 fusa
669 2910 826 2979 fuerit
857 2925 1014 2978 super
1061 2925 1180 2961 eum
1233 2924 1395 2977 aqua.
1429 2907 1700 2967 Ostendit,
1767 2910 1893 2976 quia

322 3013 420 3062 eas,
453 3015 570 3068 qua:
602 3009 743 3054 sunt
775 3009 897 3068 post
927 2999 1217 3069 baptisma,
1251 3000 1496 3054 actiones
1531 3000 1800 3069 quaesivit,
1842 3009 1896 3053 et

319 3107 480 3146 sermo
516 3092 562 3146 ei
617 3094 696 3146 de
747 3092 890 3146 ﬁdeli
930 3100 983 3146 et
1044 3092 1320 3161 baptizata
1371 3101 1498 3153 est,
1560 3093 1627 3146 de
1692 3091 1894 3146 infideli

317 3198 482 3240 autem
521 3188 804 3241 actionem
850 3188 996 3240 illam
1026 3187 1365 3239 mentionem
1408 3184 1555 3238 facit.
1582 3186 1736 3249 Quod
1773 3201 1898 3255 pro-

317 3276 399 3332 bat
417 3279 602 3334 beatus
655 3279 856 3333 Paulus
884 3278 1107 3331 dicens:
1145 3276 1341 3345 Scripsi
1373 3276 1516 3330 vobis
1547 3277 1604 3328 in
1633 3273 1898 3344 Epistula,

319 3385 410 3422 non
456 3371 788 3424 commisceri
833 3371 1163 3440 fornicariis,
1227 3385 1330 3421 non
1374 3371 1552 3438 utique
1600 3367 1900 3436 {ornicariis

319 3461 462 3530 hujus
497 3463 712 3526 mundi,
744 3471 837 3515 aut
881 3463 1083 3520 avaris,
1135 3471 1230 3513 aut
1275 3459 1575 3528 rapacibus,
1616 3469 1709 3511 aut
1747 3457 1900 3512 idolis

317 3555 672 3619 servientibus,
705 3555 907 3620 aiioqui
933 3554 1228 3607 debueratis
1263 3553 1326 3606 de
1361 3555 1456 3605 hoc
1487 3551 1681 3604 mutulo
1710 3553 1896 3604 exisse.

317 3642 458 3697 Nunc
477 3655 664 3698 autem
705 3645 890 3713 scripsi
932 3644 1092 3707 vobis,
1123 3644 1168 3696 si
1196 3643 1238 3695 is
1262 3643 1350 3711 qui
1373 3643 1542 3712 frater
1571 3641 1896 3701 nominatur,

322 3748 386 3789 est
407 3739 712 3806 fornicator,
744 3747 837 3790 aut
861 3738 1184 3799 immundus,
1226 3745 1320 3788 aut
1349 3751 1563 3798 auarus,
1618 3743 1710 3787 aut
1746 3733 1900 3787 idolis

324 3829 556 3890 serviens,
586 3839 681 3882 aut
703 3829 1013 3896 maledicus,
1047 3837 1138 3882 aut
1169 3827 1418 3890 ebriosus,
1453 3836 1751 3893 autrapax,
1780 3843 1898 3879 cum

324 3921 672 3988 hujuscemodi
711 3939 802 3975 nec
817 3923 986 3975 cibum
1015 3938 1241 3975 sumere.
1268 3921 1407 3984 Quid
1430 3922 1566 3974 enim
1589 3920 1792 3972 nti/ride
1818 3921 1897 3972 Itis

326 4013 406 4079 qui
430 4014 550 4083 foris
567 4025 711 4076 sunt,
730 4015 979 4083 judicare
999 4016 1042 4047 δι
1068 4014 1091 4066 ?
1113 4014 1166 4066 In
1198 4023 1409 4067 tantum
1450 4012 1633 4066 nullus
1651 4012 1698 4066 ei
1718 4027 1898 4066 sermo

326 4105 489 4157 estde
513 4106 753 4169 actione,
799 4106 916 4159 sive
951 4105 1368 4160 conversatione
1403 4117 1591 4158 eorum
1625 4102 1716 4172 qui
1764 4102 1897 4156 foris

328 4205 464 4249 sunt.
1226 4190 1236 4197 ’

392 4284 547 4341 Vens.
585 4288 676 4352 '55,
710 4287 798 4342 56.
849 4306 867 4338 ε
898 4287 1330 4357 thuidquidde
1373 4287 1678 4342 morticinis
1704 4288 1896 4343 istius-

332 4378 460 4430 modi
513 4379 775 4433 ceciderit
846 4394 1014 4448 super
1041 4379 1194 4443 illud,
1233 4379 1577 4434 immundum
1609 4381 1733 4434 erit.
1768 4379 1895 4434 Sive

2005 1897 2255 1951 Ezechiel
2272 1898 2502 1952 Iebetem
2519 1898 2823 1954 Jerusalem
2844 1901 3101 1970 appellat,
3117 1901 3210 1955 sed
3241 1901 3462 1970 plenum
3479 1917 3599 1955 car-

2002 1987 2166 2042 nibus
2179 1988 2374 2052 ”,sive
2394 1997 2451 2042 ut
2472 1989 2848 2061 Septuaginta,
2871 2007 3105 2045 veneno:
3134 1992 3279 2046 viros
3297 1993 3349 2045 in
3372 2007 3436 2047 ea
3461 1994 3602 2047 male

2001 2081 2262 2136 docentes
2319 2091 2374 2137 et
2427 2085 2677 2140 viventes
2724 2072 3056 2156 significans.
3101 2085 3409 2142 Secundum
3455 2090 3598 2144 hanc

2001 2187 2128 2241 ergo
2151 2173 2432 2236 rationem,
2451 2175 2646 2229 clibani
2666 2185 2722 2230 et
2743 2175 3124 2246 chytropodes,
3144 2178 3340 2246 quibus
3359 2194 3598 2249 coquan-

2003 2276 2089 2320 tur
2115 2267 2240 2330 cibi,
2275 2268 2529 2323 videlicet
2559 2270 2738 2338 populi
2770 2270 3051 2336 doctrinae,
3086 2272 3192 2327 dici
3221 2282 3469 2342 possunt.
3503 2274 3599 2332 llis

2001 2372 2129 2425 ergo
2158 2356 2203 2409 si
2244 2358 2497 2412 inciderit
2523 2360 2889 2425 morticinum,
2931 2362 2983 2416 id
3008 2369 3111 2426 est,
3147 2362 3192 2417 si
3222 2365 3426 2432 peccati
3449 2379 3596 2418 mor-

2003 2448 2255 2502 tilicantis
2305 2451 2445 2502 actio
2473 2452 2882 2520 supervenerit,
2933 2453 3198 2507 immundi
3246 2454 3383 2508 ﬁunt
3411 2464 3465 2509 et
3493 2456 3592 2510 dc-

2001 2550 2288 2593 SLruuntur
2308 2557 2320 2594 ε
2339 2540 2474 2604 Quia
2503 2544 2592 2612 qui
2615 2545 2798 2597 docent
2825 2561 2925 2598 non
2951 2546 3123 2616 furari
3143 2547 3413 2616 furantur,
3428 2556 3476 2600 et
3501 2550 3592 2618 qui

1999 2631 2287 2697 prwdicant
2345 2649 2446 2684 non
2511 2634 2761 2687 mare/tari
2826 2637 3152 2689 mouebantur
3186 2635 3282 2703 II";
3339 2637 3591 2693 doctrina

2003 2720 2275 2788 siquidem
2326 2721 2468 2774 bona
2498 2731 2602 2786 est,
2653 2736 2762 2775 non
2802 2733 2886 2777 est
2937 2723 3240 2778 immunda.
3269 2724 3381 2778 Nec
3408 2725 3592 2779 divina

2005 2821 2226 2880 propter
2259 2812 2364 2867 hoc
2391 2814 2773 2868 abominamur
2807 2814 3045 2884 eloquia,
3076 2817 3222 2884 quod
3253 2832 3319 2869 ex
3353 2819 3434 2871 eis
3465 2817 3590 2888 qui-

2004 2904 2130 2957 dam
2162 2905 2346 2959 forsan
2399 2905 2664 2960 immundi
2714 2908 3105 2976 praedicatores
3135 2908 3314 2964 effecti
3359 2921 3506 2975 sunt,
3536 2921 3594 2966 et

2003 3005 2294 3064 propterea
2339 2995 2540 3058 fontes,
2585 2997 2839 3052 videlicet
2887 3000 3163 3068 opulentis
3205 3001 3498 3056 doctrinae:
3536 3011 3592 3058 et

2006 3089 2274 3143 cisternas
2322 3090 2436 3145 sive
2493 3090 2666 3155 lacus,
2701 3091 2913 3160 linguas
2953 3092 3239 3161 loquentes
3270 3095 3588 3161 mediocria,

2005 3192 2061 3235 et
2098 3182 2400 3238 doctrinam
2433 3192 2734 3238 mutuatam
2773 3185 3058 3241 habentes.
3094 3186 3199 3242 Sed
3223 3199 3276 3242 et
3311 3189 3592 3244 collectio-

2007 3285 2106 3325 nes
2137 3286 2422 3340 aquarum,
2468 3288 2564 3352 egs
2590 3273 2684 3342 qui
2734 3275 2976 3344 undique
3028 3277 3337 3346 hujusmodi
3397 3281 3593 3334 verbo-

2007 3377 2127 3416 rum
2156 3361 2489 3418 atlluenliam
2519 3376 2872 3437 congregant,
2905 3384 3026 3422 esse
3048 3370 3282 3424 mundas
3315 3372 3592 3442 legislator

2005 3454 2158 3508 dixit.
2191 3455 2295 3510 Sed
2329 3471 2492 3525 quam
2535 3460 2981 3528 consequentiam
3036 3461 3248 3526 habuit,
3277 3472 3340 3518 ut
3375 3465 3446 3519 de
3493 3465 3587 3519 cli-

2005 3547 2160 3600 banis
2187 3557 2244 3601 et
2266 3548 2614 3619 chytropodis
2641 3551 2893 3619 loquens,
2936 3553 3303 3609 subinferret:

2077 3638 2324 3706 Exceptis
2370 3639 2602 3709 fontibus
2644 3644 2950 3711 aquarum?
2997 3643 3100 3698 Sed
3126 3645 3249 3713 quia
3299 3662 3396 3716 per
3444 3647 3589 3702 illam

2005 3729 2296 3798 magistros
2322 3730 2672 3801 signiﬁcavit,
2687 3735 2998 3789 necessarie
3019 3735 3198 3790 fontes
3223 3747 3277 3791 et
3297 3738 3586 3803 cisternas,

2002 3831 2058 3875 et
2086 3822 2434 3878 collectiones
2465 3839 2727 3892 aquarum
2762 3826 3022 3891 subdidit,
3047 3842 3187 3894 quae,
3223 3829 3364 3883 sicut
3403 3840 3589 3885 osten-

2005 3929 2124 3968 sum
2153 3923 2258 3980 est,
2286 3915 2339 3966 in
2372 3915 2619 3970 doctrina
2671 3917 3041 3986 accipiuntur.
3075 3919 3306 3988 Propter
3335 3922 3481 3989 quod
3518 3922 3586 3976 ad

2003 4003 2399 4057 Samaritanam
2456 4003 2722 4058 Dominus
2753 4005 3005 4060 dicebat:
3059 4006 3365 4078 Quicunque
3401 4009 3586 4062 biberit

2004 4094 2066 4146 de
2095 4111 2238 4163 aqua
2297 4111 2459 4164 quam
2497 4112 2588 4164 ego
2627 4097 2762 4149 dabo
2796 4098 2863 4162 ei,
2922 4115 3026 4152 non
3061 4100 3201 4153 sitiet
3235 4100 3447 4160 iterum,
3495 4101 3587 4154 sed

2001 4186 2089 4254 [iet
2125 4189 2180 4242 in
2208 4204 2268 4242 eo
2317 4189 2433 4259 fons
2463 4205 2617 4256 aqua:
2651 4189 2892 4244 salientis
2945 4192 3000 4244 in
3032 4193 3192 4246 vitam
3227 4205 3478 4246 αξιοι-κατα
3496 4192 3542 4224 ⁸⁸
3572 4235 3582 4247 .

2002 4278 2149 4333 Bene
2189 4288 2372 4334 autem
2409 4279 2492 4334 lex
2530 4281 2801 4334 subdidit:

2071 4370 2171 4436 Qui
2191 4374 2462 4426 morticina
2483 4389 2659 4427 eorum
2679 4374 2922 4444 tetigerit,
2940 4372 3334 4441 poliuetur.Ubi
3359 4373 3592 4442 Septua-

332 4467 535 4534 clibani,
572 4470 691 4525 sive
723 4471 1089 4540 chytmpodcs
1142 4471 1496 4526 destruent."
1524 4481 1580 4526 ει
1630 4471 1893 4526 immundi
1932 4497 1972 4549 ι)
2004 4463 2150 4533 ginta
2210 4463 2411 4518 edunt:
2444 4463 2549 4528 Qui
2583 4480 2701 4517 vero
2724 4465 2946 4533 tetigerit
2972 4481 3175 4519 onmem
3199 4466 3588 4518 immunditiam

333 4565 500 4609 erunt.
537 4557 741 4612 Fontes
761 4575 914 4622 vero,
951 4568 1006 4613 et
1040 4560 1313 4622 cisternae.
1343 4569 1397 4614 et
1426 4563 1607 4615 omnis
1632 4578 1896 4632 aquarum

333 4651 685 4719 congregatio,
755 4651 959 4705 munda
1014 4652 1138 4708 erit.
1193 4650 1298 4717 Qui
1361 4653 1650 4708 morticina
1706 4670 1897 4709 eorum

337 4743 573 4808 tetigerit,
600 4745 892 4814 polluetur.
921 4762 938 4795 ι

398 4833 654 4890 Extranea
679 4836 1083 4905 quodammodo
1111 4851 1234 4891 esse
1271 4852 1356 4898 ea,
1393 4837 1459 4891 de
1504 4840 1703 4907 quibus
1751 4856 1904 4910 nunc,

337 4934 517 4981 tractat
541 4929 833 4999 legislator,
856 4939 1166 4998 apparent:
1217 4930 1375 4997 cujus
1402 4931 1546 4984 enim
1588 4933 1665 4986 rei
1724 4934 1896 5002 gratia

337 5016 565 5074 clibanos
604 5030 658 5075 et
686 5020 1050 5090 chytropodas
1085 5022 1138 5073 in
1167 5029 1377 5074 tantum
1409 5022 1482 5074 ait
1513 5037 1634 5076 esse
1671 5023 1905 5076 immun-

339 5109 429 5162 dos
477 5121 533 5165 ut
587 5130 778 5167 eorum
828 5113 1242 5167 mundationem
1295 5114 1654 5182 praeciperet;
1724 5115 1902 5169 fontes

341 5212 458 5249 vero
487 5208 539 5253 et
567 5201 855 5266 cisternas,
883 5201 1124 5271 aliasque
1167 5203 1618 5272 congregationes
1638 5221 1898 5273 aquarum

341 5300 448 5339 esse
486 5292 710 5345 mundus
758 5291 1013 5360 scripsit?
1064 5293 1148 5346 An
1193 5293 1378 5346 forsan
1429 5295 1553 5362 quia
1619 5295 1734 5349 lucc
1791 5312 1899 5349 non

345 5372 504 5426 solent
537 5377 743 5444 pollui?
779 5379 832 5432 Si
859 5378 1004 5432 enim
1041 5395 1306 5448 aquarum
1345 5383 1698 5436 collectiones
1722 5386 1899 5452 pollu-

347 5463 505 5518 tiones
555 5479 761 5526 nostras
805 5471 1039 5538 diluunt,
1096 5476 1370 5542 quomodo
1426 5476 1589 5544 pollui
1636 5479 1901 5544 possunt?

348 5550 560 5613 Omnino
609 5577 736 5634 ergo
793 5562 1040 5618 invenies
1090 5567 1458 5621 cohaerentem
1516 5567 1649 5637 legis
1703 5569 1900 5624 littera:

2009 4557 2202 4608 animae
2265 4556 2658 4608 morticinorum
2702 4558 2935 4628 ipsorum
2969 4598 2984 4623 ,
3019 4559 3320 4611 immundus
3364 4560 3483 4613 erit.
3523 4561 3589 4614 Et

2005 4649 2244 4701 animam
2291 4647 2640 4709 addiderunt.
2677 4664 2748 4702 ne
2777 4649 2916 4703 forte
2941 4650 3144 4718 putetis
3173 4650 3240 4703 de
3271 4651 3587 4720 repentibus

2007 4739 2357 4794 scnsibilibus
2379 4749 2471 4794 aut
2499 4740 2689 4796 bestiis
2723 4742 2830 4796 dici
2873 4761 2886 4796 ε
2921 4759 3047 4796 nam
3081 4758 3269 4799 eorum
3296 4745 3386 4814 qui
3421 4748 3585 4816 tangi:

2009 4832 2316 4896 morticina,
2359 4848 2468 4888 non
2529 4835 2744 4896 animae,
2771 4836 2864 4891 sed
2895 4836 3142 4906 corporis
3185 4837 3588 4893 immunditiam

2011 4923 2204 4993 tangit.
2259 4923 2401 4994 Ergo
2455 4923 2521 4977 de
2564 4925 2878 4979 doctoribus
2911 4926 3321 4996 intelligendum
3365 4927 3588 4996 est,qui

2008 5019 2271 5074 immundi
2323 5019 2448 5074 facti
2509 5033 2637 5074 sunt
2707 5020 2987 5077 immunda
3044 5023 3279 5092 quadam
3343 5033 3398 5076 et
3447 5022 3585 5075 mala

2005 5105 2239 5165 actiotte.
2305 5111 2509 5166 Ilorum
2568 5114 2712 5169 enim
2769 5114 3052 5181 doctrinis,
3113 5114 3337 5184 quando
3383 5113 3586 5169 fuerint

2006 5205 2304 5256 secundum
2349 5203 2519 5272 legem
2574 5204 2689 5268 Dei,
2735 5206 3045 5271 intendere,
3097 5206 3356 5275 operibus
3396 5219 3584 5258 eorum

2006 5303 2189 5346 autem
2217 5295 2366 5348 nuilo
2402 5297 2562 5349 modo
2591 5299 3017 5360 communicare,
3065 5312 3166 5351 nec
3217 5303 3446 5349 tractare
3495 5311 3580 5351 ca.

2009 5386 2089 5438 vel
2141 5386 2365 5440 omnino
2431 5389 2745 5457 contingere
2804 5388 3104 5452 debemus,
3172 5385 3584 5440 reminiscentes

2011 5479 2299 5531 verborum
2331 5478 2446 5541 Dei,
2483 5496 2604 5547 quae
2634 5481 2699 5534 ad
2728 5480 3200 5535 continuationem
3229 5477 3580 5549 praesentium

2008 5574 2140 5628 dixit
2169 5575 2232 5628 ad
2263 5576 2541 5644 populum,
2578 5576 2689 5630 sive
2723 5575 3048 5643 discipulos:
3085 5571 3252 5640 Super
3281 5569 3582 5624 cathedram

399 5753 828 5836 "lCor.v,l-5.
893 5774 1296 5829 "tltitl.9—l“2.
1375 5776 1838 5844 “I’sal.th,lO.
1919 5773 2358 5840 “EZCtlt.XI,7.
2436 5772 2854 5836 “minuat.
2934 5767 3474 5836 ³⁵-ιιιαιι.ιν,15,Ηο
