3992 6406
418 376 529 448 919

1622 380 1985 441 HESYCHII
2032 380 2507 446 PRESBYTERI

3592 392 3694 458 920

419 489 584 560 Moysi
616 488 865 545 sederunt
898 488 1097 545 Scribw
1114 497 1161 543 et
1195 489 1474 544 Pliariswi.
1519 490 1713 545 Omnia
1762 506 2010 559 qnwrnn-
2041 496 2082 550 Α
2115 494 2368 560 medctis,
2400 496 2528 565 quia
2559 496 2924 553 abominabilc
2958 508 3063 553 est.
3101 498 3280 554 Nolite
3323 503 3695 559 contaminare

419 599 521 653 que
555 583 733 637 dicunt
762 584 924 647 vobis,
960 583 1120 650 facite
1142 593 1190 638 et
1212 586 1499 649 ettstodilc;
1519 591 1802 640 secundum
1830 597 2005 640 autem

420 691 582 744 opera
613 691 795 728 eorum
817 675 978 729 nolite
999 678 1173 746 [acere
1187 677 1232 707 ⁸³
1254 719 1265 729 .

495 762 656 818 Vnus.
676 765 767 828 57,
793 765 883 819 58.
918 784 936 816 ι
975 764 1031 819 Si
1064 766 1321 820 ceciderit
1345 782 1512 836 super
1545 779 1869 831 sementem,
1894 786 2003 823 non

410 855 617 924 polluit
647 870 789 910 eam.
846 854 939 910 Sin
973 864 1155 911 autem
1195 859 1464 928 quispiam
1508 875 1646 929 aqua
1704 871 2004 916 sementem

412 946 800 1015 perfuderitet
838 955 1028 1018 postea
1079 949 1385 1005 morticinis
1413 960 1551 1005 tacta
1605 951 1792 1019 fuerit,
1860 953 2005 1007 illico

420 1037 712 1105 polluetur.
753 1056 773 1088 ι

491 1126 634 1182 Nihil
664 1128 1029 1186 indiscussum
1066 1132 1323 1203 relinquit
1360 1135 1654 1205 lcgislator.
1687 1138 1783 1191 sed
1819 1139 2002 1192 cumis

419 1221 472 1273 in
514 1220 868 1290 subscqucnti
895 1224 1139 1290 discutit,
1174 1226 1567 1296 perfectionem
1614 1230 1749 1299 legis
1785 1232 2003 1300 spirita-

409 1314 522 1368 lem
553 1314 785 1383 probare
823 1317 1164 1383 desiderans,
1215 1319 1318 1374 etsi
1361 1320 1678 1389 imperfecta
1714 1322 1795 1377 eis
1852 1325 1999 1379 vidc-

418 1406 577 1461 batur
604 1408 825 1477 quando
857 1407 1027 1461 solam
1056 1409 1411 1463 intuebantur
1446 1410 1705 1465 litteram.
1736 1413 2003 1471 Diﬂ’ercn-

419 1498 550 1551 tiam
611 1498 904 1569 igiturhic
962 1500 1285 1562 infidelium,
1317 1503 1409 1572 qui
1456 1505 1688 1557 nccdmn
1745 1504 1999 1575 baptizati

416 1592 817 1661 suntexponit,
852 1601 908 1646 et
936 1608 1125 1647 semen
1176 1604 1438 1664 utrosque
1489 1597 1747 1665 appellat,
1810 1607 2003 1667 utpote

414 1683 509 1750 qui
562 1695 923 1753 susceperunt
979 1686 1129 1754 regni
1163 1687 1630 1756 praedicationem.
1676 1688 1751 1742 De
1803 1691 2001 1760 quibus

420 1772 687 1830 Dominus
731 1776 1043 1844 parabolam
1086 1777 1311 1832 seminis
1356 1795 1689 1848 proponens.
1748 1780 1996 1837 diccbat:

396 1864 626 1920 'Bomrm
647 1884 842 1933 semen,
871 1868 973 1937 ﬁlii
1009 1879 1130 1923 sunt
1170 1871 1333 1941 regni,
1368 1874 1460 1925 sed
1491 1888 1664 1926 senten
1700 1875 1839 1943 quod
1879 1891 1997 1928 nec~

416 1958 544 2011 dum
577 1959 898 2014 seminatum
929 1963 1091 2027 est",
1126 1964 1275 2017 unde
1294 1962 1649 2035 Septuaginta
1680 1965 1993 2020 ediderunt:

417 2048 607 2103 Semen
634 2052 864 2106 sativum
899 2056 1040 2124 quod
1083 2055 1455 2121 seminabitnr,
1491 2058 1545 2111 id
1568 2068 1664 2123 est,
1707 2061 1847 2129 quod
1878 2075 1996 2113 nec-

416 2142 540 2199 dum
568 2143 889 2197 seminatnm
923 2154 1019 2211 est,
1078 2146 1461 2201 seminandum
1503 2159 1685 2203 autem
1740 2161 1843 2217 est,
1878 2151 1998 2204 illos

414 2232 508 2300 qui
544 2234 776 2288 necdum
811 2235 1069 2305 baptizati
1101 2246 1248 2304 sunt,
1290 2237 1599 2308 baptizandi
1627 2253 1808 2297 autem
1846 2253 1994 2305 sum,

415 2335 561 2379 recte
600 2326 915 2395 appellavit.
963 2345 1127 2396 super
1175 2332 1275 2385 hos
1323 2333 1367 2385 si
1421 2334 1552 2402 quid
1609 2335 1993 2404 prtedietorum

407 2418 827 2474 morticinorum
863 2422 1042 2489 cadat,
1086 2424 1211 2493 quia
1268 2426 1503 2480 necdum
1532 2428 1800 2481 cautelam
1854 2444 1995 2498 mys-

413 2511 673 2565 teriorum
703 2521 1057 2583 acceperunt,
1093 2529 1197 2569 nec
1229 2516 1494 2586 integram
1530 2515 1622 2570 Dei
1659 2518 1991 2588 agnitionem

410 2604 885 2672 conquisiverunt,
925 2622 1049 2677 quae
1069 2608 1191 2662 illos
1228 2608 1399 2672 possit
1426 2624 1708 2664 removere
1739 2624 1765 2663 a
1801 2626 1993 2681 super-

409 2693 764 2749 venientibus
816 2710 880 2751 ex
936 2697 1267 2769 negligentia
1322 2701 1580 2768 peccatis,
1634 2702 1821 2755 mundi
1871 2720 1992 2758 esse

409 2785 690 2850 dicuntur,
728 2796 953 2856 propter
1003 2789 1321 2858 praedictam
1360 2806 1580 2845 causam
1618 2793 1772 2846 venia
1822 2794 1989 2864 digni.

410 2874 587 2944 Super
613 2890 751 2944 quos
778 2891 907 2931 vero
961 2877 1081 2931 fusa
1134 2878 1298 2933 fuerit
1353 2896 1512 2949 aqua,
1549 2882 1803 2937 videlicet
1861 2884 1994 2953 bap-

409 2967 666 3034 tismatis,
700 2969 755 3023 hi
793 2971 1107 3025 necessario
1144 2972 1408 3027 immundi
1444 2972 1603 3038 fnmt,
1639 2974 1683 3028 si
1729 2990 1896 3029 unum
1927 2991 1992 3031 ex

408 3058 516 3125 his,
545 3074 666 3129 qua:
696 3062 985 3117 morticina
1010 3073 1158 3129 sunt,
1189 3080 1354 3135 super
1374 3080 1470 3120 eos
1503 3065 1786 3121 inciderit:
1825 3086 1990 3137 opor-

2111 585 2320 641 animas
2376 597 2611 654 vestras,
2672 606 2772 644 nec
2806 590 3039 662 tangatis
3069 591 3366 662 quidquam
3407 606 3600 647 eorum
3626 609 3694 651 ne

2110 676 2376 732 immundi
2403 679 2542 735 sitis.
2583 700 2600 729 ι
2680 722 2683 723 ν

2178 767 2299 825 Jam
2338 780 2394 825 et
2426 771 2540 826 haec
2585 772 2842 841 superius
2895 773 3167 844 Iegislator
3210 772 3483 844 exposuit.
3541 772 3695 832 Nunc

2109 868 2288 915 autem
2323 862 2449 916 ideo
2499 864 2720 933 repetit,
2767 875 2826 918 ut
2879 863 3153 935 frequenti
3212 866 3572 921 meditatione
3628 868 3694 922 ad

2108 955 2528 1011 custodiendam
2561 958 2734 1028 legem
2765 969 2987 1014 moveat
3031 960 3362 1017 auditorem.
3414 960 3694 1026 Quamob-

2108 1059 2222 1097 rem
2255 1054 2310 1099 ct
2330 1061 2358 1099 a
2388 1047 2547 1102 nobis
2579 1048 2986 1118 recapitulanda
3019 1062 3167 1117 sunt,
3196 1052 3323 1120 quia
3350 1060 3405 1107 et
3435 1052 3694 1120 quiddam

2108 1137 2234 1190 novi
2268 1137 2480 1192 addidit
2534 1139 2790 1207 prazscnti
2835 1140 3129 1205 sanctioni,
3194 1143 3565 1198 necessariam
3617 1143 3696 1200 eis

2106 1229 2373 1298 adiit-iens
2399 1229 2671 1284 actionem
2702 1231 3092 1286 meditationis.
3122 1231 3256 1298 Quae
3303 1242 3523 1303 reptant
3567 1250 3698 1307 ergo

2105 1336 2272 1390 super
2305 1328 2528 1385 teriam,
2561 1321 2618 1375 bi
2671 1329 2801 1376 sunt
2828 1321 2919 1390 qui
2963 1331 3175 1377 terrena
3206 1323 3467 1392 sapiunt:
3515 1332 3575 1379 et
3605 1326 3695 1394 qui

2106 1412 2394 1466 lutulentis
2429 1422 2734 1482 pascuntur
2762 1415 3093 1478 actionibus,
3145 1430 3314 1485 super
3340 1426 3558 1487 pectus,
3583 1418 3696 1474 sive

2105 1516 2273 1570 super
2316 1511 2562 1557 ventrem
2611 1502 2863 1557 similiter
2915 1505 3262 1574 gradiuntur,
3297 1508 3697 1580 gastrimargia:

2104 1608 2330 1663 operam
2372 1593 2586 1649 dantes.
2644 1593 2700 1648 in
2737 1604 2975 1665 quatuor
3023 1599 3347 1668 gradiuntur
3385 1616 3558 1672 super
3591 1611 3696 1658 ter-

2104 1701 2219 1739 ram
2247 1727 2260 1749 ,
2315 1686 2410 1754 qui
2461 1685 2847 1755 praedicatione
2894 1688 3332 1758 cvangelicorum
3377 1689 3647 1747 librorum
3679 1735 3693 1758 ,

2105 1791 2204 1845 pro
2238 1791 2305 1830 co
2335 1777 2479 1844 quod
2519 1775 2669 1830 salus
2709 1776 2761 1828 in
2796 1776 2876 1830 eis
2926 1783 3281 1844 peccatorum
3341 1778 3690 1847 praedicatur.

2104 1868 2407 1923 abutuntur
2444 1868 2497 1922 in
2528 1866 2867 1922 luxuriosam
2916 1865 3112 1920 vitam:
3141 1883 3251 1920 non
3299 1867 3693 1938 intelligentes,

2100 1962 2227 2031 quia
2256 1969 2596 2030 peccatores,
2628 1974 2740 2013 non
2771 1967 2830 2012 ut
2854 1968 3113 2013 maneant
3143 1969 3482 2028 peccatores,
3513 1960 3613 2015 sed
3638 1972 3695 2015 ut

2100 2061 2318 2109 cessent
2352 2069 2381 2108 a
2412 2051 2674 2123 peccatis,
2707 2061 2961 2120 provocat
2987 2051 3328 2120 przedicatio.
3360 2051 3468 2106 Sed
3495 2052 3581 2107 eis
3602 2052 3697 2122 qui

2101 2147 2155 2199 iu
2182 2154 2418 2215 quatuor
2470 2142 2772 2209 ambulant,
2836 2142 3065 2206 addidit,
3129 2152 3183 2198 et
3228 2144 3430 2197 multos
3486 2143 3694 2198 habent

2099 2238 2289 2307 pedes,
2322 2236 2640 2297 ostendens,
2669 2236 2795 2304 quia
2829 2235 2957 2290 licet
2988 2236 3032 2289 si
3070 2251 3178 2289 non
3205 2234 3380 2291 solum
3410 2250 3478 2289 ex
3522 2249 3693 2289 evan-

2100 2330 2293 2399 geticis
2316 2328 2491 2390 libris,
2525 2330 2618 2382 sed
2652 2343 2723 2382 ex
2743 2327 2865 2382 aliis
2883 2326 3203 2396 Scripturis,
3232 2334 3399 2396 atque
3418 2340 3486 2379 ev
3516 2325 3689 2388 varia,

2101 2425 2243 2478 sicut
2275 2421 2408 2491 ipsis
2422 2419 2659 2485 videtur,
2691 2419 2941 2475 doctrina
2963 2419 3069 2477 hoc
3093 2418 3419 2473 confirmare
3432 2418 3689 2488 cupiunt,

2099 2521 2264 2568 erunt
2289 2520 2344 2566 ct
2374 2511 2455 2566 sic
2487 2510 2779 2564 immundi.
2803 2508 2870 2564 Et
2902 2520 2961 2564 ut
2990 2509 3231 2564 breviter
3260 2509 3496 2571 dicatur,
3523 2525 3691 2563 ornue

2097 2605 2241 2674 quod
2310 2613 2490 2673 reptat
2544 2607 2711 2673 super
2767 2612 2988 2666 terram,
3043 2601 3094 2655 id
3163 2610 3267 2666 est,
3316 2601 3408 2670 qui
3470 2608 3693 2657 terrena

2099 2698 2341 2765 sapiunt,
2376 2696 2652 2750 declinare
2677 2709 2781 2749 nos
2815 2704 3032 2764 oportet
3077 2704 3134 2748 et
3180 2692 3462 2763 refugere,
3503 2691 3693 2745 scien~

2099 2802 2201 2853 tes,
2238 2787 2363 2858 quia
2396 2801 2586 2841 eorum
2626 2785 3054 2842 communicatio
3095 2785 3309 2855 polluit,
3342 2793 3399 2838 et
3431 2782 3692 2837 similiter

2098 2880 2417 2937 immundus
2436 2888 2519 2934 est
2548 2893 2737 2950 agens,
2773 2879 3066 2949 agentique
3108 2890 3468 2930 concurrens.

2170 2973 2331 3028 sts.
2364 2972 2453 3036 44,
2489 2971 2579 3026 43.
2618 2989 2637 3022 ι
2664 2971 2778 3041 Ego
2801 2969 2945 3025 enim
2963 2984 3084 3024 sum
3100 2967 3364 3021 Dominus
3392 2965 3537 3019 Deus
3587 2978 3689 3017 vc,

2097 3076 2230 3120 ster.
2261 3065 2449 3121 Sancti
2488 3073 2682 3128 estote,
2725 3062 2982 3133 quoniam
3016 3069 3071 3115 et
3124 3076 3226 3130 ego
3266 3068 3490 3113 sanctus
3539 3073 3688 3112 sum.

407 3156 593 3205 luerat
621 3151 825 3222 quippe
860 3154 994 3208 tanti
1024 3155 1470 3226 participatione,
1513 3156 1655 3211 dona
1687 3157 1752 3211 ad
1801 3173 1989 3212 corium
2022 3166 2063 3222 ο
2097 3159 2174 3213 Ne
2205 3158 2461 3227 polluatis
2494 3157 2707 3210 animas
2757 3161 2968 3209 vestras
3008 3154 3061 3208 in
3086 3152 3235 3209 omni
3290 3150 3492 3220 reptili,
3541 3150 3689 3219 quod

408 3242 690 3312 pertinere
718 3245 1044 3300 custodiam.
1105 3245 1296 3301 Terret
1354 3249 1518 3322 igitur
1573 3247 1714 3304 Deus
1763 3250 1988 3320 spiritus

408 3345 505 3385 eos
549 3332 640 3401 qui
692 3332 821 3388 olim
884 3347 1253 3406 perceperunt
1295 3338 1585 3407 baptisma,
1645 3350 1703 3393 ut
1754 3356 1861 3392 non
1924 3358 1989 3395 cx

407 3423 735 3493 negligentia
764 3431 1059 3495 peccantes
1099 3426 1364 3482 immundi
1410 3428 1564 3484 fiant.

486 3516 642 3570 Vens.
681 3516 771 3582 59,
803 3516 892 3573 40.
931 3537 950 3570 ι
981 3518 1038 3574 Si
1066 3528 1340 3575 mortuum
1369 3521 1533 3577 fuerit
1582 3525 1805 3589 animal,
1844 3526 1988 3595 quod

408 3607 536 3663 licet
572 3609 727 3664 vobis
777 3610 1082 3678 comedere,
1114 3613 1209 3683 qui
1264 3615 1499 3670 cadaver
1560 3614 1679 3686 ejus
1728 3618 1987 3688 tetigerit,

407 3699 725 3757 immundus
755 3700 865 3756 erit
893 3719 1067 3773 usque
1090 3704 1156 3758 ad
1188 3720 1497 3775 vesperam.
1527 3707 1593 3760 Et
1615 3708 1704 3775 qui
1734 3709 1988 3763 comede-

406 3793 479 3846 rit
512 3808 577 3847 ex
607 3809 673 3849 eo
691 3794 991 3865 quidpiam,
1029 3807 1191 3868 atque
1232 3800 1551 3869 portaverit,
1587 3801 1788 3855 lavabit
1819 3802 1989 3857 vesti-

406 3894 591 3943 menta
617 3902 735 3953 sua,
768 3898 823 3943 et
855 3889 1173 3946 immundus
1201 3893 1310 3947 erit
1331 3908 1500 3963 usque
1526 3889 1598 3948 ad
1626 3910 1929 3966 veSpcram.
1968 3915 1985 3946 ι

476 3976 945 4042 Quemadmodum
984 3991 1306 4052 peccatores
1341 3997 1728 4055 permanentes
1767 3987 1821 4041 in
1862 4003 1990 4056 pec-

407 4069 563 4136 catis,
586 4071 936 4128 abominandi
968 4085 1115 4140 sunl,
1147 4091 1492 4147 nequaquam
1513 4088 1697 4134 autem
1727 4082 1991 4135 receden-

416 4172 498 4216 tes
529 4177 595 4218 ac
636 4165 1004 4234 poenitentes:
1041 4168 1114 4222 ita
1147 4170 1312 4237 iustis
1341 4171 1489 4225 omni
1539 4170 1724 4226 studio
1752 4187 1992 4228 concur-

412 4255 642 4313 rendum
673 4265 775 4321 est,
830 4258 1130 4315 scientibus
1161 4261 1321 4316 nobis
1361 4264 1486 4331 quia
1517 4276 1585 4317 ex
1619 4263 1701 4317 eis
1751 4266 1991 4319 sanctiﬁ-

408 4362 619 4402 eamur.
681 4347 739 4401 Si
799 4358 982 4404 autem
1040 4353 1241 4407 mortui
1298 4352 1502 4406 fuerint
1578 4354 1724 4424 gravi
1778 4357 1988 4425 peccati

409 4449 606 4503 morte,
639 4456 750 4495 non
793 4442 1061 4497 debemus
1113 4452 1335 4514 tangere
1383 4444 1597 4497 illorum
1651 4445 1838 4513 vitam,
1889 4463 1990 4501 nec

2096 3260 2348 3305 movetur
2385 3264 2553 3319 super
2578 3258 2800 3303 terram.
2837 3248 2948 3317 Ego
2975 3247 3237 3301 Doriiinns
3269 3245 3362 3314 qui
3396 3243 3557 3297 eduxi
3590 3257 3691 3299 vos

2095 3343 2164 3397 de
2199 3350 2342 3397 terra
2371 3339 2613 3411 Egypti,
2633 3352 2886 3395 utessem
2914 3337 3068 3393 vobis
3098 3335 3260 3389 Deus.
3294 3333 3476 3387 Sancti
3510 3331 3689 3396 eritis,

2096 3435 2223 3503 quia
2263 3444 2318 3487 et
2344 3449 2446 3503 ego
2478 3442 2701 3487 sanctas
2732 3446 2875 3486 sum.
2912 3450 2929 3479 ι

2168 3524 2407 3579 Omnino
2438 3522 2695 3593 prohibet
2723 3536 2845 3574 esse
2876 3535 2977 3573 nos
3010 3518 3188 3573 socios
3217 3530 3407 3570 corum
3447 3512 3539 3581 qui
3579 3521 3691 3565 tcr-

2101 3632 2229 3671 rena
2260 3614 2477 3685 sapiunt
2501 3632 2514 3668 :
2547 3629 2650 3670 nec
2675 3613 2717 3667 si
2743 3620 2994 3682 potentes
3015 3611 3235 3680 quidam
3253 3608 3384 3671 sint,
3409 3622 3512 3660 nec
3541 3605 3585 3659 si
3606 3604 3692 3674 ju-

2099 3708 2302 3763 stitiam
2329 3705 2762 3776 autsapientiam
2792 3704 3016 3773 ﬁngant,
3037 3717 3139 3756 nec
3160 3701 3204 3755 si
3225 3699 3365 3755 forte
3383 3696 3690 3754 sacerdotio

2100 3803 2184 3856 vcl
2231 3799 2549 3871 aliqualibet
2577 3797 2905 3852 amiciantur
2933 3794 3228 3864 dignitate.
3253 3791 3410 3847 Unde
3446 3789 3691 3869 breviter

2098 3896 2342 3952 omnium
2396 3891 2705 3962 repentium
2736 3905 2857 3958 quas
2913 3902 3079 3956 super
3126 3895 3324 3940 terram
3374 3891 3684 3942 moventur.

2100 3989 2435 4045 mentionem
2458 3984 2605 4045 fecit,
2622 3997 2734 4038 non
2764 3980 3083 4051 simpliciter
3099 3980 3203 4034 hoc
3230 3977 3373 4047 quod
3391 3983 3475 4030 cst
3495 3988 3686 4043 repere

2100 4095 2391 4150 respuens,
2426 4077 2522 4132 sed
2557 4090 2722 4144 super
2751 4083 2950 4126 terram
2987 4086 3216 4141 repere;
3250 4083 3375 4122 nam
3409 4064 3681 4121 humiliari

2099 4172 2317 4244 quidem
2375 4169 2578 4223 bonum
2635 4175 2749 4232 est,
2813 4173 2871 4217 ut
2935 4173 3119 4217 autem
3144 4162 3210 4215 ad
3275 4169 3551 4213 terrenam
3591 4156 3683 4210 dea

2098 4266 2334 4320 clinetur
2383 4258 2706 4330 sapientiam
2729 4300 2744 4324 ,
2770 4270 2879 4309 non
2913 4262 2999 4309 est
3044 4255 3268 4315 bonum,
3296 4265 3401 4304 nec
3433 4248 3580 4304 utilis
3602 4254 3683 4302 est

2098 4358 2386 4414 animabus
2416 4356 2535 4410 talis
2562 4351 2865 4417 humilitas,
2888 4367 2919 4405 a
2947 4366 3053 4421 qua
3087 4349 3322 4403 liberare
3352 4345 3577 4401 volens:

2172 4422 2283 4523 Ego
2303 4467 2441 4512 sum,
2477 4447 2674 4517 inquit,
2706 4444 2963 4499 Dominus
2997 4443 3134 4498 Dens
3165 4450 3354 4496 vester.
3396 4437 3453 4493 ld
3481 4446 3585 4501 est,
3617 4436 3681 4492 ad

408 4547 607 4587 eorum
633 4534 1069 4589 conversationis
1098 4550 1218 4590 esse
1250 4536 1562 4605 participes,
1586 4538 1821 4593 scientes
1847 4541 1994 4608 quod
2032 4530 2072 4584 ί)
2098 4545 2257 4613 cujus
2275 4542 2566 4613 imaginem
2588 4539 2719 4593 facti
2746 4538 2899 4603 estis,
2932 4545 2993 4590 ut
3017 4533 3259 4592 coelestia
3290 4529 3535 4600 sapiatis,
3558 4544 3683 4583 eum

409 4623 456 4677 si
484 4623 607 4693 quis
658 4626 918 4695 tetigerit,
952 4625 1263 4683 immundus
1318 4628 1443 4693 erit,
1496 4643 1781 4700 usquequo
1828 4633 1991 4686 etiam

410 4720 536 4787 ipse
563 4719 848 4787 pmniteat.
879 4719 983 4774 Sed
1023 4730 1077 4774 et
1120 4720 1211 4790 qui
1245 4721 1544 4775 comederit
1573 4723 1641 4777 de
1692 4725 1994 4781 morticinis

410 4825 624 4877 eorum,
654 4812 834 4880 idest,
869 4813 961 4882 qui
997 4828 1093 4867 eos
1145 4813 1473 4878 defenderit,
1507 4817 1671 4885 quasi.
1695 4816 1993 4875 advocatus

413 4912 763 4972 peccatorum
810 4904 1079 4973 ipsorum,
1118 4903 1203 4958 vel
1247 4905 1557 4972 auxiliator,
1591 4918 1643 4961 et
1700 4919 1988 4980 propterea

411 4996 630 5051 illorum
664 4998 736 5051 inv
776 5012 835 5051 se
885 5006 1107 5067 peccata
1156 4998 1487 5068 suscipiens,
1544 5017 1771 5058 necesse
1831 5004 1996 5059 habet

410 5088 594 5143 lavare
635 5091 958 5145 vestimenta
1018 5105 1138 5157 sua,
1169 5090 1422 5147 videlicet
1467 5094 1735 5160 actiones,
1781 5097 1906 5165 quia
1941 5107 1995 5150 et

414 5181 530 5249 ipse
559 5196 733 5250 usque
762 5183 830 5236 ad
864 5196 1179 5251 vesperum,
1209 5184 1261 5236 id
1290 5194 1393 5248 est,
1432 5200 1606 5255 usque
1646 5187 1776 5245 dum
1821 5189 1996 5256 νωιιί-

417 5279 543 5337 teat,
577 5271 892 5327 immundus
923 5273 1046 5329 erit.

490 5363 649 5419 Vsus.
691 5365 883 5419 ιιαιδ.
929 5386 947 5418 ι
975 5366 1150 5421 Omne
1177 5370 1322 5437 quod
1360 5380 1539 5440 reptat—
1567 5388 1734 5441 snper
1769 5381 1993 5435 terram,

415 5459 780 5513 abominabilc
807 5460 931 5524 erit,
964 5474 1064 5513 nec
1117 5473 1431 5516 assumatur
1468 5464 1520 5517 iu
1580 5465 1785 5518 cibum.
1820 5467 1994 5531 Quid-

414 5550 542 5618 quid
570 5551 945 5622 quadrupedis
974 5567 1139 5621 super
1160 5563 1352 5622 pectus
1401 5556 1666 5627 graditur,
1713 5568 1769 5611 et
1796 5559 1999 5614 multos

418 5638 788 5711 habetpedes,
814 5641 931 5696 sive
961 5657 1127 5713 super
1166 5644 1391 5699 humum
1447 5647 1703 5713 trahitur,
1739 5664 1846 5703 non
1907 5666 2000 5705 c0-

515 5824 560 5863 ε’
592 5824 777 5887 Matth.
810 5842 962 5891 χχιιι,
994 5828 1049 5891 ‘2,
1082 5830 1134 5880 3.
1244 5832 1288 5861 ⁸⁷
1322 5831 1486 5886 Matth
1545 5847 1657 5897 χιιι,
1715 5832 1812 5892 ’ὀὸκ

2094 4636 2186 4707 qui
2226 4636 2282 4689 in
2310 4635 2463 4690 coctis
2511 4630 2717 4686 habitat
2751 4628 3070 4684 imitantes:
3099 4634 3324 4697 pr0ptcr
3364 4621 3510 4694 quod
3555 4621 3676 4676 sub-

2093 4727 2261 4784 didit:

2163 4817 2347 4873 Sancti
2377 4817 2545 4881 eritis,
2579 4816 2702 4884 quia
2732 4823 2948 4867 sanrtus
2970 4830 3106 4867 sunt.
3131 4810 3235 4877 Qui
3259 4826 3369 4866 non
3390 4811 3494 4866 hoc
3518 4808 3658 4863 addc

2092 4920 2197 4977 rct,
2226 4924 2403 4979 neque
2436 4908 2741 4977 duplicaret
2775 4908 2829 4960 in
2849 4906 3005 4962 nobis
3028 4904 3541 4967 sanetiticationcm,
3582 4900 3685 4956 nisi

2099 5005 2220 5070 ejus
2241 5018 2488 5058 essemus
2518 5002 2811 5072 participes
2862 5011 2920 5055 et
2955 5007 3239 5055 consortes
3291 4998 3412 5067 ejus
3445 4994 3679 5052 sanctifi-

2100 5097 2334 5152 cationis
2372 5096 2579 5158 effecti,
2634 5093 2912 5150 custodire
2945 5107 3063 5148 eam
3113 5107 3210 5162 per
3260 5089 3682 5162 philosophiam,

2097 5199 2157 5244 et
2185 5197 2427 5244 sanctam
2464 5186 2937 5247 conversationem
2968 5200 3106 5254 opus
3140 5182 3466 5237 haberemus
3500 5197 3513 5233 :
3547 5179 3688 5231 unde

2098 5283 2206 5335 ait:
3680 5282 3687 5289 ’

2169 5374 2250 5428 Ne
2269 5373 2519 5443 pallantis
2547 5356 2757 5426 annuos
2784 5380 2999 5425 vestras.
3030 5369 3271 5423 Primum
3299 5368 3540 5438 quidem,
3565 5366 3688 5436 quia

2101 5469 2362 5522 donatum
2410 5476 2497 5521 est
2543 5465 2759 5528 animae,
2810 5479 2942 5517 esse.
2981 5463 3048 5516 ad
3104 5459 3395 5533 imaginem
3450 5458 3579 5513 Dei:
3636 5468 3689 5511 et

2101 5559 2340 5613 maxime
2379 5559 2432 5611 in
2465 5572 2529 5612 ea
2577 5571 2697 5611 esse
2757 5554 3254 5610 sanctificat-ionem
3308 5551 3443 5617 vult,
3499 5558 3687 5620 utpote

2105 5669 2224 5722 qua-
2256 5649 2619 5721 principatum
2649 5665 2815 5719 super
2848 5664 3009 5703 omne
3041 5644 3242 5702 animal
3275 5652 3446 5707 tenet.
3480 5640 3685 5705 Deinde
