3992 6400
327 390 420 460 92l

1454 387 1536 446 IN
1571 383 2010 447 LEVITICUM.
2046 408 2112 419 -
2155 381 2300 441 LIB.
2337 379 2454 440 III.

3480 373 3587 438 9‘22

327 503 556 560 ostendit
592 497 955 571 pollutionem
981 513 1142 568 quam
1165 493 1290 554 odio
1323 497 1508 562 habet,
1545 515 1654 552 non
1683 514 1804 564 esse
1836 498 1904 551 de
1935 503 1976 556 Λ
2007 495 2074 550 de
2107 494 2306 565 quibus
2339 489 2636 554 dubitatur,
2657 501 2892 558 quorum
2923 481 3316 540 dubitationem
3341 481 3587 539 docendo

326 593 547 652 mortuis
568 589 918 660 corporibus,
951 598 1044 644 aut
1074 589 1208 644 cibis
1233 589 1551 655 immundis,
1579 589 1901 659 corporibus

327 687 460 744 sicut
492 684 711 754 quidam
744 691 938 752 putant
959 681 1174 748 factam,
1218 683 1312 736 sed
1370 698 1512 748 eam,
1545 698 1668 752 qlia:
1695 681 1901 736 anima-

329 781 428 836 bus
456 794 525 834 ex
555 777 858 833 actionibus
887 775 1042 830 malis
1075 775 1278 830 evenit.
1319 774 1514 829 Dicens
1568 783 1750 828 autem
1790 789 1898 828 non

331 879 576 940 oportere
603 869 658 922 in
692 867 902 922 cunctis
937 867 1221 936 reptilibus
1271 881 1393 936 quae
1421 875 1710 921 moventur
1739 880 1904 934 super

331 974 547 1028 terram,
599 961 809 1014 animas
839 967 1056 1015 nostras
1081 958 1268 1029 pollui,
1318 959 1542 1014 omnino
1581 967 1902 1028 competen-

331 1061 409 1107 ter
435 1050 677 1104 addidit:

396 1137 507 1209 Ego
551 1137 810 1190 Dominus
839 1136 930 1207 qui
962 1135 1118 1189 eduxi
1153 1152 1240 1189 vos
1279 1135 1342 1188 de
1373 1143 1515 1188 terra
1557 1131 1794 1204 Egypti,
1845 1142 1902 1187 ut

330 1245 482 1283 essem
510 1227 653 1281 vobis
683 1228 738 1280 in
758 1227 944 1280 Deum.
965 1227 1070 1283 Per
1099 1224 1415 1296 ZEgypIum,
1438 1223 1652 1295 Egypti
1673 1225 1904 1279 demon-

329 1329 501 1374 strans
533 1320 697 1384 mala,
735 1329 792 1373 et
829 1318 1011 1372 omnia
1043 1333 1205 1393 Opera
1237 1317 1608 1371 tenebrarum.
1639 1317 1906 1388 Aigyptus

329 1411 466 1466 enim
527 1409 945 1466 contenebratio
991 1408 1400 1478 interpretatur.
1423 1405 1634 1474 Quibus
1686 1408 1730 1462 si
1782 1408 1906 1478 quis

328 1516 447 1555 vere
469 1515 662 1556 carere
712 1499 968 1564 voluerit,
1017 1507 1072 1554 et
1120 1515 1245 1552 cum
1293 1497 1385 1568 qui
1439 1515 1568 1552 vere
1601 1505 1686 1552 est
1737 1497 1904 1564 Deus,

328 1593 521 1652 habere
550 1607 714 1648 suum
745 1591 936 1656 Deum,
962 1605 1074 1647 non
1106 1589 1280 1644 solum
1329 1588 1684 1644 idololatriam
1715 1606 1908 1646 cavere

327 1685 499 1750 debet,
547 1684 646 1740 sed
675 1684 718 1740 si
761 1699 891 1739 vere
915 1683 962 1738 ei
989 1683 1273 1739 adhaerere
1316 1682 1608 1747 desiderat,
1657 1683 1783 1753 quia
1819 1684 1909 1740 ille

328 1786 538 1831 sanctus
556 1785 668 1839 est,
699 1775 817 1847 ipse
839 1791 1058 1846 quoque
1083 1774 1496 1830 sanctimoniam
1521 1773 1760 1841 studeat,
1791 1774 1908 1831 sine

330 1883 428 1937 qua
458 1881 624 1920 nemo
664 1866 869 1922 videbit
908 1868 1096 1920 Deum.

391 1976 548 2033 Vsus.
576 1977 675 2043 46,
712 1980 802 2034 47.
845 1996 864 2030 ς
901 1977 1009 2034 Ista
1049 1985 1134 2032 est
1157 1977 1242 2031 lex
1271 1977 1636 2032 animantium
1667 1986 1724 2032 et
1756 1979 1910 2034 volu-

328 2087 492 2137 crum,
518 2079 575 2126 et
618 2071 808 2128 omnis
851 2074 1046 2127 anima:
1098 2071 1335 2125 viventis
1399 2086 1521 2140 quas
1562 2079 1813 2125 movetur
1853 2072 1909 2126 in

329 2180 458 2232 aqua
509 2174 564 2219 et
603 2171 794 2234 reptat
837 2165 892 2218 in
942 2172 1108 2226 terra,
1160 2173 1220 2218 ut
1261 2161 1606 2218 dillcrentias
1649 2161 1911 2217 noveritis

329 2255 503 2310 mundi
535 2264 591 2309 et
618 2255 913 2319 immundi,
957 2263 1013 2309 et
1053 2254 1242 2309 sciatis
1295 2253 1426 2323 quid
1481 2253 1768 2308 comedere
1817 2263 1912 2307 aut

329 2346 449 2415 quid
477 2362 748 2416 respuere
778 2347 1046 2406 debeatis.
1073 2365 1092 2396 ι

395 2435 869 2506 Recapitulatione
917 2452 1070 2494 more
1118 2453 1216 2494 suo
1247 2451 1394 2492 nunc
1429 2437 1593 2493 etiam
1638 2435 1912 2508 legislator

332 2527 509 2591 utitur,
547 2537 608 2583 ut
643 2527 833 2582 norint
862 2528 1128 2599 legentes,
1161 2528 1230 2582 de
1265 2529 1466 2598 quibus
1487 2529 1599 2597 jam
1642 2528 1725 2582 lex
1755 2529 1909 2592 dixit,

331 2626 382 2672 et
399 2616 548 2672 facile
565 2632 636 2672 ea
667 2626 1102 2687 perscrutentur.
1127 2617 1281 2684 Quod
1303 2629 1485 2673 autem
1519 2634 1665 2672 nunc
1684 2618 1910 2679 addidit.

333 2709 648 2765 admirabile
673 2711 959 2780 omnisque
985 2710 1206 2780 plenum
1231 2711 1548 2779 juvaminis,
1583 2711 1914 2766 notandum-

333 2817 431 2870 que
458 2810 571 2856 est:
616 2801 898 2872 prolatam
931 2801 1134 2872 quippe
1156 2801 1294 2855 dixit
1352 2802 1523 2872 legem
1557 2802 1915 2856 dinumeratis

335 2892 697 2948 animalibus:
733 2907 838 2946 nec
862 2889 1038 2946 solum
1074 2901 1133 2946 ut
1167 2901 1387 2961 separet
1430 2893 1574 2946 inter
1605 2893 1808 2947 munda
1861 2900 1918 2945 et

335 2981 625 3047 immunda,
668 2981 762 3036 sed
803 2989 864 3035 ut
903 2980 1078 3036 sciant
1109 2981 1203 3034 filii
1243 2981 1430 3047 Israel,
1462 2980 1547 3035 vel
1589 2992 1919 3052 cognoscant

337 3073 472 3130 inter
510 3073 864 3129 viviﬁcantes
913 3089 998 3140 ea,
1029 3089 1150 3142 qua:
1178 3074 1562 3128 comeduntur.
1617 3072 1758 3144 Ergo
1804 3089 1916 3128 non

2002 583 2420 655 compescimus,
2463 579 2684 650 quando
2725 579 2858 650 legis
2913 574 3177 632 doctrinae
3206 575 3586 631 convenientia

2002 677 2282 732 docemus.

2604 764 2834 821 CAPUT
2875 762 2992 817 XII.

2075 858 2236 914 Vens.
2275 859 2389 915 1-5.
2435 880 2451 911 ι
2494 859 2732 914 Locutus
2783 866 2866 912 est
2919 855 3182 910 Dominus
3244 853 3311 908 ad
3363 852 3586 925 Moysen

2003 949 2219 1006 dicens:
2260 951 2507 1022 Loquere
2537 951 2664 1005 ﬁliis
2705 949 2888 1010 Israel.
2925 955 2982 1002 et
3011 946 3158 1001 dices
3190 945 3259 998 ad
3289 959 3416 998 eos:
3469 943 3588 998 Mu-

2003 1043 2104 1098 lier
2133 1042 2176 1096 si
2200 1051 2454 1112 suscepto
2476 1041 2686 1096 semine
2707 1039 2981 1110 pepererit
3004 1037 3325 1101 masculum,
3349 1036 3588 1089 immun-

2003 1135 2072 1190 da
2123 1135 2228 1189 erit
2293 1143 2502 1204 septem
2551 1134 2778 1197 diebus,
2837 1132 2992 1201 juxta
3049 1130 3164 1184 dies
3225 1126 3588 1198 separationis

2007 1235 2322 1282 menstruae.
2388 1225 2485 1278 Die
2552 1234 2746 1279 octavo
2800 1221 3222 1277 circumcidetur
3265 1217 3583 1272 infantulus.

2007 1320 2126 1389 Ipsa
2157 1335 2286 1374 vero
2309 1317 2528 1388 triginta
2561 1317 2756 1372 diebus
2793 1314 3038 1368 manebit
3065 1313 3118 1366 in
3153 1311 3415 1382 sanguine
3438 1309 3588 1379 puri—

2007 1409 2278 1464 ﬁcationis
2314 1425 2448 1464 suaa.
2483 1407 2658 1460 Omne
2709 1413 2956 1460 sanctum
2989 1419 3099 1457 non
3148 1409 3350 1469 tanget,
3385 1408 3440 1454 et
3485 1414 3588 1453 nec

2008 1503 2346 1575 ingredietur
2401 1497 2808 1562 sanctuarium,
2866 1495 3042 1549 donec
3095 1493 3423 1562 impleantur
3471 1489 3590 1544 dies

2008 1597 2347 1674 purgationis
2391 1596 2532 1664 ejus.
2591 1594 2687 1646 Sin
2742 1600 2926 1644 autem
2979 1587 3238 1642 feminam
3292 1585 3586 1656 pepererit,

2010 1690 2290 1746 immunda
2331 1687 2438 1742 erit
2486 1685 2700 1742 duabus
2731 1679 3192 1740 hebdomadibus,
3227 1677 3378 1745 juxta
3423 1675 3589 1730 ritum

2011 1783 2186 1837 fluxus
2219 1777 2506 1834 menstrui.
2542 1775 2604 1828 Et
2643 1773 2926 1840 sexaginta
2959 1778 3012 1822 et
3042 1784 3133 1824 sex
3164 1766 3359 1822 diebus
3406 1779 3592 1818 mane-

2010 1873 2091 1928 bit
2124 1871 2178 1924 in
2208 1870 2473 1940 sanguine
2507 1863 2909 1938 purificationis
2937 1877 3070 1916 suae.
3109 1877 3128 1910 ›

2083 1960 2370 2015 Manifesta
2429 1967 2514 2013 est
2583 1953 2914 2026 legislatoris
2972 1950 3236 2014 intentio,
3309 1946 3592 2015 antiquum

2011 2051 2226 2125 generis
2263 2049 2485 2105 humani
2519 2045 2876 2118 significantis
2900 2056 3211 2103 excessum,
3266 2047 3430 2108 atque
3473 2036 3596 2090 ideo

2012 2161 2077 2199 ex
2115 2141 2372 2196 omnibus
2399 2139 2486 2194 his
2507 2136 2758 2192 conferre
2784 2135 2941 2188 nobis
2981 2129 3277 2192 desiderat,
3308 2137 3370 2180 ut
3425 2125 3596 2179 evite-

2012 2250 2135 2290 mus
2173 2233 2466 2288 sazculares
2487 2245 2598 2295 res,
2633 2237 2690 2282 et
2720 2227 2964 2281 actiones
2997 2221 3199 2282 carnis,
3220 2225 3407 2287 utpote
3437 2213 3598 2268 nobis

2013 2345 2124 2382 non
2156 2327 2295 2382 bene
2335 2324 2641 2379 valentibus
2671 2318 2957 2390 proﬂigare
2986 2310 3424 2373 sanctimoniam,
3477 2307 3598 2360 sine

2013 2437 2118 2494 qua
2153 2434 2318 2474 nemo
2355 2415 2562 2472 videbit
2591 2415 2783 2468 Deum.
2815 2409 2950 2466 Nam
2977 2405 3214 2462 mundus
3247 2400 3468 2472 quidem
3499 2413 3600 2467 per

2015 2491 2260 2584 seipsum
2300 2511 2479 2567 bonus
2509 2515 2614 2573 est,
2677 2515 2858 2560 ortum
2908 2500 3037 2554 solis
3095 2510 3342 2556 cernere,
3387 2491 3596 2554 lunam,

2015 2605 2307 2674 stellasque
2364 2602 2560 2658 coelum
2621 2602 2971 2657 coronantes,
3024 2599 3222 2644 terram
3281 2584 3597 2644 distentam,

2017 2697 2272 2752 diffusum
2311 2710 2480 2756 mare,
2502 2699 2558 2744 ut
2582 2707 2649 2744 ex
2681 2687 2766 2741 bis
2801 2685 3058 2738 omnibus
3085 2677 3350 2749 sapientia
3379 2674 3602 2744 colliga»

2018 2800 2106 2845 tur
2167 2797 2222 2842 et
2280 2785 2606 2854 conjiciatur
2653 2777 2899 2850 ()pifieis.
2957 2773 3219 2829 Similiter
3275 2777 3331 2822 et
3401 2777 3604 2834 corpus

2017 2881 2223 2936 bonum
2262 2886 2365 2943 est,
2401 2885 2455 2930 et
2483 2873 2650 2929 nimis
2684 2872 2888 2926 bonum
2926 2865 3071 2936 quod
3109 2861 3267 2917 nobis
3295 2859 3348 2912 in
3389 2855 3605 2912 virtuti-

2017 2974 2122 3028 bus
2150 2971 2469 3026 collaborat.
2514 2966 2690 3018 llabct
2722 2961 2866 3016 enim
2895 2958 3320 3011 instrumentum
3353 2949 3418 3004 ad
3442 2948 3605 3020 glori—

2020 3065 2294 3120 ficandum
2353 3061 2546 3124 Deum,
2595 3057 2858 3126 linguam,
2917 3049 3160 3116 aliosque
3198 3043 3288 3114 qui
3331 3043 3384 3096 in
3443 3039 3606 3094 nobis

336 3165 437 3221 cibi
475 3181 574 3220 nos
611 3166 859 3220 mundos
915 3167 1152 3220 reddunt
1191 3181 1294 3220 nec
1347 3167 1616 3235 polluant,
1672 3167 1765 3220 sed
1814 3181 1916 3220 nos
1943 3161 1984 3216 C
2019 3168 2385 3217 suntscnsus,
2409 3168 2506 3223 per
2525 3164 2664 3220 quos
2683 3145 3040 3235 respicientes
3061 3149 3367 3235 creaturam
3389 3131 3602 3196 mundi.

337 3273 445 3326 eos,
475 3257 755 3328 siquidem
784 3273 886 3312 nos
919 3258 1260 3314 vivificamus
1280 3274 1344 3312 ea
1394 3274 1514 3328 quae
1533 3257 1914 3312 comeduntur.

339 3349 400 3404 Et
422 3350 886 3420 quemadmodum
935 3351 1114 3405 omnis
1144 3351 1298 3404 cibus
1323 3351 1520 3414 bonus,
1557 3359 1605 3403 et
1631 3351 1760 3404 nihil
1778 3351 1920 3420 reji—

339 3443 564 3502 cieudum
599 3453 706 3507 est,
741 3443 878 3518 quod
911 3459 1028 3498 cum
1059 3443 1360 3512 gratiarum
1375 3443 1582 3496 actione
1611 3443 1916 3510 percipitur,

337 3533 699 3604 sanctiﬁcatw‘
731 3535 871 3588 enim
924 3550 1018 3602 per
1061 3543 1274 3589 verbum
1332 3533 1450 3596 Dei,
1485 3534 1630 3588 sicut
1657 3533 1733 3590 ait
1781 3532 1922 3590 Pau—

339 3623 446 3686 lus,
476 3634 523 3680 et
567 3625 872 3681 orationem
898 3626 942 3657 ⁸⁸
975 3641 988 3680 :
1020 3625 1100 3680 sic
1141 3641 1204 3680 ea
1253 3642 1373 3695 qua:
1419 3625 1808 3688 comeduntur.
1857 3639 1920 3679 ea

340 3716 580 3772 videlicet
645 3733 767 3787 quae
804 3719 1056 3772 nutriunt
1086 3717 1344 3780 animam,
1394 3716 1446 3770 id
1474 3726 1578 3780 est,
1613 3716 1783 3771 bonas
1827 3732 1922 3770 ac-

345 3807 529 3876 tiones,
569 3824 680 3864 nos
715 3809 1074 3872 vivificamus,
1129 3809 1174 3863 si
1229 3809 1369 3864 bene
1419 3809 1500 3862 eis
1536 3815 1774 3864 utamur.
1824 3807 1922 3862 Sin

343 3909 518 3954 autem
571 3901 742 3964 male,
797 3917 908 3956 non
937 3900 1296 3964 vivificamus,
1351 3899 1449 3953 sed
1505 3897 1922 3954 mortificamus.

343 3990 438 4056 Qui
467 3991 610 4046 enim
663 4007 731 4046 ex
765 3991 1054 4062 iniquitate
1095 3991 1226 4046 facit
1274 3993 1696 4062 eleemosynam,
1735 3990 1925 4046 morti-

348 4085 466 4138 ticat
494 4085 612 4153 ejus
649 4084 936 4149 virtutem,
971 4083 1087 4139 sive
1120 4085 1439 4155 potentiam.
1493 4081 1560 4137 Et
1589 4082 1733 4152 quia
1788 4082 1926 4137 cibis

349 4175 636 4240 abstinent,
672 4191 776 4249 per
827 4175 1069 4246 linguam
1107 4191 1236 4228 vera
1291 4174 1552 4228 fratribus
1604 4173 1922 4239 detrahunt,

349 4267 410 4320 de
435 4267 633 4336 quibus
660 4266 832 4322 David
858 4267 1028 4324 dicit:
1060 4267 1164 4333 Qui
1194 4267 1448 4321 devorant
1488 4267 1687 4336 plebem
1729 4284 1922 4332 meam,

349 4357 473 4411 sicut
501 4375 675 4416 escam
719 4359 970 4430 panis“;
1012 4359 1344 4414 mortificant
1399 4359 1459 4412 hi
1512 4357 1922 4422 abstinentiam,

352 4458 561 4518 propter
587 4450 733 4520 quod
763 4449 1116 4507 beatitudinis
1151 4459 1255 4513 est,
1291 4465 1452 4504 nosse
1496 4449 1807 4503 discernere
1841 4464 1926 4502 m-

353 4549 429 4596 ter
458 4542 788 4598 vivificantia
819 4557 904 4607 ea,
941 4558 1062 4612 qua:
1113 4543 1500 4606 comeduntur.
1544 4541 1822 4604 animalia,
1873 4549 1930 4594 ct
1964 4516 2003 4567 υ

354 4647 412 4684 ea
450 4648 569 4702 quae
607 4648 720 4686 non
752 4633 1140 4697 comeduntur,
1161 4631 1214 4686 id
1239 4641 1344 4698 est,
1377 4631 1520 4687 inter-
1549 4647 1644 4687 cos
1665 4631 1758 4701 qui
1787 4631 1929 4684 bene

353 4722 486 4780 bona
545 4734 734 4796 agunt,
771 4733 828 4780 et
881 4725 1053 4780 malas
1107 4724 1372 4780 actiones.
1421 4724 1548 4779 llaec
1595 4730 1726 4778 sunt
1780 4721 1928 4776 enim

353 4819 598 4873 animalia
619 4834 742 4888 quae
790 4833 902 4873 non
945 4817 1332 4883 comeduntur,
1391 4827 1448 4872 et
1507 4817 1768 4873 discernit
1817 4835 1928 4874 non

355 4905 522 4960 solum
551 4907 752 4972 sciens,
778 4907 872 4960 sed
908 4907 998 4975 qui
1023 4907 1307 4962 scientiam
1331 4907 1621 4961 continuat
1649 4907 1926 4978 operibus.

357 4995 503 5060 Quod
543 5000 697 5067 pauci
727 4999 783 5053 in
815 4999 921 5054 hoc
955 5001 1180 5054 student
1209 4999 1430 5064 szeculo,
1461 5000 1645 5053 nmltis
1676 5015 1794 5053 eam
1833 5014 1932 5068 per

359 5089 506 5144 dolos
557 5089 949 5154 inficientibus,
1003 5091 1298 5160 multisque
1345 5089 1784 5145 adulter-antibus
1835 5106 1933 5160 per

362 5175 685 5249 hypocrisiti,
719 5190 777 5236 ut
807 5183 1027 5251 quidam
1065 5183 1176 5252 jam
1207 5182 1480 5248 dubitent,
1513 5183 1676 5236 etiam
1709 5182 1762 5235 in
1792 5182 1933 5235 veris

365 5269 532 5336 battis,
573 5289 694 5342 qua)
731 5273 840 5327 sint
873 5266 1230 5338 comedenda,
1262 5289 1382 5342 quae
1426 5287 1536 5327 non
1572 5271 1930 5337 comedenda,

366 5369 576 5428 propter
600 5361 742 5431 quod
773 5361 881 5416 ait:

427 5450 531 5504 Ista
561 5462 634 5506 est
669 5453 770 5508 lex.
807 5453 922 5508 Non
953 5455 1130 5509 solum
1155 5454 1522 5514 discernendi.
1573 5453 1667 5508 sed
1719 5451 1926 5507 sciendi

369 5541 492 5597 filios
529 5544 709 5599 Israel.
763 5544 1182 5618 Cognoscuntur
1221 5557 1424 5612 autem,
1464 5546 1834 5603 vel.sciuntur
1863 5560 1926 5597 ea

449 5767 492 5798 ⁵⁵
518 5767 538 5820 l
562 5769 696 5824 Tim.
735 5789 806 5832 ιν,
838 5773 888 5827 4.

395 5827 402 5836 ε
449 5771 492 5798 ⁵⁵
518 5771 538 5820 ι
562 5771 696 5824 'l'itn.
735 5789 806 5832 ιν,
838 5773 888 5827 4.
968 5773 1013 5804 ⁸⁸
1048 5771 1190 5826 l‘sal.
1217 5786 1310 5835 ιιι,
1335 5771 1388 5824 ὅ.

373 5828 407 5860 θ
442 5837 600 5898 Εκυιι.
627 5856 712 5906 xx,
739 5828 822 5895 lli.

1492 5769 1535 5801 ⁸⁰
1560 5769 1581 5826 l
1607 5769 1762 5826 Joan.
1797 5783 1852 5834 γ,
1890 5767 1974 5824 l9.

2021 3263 2294 3319 omneque
2321 3246 2442 3316 ejus
2473 3241 2748 3304 solatium,
2802 3251 2900 3306 per
2939 3234 3057 3287 iure
3097 3229 3245 3285 aliud
3302 3227 3603 3288 intuentes,

2021 3342 2348 3412 conﬁcimus
2384 3345 2438 3390 et
2463 3350 2528 3387 ex
2563 3333 2650 3386 his
2681 3344 2802 3400 quae
2833 3326 2975 3382 facta
3005 3331 3154 3388 sunt,
3202 3335 3265 3376 ea
3310 3332 3432 3388 qua;
3474 3321 3610 3412 sunt

2021 3403 2338 3488 invisibilia.
2372 3426 2478 3480 Sed
2515 3424 2638 3494 quia
2670 3430 2724 3476 et
2745 3418 2945 3474 smculo
2975 3422 3032 3470 et
3081 3427 3246 3468 carne
3271 3409 3407 3462 wale
3446 3403 3612 3462 simul

2022 3525 2105 3581 usi
2134 3537 2346 3586 sumus,
2375 3520 2448 3573 ita
2475 3525 2536 3571 ut
2567 3514 2830 3570 Dominus
2855 3511 2920 3565 de
2937 3507 3141 3562 mundo
3171 3503 3410 3558 diceret:
3446 3497 3609 3552 Mun-

2021 3620 2118 3673 dus
2155 3618 2211 3672 in
2237 3613 2470 3682 maligno
2519 3609 2721 3679 positus
2749 3613 2824 3658 est
2846 3603 2924 3666 6°;
2957 3599 3160 3654 Paulus
3187 3604 3370 3650 autem
3401 3611 3412 3646 :
3450 3591 3609 3644 Video

2021 3710 2184 3765 aliam
2217 3707 2380 3777 legem
2407 3705 2462 3757 in
2491 3699 2731 3755 membris
2749 3695 2900 3761 meis,
2936 3698 3312 3762 repugnantem
3343 3685 3442 3755 legi
3463 3698 3610 3736 men-

2023 3802 2088 3854 tis
2143 3776 2374 3862 mere“;
2427 3802 2481 3848 et
2514 3803 2754 3846 rursus:
2800 3785 2913 3856 Ego
2961 3793 3138 3836 autent
3185 3776 3418 3832 carnalis
3469 3788 3608 3835 sum,

2021 3891 2349 3946 venundatus
2403 3885 2496 3939 sub
2551 3888 2764 3952 peccato
2783 3879 2867 3940 ⁶²;
2922 3883 2978 3930 et
3021 3886 3212 3928 rursus
3253 3887 3268 3923 :
3320 3866 3608 3935 Manifesta

2024 3993 2201 4038 autem
2223 3988 2344 4034 sunt
2371 3993 2532 4048 opera
2565 3972 2776 4027 carnis:
2807 3983 2925 4040 qua:
2965 3974 3086 4021 sunt
3107 3961 3410 4035 farnicatio,
3453 3955 3612 4010 adut.

2025 4075 2182 4138 teria,
2214 4047 2576 4132 immunditia,
2611 4076 2659 4120 et
2687 4077 2804 4131 qua:
2833 4061 2914 4114 his
2938 4057 3136 4112 similia
3177 4052 3384 4116 sunt”,
3431 4049 3498 4102 ab
3525 4047 3612 4138 bis

2025 4167 2111 4220 lex
2135 4135 2235 4218 nos
2264 4161 2499 4216 liberare
2528 4163 2780 4218 conatur,
2819 4160 2876 4206 et
2909 4150 2977 4203 de
3009 4147 3113 4201 hac
3163 4160 3218 4198 re
3252 4140 3424 4196 multa
3475 4135 3614 4192 scri-
3655 4178 3658 4182 .

2025 4259 2158 4314 bere
2189 4271 2300 4310 non
2328 4261 2507 4308 cessat
2541 4248 2851 4318 aenigmata,
2896 4241 3038 4296 sicut
3067 4245 3124 4292 et
3169 4249 3320 4288 nunc
3369 4243 3615 4284 commu-

2027 4352 2122 4406 nia
2167 4357 2222 4405 et
2253 4343 2530 4416 specialia.
2558 4338 2784 4394 intende
2823 4334 3023 4406 quibus
3068 4326 3249 4383 verbis
3277 4325 3343 4378 ad
3397 4321 3615 4416 Moysen

2034 4411 2300 4498 Dominus
2352 4438 2570 4491 locutus
2620 4440 2704 4486 est
2733 4470 2748 4495 ,
2786 4435 2846 4482 ut
2898 4425 2990 4480 ille
3051 4420 3176 4476 ﬁliis
3221 4414 3380 4472 Israel
3423 4411 3614 4466 eadem

2033 4535 2199 4592 verba
2231 4529 2586 4586 ministraret.
2611 4523 2870 4578 Faciebat
2895 4525 3078 4572 autem
3114 4513 3219 4566 hoc
3247 4523 3356 4562 non
3389 4505 3612 4563 frustra,

2033 4627 2128 4684 sed
2174 4625 2352 4693 palam
2385 4621 2789 4675 demonstrans,
2835 4608 2981 4679 quod
3037 4605 3152 4674 ipse
3178 4599 3414 4693 quidem
3449 4592 3614 4693 Βιρξεὶ

2033 4686 2366 4791 loqueretur,
2399 4722 2460 4766 ut
2481 4710 2549 4764 ad
2577 4703 2982 4775 intelligendam
3021 4697 3276 4791 virtutem
3316 4689 3454 4791 legis
3495 4686 3616 4791 ido-

2032 4785 2173 4864 neo:
2214 4805 2427 4876 Moyses
2472 4808 2654 4855 autem
2725 4793 2948 4864 populo,
3001 4797 3063 4842 ut
3103 4785 3231 4856 quia
3277 4796 3389 4876 non
3439 4785 3616 4832 totum

2033 4873 2318 4970 capiebat,
2351 4908 2456 4948 nec
2507 4887 2750 4960 spiritale
2807 4881 3086 4950 suscipere
3132 4873 3470 4934 mandatum,
3513 4881 3620 4921 nec

2039 4969 2146 5046 Deo
2170 4990 2425 5060 loquente
2455 4981 2646 5036 audire
2669 4979 2870 5047 legem,
2911 4971 3230 5026 sublimiora
3280 4969 3618 5060 narrantem:

2039 5082 2179 5136 lline
2214 5051 2362 5134 enim
2393 5074 2539 5147 quod
2571 5073 2691 5142 ipso
2712 5069 2824 5124 Deo
2849 5067 3022 5137 legem
3045 5063 3228 5126 dante,
3271 5055 3526 5112 dicebant
3551 5051 3621 5105 ad

2036 5176 2287 5246 Moysen:
2318 5173 2552 5240 Loquere
2583 5175 2638 5221 tu
2661 5165 2825 5225 nobis.
2861 5171 2911 5216 et
2941 5159 3251 5214 audiemus:
3285 5166 3388 5246 non
3409 5147 3621 5246 ﬁloque-.-

2039 5233 2300 5318 tur‘nobis
2342 5233 2622 5318 Dominus,
2675 5269 2739 5307 ne
2793 5253 2926 5322 forte
2967 5239 3356 5302 moriamur".
3408 5233 3623 5322 Sedet

2040 5350 2318 5407 humiliter
2348 5360 2465 5400 eam
2489 5352 2652 5412 atque
2677 5319 2980 5394 secundum
3022 5334 3314 5388 humanam
3348 5319 3622 5412 possibilif

2039 5455 2226 5504 tatem,
2275 5438 2494 5494 homine
2523 5411 2774 5490 videlicet
2799 5428 3066 5488 tradente,
3091 5419 3415 5488 suscipiant,
3455 5421 3518 5467 ut
3554 5411 3624 5466 ad

2037 5535 2286 5607 spiritum
2337 5527 2596 5602 paulatim
2637 5521 2988 5579 ascendatur.
3029 5515 3134 5570 Per
3162 5513 3402 5566 litteram
3457 5505 3624 5576 igitur

2056 5765 2096 5796 .-..
2133 5762 2292 5820 ιιηη,
2334 5775 2429 5818 νη,
2480 5751 2572 5805 es.
2686 5745 2729 5775 ει
2759 5739 2891 5797 ibid.
2937 5739 3023 5796 it.
3136 5733 3476 5795 "Galatd'.
3527 5723 3610 5783 ωε
