3992 6404
400 331 507 400 923

406 540 644 599 semine.
677 537 832 594 Hanc
856 546 1067 607 septem
1100 535 1298 591 diebus
1327 552 1449 592 esse
1475 536 1814 592 immundam
1855 536 2006 615 dicit,

410 641 467 690 et
493 630 882 703 quamobrem?
910 629 1163 684 videlicet
1184 628 1312 698 quia
1348 638 1499 683 sator
1533 629 1849 683 immundus
1898 638 2005 702 est,

413 732 608 794 utpote
663 723 839 775 haeres
867 720 1064 784 Adam,
1097 719 1191 788 qui
1224 734 1323 784 per
1357 720 1850 788 transgressionem
1905 719 2010 771 im-

410 815 653 871 mundus
683 812 858 869 factus
878 852 893 874 ,
920 821 1087 881 atque
1122 813 1193 864 ita
1244 809 1369 863 Evm
1396 810 1611 875 mistus,
1650 826 1812 865 omne
1836 825 2009 881 genus

412 905 716 960 humanum
768 902 899 957 fecit
934 902 1305 956 immundum.
1338 903 1543 970 Aperte
1588 912 1771 955 autem
1809 902 1913 956 hoc
1951 901 2006 955 in

413 1005 567 1046 sacra
598 988 881 1059 Scriptura
925 989 1216 1058 legitur“,
1250 989 1397 1058 quod
1437 999 1729 1058 postquam
1765 990 1899 1043 exiit
1938 989 2007 1043 de

413 1082 689 1153 paradiso,
728 1080 1013 1134 mulierem
1050 1092 1204 1133 suam
1235 1081 1406 1134 Adam
1432 1080 1708 1150 cognovit,
1737 1089 1900 1150 atquc
1933 1081 2006 1133 ita

412 1174 604 1228 deduci
630 1172 1117 1241 cmpithumannm
1150 1188 1341 1243 genus.
1378 1174 1600 1242 Septem
1655 1184 1837 1227 autent
1892 1174 2008 1228 dies

412 1261 540 1317 ideo
592 1262 879 1315 mulierem
939 1276 1062 1315 esse
1134 1263 1397 1331 praecepit
1453 1262 1830 1329 immundam,
1878 1264 2005 1333 quia

412 1353 725 1422 Adum,per
759 1353 917 1421 cujus
939 1368 1127 1406 semen
1148 1354 1394 1424 suscepit
1421 1354 1847 1423 immunditiam,
1879 1372 2005 1411 cum

414 1460 618 1518 genere
640 1445 804 1498 vitam
841 1455 1087 1499 nostram
1118 1445 1332 1516 polluit.
1391 1446 1611 1517 Septem
1652 1448 1861 1503 dierum
1900 1465 2005 1503 nu-

380 1553 599 1592 .merus
637 1537 906 1607 signiﬁcat
956 1553 1053 1607 per
1098 1554 1264 1608 quem
1326 1547 1572 1610 tempora
1618 1540 2000 1596 revolvuntur.

414 1628 647 1698 Propter
672 1628 817 1698 quod
875 1627 1038 1683 etiam
1070 1630 1192 1699 ejus
1226 1632 1444 1702 requies
1495 1633 1726 1701 septima
1755 1633 1892 1700 dies,
1947 1633 2002 1691 id

415 1731 525 1785 est,
596 1720 935 1789 intelligibile
1000 1732 1253 1791 speratur
1323 1723 1643 1778 Sabbatum.
1717 1722 2001 1790 Quomodo

1604 330 1967 392 IIESYCIIII
2006 328 2484 388 PRESBYTERI

405 462 599 507 semen
628 445 939 517 suscipiens
966 454 1052 500 est
1076 443 1296 509 mulier,
1329 458 1452 514 quae
1493 444 1592 499 viri
1626 444 1869 514 concipit
1923 458 1992 498 ex
2022 450 2068 505 Α
2096 451 2281 497 autem
2331 439 2528 495 diebus
2562 439 2637 493 ait
2692 448 2923 495 matrem
2975 452 3096 493 esse
3153 436 3492 491 immundam

3604 316 3701 381 92$

3594 439 3698 493 Aut

2115 534 2258 588 forte
2294 533 2421 604 quia
2445 531 2831 587 inobcdientize.
2853 545 3019 588 causa
3050 528 3161 583 Eva
3211 528 3436 584 seducta
3465 529 3698 596 exstitit,

2114 627 2480 701 transgressio
2506 635 2712 692 autem,
2746 627 2862 679 sive
2894 624 3264 680 iuobedientia
3300 621 3700 678 immunditiam

2112 720 2272 774 nobis
2344 715 2674 787 sordemque
2729 717 3023 784 contraxit,
3081 716 3205 770 ideo
3263 715 3369 770 hoc
3427 712 3572 785 quod
3620 728 3704 769 εει

2111 808 2367 878 amplius,
2411 806 2690 877 legislator
2717 806 2771 860 in
2834 807 3117 861 mulierem
3155 806 3451 862 convertit.
3488 806 3597 861 Sed
3649 820 3705 861 et

2111 900 2463 972 quaerendum
2506 910 2591 954 est
2644 916 2741 955 cur
2787 899 2951 968 hujus
2982 900 3056 954 rei
3087 900 3281 970 gratia,
3329 900 3384 953 in
3436 901 3705 972 sanguine
3742 962 3748 969 ,

2111 990 2514 1060 puriﬁcationis
2542 1004 2657 1043 suae
2687 1005 2910 1043 manere
2937 990 3221 1044 mulierem
3260 989 3539 1059 praecepit,
3593 1006 3702 1045 non

2111 1082 2372 1151 sanguine
2403 1082 2646 1147 sordido,
2673 1081 2768 1136 sed
2812 1081 2867 1135 in
2916 1082 3182 1154 sanguine
3221 1082 3450 1147 mundo,
3496 1080 3547 1135 id
3596 1092 3700 1149 est,

2110 1171 2507 1242 puriﬁcationis
2552 1172 2695 1241 ejus,
2748 1170 2892 1227 sicut
2939 1172 2992 1225 in
3044 1172 3148 1238 bis,
3203 1187 3327 1244 quae
3362 1182 3696 1241 sequuntur,

2109 1264 2441 1320 ostenditur.

2182 1354 2312 1409 lltec
2336 1371 2489 1407 omne
2516 1364 2759 1408 sanctum
2794 1371 2897 1408 non
2956 1357 3151 1425 tangit,
3192 1365 3240 1409 et
3284 1357 3337 1409 in
3392 1358 3705 1411 sanetuario

2108 1464 2209 1501 non
2249 1448 2545 1516 ingreditur
2583 1463 2747 1517 usque
2773 1447 2898 1500 dum
2925 1448 3290 1515 compleantur
3314 1449 3423 1503 dies
3448 1448 3706 1518 puriﬁca-

2105 1535 2261 1588 tionis
2299 1535 2434 1605 ejus.
2468 1534 2524 1588 Si
2550 1549 2679 1606 ergo
2708 1534 2761 1588 in
2795 1535 3061 1606 sanguine
3103 1536 3310 1591 mundo
3340 1536 3562 1608 triginta
3594 1547 3705 1593 tres

2105 1627 2225 1683 dies
2247 1634 2304 1682 et
2338 1642 2502 1680 omne
2533 1634 2783 1681 sanctum
2819 1642 2930 1681 non
2965 1627 3156 1699 tangit,
3197 1637 3253 1683 et
3286 1629 3340 1683 in
3389 1630 3705 1686 sanctuario

2103 1734 2214 1773 non
2246 1718 2572 1790 ingreditur,
2619 1718 2765 1773 unde
2811 1718 3125 1788 hujusmodi
3181 1735 3426 1787 causam,
3472 1721 3584 1775 nisi
3634 1735 3699 1778 ex

414 1823 599 1865 autem
642 1821 886 1865 nostram
923 1812 1115 1881 polluit
1145 1812 1352 1867 vitam?
1378 1813 1650 1870 lnducens
1673 1816 1718 1869 ei
1746 1816 2007 1871 maledic—
2036 1800 2079 1854 Β
2109 1810 2321 1865 dierum
2346 1809 2793 1881 perscrutatione
2818 1811 3199 1881 reperiemus?
3226 1811 3470 1883 Triginta
3494 1814 3700 1886 quippe

420 1904 622 1958 tionem
652 1913 709 1957 et
747 1903 1083 1959 transferens
1113 1906 1180 1959 ad
1206 1906 1505 1974 miseriam,
1542 1923 1662 1962 eam
1694 1924 1856 1978 quam
1887 1924 2007 1963 sor-

417 1995 504 2049 titi
534 1994 815 2049 fueramus
853 1995 922 2049 ab
966 1995 1123 2050 initio
1166 1998 1588 2053 beatitudinem.
1629 2000 1785 2064 Quod
1832 2000 2008 2054 mani-

414 2086 617 2141 festum
650 2098 731 2141 est
760 2102 824 2141 ex
858 2086 964 2153 his,
996 2076 1117 2158 quae
1149 2089 1289 2145 Deus
1320 2092 1386 2145 ad
1429 2091 1598 2146 Adam
1631 2092 1800 2148 dicit:
1841 2092 2009 2146 Male-

413 2181 558 2235 dicta
619 2189 762 2234 terra
816 2182 873 2234 in
926 2184 1166 2251 operibus
1216 2185 1358 2250 tuis,
1418 2186 1631 2255 spinas,
1690 2194 1738 2239 et
1789 2186 2006 2240 tribulos

415 2272 735 2341 geminabit
784 2273 879 2327 tibi
900 2274 980 2328 ⁸⁵.
1045 2274 1341 2346 Propterea
1407 2287 1464 2332 et
1520 2293 1671 2333 nunc
1731 2278 2007 2349 legislator

413 2364 552 2421 dixit
581 2383 594 2419 :

486 2458 793 2513 Secundum
821 2458 934 2514 dies
966 2460 1320 2528 separationis
1371 2471 1654 2517 menstrua:
1684 2478 1703 2515 :
1732 2462 1820 2517 vel
1865 2463 2009 2518 sicut

413 2546 806 2620 Septuaginta:
842 2548 1146 2605 Secundum
1182 2553 1293 2606 dies
1339 2553 1673 2623 purgationis
1725 2565 2009 2609 menstrua:

415 2641 691 2696 immunda
720 2643 840 2697 erit.
868 2642 1009 2709 Quid
1056 2653 1237 2697 autem
1263 2645 1368 2700 hoc
1401 2644 1494 2710 sit,
1535 2646 1628 2699 alii
1680 2646 2008 2717 interpretes

412 2731 633 2805 planius
697 2733 1040 2788 ediderunt:
1088 2736 1449 2805 Symmachus
1504 2737 1727 2807 quidem
1794 2737 2004 2805 dicens,

413 2826 704 2878 secundum
762 2827 873 2880 dies
933 2828 1327 2896 separationis,
1385 2828 1708 2898 aﬂiictionis:
1782 2828 1996 2899 Apuila,

413 2918 766 2985 separationis
802 2958 818 2982 ,
873 2919 1139 2983 miseriae;
1192 2918 1571 2990 Tlteodotion,
1627 2927 2006 2997 separationis,

414 3008 611 3062 doloris
659 3009 795 3078 ejus.
844 3009 1060 3065 Miseria
1103 3021 1309 3076 autem,
1365 3022 1421 3068 et
1470 3015 1711 3070 alllictto.
1747 3026 1804 3068 et
1853 3016 2009 3073 dolor

416 3108 551 3155 tunc
599 3115 721 3155 esse
767 3102 954 3173 carpit,
1010 3114 1297 3176 postquam
1346 3115 1634 3176 separatus
1693 3123 1723 3162 a
1755 3108 2008 3178 paradiso

415 3193 612 3258 Adam,
653 3202 896 3247 nostram
931 3196 1158 3251 sortitus
1179 3206 1264 3251 est
1312 3198 1501 3260 vitam,
1528 3199 1656 3269 quia
1707 3198 1763 3253 in
1809 3202 2009 3257 sudore

414 3280 608 3337 vultus
627 3285 916 3339 comedere
948 3302 1145 3355 panem
1200 3290 1555 3343 condemnati
1605 3306 1815 3347 sumus.
1869 3292 2010 3350 llnic

415 3376 599 3430 sensui
629 3376 932 3446 planiorem
1004 3386 1059 3433 et
1102 3379 1517 3435 indubitabilem
1560 3382 1769 3438 addidit
1814 3385 2010 3454 proba-

418 3467 647 3534 tionem,
676 3483 800 3523 cum
835 3470 1004 3524 dicit:

488 3557 586 3612 Die
625 3570 809 3613 octavo
854 3560 1259 3614 cirruincidetur
1312 3561 1637 3631 infantulus.
1685 3564 1810 3619 Dies
1859 3566 2006 3621 enim

414 3657 660 3715 octavus,
686 3650 944 3721 quoniam
964 3652 1215 3721 septima:
1239 3652 1343 3708 diei
1371 3696 1384 3719 ,
1410 3669 1533 3724 quae
1559 3654 1735 3725 imago
1762 3664 1846 3710 est
1867 3673 2007 3726 pra:-

413 3740 586 3794 sentis
622 3741 763 3808 vitae,
792 3743 1059 3809 succedit,
1086 3743 1313 3814 ﬁguram
1343 3748 1481 3816 gerit
1509 3745 1875 3802 futurisaeculi
1903 3790 1918 3815 ,
1952 3748 2008 3803 in

411 3843 521 3899 quo
564 3843 785 3883 carnem
819 3830 1072 3900 pracpulii
1125 3831 1574 3888 circumcidimus
1595 3877 1610 3901 ,
1635 3851 1801 3906 opera
1826 3837 2008 3891 carnis

409 3921 593 3977 omnia
610 3924 976 3993 deponentes:
995 3934 1122 3978 tunc
1146 3925 1349 3996 quippe
1368 3942 1475 3980 non
1494 3928 1670 3982 solum
1690 3944 1799 3983 non
1821 3944 2009 3998 pecca-

414 4009 542 4076 turi,
566 4011 659 4065 sed
683 4026 785 4068 nec
816 4013 1134 4079 comesturi,
1163 4026 1255 4069 aut
1289 4015 1532 4085 bibituri,
1558 4028 1652 4073 aut
1673 4017 1894 4087 nupturi
1915 4034 2008 4073 su-

411 4118 553 4157 mus.
578 4100 794 4159 Erimus
831 4113 1014 4159 autem
1042 4107 1596 4176 proculdubio,sieut
1620 4111 1693 4164 ait
1718 4111 2002 4174 Dominus,

409 4207 476 4246 ex
502 4195 927 4263 corruptibilibus
967 4198 1419 4269 incorruptibiles,
1454 4202 1597 4257 sicut
1643 4202 1819 4272 angeli
1847 4204 1919 4257 5":
1951 4213 2007 4260 et

410 4282 597 4338 mundi
666 4284 843 4338 modis
909 4287 1187 4354 omnibus,
1233 4305 1299 4343 ex
1352 4290 1652 4346 immundis
1714 4292 1999 4347 eﬁicimur.

408 4372 716 4429 Seminatur
759 4377 941 4448 igitur,
970 4379 1047 4432 ait
1093 4380 1315 4448 Paulus,
1379 4383 1433 4435 in
1472 4383 1810 4453 corruptione
1831 4384 1911 4450 ⁶⁸;
1956 4386 2000 4439 si

2109 1911 2164 1957 et
2187 1912 2299 1958 tres
2321 1901 2439 1957 dies
2472 1902 2595 1957 ideo
2620 1902 2863 1968 tradidit,
2892 1912 2947 1957 ut
2988 1902 3220 1972 adjectis
3250 1913 3485 1974 septem,
3511 1908 3702 1962 cuncti

2108 1993 2467 2065 quadraginta
2525 1992 2678 2048 ﬁant.
2732 1993 2893 2049 Aliud
2947 2009 3077 2065 ergo
3134 2009 3236 2064 per
3293 1996 3704 2067 ltoclegislator

2109 2087 2401 2160 signiﬁcat.
2439 2087 2580 2154 Quia
2608 2102 2738 2157 ergo
2771 2088 2827 2141 in
2862 2087 3055 2144 diebus
3084 2088 3444 2160 quadraginta
3486 2106 3701 2146 mascu-

2108 2181 2195 2234 lus
2233 2180 2439 2235 dicitur
2478 2179 2660 2235 infans
2705 2179 2951 2247 formari,
2981 2181 3089 2235 duo
3133 2181 3252 2236 htec
3301 2197 3399 2252 per
3445 2198 3531 2249 ea,
3581 2199 3702 2254 quae

2108 2273 2251 2328 dicta
2282 2273 2764 2342 suntprobantur:
2803 2272 2854 2326 id
2892 2283 2994 2338 est,
3027 2272 3155 2343 quia
3185 2272 3302 2342 ipse
3327 2274 3548 2344 quidem
3576 2278 3703 2331 sub-

2110 2365 2319 2420 stantia
2368 2366 2587 2435 generis
2642 2363 2869 2418 hutn'ani
2919 2364 3123 2418 munda
3172 2373 3275 2430 est,
3336 2365 3481 2421 sicut
3528 2383 3557 2420 a
3597 2366 3703 2423 Deo

2109 2465 2319 2513 creata:
2364 2456 2555 2512 Omnia
2598 2456 2771 2522 enim,
2823 2470 2941 2525 qua:
2975 2456 3099 2527 fecit
3136 2455 3296 2523 Deus,
3344 2468 3497 2511 erant
3551 2459 3703 2513 valde

2111 2550 2245 2604 bona
2264 2551 2307 2582 ⁶⁹
2329 2592 2343 2615 ,
2374 2556 2431 2604 et
2469 2548 2644 2603 multo
2679 2547 2852 2619 magis
2877 2548 3064 2602 homo.
3094 2547 3325 2618 Propter
3362 2550 3507 2619 quod
3540 2551 3613 2604 ait
3648 2551 3701 2606 in

2110 2642 2377 2711 sanguine
2459 2641 2698 2705 mundo,
2762 2639 2877 2694 sive
2949 2638 3351 2710 puriﬁcationis
3414 2641 3701 2697 mulierem

2111 2735 2321 2789 sedere.
2346 2732 2484 2800 Quia
2510 2741 2694 2787 autem
2715 2747 2816 2802 per
2838 2731 3245 2787 successionem
3272 2730 3400 2787 Ada-
3429 2741 3702 2803 transgre-

2110 2826 2311 2882 dientis
2350 2826 2512 2881 laesus
2546 2833 2649 2890 est,
2690 2822 3001 2879 necessarie
3036 2838 3159 2894 qua:
3206 2838 3394 2878 semen
3439 2824 3697 2895 suStepit,

2110 2931 2163 2975 et
2190 2918 2463 2988 concepit,
2490 2932 2653 2973 omne
2692 2925 2943 2971 sanctum
2977 2931 3089 2969 non
3123 2916 3316 2987 tangit,
3363 2925 3419 2970 et
3458 2916 3513 2969 in
3545 2930 3703 2971 sanc-

2111 3011 2287 3065 tuario
2312 3026 2422 3067 non
2445 3009 2799 3081 ingredietur,
2826 3023 2999 3078 usque
3021 3007 3149 3063 dum
3177 3008 3563 3078 compleantur
3588 3008 3704 3063 dies

2035 3137 2077 3195 ρ
2112 3101 2509 3195 puriﬁcationis
2556 3102 2708 3172 ejus:
2752 3102 2803 3195 id
2840 3110 3166 3195 est,usque
3195 3101 3323 3195 dum
3378 3100 3700 3195 complean-

2112 3202 2201 3249 tur
2228 3194 2344 3249 dies
2373 3194 2755 3265 quadraginta,
2782 3194 2836 3247 in
2868 3194 3066 3263 quibus
3099 3208 3237 3263 puer
3263 3193 3550 3248 formatur.
3584 3191 3703 3263 Ipsa

2110 3283 2313 3355 quippe
2361 3284 2540 3355 imago
2592 3283 2709 3351 Dei,
2769 3285 3052 3338 mundatio
3094 3293 3178 3338 est
3220 3293 3430 3339 natura:
3477 3294 3701 3347 nostra).

2110 3374 2358 3444 quamvis
2382 3372 2547 3428 fuerit
2581 3373 2883 3429 sordidata.
2921 3373 3062 3445 Ergo
3098 3390 3440 3444 nequaquam
3492 3374 3703 3445 ingredi

2110 3465 2165 3519 in
2201 3467 2534 3532 sanctuario,
2563 3481 2668 3521 nec
2696 3481 2860 3520 omne
2886 3474 3133 3520 sanctum
3167 3475 3389 3535 tangere
3443 3465 3702 3536 praecepti

2112 3559 2413 3624 fueramus,
2477 3557 2584 3615 nisi
2632 3558 2811 3628 imago
2878 3557 2973 3612 Dei
3040 3558 3212 3614 semel
3265 3556 3465 3612 donata
3517 3568 3703 3613 nostro

2112 3651 2323 3721 generi,
2376 3658 2695 3705 sanctorum
2748 3648 2908 3706 nobis
2967 3649 3316 3721 praestitisset
3370 3650 3698 3720 ingressum.

2114 3741 2341 3811 Propter
2394 3758 2556 3813 quam
2602 3741 2917 3797 salvandatn
2958 3741 3075 3811 ipsc
3109 3756 3328 3811 quoque
3382 3740 3701 3795 incarnatus

2111 3842 2193 3887 est
2221 3832 2504 3899 Dominus,
2546 3847 2701 3887 suam
2737 3832 3028 3904 imaginem
3090 3832 3303 3885 salvare
3336 3832 3547 3886 volens.
3594 3833 3700 3886 Sed

2110 3924 2165 3977 in
2224 3923 2584 3995 quadraginta
2642 3923 2837 3978 diebus
2887 3924 2956 3977 ad
3001 3923 3202 3979 cadum
3270 3938 3391 3976 eam
3457 3921 3696 3988 sustulit,

2110 4016 2412 4071 secundum
2434 4016 2578 4087 quod
2604 4032 2724 4071 eam
2752 4016 3035 4093 hominem
3089 4017 3385 4087 plasmaus,
3424 4015 3477 4068 in
3538 4015 3697 4070 vulva

2110 4108 2297 4174 donat,
2329 4116 2384 4161 et
2410 4118 2542 4163 tunc
2576 4108 2642 4163 ad
2672 4124 2864 4163 verum
2912 4109 3287 4163 sanctuarium
3347 4117 3543 4163 natura
3600 4122 3699 4161 uo-

2109 4212 2220 4256 stra
2250 4200 2569 4271 ingreditur.
2606 4196 3023 4271 Aperte'autem
3054 4201 3173 4257 haec
3194 4202 3494 4272 probantur
3517 4216 3617 4271 per
3635 4218 3698 4257 ea

2107 4307 2228 4361 qua:
2283 4291 2351 4346 de
2394 4306 2595 4362 genere
2655 4290 2896 4346 femineo
2954 4292 3301 4347 sanciantur.
3361 4290 3501 4358 Quia
3550 4292 3697 4346 enim

2106 4384 2439 4455 octogesima
2466 4385 2555 4439 die
2587 4384 2808 4440 formari
2853 4383 2912 4437 in
2956 4392 3113 4438 utero
3150 4383 3375 4438 femina:
3413 4383 3693 4445 dicuntur,

407 4465 573 4536 igitur
612 4470 665 4522 in
706 4474 1061 4539 corruptione
1123 4473 1429 4527 seminatur
1486 4490 1689 4544 corpus
1734 4477 1991 4543 animale,
2030 4506 2071 4559 ι)
2104 4477 2444 4530 tantumdem
2474 4492 2763 4531 numerum
2796 4476 2863 4529 ad
2888 4475 3267 4545 impletionem
3303 4475 3519 4531 dierum
3545 4476 3695 4545 puri-

407 4556 580 4629 surgit
611 4574 813 4629 corpus
833 4561 1110 4630 spiritale;
1146 4579 1276 4635 ergo
1305 4565 1397 4619 hic
1419 4573 1501 4619 est
1522 4564 1716 4620 modus
1771 4576 1996 4637 propter

406 4665 568 4719 quem
596 4649 860 4706 infantem
884 4664 1078 4708 octavo
1113 4656 1200 4710 die
1237 4656 1393 4727 jubet
1451 4656 1789 4714 circumcidi.
1821 4659 1988 4714 lncir-

407 4742 709 4798 cumcisum
737 4754 921 4801 autem
958 4747 1142 4817 perire
1198 4749 1266 4804 de
1318 4750 1521 4819 populo
1577 4766 1677 4806 suo
1727 4751 1990 4818 ostendit,

404 4832 533 4902 quia
558 4841 685 4889 ante
713 4835 1209 4905 circumcisionem,
1238 4840 1657 4896 abominabilem
1687 4842 1851 4899 habet
1871 4859 1992 4898 car-

405 4938 531 4977 nem
564 4933 619 4979 et
655 4925 1016 4994 immundam,
1058 4938 1279 5001 propter
1331 4946 1526 4985 causas
1555 4932 1806 4988 videlicet
1854 4949 1993 5003 quas

404 5015 661 5086 superius
684 5018 942 5075 diximus.
971 5020 1268 5077 Mundatur
1311 5031 1495 5078 autem
1550 5039 1649 5095 per
1702 5027 1994 5081 circumci-

403 5105 639 5172 sionem,
675 5123 797 5177 quae
838 5109 1129 5182 imaginem
1175 5114 1316 5185 gerit
1368 5117 1788 5174 resurrectionis
1845 5134 1994 5172 mor—

406 5206 642 5253 tuorum.
660 5198 793 5257 Illud
820 5212 1002 5258 autem
1034 5205 1200 5259 nimis
1225 5208 1582 5277 qmercndum
1599 5218 1703 5275 est,
1726 5211 1992 5281 quamob-

411 5304 530 5344 rem
593 5291 914 5350 circumcidi
978 5297 1067 5353 lex
1137 5300 1484 5369 prwcijiiens,
1554 5301 1725 5370 ipsius
1770 5303 1989 5373 quidem

404 5380 807 5440 immunditiam
831 5395 994 5453 tacet,
1033 5397 1262 5445 matrem
1291 5400 1473 5445 autem
1509 5393 1845 5448 immundam
1868 5410 1990 5449 esse

404 5468 559 5534 dicit,
601 5486 774 5543 usque
800 5476 868 5531 ad
888 5475 1057 5531 diem
1088 5478 1141 5533 in
1170 5496 1278 5551 quo
1318 5481 1498 5537 infans
1534 5483 1983 5540 circumciditur:

403 5568 595 5617 octavo
657 5563 859 5635 quippe
911 5571 1170 5640 praecepit
1236 5573 1323 5628 die
1380 5575 1721 5642 circumcidi,
1779 5586 1986 5647 septem

476 5756 520 5788 “
569 5759 709 5818 Gen.
742 5780 814 5830 tv,
852 5765 895 5818 l.
995 5769 1038 5799 °'
1069 5770 1208 5824 Gen.
1244 5787 1322 5840 tu,
1366 5773 1448 5841 l7,
1496 5773 1577 5828 18.

1658 5776 1699 5806 ⁶⁷
1731 5772 1923 5830 Matth.
1959 5793 2091 5842 χχιι,
2123 5779 2209 5832 50.

2103 4566 2375 4622 ﬁcationis
2400 4582 2612 4635 earum,
2647 4581 2769 4637 qua:
2797 4580 2988 4621 semen
3015 4565 3353 4637 suscipiunt,
3413 4565 3693 4636 praecepit,

2102 4660 2178 4716 ait
2209 4660 2356 4715 enim
2397 4660 2507 4714 sic:

2172 4750 2231 4808 Si
2283 4753 2529 4818 feminam
2561 4751 2782 4822 peperit,
2837 4753 3111 4807 immunda
3140 4751 3459 4806 critdnabus
3498 4750 3696 4805 hebdo-

2101 4846 2342 4900 madibus
2371 4864 2381 4897 :
2410 4846 2570 4916 juxta
2604 4847 2765 4899 ritum
2809 4847 2986 4915 ﬂuxus
3047 4848 3320 4900 menstrui.

2168 4938 2236 4993 Et
2290 4954 2413 4992 cum
2469 4946 2685 5008 oportet
2731 4940 3144 5008 quatuordecim
3199 4940 3415 5004 dicere,
3453 4956 3565 4994 non
3616 4941 3695 4997 sic

2095 5027 2273 5091 dicit,
2326 5027 2420 5081 sed
2493 5026 2707 5081 duabus
2768 5027 3223 5087 hebdomadibus.
3280 5030 3434 5096 juxta
3511 5031 3681 5085 ritum

2094 5119 2273 5174 ﬂuxus
2312 5119 2601 5172 menstrui.
2626 5120 2856 5189 Propter
2881 5121 3023 5189 quod
3056 5120 3122 5174 ad
3154 5120 3306 5175 illum
3366 5138 3466 5176 nos
3518 5132 3696 5178 trans-

2102 5210 2270 5265 mittit
2325 5225 2569 5275 sensum,
2629 5209 2683 5266 id
2714 5220 2817 5277 est,
2845 5222 2905 5266 ut
2964 5212 3019 5266 in
3070 5222 3279 5283 septem
3327 5215 3549 5284 quidem
3582 5217 3696 5271 dic-

2098 5304 2202 5358 bus
2249 5319 2369 5359 esse
2397 5305 2692 5359 humanam
2742 5305 3152 5360 vitamzﬁnxus
3194 5318 3375 5361 autem
3425 5308 3694 5363 menstrui

2098 5394 2445 5450 aﬂlictionem
2497 5397 2635 5466 ejus,
2684 5406 2739 5451 et
2801 5396 3069 5460 dolorem,
3096 5408 3151 5452 et
3202 5400 3476 5453 miseriam
3527 5401 3692 5455 intel-

2096 5488 2348 5559 ligantus.
2372 5489 2513 5543 Dixit
2554 5498 2733 5543 autem
2774 5489 2985 5543 duabus
3036 5489 3469 5546 hebdomadibus
3523 5502 3687 5554 recte,

2099 5581 2222 5649 quia
2281 5580 2447 5649 duplo
2511 5597 2681 5650 genus
2733 5580 2997 5634 muliebre
3059 5581 3343 5634 tuttltatutn
3421 5582 3689 5650 est:quia

2289 5781 2331 5808 ⁶⁸
2361 5779 2525 5833 (Cor.
2562 5794 2648 5843 xv,
2694 5778 2769 5832 i2.
2854 5782 2895 5812 °“
2923 5780 3057 5835 Gen.
3097 5797 3133 5845 ι,
3160 5781 3249 5837 5i.
