  <div class='ocr_page' id='page_1' title='image "/cluster/home/n/w/nwhite01/storage/ocr_20150623/93/coo.31924054869973/474.png"; bbox 0 0 3992 6404; ppageno 0'>
   <div class='ocr_carea' id='block_1_1' title="bbox 312 333 423 399">
    <p class='ocr_par' dir='ltr' id='par_1_1' title="bbox 312 333 423 399">
     <span class='ocr_line' id='line_1_1' title="bbox 312 333 423 399; baseline 0.018 -2"><span class='ocrx_word' id='word_1_1' title='bbox 312 333 423 399; x_wconf 78' lang='lat'><strong>925</strong></span> 
     </span>
    </p>
   </div>
   <div class='ocr_carea' id='block_1_2' title="bbox 1430 340 2504 419">
    <p class='ocr_par' dir='ltr' id='par_1_2' title="bbox 1430 340 2504 419">
     <span class='ocr_line' id='line_1_2' title="bbox 1430 340 2504 419; baseline 0.004 -18"><span class='ocrx_word' id='word_1_2' title='bbox 1430 340 1512 401; x_wconf 88' lang='lat' dir='ltr'><strong>IN</strong></span> <span class='ocrx_word' id='word_1_3' title='bbox 1550 340 1990 403; x_wconf 87' lang='lat' dir='ltr'><strong>LEVITICUM-</strong></span> <span class='ocrx_word' id='word_1_4' title='bbox 2029 366 2101 378; x_wconf 92' lang='grc'><strong>·-</strong></span> <span class='ocrx_word' id='word_1_5' title='bbox 2132 343 2281 405; x_wconf 85' lang='lat' dir='ltr'><strong>LIB.</strong></span> <span class='ocrx_word' id='word_1_6' title='bbox 2321 344 2421 409; x_wconf 85' lang='lat' dir='ltr'><strong>IV.</strong></span> <span class='ocrx_word' id='word_1_7' title='bbox 2497 412 2504 419; x_wconf 46' lang='grc'><strong><em>,</em></strong></span> 
     </span>
    </p>
   </div>
   <div class='ocr_carea' id='block_1_3' title="bbox 3479 348 3595 417">
    <p class='ocr_par' dir='ltr' id='par_1_3' title="bbox 3479 348 3595 417">
     <span class='ocr_line' id='line_1_3' title="bbox 3479 348 3595 417; baseline 0.034 -4"><span class='ocrx_word' id='word_1_8' title='bbox 3479 348 3595 417; x_wconf 71' lang='grc'><strong>926</strong></span> 
     </span>
    </p>
   </div>
   <div class='ocr_carea' id='block_1_4' title="bbox 295 453 3581 536">
    <p class='ocr_par' dir='ltr' id='par_1_4' title="bbox 295 453 3581 536">
     <span class='ocr_line' id='line_1_4' title="bbox 295 453 3581 536; baseline 0.002 -21"><span class='ocrx_word' id='word_1_9' title='bbox 295 461 448 516; x_wconf 89' lang='lat' dir='ltr'><strong>enim</strong></span> <span class='ocrx_word' id='word_1_10' title='bbox 499 466 557 514; x_wconf 80' lang='lat' dir='ltr'><strong>et</strong></span> <span class='ocrx_word' id='word_1_11' title='bbox 603 455 774 512; x_wconf 78' lang='lat' dir='ltr'><strong>Adam</strong></span> <span class='ocrx_word' id='word_1_12' title='bbox 838 455 1297 515; x_wconf 82' lang='lat' dir='ltr'><strong>maledictiouem,</strong></span> <span class='ocrx_word' id='word_1_13' title='bbox 1359 453 1411 508; x_wconf 91' lang='lat' dir='ltr'><strong>iu</strong></span> <span class='ocrx_word' id='word_1_14' title='bbox 1445 455 1644 509; x_wconf 81' lang='lat' dir='ltr'><strong>sudore</strong></span> <span class='ocrx_word' id='word_1_15' title='bbox 1690 455 1875 510; x_wconf 91' lang='lat' dir='ltr'><strong>vultus</strong></span> <span class='ocrx_word' id='word_1_16' title='bbox 1910 461 1955 518; x_wconf 79' lang='grc' dir='ltr'>Α</span> <span class='ocrx_word' id='word_1_17' title='bbox 1982 457 2126 526; x_wconf 81' lang='lat' dir='ltr'><strong>quod</strong></span> <span class='ocrx_word' id='word_1_18' title='bbox 2164 473 2455 523; x_wconf 80' lang='lat' dir='ltr'><strong>accusans,</strong></span> <span class='ocrx_word' id='word_1_19' title='bbox 2516 457 2615 514; x_wconf 88' lang='lat' dir='ltr'><strong>sed</strong></span> <span class='ocrx_word' id='word_1_20' title='bbox 2656 458 2890 515; x_wconf 83' lang='lat' dir='ltr'><strong>matrem</strong></span> <span class='ocrx_word' id='word_1_21' title='bbox 2980 467 3234 519; x_wconf 85' lang='lat' dir='ltr'><strong>naturam</strong></span> <span class='ocrx_word' id='word_1_22' title='bbox 3302 463 3581 536; x_wconf 83' lang='lat' dir='ltr'><strong>appellat:</strong></span> 
     </span>
    </p>
   </div>
   <div class='ocr_carea' id='block_1_5' title="bbox 294 545 1885 617">
    <p class='ocr_par' dir='ltr' id='par_1_5' title="bbox 294 545 1885 617">
     <span class='ocr_line' id='line_1_5' title="bbox 294 545 1885 617; baseline -0.005 -10"><span class='ocrx_word' id='word_1_23' title='bbox 294 553 381 607; x_wconf 86' lang='lat' dir='ltr'><strong>sui</strong></span> <span class='ocrx_word' id='word_1_24' title='bbox 438 551 775 606; x_wconf 86' lang='lat' dir='ltr'><strong>manducans</strong></span> <span class='ocrx_word' id='word_1_25' title='bbox 823 562 1017 617; x_wconf 90' lang='lat' dir='ltr'><strong>panem</strong></span> <span class='ocrx_word' id='word_1_26' title='bbox 1078 561 1261 600; x_wconf 88' lang='lat' dir='ltr'><strong>suum.</strong></span> <span class='ocrx_word' id='word_1_27' title='bbox 1306 545 1481 600; x_wconf 84' lang='lat' dir='ltr'><strong>liabet</strong></span> <span class='ocrx_word' id='word_1_28' title='bbox 1532 547 1696 599; x_wconf 83' lang='lat' dir='ltr'><strong>etiam</strong></span> <span class='ocrx_word' id='word_1_29' title='bbox 1770 546 1885 615; x_wconf 83' lang='lat' dir='ltr'><strong>ipsa</strong></span> 
     </span>
    </p>
   </div>
   <div class='ocr_carea' id='block_1_6' title="bbox 293 634 1888 710">
    <p class='ocr_par' dir='ltr' id='par_1_6' title="bbox 293 634 1888 710">
     <span class='ocr_line' id='line_1_6' title="bbox 293 634 1888 710; baseline -0.006 -13"><span class='ocrx_word' id='word_1_30' title='bbox 293 654 525 701; x_wconf 86' lang='lat' dir='ltr'><strong>terram,</strong></span> <span class='ocrx_word' id='word_1_31' title='bbox 564 641 845 710; x_wconf 82' lang='lat' dir='ltr'><strong>Spinas,ct</strong></span> <span class='ocrx_word' id='word_1_32' title='bbox 885 637 1110 691; x_wconf 91' lang='lat' dir='ltr'><strong>tribulos</strong></span> <span class='ocrx_word' id='word_1_33' title='bbox 1149 634 1568 706; x_wconf 74' lang='lat' dir='ltr'><strong>germinantem,</strong></span> <span class='ocrx_word' id='word_1_34' title='bbox 1601 650 1722 703; x_wconf 74' lang='lat' dir='ltr'><strong>qua:</strong></span> <span class='ocrx_word' id='word_1_35' title='bbox 1763 650 1888 688; x_wconf 92' lang='lat' dir='ltr'><strong>cum</strong></span> 
     </span>
    </p>
   </div>
   <div class='ocr_carea' id='block_1_7' title="bbox 293 724 1892 793">
    <p class='ocr_par' dir='ltr' id='par_1_7' title="bbox 293 724 1892 793">
     <span class='ocr_line' id='line_1_7' title="bbox 293 724 1892 793; baseline -0.008 -4"><span class='ocrx_word' id='word_1_36' title='bbox 293 752 361 790; x_wconf 73' lang='lat' dir='ltr'><strong>ex</strong></span> <span class='ocrx_word' id='word_1_37' title='bbox 424 747 566 789; x_wconf 85' lang='lat' dir='ltr'><strong>terra</strong></span> <span class='ocrx_word' id='word_1_38' title='bbox 624 740 741 786; x_wconf 88' lang='lat' dir='ltr'><strong>orta</strong></span> <span class='ocrx_word' id='word_1_39' title='bbox 812 730 901 793; x_wconf 88' lang='lat' dir='ltr'><strong>sit,</strong></span> <span class='ocrx_word' id='word_1_40' title='bbox 962 730 1015 781; x_wconf 91' lang='lat' dir='ltr'><strong>in</strong></span> <span class='ocrx_word' id='word_1_41' title='bbox 1067 738 1267 781; x_wconf 87' lang='lat' dir='ltr'><strong>terram</strong></span> <span class='ocrx_word' id='word_1_42' title='bbox 1355 727 1663 780; x_wconf 89' lang='lat' dir='ltr'><strong>revertitur.</strong></span> <span class='ocrx_word' id='word_1_43' title='bbox 1718 724 1892 779; x_wconf 86' lang='lat' dir='ltr'><strong>llabet</strong></span> 
     </span>
    </p>
   </div>
   <div class='ocr_carea' id='block_1_8' title="bbox 292 817 1889 895">
    <p class='ocr_par' dir='ltr' id='par_1_8' title="bbox 292 817 1889 895">
     <span class='ocr_line' id='line_1_8' title="bbox 292 817 1889 895; baseline -0.006 -15"><span class='ocrx_word' id='word_1_44' title='bbox 292 826 462 881; x_wconf 85' lang='lat' dir='ltr'><strong>etiam</strong></span> <span class='ocrx_word' id='word_1_45' title='bbox 492 840 710 895; x_wconf 69' lang='lat' dir='ltr'><strong>pennam</strong></span> <span class='ocrx_word' id='word_1_46' title='bbox 759 821 1051 892; x_wconf 86' lang='lat' dir='ltr'><strong>specialem</strong></span> <span class='ocrx_word' id='word_1_47' title='bbox 1095 838 1106 872; x_wconf 94' lang='lat'>:</span> <span class='ocrx_word' id='word_1_48' title='bbox 1150 818 1455 872; x_wconf 74' lang='lat' dir='ltr'><strong>Inlristitia</strong></span> <span class='ocrx_word' id='word_1_49' title='bbox 1505 818 1680 887; x_wconf 76' lang='lat' dir='ltr'><strong>paries</strong></span> <span class='ocrx_word' id='word_1_50' title='bbox 1730 817 1889 886; x_wconf 76' lang='lat' dir='ltr'><strong>ﬁlius,</strong></span> 
     </span>
    </p>
   </div>
   <div class='ocr_carea' id='block_1_9' title="bbox 293 911 1893 979">
    <p class='ocr_par' dir='ltr' id='par_1_9' title="bbox 293 911 1893 979">
     <span class='ocr_line' id='line_1_9' title="bbox 293 911 1893 979; baseline -0.008 -6"><span class='ocrx_word' id='word_1_51' title='bbox 293 929 345 973; x_wconf 77' lang='lat' dir='ltr'><strong>et</strong></span> <span class='ocrx_word' id='word_1_52' title='bbox 393 925 465 972; x_wconf 86' lang='lat' dir='ltr'><strong>ad</strong></span> <span class='ocrx_word' id='word_1_53' title='bbox 509 920 682 972; x_wconf 79' lang='lat' dir='ltr'><strong>virum</strong></span> <span class='ocrx_word' id='word_1_54' title='bbox 727 929 875 969; x_wconf 84' lang='lat' dir='ltr'><strong>tuum</strong></span> <span class='ocrx_word' id='word_1_55' title='bbox 936 913 1199 967; x_wconf 81' lang='lat' dir='ltr'><strong>conversio</strong></span> <span class='ocrx_word' id='word_1_56' title='bbox 1246 920 1356 975; x_wconf 81' lang='lat' dir='ltr'><strong>tua,</strong></span> <span class='ocrx_word' id='word_1_57' title='bbox 1422 920 1469 963; x_wconf 85' lang='lat' dir='ltr'><strong>et</strong></span> <span class='ocrx_word' id='word_1_58' title='bbox 1519 912 1630 979; x_wconf 79' lang='lat' dir='ltr'><strong>ipse</strong></span> <span class='ocrx_word' id='word_1_59' title='bbox 1674 911 1752 963; x_wconf 81' lang='lat' dir='ltr'><strong>tui</strong></span> <span class='ocrx_word' id='word_1_60' title='bbox 1799 911 1893 963; x_wconf 54' lang='lat' dir='ltr'><strong>do.</strong></span> 
     </span>
    </p>
   </div>
   <div class='ocr_carea' id='block_1_10' title="bbox 293 1001 1895 1075">
    <p class='ocr_par' dir='ltr' id='par_1_10' title="bbox 293 1001 1895 1075">
     <span class='ocr_line' id='line_1_10' title="bbox 293 1001 1895 1075; baseline -0.006 -11"><span class='ocrx_word' id='word_1_61' title='bbox 293 1011 587 1073; x_wconf 80' lang='lat' dir='ltr'><strong>minabitur</strong></span> <span class='ocrx_word' id='word_1_62' title='bbox 605 1009 672 1062; x_wconf 59' lang='lat'><strong>7°.</strong></span> <span class='ocrx_word' id='word_1_63' title='bbox 716 1007 781 1061; x_wconf 86' lang='lat' dir='ltr'><strong>Et</strong></span> <span class='ocrx_word' id='word_1_64' title='bbox 825 1015 1112 1075; x_wconf 80' lang='lat' dir='ltr'><strong>propterea</strong></span> <span class='ocrx_word' id='word_1_65' title='bbox 1155 1003 1386 1065; x_wconf 88' lang='lat' dir='ltr'><strong>duabus,</strong></span> <span class='ocrx_word' id='word_1_66' title='bbox 1435 1001 1634 1070; x_wconf 86' lang='lat' dir='ltr'><strong>inquit,</strong></span> <span class='ocrx_word' id='word_1_67' title='bbox 1685 1001 1895 1055; x_wconf 86' lang='lat' dir='ltr'><strong>hebdo-</strong></span> 
     </span>
    </p>
   </div>
   <div class='ocr_carea' id='block_1_11' title="bbox 290 1094 1896 1164">
    <p class='ocr_par' dir='ltr' id='par_1_11' title="bbox 290 1094 1896 1164">
     <span class='ocr_line' id='line_1_11' title="bbox 290 1094 1896 1164; baseline -0.005 -9"><span class='ocrx_word' id='word_1_68' title='bbox 290 1102 550 1156; x_wconf 85' lang='lat' dir='ltr'><strong>madibus</strong></span> <span class='ocrx_word' id='word_1_69' title='bbox 597 1097 875 1152; x_wconf 88' lang='lat' dir='ltr'><strong>immunda</strong></span> <span class='ocrx_word' id='word_1_70' title='bbox 925 1097 1050 1161; x_wconf 88' lang='lat' dir='ltr'><strong>erit,</strong></span> <span class='ocrx_word' id='word_1_71' title='bbox 1093 1096 1245 1164; x_wconf 82' lang='lat' dir='ltr'><strong>juxta</strong></span> <span class='ocrx_word' id='word_1_72' title='bbox 1292 1096 1456 1149; x_wconf 83' lang='lat' dir='ltr'><strong>ritum</strong></span> <span class='ocrx_word' id='word_1_73' title='bbox 1507 1094 1685 1147; x_wconf 79' lang='lat' dir='ltr'><strong>ﬂuxus</strong></span> <span class='ocrx_word' id='word_1_74' title='bbox 1739 1109 1896 1148; x_wconf 88' lang='lat' dir='ltr'><strong>men-</strong></span> 
     </span>
    </p>
   </div>
   <div class='ocr_carea' id='block_1_12' title="bbox 294 1186 1897 1259">
    <p class='ocr_par' dir='ltr' id='par_1_12' title="bbox 294 1186 1897 1259">
     <span class='ocr_line' id='line_1_12' title="bbox 294 1186 1897 1259; baseline -0.004 -14"><span class='ocrx_word' id='word_1_75' title='bbox 294 1193 463 1247; x_wconf 85' lang='lat' dir='ltr'><strong>strui.</strong></span> <span class='ocrx_word' id='word_1_76' title='bbox 488 1190 776 1259; x_wconf 81' lang='lat' dir='ltr'><strong>Sexaginta</strong></span> <span class='ocrx_word' id='word_1_77' title='bbox 804 1196 985 1243; x_wconf 89' lang='lat' dir='ltr'><strong>autem</strong></span> <span class='ocrx_word' id='word_1_78' title='bbox 1018 1198 1073 1242; x_wconf 89' lang='lat' dir='ltr'><strong>et</strong></span> <span class='ocrx_word' id='word_1_79' title='bbox 1120 1203 1215 1241; x_wconf 88' lang='lat' dir='ltr'><strong>sex</strong></span> <span class='ocrx_word' id='word_1_80' title='bbox 1262 1187 1454 1241; x_wconf 79' lang='lat' dir='ltr'><strong>diebus</strong></span> <span class='ocrx_word' id='word_1_81' title='bbox 1511 1188 1566 1240; x_wconf 87' lang='lat' dir='ltr'><strong>in</strong></span> <span class='ocrx_word' id='word_1_82' title='bbox 1630 1186 1897 1257; x_wconf 79' lang='lat' dir='ltr'><strong>sanguine</strong></span> 
     </span>
    </p>
   </div>
   <div class='ocr_carea' id='block_1_13' title="bbox 290 1277 1897 1349">
    <p class='ocr_par' dir='ltr' id='par_1_13' title="bbox 290 1277 1897 1349">
     <span class='ocr_line' id='line_1_13' title="bbox 290 1277 1897 1349; baseline -0.004 -12"><span class='ocrx_word' id='word_1_83' title='bbox 290 1283 525 1346; x_wconf 86' lang='lat' dir='ltr'><strong>mundo,</strong></span> <span class='ocrx_word' id='word_1_84' title='bbox 580 1282 635 1336; x_wconf 90' lang='lat' dir='ltr'><strong>id</strong></span> <span class='ocrx_word' id='word_1_85' title='bbox 659 1291 760 1343; x_wconf 90' lang='lat' dir='ltr'><strong>est,</strong></span> <span class='ocrx_word' id='word_1_86' title='bbox 796 1282 849 1333; x_wconf 90' lang='lat' dir='ltr'><strong>in</strong></span> <span class='ocrx_word' id='word_1_87' title='bbox 879 1278 1261 1349; x_wconf 84' lang='lat' dir='ltr'><strong>puriﬁcatione</strong></span> <span class='ocrx_word' id='word_1_88' title='bbox 1310 1277 1542 1343; x_wconf 83' lang='lat' dir='ltr'><strong>sedebit,</strong></span> <span class='ocrx_word' id='word_1_89' title='bbox 1573 1287 1759 1332; x_wconf 88' lang='lat' dir='ltr'><strong>sancta</strong></span> <span class='ocrx_word' id='word_1_90' title='bbox 1789 1293 1897 1330; x_wconf 90' lang='lat' dir='ltr'><strong>non</strong></span> 
     </span>
    </p>
   </div>
   <div class='ocr_carea' id='block_1_14' title="bbox 292 1368 1894 1444">
    <p class='ocr_par' dir='ltr' id='par_1_14' title="bbox 292 1368 1894 1444">
     <span class='ocr_line' id='line_1_14' title="bbox 292 1368 1894 1444; baseline -0.004 -17"><span class='ocrx_word' id='word_1_91' title='bbox 292 1384 529 1444; x_wconf 85' lang='lat' dir='ltr'><strong>tangens</strong></span> <span class='ocrx_word' id='word_1_92' title='bbox 556 1416 569 1438; x_wconf 95' lang='lat'><strong>,</strong></span> <span class='ocrx_word' id='word_1_93' title='bbox 603 1387 776 1440; x_wconf 89' lang='lat' dir='ltr'><strong>usque</strong></span> <span class='ocrx_word' id='word_1_94' title='bbox 833 1372 961 1425; x_wconf 91' lang='lat' dir='ltr'><strong>dum</strong></span> <span class='ocrx_word' id='word_1_95' title='bbox 997 1370 1376 1439; x_wconf 82' lang='lat' dir='ltr'><strong>compleantur</strong></span> <span class='ocrx_word' id='word_1_96' title='bbox 1424 1368 1543 1423; x_wconf 90' lang='lat' dir='ltr'><strong>dies</strong></span> <span class='ocrx_word' id='word_1_97' title='bbox 1597 1369 1894 1436; x_wconf 73' lang='lat' dir='ltr'><strong>octoginta.</strong></span> 
     </span>
    </p>
   </div>
   <div class='ocr_carea' id='block_1_15' title="bbox 290 1455 1895 1526">
    <p class='ocr_par' dir='ltr' id='par_1_15' title="bbox 290 1455 1895 1526">
     <span class='ocr_line' id='line_1_15' title="bbox 290 1455 1895 1526; baseline -0.004 -13"><span class='ocrx_word' id='word_1_98' title='bbox 290 1461 543 1526; x_wconf 83' lang='lat' dir='ltr'><strong>Quatuor</strong></span> <span class='ocrx_word' id='word_1_99' title='bbox 569 1460 715 1513; x_wconf 91' lang='lat' dir='ltr'><strong>enim</strong></span> <span class='ocrx_word' id='word_1_100' title='bbox 739 1468 794 1512; x_wconf 88' lang='lat' dir='ltr'><strong>et</strong></span> <span class='ocrx_word' id='word_1_101' title='bbox 836 1458 1046 1519; x_wconf 80' lang='lat' dir='ltr'><strong>decem,</strong></span> <span class='ocrx_word' id='word_1_102' title='bbox 1081 1471 1246 1526; x_wconf 83' lang='lat' dir='ltr'><strong>super</strong></span> <span class='ocrx_word' id='word_1_103' title='bbox 1281 1455 1561 1525; x_wconf 88' lang='lat' dir='ltr'><strong>sexaginta</strong></span> <span class='ocrx_word' id='word_1_104' title='bbox 1581 1471 1673 1510; x_wconf 82' lang='lat' dir='ltr'><strong>sex</strong></span> <span class='ocrx_word' id='word_1_105' title='bbox 1694 1455 1895 1520; x_wconf 88' lang='lat' dir='ltr'><strong>addita,</strong></span> 
     </span>
    </p>
   </div>
   <div class='ocr_carea' id='block_1_16' title="bbox 288 1548 1899 1624">
    <p class='ocr_par' dir='ltr' id='par_1_16' title="bbox 288 1548 1899 1624">
     <span class='ocr_line' id='line_1_16' title="bbox 288 1548 1899 1624; baseline -0.004 -16"><span class='ocrx_word' id='word_1_106' title='bbox 288 1556 576 1624; x_wconf 77' lang='lat' dir='ltr'><strong>octoginta</strong></span> <span class='ocrx_word' id='word_1_107' title='bbox 610 1553 819 1606; x_wconf 88' lang='lat' dir='ltr'><strong>faciunt</strong></span> <span class='ocrx_word' id='word_1_108' title='bbox 844 1592 856 1613; x_wconf 84' lang='lat'><em>.</em></span> <span class='ocrx_word' id='word_1_109' title='bbox 879 1552 934 1604; x_wconf 90' lang='lat' dir='ltr'><strong>in</strong></span> <span class='ocrx_word' id='word_1_110' title='bbox 971 1551 1171 1620; x_wconf 84' lang='lat' dir='ltr'><strong>quibus</strong></span> <span class='ocrx_word' id='word_1_111' title='bbox 1208 1549 1410 1605; x_wconf 81' lang='lat' dir='ltr'><strong>femina</strong></span> <span class='ocrx_word' id='word_1_112' title='bbox 1444 1550 1729 1604; x_wconf 78' lang='lat' dir='ltr'><strong>formatur.</strong></span> <span class='ocrx_word' id='word_1_113' title='bbox 1763 1548 1899 1619; x_wconf 79' lang='lat' dir='ltr'><strong>Ergo</strong></span> 
     </span>
    </p>
   </div>
   <div class='ocr_carea' id='block_1_17' title="bbox 290 1641 1898 1714">
    <p class='ocr_par' dir='ltr' id='par_1_17' title="bbox 290 1641 1898 1714">
     <span class='ocr_line' id='line_1_17' title="bbox 290 1641 1898 1714; baseline -0.003 -14"><span class='ocrx_word' id='word_1_114' title='bbox 290 1651 419 1701; x_wconf 82' lang='lat' dir='ltr'><strong>sine</strong></span> <span class='ocrx_word' id='word_1_115' title='bbox 488 1646 667 1714; x_wconf 86' lang='lat' dir='ltr'><strong>aliqua</strong></span> <span class='ocrx_word' id='word_1_116' title='bbox 725 1643 1068 1697; x_wconf 87' lang='lat' dir='ltr'><strong>dubitatione</strong></span> <span class='ocrx_word' id='word_1_117' title='bbox 1132 1642 1707 1712; x_wconf 78' lang='lat' dir='ltr'><strong>legislator&#39;ostendit.</strong></span> <span class='ocrx_word' id='word_1_118' title='bbox 1773 1641 1898 1710; x_wconf 77' lang='lat' dir='ltr'><strong>quia</strong></span> 
     </span>
    </p>
   </div>
   <div class='ocr_carea' id='block_1_18' title="bbox 286 1734 1897 1803">
    <p class='ocr_par' dir='ltr' id='par_1_18' title="bbox 286 1734 1897 1803">
     <span class='ocr_line' id='line_1_18' title="bbox 286 1734 1897 1803; baseline -0.006 -8"><span class='ocrx_word' id='word_1_119' title='bbox 286 1737 641 1795; x_wconf 76' lang='lat' dir='ltr'><strong>immundun</strong></span> <span class='ocrx_word' id='word_1_120' title='bbox 699 1734 903 1787; x_wconf 85' lang='lat' dir='ltr'><strong>factum</strong></span> <span class='ocrx_word' id='word_1_121' title='bbox 951 1734 1240 1787; x_wconf 85' lang='lat' dir='ltr'><strong>maledicto</strong></span> <span class='ocrx_word' id='word_1_122' title='bbox 1283 1743 1533 1788; x_wconf 85' lang='lat' dir='ltr'><strong>nostrum</strong></span> <span class='ocrx_word' id='word_1_123' title='bbox 1556 1748 1746 1803; x_wconf 84' lang='lat' dir='ltr'><strong>genus,</strong></span> <span class='ocrx_word' id='word_1_124' title='bbox 1797 1749 1897 1786; x_wconf 91' lang='lat' dir='ltr'><strong>ne-</strong></span> 
     </span>
    </p>
   </div>
   <div class='ocr_carea' id='block_1_19' title="bbox 1992 545 3585 620">
    <p class='ocr_par' dir='ltr' id='par_1_19' title="bbox 1992 545 3585 620">
     <span class='ocr_line' id='line_1_19' title="bbox 1992 545 3585 620; baseline 0.004 -22"><span class='ocrx_word' id='word_1_125' title='bbox 1992 545 2391 601; x_wconf 85' lang='lat' dir='ltr'><strong>immunditiam</strong></span> <span class='ocrx_word' id='word_1_126' title='bbox 2438 548 2642 617; x_wconf 90' lang='lat' dir='ltr'><strong>peccati</strong></span> <span class='ocrx_word' id='word_1_127' title='bbox 2685 549 2812 602; x_wconf 61' lang='lat' dir='ltr'><strong>Adae</strong></span> <span class='ocrx_word' id='word_1_128' title='bbox 2841 557 2895 603; x_wconf 91' lang='lat' dir='ltr'><strong>et</strong></span> <span class='ocrx_word' id='word_1_129' title='bbox 2930 548 3056 603; x_wconf 80' lang='lat' dir='ltr'><strong>Evae</strong></span> <span class='ocrx_word' id='word_1_130' title='bbox 3103 549 3157 602; x_wconf 91' lang='lat' dir='ltr'><strong>in</strong></span> <span class='ocrx_word' id='word_1_131' title='bbox 3202 565 3366 606; x_wconf 88' lang='lat' dir='ltr'><strong>omne</strong></span> <span class='ocrx_word' id='word_1_132' title='bbox 3408 564 3585 620; x_wconf 82' lang='lat' dir='ltr'><strong>genus</strong></span> 
     </span>
    </p>
   </div>
   <div class='ocr_carea' id='block_1_20' title="bbox 1993 639 3582 712">
    <p class='ocr_par' dir='ltr' id='par_1_20' title="bbox 1993 639 3582 712">
     <span class='ocr_line' id='line_1_20' title="bbox 1993 639 3582 712; baseline 0.005 -23"><span class='ocrx_word' id='word_1_133' title='bbox 1993 647 2239 691; x_wconf 89' lang='lat' dir='ltr'><strong>nostrum</strong></span> <span class='ocrx_word' id='word_1_134' title='bbox 2268 639 2613 694; x_wconf 83' lang='lat' dir='ltr'><strong>descendisse</strong></span> <span class='ocrx_word' id='word_1_135' title='bbox 2630 640 2960 710; x_wconf 85' lang='lat' dir='ltr'><strong>signiﬁcans.</strong></span> <span class='ocrx_word' id='word_1_136' title='bbox 2980 640 3044 696; x_wconf 83' lang='lat' dir='ltr'><strong>Et</strong></span> <span class='ocrx_word' id='word_1_137' title='bbox 3073 652 3363 712; x_wconf 84' lang='lat' dir='ltr'><strong>propterea</strong></span> <span class='ocrx_word' id='word_1_138' title='bbox 3402 657 3582 711; x_wconf 55' lang='lat' dir='ltr'><strong>quan-</strong></span> 
     </span>
    </p>
   </div>
   <div class='ocr_carea' id='block_1_21' title="bbox 1995 727 3586 800">
    <p class='ocr_par' dir='ltr' id='par_1_21' title="bbox 1995 727 3586 800">
     <span class='ocr_line' id='line_1_21' title="bbox 1995 727 3586 800; baseline 0.003 -19"><span class='ocrx_word' id='word_1_139' title='bbox 1995 727 2064 781; x_wconf 89' lang='lat' dir='ltr'><strong>do</strong></span> <span class='ocrx_word' id='word_1_140' title='bbox 2121 728 2373 797; x_wconf 90' lang='lat' dir='ltr'><strong>complcti</strong></span> <span class='ocrx_word' id='word_1_141' title='bbox 2406 728 2628 784; x_wconf 88' lang='lat' dir='ltr'><strong>fuerunt</strong></span> <span class='ocrx_word' id='word_1_142' title='bbox 2654 730 2772 785; x_wconf 87' lang='lat' dir='ltr'><strong>dies</strong></span> <span class='ocrx_word' id='word_1_143' title='bbox 2817 731 3230 800; x_wconf 86' lang='lat' dir='ltr'><strong>puriﬁcationis.</strong></span> <span class='ocrx_word' id='word_1_144' title='bbox 3284 732 3586 787; x_wconf 87' lang='lat' dir='ltr'><strong>secundum</strong></span> 
     </span>
    </p>
   </div>
   <div class='ocr_carea' id='block_1_22' title="bbox 1944 819 3590 893">
    <p class='ocr_par' dir='ltr' id='par_1_22' title="bbox 1944 819 3590 893">
     <span class='ocr_line' id='line_1_22' title="bbox 1944 819 3590 893; baseline 0.004 -23"><span class='ocrx_word' id='word_1_145' title='bbox 1944 880 1947 885; x_wconf 19' lang='grc' dir='ltr'>ν</span> <span class='ocrx_word' id='word_1_146' title='bbox 1997 819 2315 887; x_wconf 77' lang='lat' dir='ltr'><strong>pnedictum</strong></span> <span class='ocrx_word' id='word_1_147' title='bbox 2356 821 2598 883; x_wconf 88' lang='lat' dir='ltr'><strong>modum.</strong></span> <span class='ocrx_word' id='word_1_148' title='bbox 2658 823 2986 877; x_wconf 88' lang='lat' dir='ltr'><strong>sacriﬁcium</strong></span> <span class='ocrx_word' id='word_1_149' title='bbox 3044 839 3144 893; x_wconf 92' lang='lat' dir='ltr'><strong>pro</strong></span> <span class='ocrx_word' id='word_1_150' title='bbox 3166 835 3393 893; x_wconf 87' lang='lat' dir='ltr'><strong>peccato</strong></span> <span class='ocrx_word' id='word_1_151' title='bbox 3430 823 3590 893; x_wconf 81' lang='lat' dir='ltr'><strong>jubet</strong></span> 
     </span>
    </p>
   </div>
   <div class='ocr_carea' id='block_1_23' title="bbox 1998 909 3590 982">
    <p class='ocr_par' dir='ltr' id='par_1_23' title="bbox 1998 909 3590 982">
     <span class='ocr_line' id='line_1_23' title="bbox 1998 909 3590 982; baseline 0.002 -20"><span class='ocrx_word' id='word_1_152' title='bbox 1998 909 2200 963; x_wconf 79' lang='lat' dir='ltr'><strong>otIerri.</strong></span> <span class='ocrx_word' id='word_1_153' title='bbox 2232 909 2367 975; x_wconf 88' lang='lat' dir='ltr'><strong>Quia</strong></span> <span class='ocrx_word' id='word_1_154' title='bbox 2419 921 2474 966; x_wconf 92' lang='lat' dir='ltr'><strong>ct</strong></span> <span class='ocrx_word' id='word_1_155' title='bbox 2517 927 2714 982; x_wconf 85' lang='lat' dir='ltr'><strong>agnum</strong></span> <span class='ocrx_word' id='word_1_156' title='bbox 2755 913 3071 967; x_wconf 86' lang='lat' dir='ltr'><strong>anniculum</strong></span> <span class='ocrx_word' id='word_1_157' title='bbox 3119 914 3173 968; x_wconf 90' lang='lat' dir='ltr'><strong>in</strong></span> <span class='ocrx_word' id='word_1_158' title='bbox 3206 913 3590 968; x_wconf 73' lang='lat' dir='ltr'><strong>holocaustum</strong></span> 
     </span>
    </p>
   </div>
   <div class='ocr_carea' id='block_1_24' title="bbox 1998 1000 3587 1072">
    <p class='ocr_par' dir='ltr' id='par_1_24' title="bbox 1998 1000 3587 1072">
     <span class='ocr_line' id='line_1_24' title="bbox 1998 1000 3587 1072; baseline 0.004 -20"><span class='ocrx_word' id='word_1_159' title='bbox 1998 1006 2130 1054; x_wconf 88' lang='lat' dir='ltr'><strong>tunc</strong></span> <span class='ocrx_word' id='word_1_160' title='bbox 2169 1000 2432 1055; x_wconf 69' lang='lat' dir='ltr'><strong>immolari</strong></span> <span class='ocrx_word' id='word_1_161' title='bbox 2491 1003 2768 1072; x_wconf 61' lang='lat' dir='ltr'><strong>praecepit,</strong></span> <span class='ocrx_word' id='word_1_162' title='bbox 2821 1004 3107 1058; x_wconf 86' lang='lat' dir='ltr'><strong>evidenter</strong></span> <span class='ocrx_word' id='word_1_163' title='bbox 3143 1004 3274 1058; x_wconf 89' lang='lat' dir='ltr'><strong>illud</strong></span> <span class='ocrx_word' id='word_1_164' title='bbox 3323 1004 3587 1069; x_wconf 77' lang='lat' dir='ltr'><strong>ostendit,</strong></span> 
     </span>
    </p>
   </div>
   <div class='ocr_carea' id='block_1_25' title="bbox 1998 1093 3590 1170">
    <p class='ocr_par' dir='ltr' id='par_1_25' title="bbox 1998 1093 3590 1170">
     <span class='ocr_line' id='line_1_25' title="bbox 1998 1093 3590 1170; baseline 0.004 -26"><span class='ocrx_word' id='word_1_165' title='bbox 1998 1100 2054 1144; x_wconf 79' lang='lat' dir='ltr'><strong>et</strong></span> <span class='ocrx_word' id='word_1_166' title='bbox 2080 1093 2344 1161; x_wconf 80' lang='lat' dir='ltr'><strong>approbat</strong></span> <span class='ocrx_word' id='word_1_167' title='bbox 2374 1094 2764 1162; x_wconf 85' lang='lat' dir='ltr'><strong>consideranti,</strong></span> <span class='ocrx_word' id='word_1_168' title='bbox 2826 1097 2952 1170; x_wconf 79' lang='lat' dir='ltr'><strong>quia</strong></span> <span class='ocrx_word' id='word_1_169' title='bbox 3014 1096 3105 1152; x_wconf 88' lang='lat' dir='ltr'><strong>Dei</strong></span> <span class='ocrx_word' id='word_1_170' title='bbox 3171 1096 3349 1167; x_wconf 80' lang='lat' dir='ltr'><strong>imago</strong></span> <span class='ocrx_word' id='word_1_171' title='bbox 3405 1096 3590 1167; x_wconf 85' lang='lat' dir='ltr'><strong>perfe-</strong></span> 
     </span>
    </p>
   </div>
   <div class='ocr_carea' id='block_1_26' title="bbox 1999 1184 3587 1251">
    <p class='ocr_par' dir='ltr' id='par_1_26' title="bbox 1999 1184 3587 1251">
     <span class='ocr_line' id='line_1_26' title="bbox 1999 1184 3587 1251; baseline 0.004 -15"><span class='ocrx_word' id='word_1_172' title='bbox 1999 1184 2234 1237; x_wconf 87' lang='lat' dir='ltr'><strong>ctionem</strong></span> <span class='ocrx_word' id='word_1_173' title='bbox 2283 1184 2466 1251; x_wconf 81' lang='lat' dir='ltr'><strong>generi</strong></span> <span class='ocrx_word' id='word_1_174' title='bbox 2505 1194 2695 1241; x_wconf 90' lang='lat' dir='ltr'><strong>nostro</strong></span> <span class='ocrx_word' id='word_1_175' title='bbox 2750 1188 2959 1243; x_wconf 88' lang='lat' dir='ltr'><strong>tribuit.</strong></span> <span class='ocrx_word' id='word_1_176' title='bbox 3017 1188 3154 1243; x_wconf 86' lang='lat' dir='ltr'><strong>Nam</strong></span> <span class='ocrx_word' id='word_1_177' title='bbox 3206 1187 3587 1243; x_wconf 79' lang='lat' dir='ltr'><strong>formationem</strong></span> 
     </span>
    </p>
   </div>
   <div class='ocr_carea' id='block_1_27' title="bbox 1999 1274 3589 1350">
    <p class='ocr_par' dir='ltr' id='par_1_27' title="bbox 1999 1274 3589 1350">
     <span class='ocr_line' id='line_1_27' title="bbox 1999 1274 3589 1350; baseline 0.006 -24"><span class='ocrx_word' id='word_1_178' title='bbox 1999 1274 2219 1342; x_wconf 80' lang='lat' dir='ltr'><strong>quidem</strong></span> <span class='ocrx_word' id='word_1_179' title='bbox 2251 1275 2368 1329; x_wconf 88' lang='lat' dir='ltr'><strong>dies</strong></span> <span class='ocrx_word' id='word_1_180' title='bbox 2404 1278 2702 1332; x_wconf 87' lang='lat' dir='ltr'><strong>ostendunt</strong></span> <span class='ocrx_word' id='word_1_181' title='bbox 2752 1281 3143 1347; x_wconf 88' lang='lat' dir='ltr'><strong>mundationis,</strong></span> <span class='ocrx_word' id='word_1_182' title='bbox 3194 1280 3589 1350; x_wconf 82' lang='lat' dir='ltr'><strong>perfectionem</strong></span> 
     </span>
    </p>
   </div>
   <div class='ocr_carea' id='block_1_28' title="bbox 2000 1366 3588 1439">
    <p class='ocr_par' dir='ltr' id='par_1_28' title="bbox 2000 1366 3588 1439">
     <span class='ocr_line' id='line_1_28' title="bbox 2000 1366 3588 1439; baseline 0.006 -22"><span class='ocrx_word' id='word_1_183' title='bbox 2000 1374 2185 1420; x_wconf 84' lang='lat' dir='ltr'><strong>autem</strong></span> <span class='ocrx_word' id='word_1_184' title='bbox 2230 1366 2552 1421; x_wconf 86' lang='lat' dir='ltr'><strong>sacriﬁcium</strong></span> <span class='ocrx_word' id='word_1_185' title='bbox 2597 1369 3297 1426; x_wconf 66' lang='lat' dir='ltr'><strong>holocaustiJlanifestum</strong></span> <span class='ocrx_word' id='word_1_186' title='bbox 3316 1366 3588 1439; x_wconf 27' lang='lat' dir='ltr'><strong>est‘enim,</strong></span> 
     </span>
    </p>
   </div>
   <div class='ocr_carea' id='block_1_29' title="bbox 2003 1458 3590 1531">
    <p class='ocr_par' dir='ltr' id='par_1_29' title="bbox 2003 1458 3590 1531">
     <span class='ocr_line' id='line_1_29' title="bbox 2003 1458 3590 1531; baseline 0.002 -19"><span class='ocrx_word' id='word_1_187' title='bbox 2003 1460 2126 1526; x_wconf 81' lang='lat' dir='ltr'><strong>quia</strong></span> <span class='ocrx_word' id='word_1_188' title='bbox 2157 1458 2422 1529; x_wconf 73' lang='lat' dir='ltr'><strong>integram</strong></span> <span class='ocrx_word' id='word_1_189' title='bbox 2457 1469 2509 1514; x_wconf 90' lang='lat' dir='ltr'><strong>et</strong></span> <span class='ocrx_word' id='word_1_190' title='bbox 2545 1460 2841 1531; x_wconf 83' lang='lat' dir='ltr'><strong>perfectam</strong></span> <span class='ocrx_word' id='word_1_191' title='bbox 2869 1463 3344 1517; x_wconf 74' lang='lat' dir='ltr'><strong>conversationem</strong></span> <span class='ocrx_word' id='word_1_192' title='bbox 3370 1462 3590 1517; x_wconf 80' lang='lat' dir='ltr'><strong>denun-</strong></span> 
     </span>
    </p>
   </div>
   <div class='ocr_carea' id='block_1_30' title="bbox 2007 1550 3593 1624">
    <p class='ocr_par' dir='ltr' id='par_1_30' title="bbox 2007 1550 3593 1624">
     <span class='ocr_line' id='line_1_30' title="bbox 2007 1550 3593 1624; baseline 0.003 -22"><span class='ocrx_word' id='word_1_193' title='bbox 2007 1552 2101 1603; x_wconf 70' lang='lat' dir='ltr'><strong>tiat</strong></span> <span class='ocrx_word' id='word_1_194' title='bbox 2128 1550 2519 1605; x_wconf 82' lang='lat' dir='ltr'><strong>holocausmm.</strong></span> <span class='ocrx_word' id='word_1_195' title='bbox 2568 1552 2672 1605; x_wconf 93' lang='lat' dir='ltr'><strong>Sed</strong></span> <span class='ocrx_word' id='word_1_196' title='bbox 2718 1562 2773 1606; x_wconf 87' lang='lat' dir='ltr'><strong>ct</strong></span> <span class='ocrx_word' id='word_1_197' title='bbox 2814 1569 3010 1624; x_wconf 87' lang='lat' dir='ltr'><strong>agnmn</strong></span> <span class='ocrx_word' id='word_1_198' title='bbox 3042 1552 3357 1607; x_wconf 88' lang='lat' dir='ltr'><strong>anniculum</strong></span> <span class='ocrx_word' id='word_1_199' title='bbox 3398 1554 3593 1606; x_wconf 83' lang='lat' dir='ltr'><strong>imma-</strong></span> 
     </span>
    </p>
   </div>
   <div class='ocr_carea' id='block_1_31' title="bbox 2004 1644 3591 1719">
    <p class='ocr_par' dir='ltr' id='par_1_31' title="bbox 2004 1644 3591 1719">
     <span class='ocr_line' id='line_1_31' title="bbox 2004 1644 3591 1719; baseline 0.005 -25"><span class='ocrx_word' id='word_1_200' title='bbox 2004 1644 2243 1696; x_wconf 79' lang='lat' dir='ltr'><strong>eulatum</strong></span> <span class='ocrx_word' id='word_1_201' title='bbox 2290 1644 2556 1699; x_wconf 85' lang='lat' dir='ltr'><strong>sacriﬁcio</strong></span> <span class='ocrx_word' id='word_1_202' title='bbox 2595 1646 2895 1716; x_wconf 81' lang='lat' dir='ltr'><strong>deputavit,</strong></span> <span class='ocrx_word' id='word_1_203' title='bbox 2925 1662 2988 1700; x_wconf 82' lang='lat' dir='ltr'><strong>ex</strong></span> <span class='ocrx_word' id='word_1_204' title='bbox 3012 1656 3245 1716; x_wconf 88' lang='lat' dir='ltr'><strong>utroque</strong></span> <span class='ocrx_word' id='word_1_205' title='bbox 3295 1648 3591 1719; x_wconf 69' lang='lat' dir='ltr'><strong>desagnans</strong></span> 
     </span>
    </p>
   </div>
   <div class='ocr_carea' id='block_1_32' title="bbox 2004 1734 3589 1807">
    <p class='ocr_par' dir='ltr' id='par_1_32' title="bbox 2004 1734 3589 1807">
     <span class='ocr_line' id='line_1_32' title="bbox 2004 1734 3589 1807; baseline 0.005 -22"><span class='ocrx_word' id='word_1_206' title='bbox 2004 1734 2417 1801; x_wconf 82' lang='lat' dir='ltr'><strong>perfectionem.</strong></span> <span class='ocrx_word' id='word_1_207' title='bbox 2443 1735 2582 1800; x_wconf 83' lang='lat' dir='ltr'><strong>Quid</strong></span> <span class='ocrx_word' id='word_1_208' title='bbox 2612 1737 2758 1790; x_wconf 89' lang='lat' dir='ltr'><strong>enim</strong></span> <span class='ocrx_word' id='word_1_209' title='bbox 2822 1746 2905 1791; x_wconf 89' lang='lat' dir='ltr'><strong>est</strong></span> <span class='ocrx_word' id='word_1_210' title='bbox 2972 1752 3217 1807; x_wconf 82' lang='lat' dir='ltr'><strong>agnum,</strong></span> <span class='ocrx_word' id='word_1_211' title='bbox 3248 1747 3343 1792; x_wconf 90' lang='lat' dir='ltr'><strong>aut</strong></span> <span class='ocrx_word' id='word_1_212' title='bbox 3387 1738 3589 1807; x_wconf 87' lang='lat' dir='ltr'><strong>aliquid</strong></span> 
     </span>
    </p>
   </div>
   <div class='ocr_carea' id='block_1_33' title="bbox 291 1816 3589 1911">
    <p class='ocr_par' dir='ltr' id='par_1_33' title="bbox 291 1816 3589 1911">
     <span class='ocr_line' id='line_1_33' title="bbox 291 1816 3589 1911; baseline 0.001 -31"><span class='ocrx_word' id='word_1_213' title='bbox 291 1844 570 1898; x_wconf 83' lang='lat' dir='ltr'><strong>quaquam</strong></span> <span class='ocrx_word' id='word_1_214' title='bbox 624 1828 854 1881; x_wconf 84' lang='lat' dir='ltr'><strong>intraret</strong></span> <span class='ocrx_word' id='word_1_215' title='bbox 907 1828 961 1881; x_wconf 90' lang='lat' dir='ltr'><strong>in</strong></span> <span class='ocrx_word' id='word_1_216' title='bbox 1012 1827 1237 1887; x_wconf 87' lang='lat' dir='ltr'><strong>sanctis.</strong></span> <span class='ocrx_word' id='word_1_217' title='bbox 1299 1827 1402 1881; x_wconf 87' lang='lat' dir='ltr'><strong>nisi</strong></span> <span class='ocrx_word' id='word_1_218' title='bbox 1458 1842 1555 1911; x_wconf 79' lang='lat' dir='ltr'><strong>per</strong></span> <span class='ocrx_word' id='word_1_219' title='bbox 1605 1825 1894 1897; x_wconf 78' lang='lat' dir='ltr'><strong>imaginem</strong></span> <span class='ocrx_word' id='word_1_220' title='bbox 1930 1816 1965 1868; x_wconf 63' lang='grc' dir='ltr'><strong>Ιε</strong></span> <span class='ocrx_word' id='word_1_221' title='bbox 2001 1826 2105 1881; x_wconf 80' lang='lat' dir='ltr'><strong>tale</strong></span> <span class='ocrx_word' id='word_1_222' title='bbox 2164 1827 2311 1881; x_wconf 88' lang='lat' dir='ltr'><strong>aliud</strong></span> <span class='ocrx_word' id='word_1_223' title='bbox 2372 1827 2426 1881; x_wconf 93' lang='lat' dir='ltr'><strong>in</strong></span> <span class='ocrx_word' id='word_1_224' title='bbox 2495 1829 2781 1892; x_wconf 81' lang='lat' dir='ltr'><strong>sacriﬁcio,</strong></span> <span class='ocrx_word' id='word_1_225' title='bbox 2850 1829 2989 1883; x_wconf 89' lang='lat' dir='ltr'><strong>forte</strong></span> <span class='ocrx_word' id='word_1_226' title='bbox 3034 1843 3143 1882; x_wconf 88' lang='lat' dir='ltr'><strong>non</strong></span> <span class='ocrx_word' id='word_1_227' title='bbox 3218 1828 3589 1885; x_wconf 85' lang='lat' dir='ltr'><strong>invenientcm</strong></span> 
     </span>
    </p>
   </div>
   <div class='ocr_carea' id='block_1_34' title="bbox 294 1915 1891 1986">
    <p class='ocr_par' dir='ltr' id='par_1_34' title="bbox 294 1915 1891 1986">
     <span class='ocr_line' id='line_1_34' title="bbox 294 1915 1891 1986; baseline -0.002 -16"><span class='ocrx_word' id='word_1_228' title='bbox 294 1917 413 1979; x_wconf 84' lang='lat' dir='ltr'><strong>Dei,</strong></span> <span class='ocrx_word' id='word_1_229' title='bbox 461 1932 621 1986; x_wconf 90' lang='lat' dir='ltr'><strong>quam</strong></span> <span class='ocrx_word' id='word_1_230' title='bbox 655 1916 822 1969; x_wconf 84' lang='lat' dir='ltr'><strong>semel</strong></span> <span class='ocrx_word' id='word_1_231' title='bbox 868 1915 1118 1968; x_wconf 87' lang='lat' dir='ltr'><strong>sortitum</strong></span> <span class='ocrx_word' id='word_1_232' title='bbox 1179 1924 1283 1978; x_wconf 89' lang='lat' dir='ltr'><strong>est,</strong></span> <span class='ocrx_word' id='word_1_233' title='bbox 1341 1924 1396 1968; x_wconf 90' lang='lat' dir='ltr'><strong>et</strong></span> <span class='ocrx_word' id='word_1_234' title='bbox 1449 1924 1740 1984; x_wconf 84' lang='lat' dir='ltr'><strong>propterea</strong></span> <span class='ocrx_word' id='word_1_235' title='bbox 1799 1930 1891 1967; x_wconf 86' lang='lat' dir='ltr'><strong>su—</strong></span> 
     </span>
    </p>
   </div>
   <div class='ocr_carea' id='block_1_35' title="bbox 293 2006 1897 2080">
    <p class='ocr_par' dir='ltr' id='par_1_35' title="bbox 293 2006 1897 2080">
     <span class='ocr_line' id='line_1_35' title="bbox 293 2006 1897 2080; baseline -0.002 -16"><span class='ocrx_word' id='word_1_236' title='bbox 293 2012 596 2080; x_wconf 85' lang='lat' dir='ltr'><strong>scipientes</strong></span> <span class='ocrx_word' id='word_1_237' title='bbox 638 2024 825 2062; x_wconf 90' lang='lat' dir='ltr'><strong>semen</strong></span> <span class='ocrx_word' id='word_1_238' title='bbox 880 2008 1156 2067; x_wconf 88' lang='lat' dir='ltr'><strong>mulieres,</strong></span> <span class='ocrx_word' id='word_1_239' title='bbox 1201 2006 1747 2061; x_wconf 83' lang='lat' dir='ltr'><strong>diebusformationis</strong></span> <span class='ocrx_word' id='word_1_240' title='bbox 1800 2022 1897 2075; x_wconf 81' lang='lat' dir='ltr'><strong>pa-</strong></span> 
     </span>
    </p>
   </div>
   <div class='ocr_carea' id='block_1_36' title="bbox 291 2095 1898 2164">
    <p class='ocr_par' dir='ltr' id='par_1_36' title="bbox 291 2095 1898 2164">
     <span class='ocr_line' id='line_1_36' title="bbox 291 2095 1898 2164; baseline 0.001 -13"><span class='ocrx_word' id='word_1_241' title='bbox 291 2098 613 2151; x_wconf 78' lang='lat' dir='ltr'><strong>riendarum</strong></span> <span class='ocrx_word' id='word_1_242' title='bbox 668 2095 1038 2164; x_wconf 84' lang='lat' dir='ltr'><strong>parvulorum,</strong></span> <span class='ocrx_word' id='word_1_243' title='bbox 1076 2096 1143 2150; x_wconf 89' lang='lat' dir='ltr'><strong>de</strong></span> <span class='ocrx_word' id='word_1_244' title='bbox 1187 2096 1390 2151; x_wconf 84' lang='lat' dir='ltr'><strong>sanctis</strong></span> <span class='ocrx_word' id='word_1_245' title='bbox 1425 2104 1696 2151; x_wconf 86' lang='lat' dir='ltr'><strong>vetantur.</strong></span> <span class='ocrx_word' id='word_1_246' title='bbox 1740 2096 1898 2161; x_wconf 84' lang='lat' dir='ltr'><strong>Quod</strong></span> 
     </span>
    </p>
   </div>
   <div class='ocr_carea' id='block_1_37' title="bbox 293 2185 1894 2257">
    <p class='ocr_par' dir='ltr' id='par_1_37' title="bbox 293 2185 1894 2257">
     <span class='ocr_line' id='line_1_37' title="bbox 293 2185 1894 2257; baseline 0 -15"><span class='ocrx_word' id='word_1_247' title='bbox 293 2188 340 2242; x_wconf 83' lang='lat' dir='ltr'><strong>si</strong></span> <span class='ocrx_word' id='word_1_248' title='bbox 373 2188 513 2241; x_wconf 86' lang='lat' dir='ltr'><strong>dicis</strong></span> <span class='ocrx_word' id='word_1_249' title='bbox 539 2205 550 2239; x_wconf 93' lang='lat'><strong>:</strong></span> <span class='ocrx_word' id='word_1_250' title='bbox 576 2185 939 2252; x_wconf 79' lang='lat' dir='ltr'><strong>Quamobrem</strong></span> <span class='ocrx_word' id='word_1_251' title='bbox 970 2201 1080 2239; x_wconf 90' lang='lat' dir='ltr'><strong>non</strong></span> <span class='ocrx_word' id='word_1_252' title='bbox 1126 2186 1296 2257; x_wconf 82' lang='lat' dir='ltr'><strong>magis</strong></span> <span class='ocrx_word' id='word_1_253' title='bbox 1320 2186 1374 2240; x_wconf 92' lang='lat' dir='ltr'><strong>in</strong></span> <span class='ocrx_word' id='word_1_254' title='bbox 1405 2197 1561 2241; x_wconf 90' lang='lat' dir='ltr'><strong>utero</strong></span> <span class='ocrx_word' id='word_1_255' title='bbox 1613 2186 1894 2250; x_wconf 86' lang='lat' dir='ltr'><strong>habentes,</strong></span> 
     </span>
    </p>
   </div>
   <div class='ocr_carea' id='block_1_38' title="bbox 293 2277 1897 2344">
    <p class='ocr_par' dir='ltr' id='par_1_38' title="bbox 293 2277 1897 2344">
     <span class='ocr_line' id='line_1_38' title="bbox 293 2277 1897 2344; baseline 0 -11"><span class='ocrx_word' id='word_1_256' title='bbox 293 2280 495 2333; x_wconf 87' lang='lat' dir='ltr'><strong>diebus</strong></span> <span class='ocrx_word' id='word_1_257' title='bbox 538 2277 901 2341; x_wconf 90' lang='lat' dir='ltr'><strong>formationis,</strong></span> <span class='ocrx_word' id='word_1_258' title='bbox 941 2278 1007 2331; x_wconf 88' lang='lat' dir='ltr'><strong>de</strong></span> <span class='ocrx_word' id='word_1_259' title='bbox 1039 2279 1245 2333; x_wconf 86' lang='lat' dir='ltr'><strong>sanctis</strong></span> <span class='ocrx_word' id='word_1_260' title='bbox 1282 2288 1484 2332; x_wconf 89' lang='lat' dir='ltr'><strong>matres</strong></span> <span class='ocrx_word' id='word_1_261' title='bbox 1509 2279 1897 2344; x_wconf 83' lang='lat' dir='ltr'><strong>prohibentur?</strong></span> 
     </span>
    </p>
   </div>
   <div class='ocr_carea' id='block_1_39' title="bbox 293 2370 1895 2443">
    <p class='ocr_par' dir='ltr' id='par_1_39' title="bbox 293 2370 1895 2443">
     <span class='ocr_line' id='line_1_39' title="bbox 293 2370 1895 2443; baseline -0.001 -16"><span class='ocrx_word' id='word_1_262' title='bbox 293 2372 500 2427; x_wconf 57' lang='lat' dir='ltr'><strong>frustra</strong></span> <span class='ocrx_word' id='word_1_263' title='bbox 538 2371 642 2425; x_wconf 82' lang='lat' dir='ltr'><strong>hoc</strong></span> <span class='ocrx_word' id='word_1_264' title='bbox 673 2370 976 2443; x_wconf 76' lang='lat' dir='ltr'><strong>interrogas</strong></span> <span class='ocrx_word' id='word_1_265' title='bbox 1008 2389 1020 2424; x_wconf 91' lang='lat'><strong>:</strong></span> <span class='ocrx_word' id='word_1_266' title='bbox 1054 2372 1322 2425; x_wconf 88' lang='lat' dir='ltr'><strong>incertum</strong></span> <span class='ocrx_word' id='word_1_267' title='bbox 1369 2378 1454 2425; x_wconf 83' lang='lat' dir='ltr'><strong>est</strong></span> <span class='ocrx_word' id='word_1_268' title='bbox 1484 2371 1632 2424; x_wconf 88' lang='lat' dir='ltr'><strong>enim</strong></span> <span class='ocrx_word' id='word_1_269' title='bbox 1668 2371 1740 2435; x_wconf 91' lang='lat' dir='ltr'><strong>ei,</strong></span> <span class='ocrx_word' id='word_1_270' title='bbox 1774 2386 1895 2441; x_wconf 68' lang='lat' dir='ltr'><strong>qua:</strong></span> 
     </span>
    </p>
   </div>
   <div class='ocr_carea' id='block_1_40' title="bbox 294 2461 1896 2531">
    <p class='ocr_par' dir='ltr' id='par_1_40' title="bbox 294 2461 1896 2531">
     <span class='ocr_line' id='line_1_40' title="bbox 294 2461 1896 2531; baseline 0.001 -16"><span class='ocrx_word' id='word_1_271' title='bbox 294 2463 518 2531; x_wconf 81' lang='lat' dir='ltr'><strong>gravida</strong></span> <span class='ocrx_word' id='word_1_272' title='bbox 568 2471 671 2528; x_wconf 87' lang='lat' dir='ltr'><strong>est,</strong></span> <span class='ocrx_word' id='word_1_273' title='bbox 700 2471 883 2516; x_wconf 90' lang='lat' dir='ltr'><strong>utrum</strong></span> <span class='ocrx_word' id='word_1_274' title='bbox 934 2478 1142 2517; x_wconf 86' lang='lat' dir='ltr'><strong>marem</strong></span> <span class='ocrx_word' id='word_1_275' title='bbox 1183 2478 1282 2516; x_wconf 88' lang='lat' dir='ltr'><strong>seu</strong></span> <span class='ocrx_word' id='word_1_276' title='bbox 1334 2461 1591 2515; x_wconf 87' lang='lat' dir='ltr'><strong>feminam</strong></span> <span class='ocrx_word' id='word_1_277' title='bbox 1654 2462 1896 2531; x_wconf 83' lang='lat' dir='ltr'><strong>paritura</strong></span> 
     </span>
    </p>
   </div>
   <div class='ocr_carea' id='block_1_41' title="bbox 292 2553 1896 2623">
    <p class='ocr_par' dir='ltr' id='par_1_41' title="bbox 292 2553 1896 2623">
     <span class='ocr_line' id='line_1_41' title="bbox 292 2553 1896 2623; baseline 0 -14"><span class='ocrx_word' id='word_1_278' title='bbox 292 2563 400 2609; x_wconf 89' lang='lat' dir='ltr'><strong>cst:</strong></span> <span class='ocrx_word' id='word_1_279' title='bbox 443 2563 498 2608; x_wconf 89' lang='lat' dir='ltr'><strong>et</strong></span> <span class='ocrx_word' id='word_1_280' title='bbox 530 2554 675 2608; x_wconf 90' lang='lat' dir='ltr'><strong>unde</strong></span> <span class='ocrx_word' id='word_1_281' title='bbox 710 2553 1054 2608; x_wconf 83' lang='lat' dir='ltr'><strong>manifestum</strong></span> <span class='ocrx_word' id='word_1_282' title='bbox 1085 2569 1206 2608; x_wconf 85' lang='lat' dir='ltr'><strong>esse</strong></span> <span class='ocrx_word' id='word_1_283' title='bbox 1241 2562 1457 2623; x_wconf 86' lang='lat' dir='ltr'><strong>poterat</strong></span> <span class='ocrx_word' id='word_1_284' title='bbox 1487 2561 1757 2622; x_wconf 85' lang='lat' dir='ltr'><strong>quotquot</strong></span> <span class='ocrx_word' id='word_1_285' title='bbox 1774 2553 1896 2609; x_wconf 88' lang='lat' dir='ltr'><strong>die-</strong></span> 
     </span>
    </p>
   </div>
   <div class='ocr_carea' id='block_1_42' title="bbox 294 2642 1895 2713">
    <p class='ocr_par' dir='ltr' id='par_1_42' title="bbox 294 2642 1895 2713">
     <span class='ocr_line' id='line_1_42' title="bbox 294 2642 1895 2713; baseline 0 -16"><span class='ocrx_word' id='word_1_286' title='bbox 294 2642 400 2697; x_wconf 77' lang='lat' dir='ltr'><strong>bus</strong></span> <span class='ocrx_word' id='word_1_287' title='bbox 435 2642 720 2711; x_wconf 86' lang='lat' dir='ltr'><strong>oportebat</strong></span> <span class='ocrx_word' id='word_1_288' title='bbox 749 2658 869 2697; x_wconf 87' lang='lat' dir='ltr'><strong>eam</strong></span> <span class='ocrx_word' id='word_1_289' title='bbox 895 2642 963 2697; x_wconf 87' lang='lat' dir='ltr'><strong>de</strong></span> <span class='ocrx_word' id='word_1_290' title='bbox 995 2642 1200 2698; x_wconf 87' lang='lat' dir='ltr'><strong>sanctis</strong></span> <span class='ocrx_word' id='word_1_291' title='bbox 1218 2643 1507 2712; x_wconf 83' lang='lat' dir='ltr'><strong>prohibere</strong></span> <span class='ocrx_word' id='word_1_292' title='bbox 1534 2642 1557 2695; x_wconf 71' lang='grc' dir='ltr'><strong>’ἶ</strong></span> <span class='ocrx_word' id='word_1_293' title='bbox 1593 2642 1733 2713; x_wconf 82' lang='lat' dir='ltr'><strong>Ergo</strong></span> <span class='ocrx_word' id='word_1_294' title='bbox 1778 2658 1895 2697; x_wconf 90' lang='lat' dir='ltr'><strong>ma-</strong></span> 
     </span>
    </p>
   </div>
   <div class='ocr_carea' id='block_1_43' title="bbox 294 2735 1892 2806">
    <p class='ocr_par' dir='ltr' id='par_1_43' title="bbox 294 2735 1892 2806">
     <span class='ocr_line' id='line_1_43' title="bbox 294 2735 1892 2806; baseline 0.002 -17"><span class='ocrx_word' id='word_1_295' title='bbox 294 2735 495 2789; x_wconf 87' lang='lat' dir='ltr'><strong>nifesta</strong></span> <span class='ocrx_word' id='word_1_296' title='bbox 527 2743 611 2790; x_wconf 84' lang='lat' dir='ltr'><strong>est</strong></span> <span class='ocrx_word' id='word_1_297' title='bbox 642 2750 805 2791; x_wconf 85' lang='lat' dir='ltr'><strong>causa</strong></span> <span class='ocrx_word' id='word_1_298' title='bbox 834 2750 934 2805; x_wconf 88' lang='lat' dir='ltr'><strong>pro</strong></span> <span class='ocrx_word' id='word_1_299' title='bbox 961 2751 1069 2805; x_wconf 86' lang='lat' dir='ltr'><strong>qua</strong></span> <span class='ocrx_word' id='word_1_300' title='bbox 1098 2736 1215 2791; x_wconf 67' lang='lat' dir='ltr'><strong>haec</strong></span> <span class='ocrx_word' id='word_1_301' title='bbox 1244 2736 1523 2806; x_wconf 85' lang='lat' dir='ltr'><strong>legislatar</strong></span> <span class='ocrx_word' id='word_1_302' title='bbox 1555 2735 1615 2790; x_wconf 87' lang='lat' dir='ltr'><strong>in</strong></span> <span class='ocrx_word' id='word_1_303' title='bbox 1645 2736 1750 2790; x_wconf 89' lang='lat' dir='ltr'><strong>illis</strong></span> <span class='ocrx_word' id='word_1_304' title='bbox 1783 2736 1892 2792; x_wconf 82' lang='lat' dir='ltr'><strong>dis-</strong></span> 
     </span>
    </p>
   </div>
   <div class='ocr_carea' id='block_1_44' title="bbox 295 2826 510 2896">
    <p class='ocr_par' dir='ltr' id='par_1_44' title="bbox 295 2826 510 2896">
     <span class='ocr_line' id='line_1_44' title="bbox 295 2826 510 2896; baseline 0.014 -19"><span class='ocrx_word' id='word_1_305' title='bbox 295 2826 510 2896; x_wconf 80' lang='lat' dir='ltr'><strong>posuit.</strong></span> 
     </span>
    </p>
   </div>
   <div class='ocr_carea' id='block_1_45' title="bbox 366 2917 1897 2991">
    <p class='ocr_par' dir='ltr' id='par_1_45' title="bbox 366 2917 1897 2991">
     <span class='ocr_line' id='line_1_45' title="bbox 366 2917 1897 2991; baseline 0.001 -18"><span class='ocrx_word' id='word_1_306' title='bbox 366 2917 534 2974; x_wconf 72' lang='lat' dir='ltr'><strong>Vens.</strong></span> <span class='ocrx_word' id='word_1_307' title='bbox 549 2920 664 2974; x_wconf 85' lang='lat'><strong>8-8.</strong></span> <span class='ocrx_word' id='word_1_308' title='bbox 689 2939 706 2971; x_wconf 76' lang='grc' dir='ltr'>ι</span> <span class='ocrx_word' id='word_1_309' title='bbox 729 2919 973 2990; x_wconf 80' lang='lat' dir='ltr'><strong>Cumque</strong></span> <span class='ocrx_word' id='word_1_310' title='bbox 989 2920 1185 2991; x_wconf 79' lang='lat' dir='ltr'><strong>expleti</strong></span> <span class='ocrx_word' id='word_1_311' title='bbox 1205 2920 1406 2976; x_wconf 86' lang='lat' dir='ltr'><strong>fuerint</strong></span> <span class='ocrx_word' id='word_1_312' title='bbox 1430 2921 1546 2976; x_wconf 90' lang='lat' dir='ltr'><strong>dies</strong></span> <span class='ocrx_word' id='word_1_313' title='bbox 1563 2919 1897 2990; x_wconf 82' lang='lat' dir='ltr'><strong>puriﬁcatio-</strong></span> 
     </span>
    </p>
   </div>
   <div class='ocr_carea' id='block_1_46' title="bbox 295 3009 1898 3083">
    <p class='ocr_par' dir='ltr' id='par_1_46' title="bbox 295 3009 1898 3083">
     <span class='ocr_line' id='line_1_46' title="bbox 295 3009 1898 3083; baseline 0.001 -21"><span class='ocrx_word' id='word_1_314' title='bbox 295 3009 384 3064; x_wconf 87' lang='lat' dir='ltr'><strong>nis</strong></span> <span class='ocrx_word' id='word_1_315' title='bbox 400 3010 801 3081; x_wconf 84' lang='lat' dir='ltr'><strong>ejus.prolilio,</strong></span> <span class='ocrx_word' id='word_1_316' title='bbox 843 3013 956 3067; x_wconf 84' lang='lat' dir='ltr'><strong>sive</strong></span> <span class='ocrx_word' id='word_1_317' title='bbox 990 3028 1090 3082; x_wconf 90' lang='lat' dir='ltr'><strong>pro</strong></span> <span class='ocrx_word' id='word_1_318' title='bbox 1122 3012 1250 3077; x_wconf 85' lang='lat' dir='ltr'><strong>ﬁlia,</strong></span> <span class='ocrx_word' id='word_1_319' title='bbox 1279 3012 1491 3067; x_wconf 86' lang='lat' dir='ltr'><strong>deferat</strong></span> <span class='ocrx_word' id='word_1_320' title='bbox 1512 3027 1709 3083; x_wconf 87' lang='lat' dir='ltr'><strong>agnum</strong></span> <span class='ocrx_word' id='word_1_321' title='bbox 1741 3012 1898 3067; x_wconf 87' lang='lat' dir='ltr'><strong>anni-</strong></span> 
     </span>
    </p>
   </div>
   <div class='ocr_carea' id='block_1_47' title="bbox 296 3100 1897 3172">
    <p class='ocr_par' dir='ltr' id='par_1_47' title="bbox 296 3100 1897 3172">
     <span class='ocr_line' id='line_1_47' title="bbox 296 3100 1897 3172; baseline 0.001 -20"><span class='ocrx_word' id='word_1_322' title='bbox 296 3101 483 3153; x_wconf 86' lang='lat' dir='ltr'><strong>culum</strong></span> <span class='ocrx_word' id='word_1_323' title='bbox 519 3100 574 3154; x_wconf 86' lang='lat' dir='ltr'><strong>in</strong></span> <span class='ocrx_word' id='word_1_324' title='bbox 595 3101 991 3167; x_wconf 88' lang='lat' dir='ltr'><strong>holocaustum,</strong></span> <span class='ocrx_word' id='word_1_325' title='bbox 1016 3110 1071 3157; x_wconf 88' lang='lat' dir='ltr'><strong>et</strong></span> <span class='ocrx_word' id='word_1_326' title='bbox 1104 3103 1312 3172; x_wconf 87' lang='lat' dir='ltr'><strong>pullum</strong></span> <span class='ocrx_word' id='word_1_327' title='bbox 1346 3103 1629 3167; x_wconf 65' lang='lat' dir='ltr'><strong>columbae,</strong></span> <span class='ocrx_word' id='word_1_328' title='bbox 1649 3102 1762 3156; x_wconf 88' lang='lat' dir='ltr'><strong>sive</strong></span> <span class='ocrx_word' id='word_1_329' title='bbox 1785 3110 1897 3156; x_wconf 81' lang='lat' dir='ltr'><strong>tur—</strong></span> 
     </span>
    </p>
   </div>
   <div class='ocr_carea' id='block_1_48' title="bbox 296 3192 1892 3262">
    <p class='ocr_par' dir='ltr' id='par_1_48' title="bbox 296 3192 1892 3262">
     <span class='ocr_line' id='line_1_48' title="bbox 296 3192 1892 3262; baseline -0.002 -14"><span class='ocrx_word' id='word_1_330' title='bbox 296 3201 478 3248; x_wconf 79' lang='lat' dir='ltr'><strong>tarem</strong></span> <span class='ocrx_word' id='word_1_331' title='bbox 497 3208 596 3261; x_wconf 89' lang='lat' dir='ltr'><strong>pro</strong></span> <span class='ocrx_word' id='word_1_332' title='bbox 624 3201 868 3262; x_wconf 87' lang='lat' dir='ltr'><strong>peccato,</strong></span> <span class='ocrx_word' id='word_1_333' title='bbox 888 3194 954 3247; x_wconf 92' lang='lat' dir='ltr'><strong>ad</strong></span> <span class='ocrx_word' id='word_1_334' title='bbox 977 3193 1175 3247; x_wconf 89' lang='lat' dir='ltr'><strong>ostium</strong></span> <span class='ocrx_word' id='word_1_335' title='bbox 1196 3193 1532 3248; x_wconf 87' lang='lat' dir='ltr'><strong>tabernaculi</strong></span> <span class='ocrx_word' id='word_1_336' title='bbox 1572 3192 1892 3257; x_wconf 82' lang='lat' dir='ltr'><strong>testimonii,</strong></span> 
     </span>
    </p>
   </div>
   <div class='ocr_carea' id='block_1_49' title="bbox 298 3284 1892 3355">
    <p class='ocr_par' dir='ltr' id='par_1_49' title="bbox 298 3284 1892 3355">
     <span class='ocr_line' id='line_1_49' title="bbox 298 3284 1892 3355; baseline 0.002 -19"><span class='ocrx_word' id='word_1_337' title='bbox 298 3293 353 3338; x_wconf 83' lang='lat' dir='ltr'><strong>et</strong></span> <span class='ocrx_word' id='word_1_338' title='bbox 397 3285 574 3338; x_wconf 84' lang='lat' dir='ltr'><strong>tradat</strong></span> <span class='ocrx_word' id='word_1_339' title='bbox 613 3285 904 3346; x_wconf 88' lang='lat' dir='ltr'><strong>sacerdoti,</strong></span> <span class='ocrx_word' id='word_1_340' title='bbox 945 3286 1038 3355; x_wconf 89' lang='lat' dir='ltr'><strong>qui</strong></span> <span class='ocrx_word' id='word_1_341' title='bbox 1078 3286 1271 3340; x_wconf 82' lang='lat' dir='ltr'><strong>oﬂerat</strong></span> <span class='ocrx_word' id='word_1_342' title='bbox 1310 3286 1396 3339; x_wconf 83' lang='lat' dir='ltr'><strong>illa</strong></span> <span class='ocrx_word' id='word_1_343' title='bbox 1418 3301 1599 3340; x_wconf 90' lang='lat' dir='ltr'><strong>coram</strong></span> <span class='ocrx_word' id='word_1_344' title='bbox 1640 3284 1892 3349; x_wconf 91' lang='lat' dir='ltr'><strong>Domino,</strong></span> 
     </span>
    </p>
   </div>
   <div class='ocr_carea' id='block_1_50' title="bbox 299 3376 1897 3447">
    <p class='ocr_par' dir='ltr' id='par_1_50' title="bbox 299 3376 1897 3447">
     <span class='ocr_line' id='line_1_50' title="bbox 299 3376 1897 3447; baseline 0.001 -19"><span class='ocrx_word' id='word_1_345' title='bbox 299 3382 358 3428; x_wconf 89' lang='lat' dir='ltr'><strong>et</strong></span> <span class='ocrx_word' id='word_1_346' title='bbox 394 3384 549 3445; x_wconf 78' lang='lat' dir='ltr'><strong>roget</strong></span> <span class='ocrx_word' id='word_1_347' title='bbox 590 3390 692 3444; x_wconf 89' lang='lat' dir='ltr'><strong>pro</strong></span> <span class='ocrx_word' id='word_1_348' title='bbox 725 3391 810 3442; x_wconf 88' lang='lat' dir='ltr'><strong>ea,</strong></span> <span class='ocrx_word' id='word_1_349' title='bbox 836 3384 889 3431; x_wconf 93' lang='lat' dir='ltr'><strong>ct</strong></span> <span class='ocrx_word' id='word_1_350' title='bbox 913 3377 992 3431; x_wconf 80' lang='lat' dir='ltr'><strong>sic</strong></span> <span class='ocrx_word' id='word_1_351' title='bbox 1025 3377 1375 3432; x_wconf 77' lang='lat' dir='ltr'><strong>mundabitur</strong></span> <span class='ocrx_word' id='word_1_352' title='bbox 1411 3394 1440 3434; x_wconf 91' lang='lat' dir='ltr'><strong>a</strong></span> <span class='ocrx_word' id='word_1_353' title='bbox 1471 3376 1738 3447; x_wconf 84' lang='lat' dir='ltr'><strong>profluvio</strong></span> <span class='ocrx_word' id='word_1_354' title='bbox 1772 3392 1897 3431; x_wconf 88' lang='lat' dir='ltr'><strong>san-</strong></span> 
     </span>
    </p>
   </div>
   <div class='ocr_carea' id='block_1_51' title="bbox 298 3465 1891 3539">
    <p class='ocr_par' dir='ltr' id='par_1_51' title="bbox 298 3465 1891 3539">
     <span class='ocr_line' id='line_1_51' title="bbox 298 3465 1891 3539; baseline 0.002 -19"><span class='ocrx_word' id='word_1_355' title='bbox 298 3466 486 3535; x_wconf 76' lang='lat' dir='ltr'><strong>guinis</strong></span> <span class='ocrx_word' id='word_1_356' title='bbox 545 3466 652 3520; x_wconf 87' lang='lat' dir='ltr'><strong>sui.</strong></span> <span class='ocrx_word' id='word_1_357' title='bbox 720 3465 825 3521; x_wconf 89' lang='lat' dir='ltr'><strong>lsta</strong></span> <span class='ocrx_word' id='word_1_358' title='bbox 868 3477 952 3522; x_wconf 88' lang='lat' dir='ltr'><strong>est</strong></span> <span class='ocrx_word' id='word_1_359' title='bbox 1008 3469 1093 3524; x_wconf 81' lang='lat' dir='ltr'><strong>lex</strong></span> <span class='ocrx_word' id='word_1_360' title='bbox 1154 3469 1415 3539; x_wconf 86' lang='lat' dir='ltr'><strong>parientis</strong></span> <span class='ocrx_word' id='word_1_361' title='bbox 1469 3469 1792 3532; x_wconf 88' lang='lat' dir='ltr'><strong>masculum,</strong></span> <span class='ocrx_word' id='word_1_362' title='bbox 1826 3484 1891 3523; x_wconf 90' lang='lat' dir='ltr'><strong>ac</strong></span> 
     </span>
    </p>
   </div>
   <div class='ocr_carea' id='block_1_52' title="bbox 296 3557 1892 3629">
    <p class='ocr_par' dir='ltr' id='par_1_52' title="bbox 296 3557 1892 3629">
     <span class='ocr_line' id='line_1_52' title="bbox 296 3557 1892 3629; baseline 0.001 -16"><span class='ocrx_word' id='word_1_363' title='bbox 296 3557 580 3613; x_wconf 64' lang='lat' dir='ltr'><strong>feminam.</strong></span> <span class='ocrx_word' id='word_1_364' title='bbox 614 3557 771 3622; x_wconf 85' lang='lat' dir='ltr'><strong>Quod</strong></span> <span class='ocrx_word' id='word_1_365' title='bbox 828 3559 874 3613; x_wconf 80' lang='lat' dir='ltr'><strong>si</strong></span> <span class='ocrx_word' id='word_1_366' title='bbox 919 3575 1031 3613; x_wconf 89' lang='lat' dir='ltr'><strong>non</strong></span> <span class='ocrx_word' id='word_1_367' title='bbox 1082 3560 1352 3614; x_wconf 81' lang='lat' dir='ltr'><strong>invenerit</strong></span> <span class='ocrx_word' id='word_1_368' title='bbox 1393 3575 1588 3615; x_wconf 89' lang='lat' dir='ltr'><strong>manus</strong></span> <span class='ocrx_word' id='word_1_369' title='bbox 1618 3561 1757 3629; x_wconf 86' lang='lat' dir='ltr'><strong>ejus,</strong></span> <span class='ocrx_word' id='word_1_370' title='bbox 1788 3575 1892 3615; x_wconf 90' lang='lat' dir='ltr'><strong>nec</strong></span> 
     </span>
    </p>
   </div>
   <div class='ocr_carea' id='block_1_53' title="bbox 296 3648 1892 3721">
    <p class='ocr_par' dir='ltr' id='par_1_53' title="bbox 296 3648 1892 3721">
     <span class='ocr_line' id='line_1_53' title="bbox 296 3648 1892 3721; baseline 0.004 -22"><span class='ocrx_word' id='word_1_371' title='bbox 296 3648 503 3719; x_wconf 79' lang='lat' dir='ltr'><strong>poterit</strong></span> <span class='ocrx_word' id='word_1_372' title='bbox 546 3648 744 3703; x_wconf 80' lang='lat' dir='ltr'><strong>otl&#39;errc</strong></span> <span class='ocrx_word' id='word_1_373' title='bbox 764 3665 985 3721; x_wconf 85' lang='lat' dir='ltr'><strong>agnum,</strong></span> <span class='ocrx_word' id='word_1_374' title='bbox 1021 3659 1201 3704; x_wconf 89' lang='lat' dir='ltr'><strong>sumat</strong></span> <span class='ocrx_word' id='word_1_375' title='bbox 1247 3651 1383 3704; x_wconf 88' lang='lat' dir='ltr'><strong>duos</strong></span> <span class='ocrx_word' id='word_1_376' title='bbox 1440 3659 1678 3705; x_wconf 86' lang='lat' dir='ltr'><strong>turtures</strong></span> <span class='ocrx_word' id='word_1_377' title='bbox 1717 3651 1892 3720; x_wconf 85' lang='lat' dir='ltr'><strong>pullos</strong></span> 
     </span>
    </p>
   </div>
   <div class='ocr_carea' id='block_1_54' title="bbox 296 3739 1895 3812">
    <p class='ocr_par' dir='ltr' id='par_1_54' title="bbox 296 3739 1895 3812">
     <span class='ocr_line' id='line_1_54' title="bbox 296 3739 1895 3812; baseline 0.003 -20"><span class='ocrx_word' id='word_1_378' title='bbox 296 3739 589 3806; x_wconf 68' lang='lat' dir='ltr'><strong>colunibm,</strong></span> <span class='ocrx_word' id='word_1_379' title='bbox 628 3757 796 3797; x_wconf 85' lang='lat' dir='ltr'><strong>unum</strong></span> <span class='ocrx_word' id='word_1_380' title='bbox 841 3743 897 3797; x_wconf 89' lang='lat' dir='ltr'><strong>in</strong></span> <span class='ocrx_word' id='word_1_381' title='bbox 946 3743 1324 3797; x_wconf 67' lang='lat' dir='ltr'><strong>holocaustum</strong></span> <span class='ocrx_word' id='word_1_382' title='bbox 1370 3782 1384 3806; x_wconf 93' lang='lat'><strong>,</strong></span> <span class='ocrx_word' id='word_1_383' title='bbox 1426 3754 1480 3795; x_wconf 87' lang='lat' dir='ltr'><strong>et</strong></span> <span class='ocrx_word' id='word_1_384' title='bbox 1507 3742 1737 3796; x_wconf 72' lang='lat' dir='ltr'><strong>alterum</strong></span> <span class='ocrx_word' id='word_1_385' title='bbox 1794 3756 1895 3812; x_wconf 84' lang='lat' dir='ltr'><strong>pro</strong></span> 
     </span>
    </p>
   </div>
   <div class='ocr_carea' id='block_1_55' title="bbox 298 3831 1892 3907">
    <p class='ocr_par' dir='ltr' id='par_1_55' title="bbox 298 3831 1892 3907">
     <span class='ocr_line' id='line_1_55' title="bbox 298 3831 1892 3907; baseline -0.001 -21"><span class='ocrx_word' id='word_1_386' title='bbox 298 3841 547 3901; x_wconf 86' lang='lat' dir='ltr'><strong>peccato,</strong></span> <span class='ocrx_word' id='word_1_387' title='bbox 592 3833 874 3907; x_wconf 86' lang='lat' dir='ltr'><strong>orabitque</strong></span> <span class='ocrx_word' id='word_1_388' title='bbox 928 3849 1027 3905; x_wconf 91' lang='lat' dir='ltr'><strong>pro</strong></span> <span class='ocrx_word' id='word_1_389' title='bbox 1078 3850 1144 3889; x_wconf 88' lang='lat' dir='ltr'><strong>eo</strong></span> <span class='ocrx_word' id='word_1_390' title='bbox 1187 3835 1461 3896; x_wconf 84' lang='lat' dir='ltr'><strong>sacerdos,</strong></span> <span class='ocrx_word' id='word_1_391' title='bbox 1498 3841 1552 3887; x_wconf 91' lang='lat' dir='ltr'><strong>et</strong></span> <span class='ocrx_word' id='word_1_392' title='bbox 1601 3831 1679 3887; x_wconf 90' lang='lat' dir='ltr'><strong>sic</strong></span> <span class='ocrx_word' id='word_1_393' title='bbox 1730 3848 1892 3886; x_wconf 82' lang='lat' dir='ltr'><strong>mun-</strong></span> 
     </span>
    </p>
   </div>
   <div class='ocr_carea' id='block_1_56' title="bbox 296 3924 571 3979">
    <p class='ocr_par' dir='ltr' id='par_1_56' title="bbox 296 3924 571 3979">
     <span class='ocr_line' id='line_1_56' title="bbox 296 3924 571 3979; baseline -0.004 -1"><span class='ocrx_word' id='word_1_394' title='bbox 296 3924 538 3979; x_wconf 75' lang='lat' dir='ltr'><strong>dabitur.</strong></span> <span class='ocrx_word' id='word_1_395' title='bbox 551 3944 571 3977; x_wconf 73' lang='grc' dir='ltr'><strong><em>ι</em></strong></span> 
     </span>
    </p>
   </div>
   <div class='ocr_carea' id='block_1_57' title="bbox 361 4015 1883 4091">
    <p class='ocr_par' dir='ltr' id='par_1_57' title="bbox 361 4015 1883 4091">
     <span class='ocr_line' id='line_1_57' title="bbox 361 4015 1883 4091; baseline 0.002 -22"><span class='ocrx_word' id='word_1_396' title='bbox 361 4015 559 4070; x_wconf 85' lang='lat' dir='ltr'><strong>Totam</strong></span> <span class='ocrx_word' id='word_1_397' title='bbox 606 4017 693 4071; x_wconf 87' lang='lat' dir='ltr'><strong>hic</strong></span> <span class='ocrx_word' id='word_1_398' title='bbox 742 4016 1104 4079; x_wconf 84' lang='lat' dir='ltr'><strong>intentionem</strong></span> <span class='ocrx_word' id='word_1_399' title='bbox 1140 4034 1292 4074; x_wconf 89' lang='lat' dir='ltr'><strong>suam</strong></span> <span class='ocrx_word' id='word_1_400' title='bbox 1351 4018 1625 4091; x_wconf 87' lang='lat' dir='ltr'><strong>legislator</strong></span> <span class='ocrx_word' id='word_1_401' title='bbox 1647 4020 1883 4089; x_wconf 87' lang='lat' dir='ltr'><strong>aperuit,</strong></span> 
     </span>
    </p>
   </div>
   <div class='ocr_carea' id='block_1_58' title="bbox 297 4107 1889 4175">
    <p class='ocr_par' dir='ltr' id='par_1_58' title="bbox 297 4107 1889 4175">
     <span class='ocr_line' id='line_1_58' title="bbox 297 4107 1889 4175; baseline 0.004 -16"><span class='ocrx_word' id='word_1_402' title='bbox 297 4107 428 4175; x_wconf 82' lang='lat' dir='ltr'><strong>quia</strong></span> <span class='ocrx_word' id='word_1_403' title='bbox 459 4108 815 4175; x_wconf 86' lang='lat' dir='ltr'><strong>pollutionem</strong></span> <span class='ocrx_word' id='word_1_404' title='bbox 848 4126 958 4165; x_wconf 90' lang='lat' dir='ltr'><strong>non</strong></span> <span class='ocrx_word' id='word_1_405' title='bbox 1002 4121 1182 4165; x_wconf 90' lang='lat' dir='ltr'><strong>motus</strong></span> <span class='ocrx_word' id='word_1_406' title='bbox 1209 4112 1487 4166; x_wconf 87' lang='lat' dir='ltr'><strong>naturales</strong></span> <span class='ocrx_word' id='word_1_407' title='bbox 1526 4110 1768 4165; x_wconf 86' lang='lat' dir='ltr'><strong>faciunt:</strong></span> <span class='ocrx_word' id='word_1_408' title='bbox 1794 4112 1889 4166; x_wconf 83' lang='lat' dir='ltr'><strong>sed</strong></span> 
     </span>
    </p>
   </div>
   <div class='ocr_carea' id='block_1_59' title="bbox 299 4194 1891 4263">
    <p class='ocr_par' dir='ltr' id='par_1_59' title="bbox 299 4194 1891 4263">
     <span class='ocr_line' id='line_1_59' title="bbox 299 4194 1891 4263; baseline 0.001 -19"><span class='ocrx_word' id='word_1_409' title='bbox 299 4202 613 4259; x_wconf 73' lang='lat' dir='ltr'><strong>peccaturo,</strong></span> <span class='ocrx_word' id='word_1_410' title='bbox 659 4194 727 4247; x_wconf 88' lang='lat' dir='ltr'><strong>de</strong></span> <span class='ocrx_word' id='word_1_411' title='bbox 769 4209 879 4263; x_wconf 92' lang='lat' dir='ltr'><strong>quo</strong></span> <span class='ocrx_word' id='word_1_412' title='bbox 948 4194 1117 4249; x_wconf 84' lang='lat' dir='ltr'><strong>David</strong></span> <span class='ocrx_word' id='word_1_413' title='bbox 1177 4195 1393 4251; x_wconf 87' lang='lat' dir='ltr'><strong>dicebat</strong></span> <span class='ocrx_word' id='word_1_414' title='bbox 1428 4212 1440 4247; x_wconf 91' lang='lat'>:</span> <span class='ocrx_word' id='word_1_415' title='bbox 1478 4194 1611 4247; x_wconf 69' lang='lat' dir='ltr'><strong>Ecce</strong></span> <span class='ocrx_word' id='word_1_416' title='bbox 1666 4195 1803 4247; x_wconf 81' lang='lat' dir='ltr'><strong>enim</strong></span> <span class='ocrx_word' id='word_1_417' title='bbox 1836 4196 1891 4247; x_wconf 80' lang='lat' dir='ltr'><strong>iu</strong></span> 
     </span>
    </p>
   </div>
   <div class='ocr_carea' id='block_1_60' title="bbox 300 4283 1892 4356">
    <p class='ocr_par' dir='ltr' id='par_1_60' title="bbox 300 4283 1892 4356">
     <span class='ocr_line' id='line_1_60' title="bbox 300 4283 1892 4356; baseline 0.004 -23"><span class='ocrx_word' id='word_1_418' title='bbox 300 4283 674 4353; x_wconf 66' lang='lat' dir='ltr'><strong>iniquitatibus</strong></span> <span class='ocrx_word' id='word_1_419' title='bbox 738 4297 1011 4356; x_wconf 72' lang='lat' dir='ltr'><strong>conceptus</strong></span> <span class='ocrx_word' id='word_1_420' title='bbox 1061 4304 1199 4352; x_wconf 74' lang='lat' dir='ltr'><strong>sunt,</strong></span> <span class='ocrx_word' id='word_1_421' title='bbox 1228 4296 1277 4341; x_wconf 84' lang='lat' dir='ltr'><strong>et</strong></span> <span class='ocrx_word' id='word_1_422' title='bbox 1335 4288 1390 4339; x_wconf 82' lang='lat' dir='ltr'><strong>in</strong></span> <span class='ocrx_word' id='word_1_423' title='bbox 1429 4287 1633 4342; x_wconf 76' lang='lat' dir='ltr'><strong>delictis</strong></span> <span class='ocrx_word' id='word_1_424' title='bbox 1694 4288 1892 4355; x_wconf 80' lang='lat' dir='ltr'><strong>peperit</strong></span> 
     </span>
    </p>
   </div>
   <div class='ocr_carea' id='block_1_61' title="bbox 302 4379 1895 4449">
    <p class='ocr_par' dir='ltr' id='par_1_61' title="bbox 302 4379 1895 4449">
     <span class='ocr_line' id='line_1_61' title="bbox 302 4379 1895 4449; baseline 0.001 -18"><span class='ocrx_word' id='word_1_425' title='bbox 302 4391 386 4431; x_wconf 76' lang='lat' dir='ltr'><strong>me</strong></span> <span class='ocrx_word' id='word_1_426' title='bbox 440 4386 614 4431; x_wconf 83' lang='lat' dir='ltr'><strong>mater</strong></span> <span class='ocrx_word' id='word_1_427' title='bbox 642 4396 756 4433; x_wconf 83' lang='lat' dir='ltr'><strong>mea</strong></span> <span class='ocrx_word' id='word_1_428' title='bbox 798 4381 865 4433; x_wconf 87' lang='grc'><strong>⁷¹.</strong></span> <span class='ocrx_word' id='word_1_429' title='bbox 908 4381 1027 4435; x_wconf 78' lang='lat' dir='ltr'><strong>Non</strong></span> <span class='ocrx_word' id='word_1_430' title='bbox 1067 4396 1180 4436; x_wconf 63' lang='lat' dir='ltr'><strong>suae</strong></span> <span class='ocrx_word' id='word_1_431' title='bbox 1235 4379 1426 4434; x_wconf 89' lang='lat' dir='ltr'><strong>matris</strong></span> <span class='ocrx_word' id='word_1_432' title='bbox 1472 4387 1755 4449; x_wconf 90' lang='lat' dir='ltr'><strong>peccatum</strong></span> <span class='ocrx_word' id='word_1_433' title='bbox 1795 4379 1895 4433; x_wconf 87' lang='lat' dir='ltr'><strong>ali-</strong></span> 
     </span>
    </p>
   </div>
   <div class='ocr_carea' id='block_1_62' title="bbox 1253 4580 1607 4590">
    <p class='ocr_par' dir='ltr' id='par_1_62' title="bbox 1253 4580 1607 4590">
     <span class='ocr_line' id='line_1_62' title="bbox 1253 4580 1607 4590; baseline 0 -1"><span class='ocrx_word' id='word_1_434' title='bbox 1253 4580 1607 4590; x_wconf 81' lang='lat'><strong>~—</strong></span> 
     </span>
    </p>
   </div>
   <div class='ocr_carea' id='block_1_63' title="bbox 1925 3121 3390 3208">
    <p class='ocr_par' dir='ltr' id='par_1_63' title="bbox 1925 3121 3390 3208">
     <span class='ocr_line' id='line_1_63' title="bbox 1925 3121 3390 3208; baseline -0.005 -27"><span class='ocrx_word' id='word_1_435' title='bbox 1925 3149 1968 3208; x_wconf 71' lang='grc' dir='ltr'>ρ</span> <span class='ocrx_word' id='word_1_436' title='bbox 2000 3127 2224 3185; x_wconf 87' lang='lat' dir='ltr'><strong>ﬂuvium</strong></span> <span class='ocrx_word' id='word_1_437' title='bbox 2297 3125 2597 3197; x_wconf 82' lang='lat' dir='ltr'><strong>sanguinis,</strong></span> <span class='ocrx_word' id='word_1_438' title='bbox 2648 3123 3071 3178; x_wconf 82' lang='lat' dir='ltr'><strong>inobcdientiam</strong></span> <span class='ocrx_word' id='word_1_439' title='bbox 3151 3121 3390 3176; x_wconf 87' lang='lat' dir='ltr'><strong>dicens:</strong></span> 
     </span>
    </p>
   </div>
   <div class='ocr_carea' id='block_1_64' title="bbox 2002 1920 3587 1986">
    <p class='ocr_par' dir='ltr' id='par_1_64' title="bbox 2002 1920 3587 1986">
     <span class='ocr_line' id='line_1_64' title="bbox 2002 1920 3587 1986; baseline 0.002 -14"><span class='ocrx_word' id='word_1_440' title='bbox 2002 1920 2331 1982; x_wconf 83' lang='lat' dir='ltr'><strong>columbam,</strong></span> <span class='ocrx_word' id='word_1_441' title='bbox 2371 1930 2465 1974; x_wconf 91' lang='lat' dir='ltr'><strong>aut</strong></span> <span class='ocrx_word' id='word_1_442' title='bbox 2505 1928 2799 1984; x_wconf 81' lang='lat' dir='ltr'><strong>turturem,</strong></span> <span class='ocrx_word' id='word_1_443' title='bbox 2835 1922 3057 1986; x_wconf 69' lang='lat' dir='ltr'><strong>offerre,</strong></span> <span class='ocrx_word' id='word_1_444' title='bbox 3087 1929 3139 1975; x_wconf 88' lang='lat' dir='ltr'><strong>et</strong></span> <span class='ocrx_word' id='word_1_445' title='bbox 3165 1922 3343 1977; x_wconf 88' lang='lat' dir='ltr'><strong>eurad</strong></span> <span class='ocrx_word' id='word_1_446' title='bbox 3385 1922 3587 1976; x_wconf 87' lang='lat' dir='ltr'><strong>ostium</strong></span> 
     </span>
    </p>
   </div>
   <div class='ocr_carea' id='block_1_65' title="bbox 2003 2016 3585 2083">
    <p class='ocr_par' dir='ltr' id='par_1_65' title="bbox 2003 2016 3585 2083">
     <span class='ocr_line' id='line_1_65' title="bbox 2003 2016 3585 2083; baseline 0.003 -16"><span class='ocrx_word' id='word_1_447' title='bbox 2003 2016 2330 2071; x_wconf 68' lang='lat' dir='ltr'><strong>tabernaculi</strong></span> <span class='ocrx_word' id='word_1_448' title='bbox 2368 2016 2687 2083; x_wconf 89' lang='lat' dir='ltr'><strong>testimonii,</strong></span> <span class='ocrx_word' id='word_1_449' title='bbox 2738 2017 2803 2071; x_wconf 89' lang='lat' dir='ltr'><strong>ad</strong></span> <span class='ocrx_word' id='word_1_450' title='bbox 2851 2018 3189 2073; x_wconf 86' lang='lat' dir='ltr'><strong>sacerdotem</strong></span> <span class='ocrx_word' id='word_1_451' title='bbox 3259 2018 3585 2073; x_wconf 79' lang='lat' dir='ltr'><strong>sacrificium</strong></span> 
     </span>
    </p>
   </div>
   <div class='ocr_carea' id='block_1_66' title="bbox 1998 2111 3587 2181">
    <p class='ocr_par' dir='ltr' id='par_1_66' title="bbox 1998 2111 3587 2181">
     <span class='ocr_line' id='line_1_66' title="bbox 1998 2111 3587 2181; baseline 0.002 -18"><span class='ocrx_word' id='word_1_452' title='bbox 1998 2111 2237 2173; x_wconf 89' lang='lat' dir='ltr'><strong>ducitur,</strong></span> <span class='ocrx_word' id='word_1_453' title='bbox 2278 2121 2332 2165; x_wconf 94' lang='lat' dir='ltr'><strong>ct</strong></span> <span class='ocrx_word' id='word_1_454' title='bbox 2366 2112 2638 2181; x_wconf 86' lang='lat' dir='ltr'><strong>quomodo</strong></span> <span class='ocrx_word' id='word_1_455' title='bbox 2682 2119 2808 2165; x_wconf 84' lang='lat' dir='ltr'><strong>ante</strong></span> <span class='ocrx_word' id='word_1_456' title='bbox 2835 2111 3125 2165; x_wconf 88' lang='lat' dir='ltr'><strong>Dominum</strong></span> <span class='ocrx_word' id='word_1_457' title='bbox 3169 2111 3421 2175; x_wconf 72' lang='lat' dir='ltr'><strong>offertur.</strong></span> <span class='ocrx_word' id='word_1_458' title='bbox 3449 2128 3587 2181; x_wconf 83' lang='lat' dir='ltr'><strong>quo-</strong></span> 
     </span>
    </p>
   </div>
   <div class='ocr_carea' id='block_1_67' title="bbox 1999 2201 3589 2272">
    <p class='ocr_par' dir='ltr' id='par_1_67' title="bbox 1999 2201 3589 2272">
     <span class='ocr_line' id='line_1_67' title="bbox 1999 2201 3589 2272; baseline 0.001 -17"><span class='ocrx_word' id='word_1_459' title='bbox 1999 2202 2160 2256; x_wconf 88' lang='lat' dir='ltr'><strong>modo</strong></span> <span class='ocrx_word' id='word_1_460' title='bbox 2195 2202 2360 2257; x_wconf 89' lang='lat' dir='ltr'><strong>etiam</strong></span> <span class='ocrx_word' id='word_1_461' title='bbox 2411 2201 2729 2272; x_wconf 86' lang='lat' dir='ltr'><strong>propitiatio</strong></span> <span class='ocrx_word' id='word_1_462' title='bbox 2781 2217 2878 2272; x_wconf 93' lang='lat' dir='ltr'><strong>per</strong></span> <span class='ocrx_word' id='word_1_463' title='bbox 2914 2202 3248 2256; x_wconf 88' lang='lat' dir='ltr'><strong>sacerdotem</strong></span> <span class='ocrx_word' id='word_1_464' title='bbox 3311 2202 3589 2255; x_wconf 86' lang='lat' dir='ltr'><strong>obtinetur</strong></span> 
     </span>
    </p>
   </div>
   <div class='ocr_carea' id='block_1_68' title="bbox 1998 2292 3589 2364">
    <p class='ocr_par' dir='ltr' id='par_1_68' title="bbox 1998 2292 3589 2364">
     <span class='ocr_line' id='line_1_68' title="bbox 1998 2292 3589 2364; baseline -0.001 -17"><span class='ocrx_word' id='word_1_465' title='bbox 1998 2292 2279 2364; x_wconf 77' lang='lat' dir='ltr'><strong>etagitur,</strong></span> <span class='ocrx_word' id='word_1_466' title='bbox 2346 2293 2400 2347; x_wconf 91' lang='lat' dir='ltr'><strong>in</strong></span> <span class='ocrx_word' id='word_1_467' title='bbox 2465 2294 2655 2347; x_wconf 89' lang='lat' dir='ltr'><strong>multis</strong></span> <span class='ocrx_word' id='word_1_468' title='bbox 2707 2292 2993 2348; x_wconf 82' lang='lat' dir='ltr'><strong>sacrificiis</strong></span> <span class='ocrx_word' id='word_1_469' title='bbox 3052 2293 3257 2347; x_wconf 90' lang='lat' dir='ltr'><strong>dictum</strong></span> <span class='ocrx_word' id='word_1_470' title='bbox 3318 2299 3421 2358; x_wconf 84' lang='lat' dir='ltr'><strong>est,</strong></span> <span class='ocrx_word' id='word_1_471' title='bbox 3467 2308 3589 2360; x_wconf 70' lang='lat' dir='ltr'><strong>qua:</strong></span> 
     </span>
    </p>
   </div>
   <div class='ocr_carea' id='block_1_69' title="bbox 1999 2383 3590 2455">
    <p class='ocr_par' dir='ltr' id='par_1_69' title="bbox 1999 2383 3590 2455">
     <span class='ocr_line' id='line_1_69' title="bbox 1999 2383 3590 2455; baseline 0.001 -19"><span class='ocrx_word' id='word_1_472' title='bbox 1999 2401 2097 2455; x_wconf 82' lang='lat' dir='ltr'><strong>pro</strong></span> <span class='ocrx_word' id='word_1_473' title='bbox 2176 2385 2411 2454; x_wconf 89' lang='lat' dir='ltr'><strong>peccatis</strong></span> <span class='ocrx_word' id='word_1_474' title='bbox 2470 2385 2792 2444; x_wconf 82' lang='lat' dir='ltr'><strong>oﬁ‘eruntur.</strong></span> <span class='ocrx_word' id='word_1_475' title='bbox 2855 2384 2961 2439; x_wconf 89' lang='lat' dir='ltr'><strong>Sed</strong></span> <span class='ocrx_word' id='word_1_476' title='bbox 3039 2383 3126 2438; x_wconf 86' lang='lat' dir='ltr'><strong>hic</strong></span> <span class='ocrx_word' id='word_1_477' title='bbox 3188 2392 3411 2454; x_wconf 89' lang='lat' dir='ltr'><strong>propter</strong></span> <span class='ocrx_word' id='word_1_478' title='bbox 3485 2383 3590 2437; x_wconf 87' lang='lat' dir='ltr'><strong>hoc</strong></span> 
     </span>
    </p>
   </div>
   <div class='ocr_carea' id='block_1_70' title="bbox 1999 2474 3587 2547">
    <p class='ocr_par' dir='ltr' id='par_1_70' title="bbox 1999 2474 3587 2547">
     <span class='ocr_line' id='line_1_70' title="bbox 1999 2474 3587 2547; baseline -0.001 -19"><span class='ocrx_word' id='word_1_479' title='bbox 1999 2475 2216 2529; x_wconf 89' lang='lat' dir='ltr'><strong>interim</strong></span> <span class='ocrx_word' id='word_1_480' title='bbox 2279 2476 2603 2547; x_wconf 82' lang='lat' dir='ltr'><strong>legislatoris</strong></span> <span class='ocrx_word' id='word_1_481' title='bbox 2667 2476 2987 2547; x_wconf 87' lang='lat' dir='ltr'><strong>sapientiam</strong></span> <span class='ocrx_word' id='word_1_482' title='bbox 3042 2476 3399 2545; x_wconf 87' lang='lat' dir='ltr'><strong>obstupesce,</strong></span> <span class='ocrx_word' id='word_1_483' title='bbox 3461 2474 3587 2543; x_wconf 91' lang='lat' dir='ltr'><strong>quia</strong></span> 
     </span>
    </p>
   </div>
   <div class='ocr_carea' id='block_1_71' title="bbox 1998 2566 3584 2639">
    <p class='ocr_par' dir='ltr' id='par_1_71' title="bbox 1998 2566 3584 2639">
     <span class='ocr_line' id='line_1_71' title="bbox 1998 2566 3584 2639; baseline -0.001 -18"><span class='ocrx_word' id='word_1_484' title='bbox 1998 2569 2217 2623; x_wconf 88' lang='lat' dir='ltr'><strong>evenire</strong></span> <span class='ocrx_word' id='word_1_485' title='bbox 2298 2576 2511 2637; x_wconf 85' lang='lat' dir='ltr'><strong>poterat</strong></span> <span class='ocrx_word' id='word_1_486' title='bbox 2581 2578 2639 2623; x_wconf 90' lang='lat' dir='ltr'><strong>ut</strong></span> <span class='ocrx_word' id='word_1_487' title='bbox 2712 2569 2995 2623; x_wconf 83' lang='lat' dir='ltr'><strong>studentes</strong></span> <span class='ocrx_word' id='word_1_488' title='bbox 3055 2567 3225 2639; x_wconf 86' lang='lat' dir='ltr'><strong>legem</strong></span> <span class='ocrx_word' id='word_1_489' title='bbox 3300 2566 3584 2621; x_wconf 88' lang='lat' dir='ltr'><strong>dicerent:</strong></span> 
     </span>
    </p>
   </div>
   <div class='ocr_carea' id='block_1_72' title="bbox 1999 2654 3587 2729">
    <p class='ocr_par' dir='ltr' id='par_1_72' title="bbox 1999 2654 3587 2729">
     <span class='ocr_line' id='line_1_72' title="bbox 1999 2654 3587 2729; baseline -0.003 -19"><span class='ocrx_word' id='word_1_490' title='bbox 1999 2656 2155 2724; x_wconf 80' lang='lat' dir='ltr'><strong>Quali</strong></span> <span class='ocrx_word' id='word_1_491' title='bbox 2191 2657 2575 2727; x_wconf 84' lang='lat' dir='ltr'><strong>deprecatione</strong></span> <span class='ocrx_word' id='word_1_492' title='bbox 2610 2658 2829 2729; x_wconf 86' lang='lat' dir='ltr'><strong>pariens</strong></span> <span class='ocrx_word' id='word_1_493' title='bbox 2871 2656 3130 2711; x_wconf 84' lang='lat' dir='ltr'><strong>infantem</strong></span> <span class='ocrx_word' id='word_1_494' title='bbox 3161 2669 3298 2725; x_wconf 89' lang='lat' dir='ltr'><strong>opus</strong></span> <span class='ocrx_word' id='word_1_495' title='bbox 3329 2654 3587 2716; x_wconf 85' lang='lat' dir='ltr'><strong>habebat,</strong></span> 
     </span>
    </p>
   </div>
   <div class='ocr_carea' id='block_1_73' title="bbox 1998 2738 3588 2822">
    <p class='ocr_par' dir='ltr' id='par_1_73' title="bbox 1998 2738 3588 2822">
     <span class='ocr_line' id='line_1_73' title="bbox 1998 2738 3588 2822; baseline -0.004 -18"><span class='ocrx_word' id='word_1_496' title='bbox 1998 2766 2118 2820; x_wconf 63' lang='lat' dir='ltr'><strong>quae</strong></span> <span class='ocrx_word' id='word_1_497' title='bbox 2163 2751 2275 2819; x_wconf 86' lang='lat' dir='ltr'><strong>ipsa</strong></span> <span class='ocrx_word' id='word_1_498' title='bbox 2308 2768 2415 2805; x_wconf 92' lang='lat' dir='ltr'><strong>nou</strong></span> <span class='ocrx_word' id='word_1_499' title='bbox 2450 2751 2729 2822; x_wconf 87' lang='lat' dir='ltr'><strong>peccavit?</strong></span> <span class='ocrx_word' id='word_1_500' title='bbox 2764 2765 2871 2805; x_wconf 90' lang='lat' dir='ltr'><strong>non</strong></span> <span class='ocrx_word' id='word_1_501' title='bbox 2903 2749 3047 2804; x_wconf 89' lang='lat' dir='ltr'><strong>enim</strong></span> <span class='ocrx_word' id='word_1_502' title='bbox 3094 2764 3157 2806; x_wconf 82' lang='lat' dir='ltr'><strong>ex</strong></span> <span class='ocrx_word' id='word_1_503' title='bbox 3208 2738 3588 2812; x_wconf 88' lang='lat' dir='ltr'><strong>fornicatione,</strong></span> 
     </span>
    </p>
   </div>
   <div class='ocr_carea' id='block_1_74' title="bbox 2000 2839 3589 2917">
    <p class='ocr_par' dir='ltr' id='par_1_74' title="bbox 2000 2839 3589 2917">
     <span class='ocr_line' id='line_1_74' title="bbox 2000 2839 3589 2917; baseline -0.005 -18"><span class='ocrx_word' id='word_1_504' title='bbox 2000 2846 2095 2899; x_wconf 88' lang='lat' dir='ltr'><strong>sed</strong></span> <span class='ocrx_word' id='word_1_505' title='bbox 2136 2846 2202 2900; x_wconf 91' lang='lat' dir='ltr'><strong>de</strong></span> <span class='ocrx_word' id='word_1_506' title='bbox 2254 2844 2456 2916; x_wconf 89' lang='lat' dir='ltr'><strong>nuptiis</strong></span> <span class='ocrx_word' id='word_1_507' title='bbox 2477 2844 2772 2917; x_wconf 86' lang='lat' dir='ltr'><strong>generavit.</strong></span> <span class='ocrx_word' id='word_1_508' title='bbox 2818 2841 3163 2912; x_wconf 85' lang='lat' dir='ltr'><strong>Interpretari</strong></span> <span class='ocrx_word' id='word_1_509' title='bbox 3207 2839 3589 2895; x_wconf 85' lang='lat' dir='ltr'><strong>necessitatem</strong></span> 
     </span>
    </p>
   </div>
   <div class='ocr_carea' id='block_1_75' title="bbox 2001 2938 3567 3013">
    <p class='ocr_par' dir='ltr' id='par_1_75' title="bbox 2001 2938 3567 3013">
     <span class='ocr_line' id='line_1_75' title="bbox 2001 2938 3567 3013; baseline -0.004 -16"><span class='ocrx_word' id='word_1_510' title='bbox 2001 2942 2163 3012; x_wconf 84' lang='lat' dir='ltr'><strong>hujus</strong></span> <span class='ocrx_word' id='word_1_511' title='bbox 2203 2942 2602 3013; x_wconf 86' lang='lat' dir='ltr'><strong>deprecationis</strong></span> <span class='ocrx_word' id='word_1_512' title='bbox 2647 2942 2853 3003; x_wconf 87' lang='lat' dir='ltr'><strong>volens,</strong></span> <span class='ocrx_word' id='word_1_513' title='bbox 2904 2938 3157 2994; x_wconf 90' lang='lat' dir='ltr'><strong>addidit:</strong></span> <span class='ocrx_word' id='word_1_514' title='bbox 3560 2942 3567 2949; x_wconf 85' lang='lat'><strong><em>&#39;</em></strong></span> 
     </span>
    </p>
   </div>
   <div class='ocr_carea' id='block_1_76' title="bbox 2069 3027 3590 3103">
    <p class='ocr_par' dir='ltr' id='par_1_76' title="bbox 2069 3027 3590 3103">
     <span class='ocr_line' id='line_1_76' title="bbox 2069 3027 3590 3103; baseline -0.007 -14"><span class='ocrx_word' id='word_1_515' title='bbox 2069 3035 2138 3090; x_wconf 79' lang='lat' dir='ltr'><strong>Et</strong></span> <span class='ocrx_word' id='word_1_516' title='bbox 2165 3034 2434 3088; x_wconf 83' lang='lat' dir='ltr'><strong>mundabit</strong></span> <span class='ocrx_word' id='word_1_517' title='bbox 2464 3051 2581 3087; x_wconf 83' lang='lat' dir='ltr'><strong>eum</strong></span> <span class='ocrx_word' id='word_1_518' title='bbox 2623 3050 2657 3086; x_wconf 90' lang='lat' dir='ltr'><strong>a</strong></span> <span class='ocrx_word' id='word_1_519' title='bbox 2706 3029 3253 3103; x_wconf 80' lang='lat' dir='ltr'><strong>pro/Iuviosanguiuis</strong></span> <span class='ocrx_word' id='word_1_520' title='bbox 3298 3028 3402 3082; x_wconf 77' lang='lat' dir='ltr'><strong>sui.</strong></span> <span class='ocrx_word' id='word_1_521' title='bbox 3446 3027 3590 3081; x_wconf 85' lang='lat' dir='ltr'><strong>Pro-</strong></span> 
     </span>
    </p>
   </div>
   <div class='ocr_carea' id='block_1_77' title="bbox 3441 3119 3590 3173">
    <p class='ocr_par' dir='ltr' id='par_1_77' title="bbox 3441 3119 3590 3173">
     <span class='ocr_line' id='line_1_77' title="bbox 3441 3119 3590 3173; baseline 0 0"><span class='ocrx_word' id='word_1_522' title='bbox 3441 3119 3590 3173; x_wconf 88' lang='lat' dir='ltr'><strong>unde</strong></span> 
     </span>
    </p>
   </div>
   <div class='ocr_carea' id='block_1_78' title="bbox 1998 3209 3593 3285">
    <p class='ocr_par' dir='ltr' id='par_1_78' title="bbox 1998 3209 3593 3285">
     <span class='ocr_line' id='line_1_78' title="bbox 1998 3209 3593 3285; baseline -0.005 -13"><span class='ocrx_word' id='word_1_523' title='bbox 1998 3217 2360 3279; x_wconf 71' lang='lat' dir='ltr'><strong>immunditia,</strong></span> <span class='ocrx_word' id='word_1_524' title='bbox 2412 3226 2471 3271; x_wconf 89' lang='lat' dir='ltr'><strong>ct</strong></span> <span class='ocrx_word' id='word_1_525' title='bbox 2524 3220 2681 3285; x_wconf 76' lang='lat' dir='ltr'><strong>poma</strong></span> <span class='ocrx_word' id='word_1_526' title='bbox 2729 3215 2848 3284; x_wconf 88' lang='lat' dir='ltr'><strong>ejus</strong></span> <span class='ocrx_word' id='word_1_527' title='bbox 2918 3214 2971 3268; x_wconf 91' lang='lat' dir='ltr'><strong>in</strong></span> <span class='ocrx_word' id='word_1_528' title='bbox 3019 3221 3193 3268; x_wconf 85' lang='lat' dir='ltr'><strong>totum</strong></span> <span class='ocrx_word' id='word_1_529' title='bbox 3260 3226 3432 3283; x_wconf 81' lang='lat' dir='ltr'><strong>genus</strong></span> <span class='ocrx_word' id='word_1_530' title='bbox 3484 3209 3593 3264; x_wconf 79' lang='lat' dir='ltr'><strong>liu-</strong></span> 
     </span>
    </p>
   </div>
   <div class='ocr_carea' id='block_1_79' title="bbox 1998 3304 3589 3378">
    <p class='ocr_par' dir='ltr' id='par_1_79' title="bbox 1998 3304 3589 3378">
     <span class='ocr_line' id='line_1_79' title="bbox 1998 3304 3589 3378; baseline -0.004 -14"><span class='ocrx_word' id='word_1_531' title='bbox 1998 3325 2217 3364; x_wconf 90' lang='lat' dir='ltr'><strong>manum</strong></span> <span class='ocrx_word' id='word_1_532' title='bbox 2258 3308 2437 3373; x_wconf 75' lang='lat' dir='ltr'><strong>ﬂuxit,</strong></span> <span class='ocrx_word' id='word_1_533' title='bbox 2474 3324 2637 3378; x_wconf 88' lang='lat' dir='ltr'><strong>quam</strong></span> <span class='ocrx_word' id='word_1_534' title='bbox 2668 3316 2723 3361; x_wconf 88' lang='lat' dir='ltr'><strong>et</strong></span> <span class='ocrx_word' id='word_1_535' title='bbox 2769 3324 2871 3361; x_wconf 90' lang='lat' dir='ltr'><strong>nos</strong></span> <span class='ocrx_word' id='word_1_536' title='bbox 2926 3308 3281 3376; x_wconf 86' lang='lat' dir='ltr'><strong>deponamus,</strong></span> <span class='ocrx_word' id='word_1_537' title='bbox 3326 3304 3589 3358; x_wconf 84' lang='lat' dir='ltr'><strong>sacriﬁcia</strong></span> 
     </span>
    </p>
   </div>
   <div class='ocr_carea' id='block_1_80' title="bbox 1994 3398 3591 3471">
    <p class='ocr_par' dir='ltr' id='par_1_80' title="bbox 1994 3398 3591 3471">
     <span class='ocr_line' id='line_1_80' title="bbox 1994 3398 3591 3471; baseline -0.003 -16"><span class='ocrx_word' id='word_1_538' title='bbox 1994 3418 2093 3471; x_wconf 89' lang='lat' dir='ltr'><strong>pro</strong></span> <span class='ocrx_word' id='word_1_539' title='bbox 2129 3401 2285 3457; x_wconf 87' lang='lat' dir='ltr'><strong>nobis</strong></span> <span class='ocrx_word' id='word_1_540' title='bbox 2318 3418 2438 3471; x_wconf 78' lang='lat' dir='ltr'><strong>qua:</strong></span> <span class='ocrx_word' id='word_1_541' title='bbox 2494 3401 2636 3456; x_wconf 83' lang='lat' dir='ltr'><strong>dicta</strong></span> <span class='ocrx_word' id='word_1_542' title='bbox 2676 3410 2820 3464; x_wconf 90' lang='lat' dir='ltr'><strong>sunt,</strong></span> <span class='ocrx_word' id='word_1_543' title='bbox 2849 3400 3181 3454; x_wconf 73' lang='lat' dir='ltr'><strong>offerentes:</strong></span> <span class='ocrx_word' id='word_1_544' title='bbox 3220 3398 3363 3452; x_wconf 84' lang='lat' dir='ltr'><strong>duos</strong></span> <span class='ocrx_word' id='word_1_545' title='bbox 3411 3405 3591 3451; x_wconf 86' lang='lat' dir='ltr'><strong>turtu-</strong></span> 
     </span>
    </p>
   </div>
   <div class='ocr_carea' id='block_1_81' title="bbox 1993 3489 3589 3562">
    <p class='ocr_par' dir='ltr' id='par_1_81' title="bbox 1993 3489 3589 3562">
     <span class='ocr_line' id='line_1_81' title="bbox 1993 3489 3589 3562; baseline -0.004 -14"><span class='ocrx_word' id='word_1_546' title='bbox 1993 3509 2082 3548; x_wconf 83' lang='lat' dir='ltr'><strong>res</strong></span> <span class='ocrx_word' id='word_1_547' title='bbox 2118 3502 2211 3549; x_wconf 90' lang='lat' dir='ltr'><strong>aut</strong></span> <span class='ocrx_word' id='word_1_548' title='bbox 2268 3494 2403 3547; x_wconf 88' lang='lat' dir='ltr'><strong>duos</strong></span> <span class='ocrx_word' id='word_1_549' title='bbox 2434 3493 2607 3562; x_wconf 91' lang='lat' dir='ltr'><strong>pullos</strong></span> <span class='ocrx_word' id='word_1_550' title='bbox 2655 3493 3052 3556; x_wconf 85' lang='lat' dir='ltr'><strong>columbarum,</strong></span> <span class='ocrx_word' id='word_1_551' title='bbox 3092 3491 3226 3562; x_wconf 77' lang='lat' dir='ltr'><strong>legis</strong></span> <span class='ocrx_word' id='word_1_552' title='bbox 3280 3489 3589 3544; x_wconf 84' lang='lat' dir='ltr'><strong>meditatio-</strong></span> 
     </span>
    </p>
   </div>
   <div class='ocr_carea' id='block_1_82' title="bbox 1999 3581 3589 3654">
    <p class='ocr_par' dir='ltr' id='par_1_82' title="bbox 1999 3581 3589 3654">
     <span class='ocr_line' id='line_1_82' title="bbox 1999 3581 3589 3654; baseline -0.003 -15"><span class='ocrx_word' id='word_1_553' title='bbox 1999 3600 2125 3640; x_wconf 88' lang='lat' dir='ltr'><strong>nem</strong></span> <span class='ocrx_word' id='word_1_554' title='bbox 2167 3585 2816 3654; x_wconf 81' lang='lat' dir='ltr'><strong>contentplationcmquc,</strong></span> <span class='ocrx_word' id='word_1_555' title='bbox 2878 3593 2931 3638; x_wconf 85' lang='lat' dir='ltr'><strong>et</strong></span> <span class='ocrx_word' id='word_1_556' title='bbox 2974 3582 3279 3649; x_wconf 87' lang='lat' dir='ltr'><strong>scientiam,</strong></span> <span class='ocrx_word' id='word_1_557' title='bbox 3329 3581 3444 3635; x_wconf 88' lang='lat' dir='ltr'><strong>sive</strong></span> <span class='ocrx_word' id='word_1_558' title='bbox 3497 3596 3589 3634; x_wconf 93' lang='lat' dir='ltr'><strong>co-</strong></span> 
     </span>
    </p>
   </div>
   <div class='ocr_carea' id='block_1_83' title="bbox 2000 3670 3587 3749">
    <p class='ocr_par' dir='ltr' id='par_1_83' title="bbox 2000 3670 3587 3749">
     <span class='ocr_line' id='line_1_83' title="bbox 2000 3670 3587 3749; baseline -0.004 -19"><span class='ocrx_word' id='word_1_559' title='bbox 2000 3677 2299 3749; x_wconf 86' lang='lat' dir='ltr'><strong>gnitionem</strong></span> <span class='ocrx_word' id='word_1_560' title='bbox 2332 3696 2345 3733; x_wconf 91' lang='lat'><strong>:</strong></span> <span class='ocrx_word' id='word_1_561' title='bbox 2377 3677 2569 3731; x_wconf 85' lang='lat' dir='ltr'><strong>horum</strong></span> <span class='ocrx_word' id='word_1_562' title='bbox 2616 3675 2760 3729; x_wconf 89' lang='lat' dir='ltr'><strong>enim</strong></span> <span class='ocrx_word' id='word_1_563' title='bbox 2810 3675 3012 3729; x_wconf 88' lang='lat' dir='ltr'><strong>habere</strong></span> <span class='ocrx_word' id='word_1_564' title='bbox 3052 3673 3281 3744; x_wconf 89' lang='lat' dir='ltr'><strong>ﬁguram</strong></span> <span class='ocrx_word' id='word_1_565' title='bbox 3331 3670 3587 3741; x_wconf 70' lang='lat' dir='ltr'><strong>prmdicta</strong></span> 
     </span>
    </p>
   </div>
   <div class='ocr_carea' id='block_1_84' title="bbox 2000 3764 3586 3834">
    <p class='ocr_par' dir='ltr' id='par_1_84' title="bbox 2000 3764 3586 3834">
     <span class='ocr_line' id='line_1_84' title="bbox 2000 3764 3586 3834; baseline -0.004 -11"><span class='ocrx_word' id='word_1_566' title='bbox 2000 3769 2251 3823; x_wconf 87' lang='lat' dir='ltr'><strong>animalia</strong></span> <span class='ocrx_word' id='word_1_567' title='bbox 2286 3769 2715 3824; x_wconf 88' lang='lat' dir='ltr'><strong>demonstratum</strong></span> <span class='ocrx_word' id='word_1_568' title='bbox 2745 3776 2846 3824; x_wconf 89' lang='lat' dir='ltr'><strong>cst.</strong></span> <span class='ocrx_word' id='word_1_569' title='bbox 2882 3766 3018 3832; x_wconf 64' lang='lat' dir='ltr'><strong>Quia</strong></span> <span class='ocrx_word' id='word_1_570' title='bbox 3047 3775 3229 3820; x_wconf 88' lang='lat' dir='ltr'><strong>autem</strong></span> <span class='ocrx_word' id='word_1_571' title='bbox 3262 3764 3586 3834; x_wconf 88' lang='lat' dir='ltr'><strong>negligentia</strong></span> 
     </span>
    </p>
   </div>
   <div class='ocr_carea' id='block_1_85' title="bbox 2000 3852 3593 3931">
    <p class='ocr_par' dir='ltr' id='par_1_85' title="bbox 2000 3852 3593 3931">
     <span class='ocr_line' id='line_1_85' title="bbox 2000 3852 3593 3931; baseline -0.004 -17"><span class='ocrx_word' id='word_1_572' title='bbox 2000 3861 2134 3931; x_wconf 83' lang='lat' dir='ltr'><strong>legis</strong></span> <span class='ocrx_word' id='word_1_573' title='bbox 2186 3859 2581 3915; x_wconf 86' lang='lat' dir='ltr'><strong>immunditiam</strong></span> <span class='ocrx_word' id='word_1_574' title='bbox 2620 3858 2929 3912; x_wconf 88' lang='lat' dir='ltr'><strong>hominibus</strong></span> <span class='ocrx_word' id='word_1_575' title='bbox 2964 3852 3593 3915; x_wconf 81' lang='lat' dir='ltr'><strong>introduxit,meditatio</strong></span> 
     </span>
    </p>
   </div>
   <div class='ocr_carea' id='block_1_86' title="bbox 2000 3943 3587 4020">
    <p class='ocr_par' dir='ltr' id='par_1_86' title="bbox 2000 3943 3587 4020">
     <span class='ocr_line' id='line_1_86' title="bbox 2000 3943 3587 4020; baseline -0.007 -13"><span class='ocrx_word' id='word_1_576' title='bbox 2000 3962 2054 4007; x_wconf 88' lang='lat' dir='ltr'><strong>et</strong></span> <span class='ocrx_word' id='word_1_577' title='bbox 2094 3951 2323 4006; x_wconf 85' lang='lat' dir='ltr'><strong>scientia</strong></span> <span class='ocrx_word' id='word_1_578' title='bbox 2375 3966 2474 4019; x_wconf 84' lang='lat' dir='ltr'><strong>per</strong></span> <span class='ocrx_word' id='word_1_579' title='bbox 2505 3966 2665 4020; x_wconf 87' lang='lat' dir='ltr'><strong>quam</strong></span> <span class='ocrx_word' id='word_1_580' title='bbox 2695 3948 2980 4003; x_wconf 84' lang='lat' dir='ltr'><strong>manifeste</strong></span> <span class='ocrx_word' id='word_1_581' title='bbox 3001 3945 3273 4001; x_wconf 86' lang='lat' dir='ltr'><strong>correctio</strong></span> <span class='ocrx_word' id='word_1_582' title='bbox 3307 3943 3587 4013; x_wconf 71' lang='lat' dir='ltr'><strong>provenit,</strong></span> 
     </span>
    </p>
   </div>
   <div class='ocr_carea' id='block_1_87' title="bbox 1995 4034 3589 4109">
    <p class='ocr_par' dir='ltr' id='par_1_87' title="bbox 1995 4034 3589 4109">
     <span class='ocr_line' id='line_1_87' title="bbox 1995 4034 3589 4109; baseline -0.008 -13"><span class='ocrx_word' id='word_1_583' title='bbox 1995 4042 2258 4096; x_wconf 84' lang='lat' dir='ltr'><strong>mundare</strong></span> <span class='ocrx_word' id='word_1_584' title='bbox 2306 4040 2643 4109; x_wconf 86' lang='lat' dir='ltr'><strong>liberareque</strong></span> <span class='ocrx_word' id='word_1_585' title='bbox 2695 4054 2794 4093; x_wconf 85' lang='lat' dir='ltr'><strong>nos</strong></span> <span class='ocrx_word' id='word_1_586' title='bbox 2858 4038 2925 4092; x_wconf 89' lang='lat' dir='ltr'><strong>ab</strong></span> <span class='ocrx_word' id='word_1_587' title='bbox 2976 4037 3119 4091; x_wconf 87' lang='lat' dir='ltr'><strong>illata</strong></span> <span class='ocrx_word' id='word_1_588' title='bbox 3165 4034 3372 4104; x_wconf 89' lang='lat' dir='ltr'><strong>pridem</strong></span> <span class='ocrx_word' id='word_1_589' title='bbox 3423 4048 3589 4103; x_wconf 57' lang='lat' dir='ltr'><strong>poena</strong></span> 
     </span>
    </p>
   </div>
   <div class='ocr_carea' id='block_1_88' title="bbox 1997 4131 3587 4204">
    <p class='ocr_par' dir='ltr' id='par_1_88' title="bbox 1997 4131 3587 4204">
     <span class='ocr_line' id='line_1_88' title="bbox 1997 4131 3587 4204; baseline -0.007 -16"><span class='ocrx_word' id='word_1_590' title='bbox 1997 4133 2213 4204; x_wconf 89' lang='lat' dir='ltr'><strong>poterit,</strong></span> <span class='ocrx_word' id='word_1_591' title='bbox 2264 4132 2320 4187; x_wconf 92' lang='lat' dir='ltr'><strong>in</strong></span> <span class='ocrx_word' id='word_1_592' title='bbox 2342 4132 2559 4188; x_wconf 84' lang='lat' dir='ltr'><strong>Christo</strong></span> <span class='ocrx_word' id='word_1_593' title='bbox 2592 4131 2719 4186; x_wconf 89' lang='lat' dir='ltr'><strong>Jcsu</strong></span> <span class='ocrx_word' id='word_1_594' title='bbox 2751 4131 2977 4185; x_wconf 87' lang='lat' dir='ltr'><strong>Domino</strong></span> <span class='ocrx_word' id='word_1_595' title='bbox 3016 4138 3226 4190; x_wconf 87' lang='lat' dir='ltr'><strong>nostro,</strong></span> <span class='ocrx_word' id='word_1_596' title='bbox 3290 4142 3387 4195; x_wconf 87' lang='lat' dir='ltr'><strong>per</strong></span> <span class='ocrx_word' id='word_1_597' title='bbox 3419 4140 3587 4195; x_wconf 85' lang='lat' dir='ltr'><strong>quem</strong></span> 
     </span>
    </p>
   </div>
   <div class='ocr_carea' id='block_1_89' title="bbox 1995 4218 3589 4295">
    <p class='ocr_par' dir='ltr' id='par_1_89' title="bbox 1995 4218 3589 4295">
     <span class='ocr_line' id='line_1_89' title="bbox 1995 4218 3589 4295; baseline -0.003 -16"><span class='ocrx_word' id='word_1_598' title='bbox 1995 4235 2048 4279; x_wconf 90' lang='lat' dir='ltr'><strong>et</strong></span> <span class='ocrx_word' id='word_1_599' title='bbox 2080 4240 2203 4280; x_wconf 90' lang='lat' dir='ltr'><strong>cum</strong></span> <span class='ocrx_word' id='word_1_600' title='bbox 2242 4240 2349 4295; x_wconf 87' lang='lat' dir='ltr'><strong>quo</strong></span> <span class='ocrx_word' id='word_1_601' title='bbox 2379 4225 2546 4295; x_wconf 86' lang='lat' dir='ltr'><strong>gloria</strong></span> <span class='ocrx_word' id='word_1_602' title='bbox 2581 4223 2749 4289; x_wconf 81' lang='lat' dir='ltr'><strong>Patri,</strong></span> <span class='ocrx_word' id='word_1_603' title='bbox 2777 4231 2833 4277; x_wconf 91' lang='lat' dir='ltr'><strong>ct</strong></span> <span class='ocrx_word' id='word_1_604' title='bbox 2881 4222 3040 4288; x_wconf 88' lang='lat' dir='ltr'><strong>Filio,</strong></span> <span class='ocrx_word' id='word_1_605' title='bbox 3071 4218 3371 4294; x_wconf 84' lang='lat' dir='ltr'><strong>ctSpiritui</strong></span> <span class='ocrx_word' id='word_1_606' title='bbox 3393 4226 3589 4275; x_wconf 76' lang='lat' dir='ltr'><strong>sancto</strong></span> 
     </span>
    </p>
   </div>
   <div class='ocr_carea' id='block_1_90' title="bbox 1999 4315 2926 4373">
    <p class='ocr_par' dir='ltr' id='par_1_90' title="bbox 1999 4315 2926 4373">
     <span class='ocr_line' id='line_1_90' title="bbox 1999 4315 2926 4373; baseline -0.001 -4"><span class='ocrx_word' id='word_1_607' title='bbox 1999 4316 2054 4370; x_wconf 89' lang='lat' dir='ltr'><strong>in</strong></span> <span class='ocrx_word' id='word_1_608' title='bbox 2088 4316 2284 4373; x_wconf 66' lang='lat' dir='ltr'><strong>saecula</strong></span> <span class='ocrx_word' id='word_1_609' title='bbox 2328 4315 2673 4371; x_wconf 68' lang='lat' dir='ltr'><strong>swculorum.</strong></span> <span class='ocrx_word' id='word_1_610' title='bbox 2731 4315 2926 4368; x_wconf 82' lang='lat' dir='ltr'><strong>Amen.</strong></span> 
     </span>
    </p>
   </div>
   <div class='ocr_carea' id='block_1_91' title="bbox 368 4570 1893 4613">
    <p class='ocr_par' dir='ltr' id='par_1_91' title="bbox 368 4575 1893 4613">
     <span class='ocr_line' id='line_1_91' title="bbox 368 4575 1893 4590; baseline -0.001 -1"><span class='ocrx_word' id='word_1_611' title='bbox 368 4575 493 4587; x_wconf 68' lang='grc'><strong>,“-⁶¹-’</strong></span> <span class='ocrx_word' id='word_1_612' title='bbox 517 4577 574 4586; x_wconf 70' lang='grc' dir='ltr'><strong>ο-</strong></span> <span class='ocrx_word' id='word_1_613' title='bbox 610 4578 1893 4590; x_wconf 53' lang='lat'><strong>~—-———_—-—_~~——————-—</strong></span> 
     </span>
     <span class='ocr_line' id='line_1_92' title="bbox 368 4590 1893 4613; baseline 0.001 -7"><span class='ocrx_word' id='word_1_614' title='bbox 368 4590 1893 4613; x_wconf 51' lang='lat' dir='ltr'><strong>Mm</strong></span> 
     </span>
    </p>
   </div>
   <div class='ocr_carea' id='block_1_92' title="bbox 1998 4570 3537 4613">
    <p class='ocr_par' dir='ltr' id='par_1_92' title="bbox 1998 4570 3537 4607">
     <span class='ocr_line' id='line_1_93' title="bbox 1998 4570 3537 4607; baseline 0 0"><span class='ocrx_word' id='word_1_615' title='bbox 1998 4570 3537 4607; x_wconf 54' lang='lat' dir='ltr'><strong>mm</strong></span> 
     </span>
    </p>
   </div>
   <div class='ocr_carea' id='block_1_93' title="bbox 1412 4771 2462 4877">
    <p class='ocr_par' dir='ltr' id='par_1_93' title="bbox 1412 4771 2462 4877">
     <span class='ocr_line' id='line_1_94' title="bbox 1412 4771 2462 4877; baseline -0.005 -16"><span class='ocrx_word' id='word_1_616' title='bbox 1412 4771 1769 4861; x_wconf 80' lang='lat' dir='ltr'><strong>LIBER</strong></span> <span class='ocrx_word' id='word_1_617' title='bbox 1877 4771 2462 4877; x_wconf 78' lang='lat' dir='ltr'><strong>QUARTUS.</strong></span> 
     </span>
    </p>
   </div>
   <div class='ocr_carea' id='block_1_94' title="bbox 1839 4994 1962 5010">
    <p class='ocr_par' dir='ltr' id='par_1_94' title="bbox 1839 4994 1962 5010">
     <span class='ocr_line' id='line_1_95' title="bbox 1839 4994 1962 5010; baseline 0 0"><span class='ocrx_word' id='word_1_618' title='bbox 1839 5004 1844 5010; x_wconf 83' lang='grc' dir='ltr'>ι</span> <span class='ocrx_word' id='word_1_619' title='bbox 1891 4994 1962 5010; x_wconf 53' lang='lat' dir='ltr'><strong>q</strong></span> 
     </span>
    </p>
   </div>
   <div class='ocr_carea' id='block_1_95' title="bbox 890 5135 1315 5203">
    <p class='ocr_par' dir='ltr' id='par_1_95' title="bbox 890 5135 1315 5203">
     <span class='ocr_line' id='line_1_96' title="bbox 890 5135 1315 5203; baseline 0.007 -8"><span class='ocrx_word' id='word_1_620' title='bbox 890 5135 1315 5203; x_wconf 70' lang='grc' dir='ltr'><strong>ΡΒΑΞΕΑΤΙΟ.</strong></span> 
     </span>
    </p>
   </div>
   <div class='ocr_carea' id='block_1_96' title="bbox 373 5234 1883 5308">
    <p class='ocr_par' dir='ltr' id='par_1_96' title="bbox 373 5234 1883 5308">
     <span class='ocr_line' id='line_1_97' title="bbox 373 5234 1883 5308; baseline -0.001 -17"><span class='ocrx_word' id='word_1_621' title='bbox 373 5237 850 5307; x_wconf 74' lang='lat' dir='ltr'><strong>hnportuuitatem</strong></span> <span class='ocrx_word' id='word_1_622' title='bbox 898 5234 1017 5289; x_wconf 85' lang='lat' dir='ltr'><strong>ﬁeri</strong></span> <span class='ocrx_word' id='word_1_623' title='bbox 1051 5236 1294 5308; x_wconf 83' lang='lat' dir='ltr'><strong>plerique</strong></span> <span class='ocrx_word' id='word_1_624' title='bbox 1363 5237 1753 5292; x_wconf 71' lang='lat' dir='ltr'><strong>festivitatibus</strong></span> <span class='ocrx_word' id='word_1_625' title='bbox 1780 5253 1883 5307; x_wconf 81' lang='lat' dir='ltr'><strong>pu-</strong></span> 
     </span>
    </p>
   </div>
   <div class='ocr_carea' id='block_1_97' title="bbox 306 5328 1889 5398">
    <p class='ocr_par' dir='ltr' id='par_1_97' title="bbox 306 5328 1889 5398">
     <span class='ocr_line' id='line_1_98' title="bbox 306 5328 1889 5398; baseline -0.001 -14"><span class='ocrx_word' id='word_1_626' title='bbox 306 5340 443 5394; x_wconf 79' lang='lat' dir='ltr'><strong>tant,</strong></span> <span class='ocrx_word' id='word_1_627' title='bbox 496 5329 592 5383; x_wconf 80' lang='lat' dir='ltr'><strong>sed</strong></span> <span class='ocrx_word' id='word_1_628' title='bbox 628 5328 882 5383; x_wconf 82' lang='lat' dir='ltr'><strong>nesciunt</strong></span> <span class='ocrx_word' id='word_1_629' title='bbox 918 5330 1065 5397; x_wconf 89' lang='lat' dir='ltr'><strong>quod</strong></span> <span class='ocrx_word' id='word_1_630' title='bbox 1093 5343 1325 5395; x_wconf 88' lang='lat' dir='ltr'><strong>summe,</strong></span> <span class='ocrx_word' id='word_1_631' title='bbox 1350 5330 1465 5385; x_wconf 84' lang='lat' dir='ltr'><strong>sive</strong></span> <span class='ocrx_word' id='word_1_632' title='bbox 1508 5329 1749 5398; x_wconf 84' lang='lat' dir='ltr'><strong>capitulo</strong></span> <span class='ocrx_word' id='word_1_633' title='bbox 1807 5329 1889 5382; x_wconf 88' lang='lat' dir='ltr'><strong>fc-</strong></span> 
     </span>
    </p>
   </div>
   <div class='ocr_carea' id='block_1_98' title="bbox 303 5416 1890 5485">
    <p class='ocr_par' dir='ltr' id='par_1_98' title="bbox 303 5416 1890 5485">
     <span class='ocr_line' id='line_1_99' title="bbox 303 5416 1890 5485; baseline 0.001 -13"><span class='ocrx_word' id='word_1_634' title='bbox 303 5417 570 5473; x_wconf 77' lang='lat' dir='ltr'><strong>stivitatis</strong></span> <span class='ocrx_word' id='word_1_635' title='bbox 616 5416 979 5483; x_wconf 82' lang='lat' dir='ltr'><strong>invideant,et</strong></span> <span class='ocrx_word' id='word_1_636' title='bbox 1019 5418 1087 5473; x_wconf 88' lang='lat' dir='ltr'><strong>ad</strong></span> <span class='ocrx_word' id='word_1_637' title='bbox 1117 5417 1388 5485; x_wconf 82' lang='lat' dir='ltr'><strong>deteriora</strong></span> <span class='ocrx_word' id='word_1_638' title='bbox 1414 5419 1736 5474; x_wconf 80' lang='lat' dir='ltr'><strong>festivitates</strong></span> <span class='ocrx_word' id='word_1_639' title='bbox 1776 5427 1890 5473; x_wconf 86' lang='lat' dir='ltr'><strong>tra-</strong></span> 
     </span>
    </p>
   </div>
   <div class='ocr_carea' id='block_1_99' title="bbox 305 5492 1894 5577">
    <p class='ocr_par' dir='ltr' id='par_1_99' title="bbox 305 5492 1894 5577">
     <span class='ocr_line' id='line_1_100' title="bbox 305 5492 1894 5577; baseline -0.001 -16"><span class='ocrx_word' id='word_1_640' title='bbox 305 5506 482 5561; x_wconf 81' lang='lat' dir='ltr'><strong>hunt:</strong></span> <span class='ocrx_word' id='word_1_641' title='bbox 515 5520 625 5559; x_wconf 82' lang='lat' dir='ltr'><strong>non</strong></span> <span class='ocrx_word' id='word_1_642' title='bbox 661 5492 844 5560; x_wconf 78' lang='lat' dir='ltr'><strong>animo</strong></span> <span class='ocrx_word' id='word_1_643' title='bbox 866 5505 1087 5575; x_wconf 78' lang='lat' dir='ltr'><strong>quippe,</strong></span> <span class='ocrx_word' id='word_1_644' title='bbox 1121 5508 1216 5561; x_wconf 89' lang='lat' dir='ltr'><strong>sed</strong></span> <span class='ocrx_word' id='word_1_645' title='bbox 1255 5522 1481 5577; x_wconf 85' lang='lat' dir='ltr'><strong>corpore</strong></span> <span class='ocrx_word' id='word_1_646' title='bbox 1512 5506 1732 5562; x_wconf 86' lang='lat' dir='ltr'><strong>student</strong></span> <span class='ocrx_word' id='word_1_647' title='bbox 1759 5505 1894 5559; x_wconf 76' lang='lat' dir='ltr'><strong>festa</strong></span> 
     </span>
    </p>
   </div>
   <div class='ocr_carea' id='block_1_100' title="bbox 306 5595 1894 5670">
    <p class='ocr_par' dir='ltr' id='par_1_100' title="bbox 306 5595 1894 5670">
     <span class='ocr_line' id='line_1_101' title="bbox 306 5595 1894 5670; baseline -0.001 -18"><span class='ocrx_word' id='word_1_648' title='bbox 306 5595 622 5653; x_wconf 83' lang='lat' dir='ltr'><strong>celebrare:</strong></span> <span class='ocrx_word' id='word_1_649' title='bbox 657 5597 798 5652; x_wconf 90' lang='lat' dir='ltr'><strong>unde</strong></span> <span class='ocrx_word' id='word_1_650' title='bbox 837 5612 944 5651; x_wconf 90' lang='lat' dir='ltr'><strong>non</strong></span> <span class='ocrx_word' id='word_1_651' title='bbox 986 5598 1322 5670; x_wconf 81' lang='lat' dir='ltr'><strong>negligenter</strong></span> <span class='ocrx_word' id='word_1_652' title='bbox 1360 5616 1420 5655; x_wconf 84' lang='lat' dir='ltr'><strong>ea</strong></span> <span class='ocrx_word' id='word_1_653' title='bbox 1470 5601 1671 5664; x_wconf 86' lang='lat' dir='ltr'><strong>dicere,</strong></span> <span class='ocrx_word' id='word_1_654' title='bbox 1714 5599 1807 5654; x_wconf 88' lang='lat' dir='ltr'><strong>sed</strong></span> <span class='ocrx_word' id='word_1_655' title='bbox 1831 5615 1894 5653; x_wconf 79' lang='lat' dir='ltr'><strong>ex</strong></span> 
     </span>
    </p>
   </div>
   <div class='ocr_carea' id='block_1_101' title="bbox 377 5794 1303 5862">
    <p class='ocr_par' dir='ltr' id='par_1_101' title="bbox 377 5794 1303 5862">
     <span class='ocr_line' id='line_1_102' title="bbox 377 5794 1303 5862; baseline 0.003 -8"><span class='ocrx_word' id='word_1_656' title='bbox 377 5795 424 5835; x_wconf 78' lang='lat'><strong>&quot;</strong></span> <span class='ocrx_word' id='word_1_657' title='bbox 460 5794 599 5857; x_wconf 79' lang='lat' dir='ltr'><strong>Gen.</strong></span> <span class='ocrx_word' id='word_1_658' title='bbox 631 5813 714 5858; x_wconf 73' lang='lat' dir='ltr'><strong>tu.</strong></span> <span class='ocrx_word' id='word_1_659' title='bbox 747 5798 833 5854; x_wconf 76' lang='grc'><strong>15.</strong></span> <span class='ocrx_word' id='word_1_660' title='bbox 931 5804 972 5835; x_wconf 74' lang='grc'>⁷³</span> <span class='ocrx_word' id='word_1_661' title='bbox 1001 5800 1144 5860; x_wconf 85' lang='lat' dir='ltr'><strong>Psal.</strong></span> <span class='ocrx_word' id='word_1_662' title='bbox 1172 5815 1225 5862; x_wconf 73' lang='grc' dir='ltr'><strong>ι..</strong></span> <span class='ocrx_word' id='word_1_663' title='bbox 1251 5800 1303 5857; x_wconf 82' lang='lat'><strong>7.</strong></span> 
     </span>
    </p>
   </div>
   <div class='ocr_carea' id='block_1_102' title="bbox 1916 5133 3583 5207">
    <p class='ocr_par' dir='ltr' id='par_1_102' title="bbox 1916 5133 3583 5207">
     <span class='ocr_line' id='line_1_103' title="bbox 1916 5133 3583 5207; baseline -0.002 -16"><span class='ocrx_word' id='word_1_664' title='bbox 1916 5141 1960 5198; x_wconf 88' lang='lat' dir='ltr'><strong>D</strong></span> <span class='ocrx_word' id='word_1_665' title='bbox 1990 5154 2154 5207; x_wconf 85' lang='lat' dir='ltr'><strong>opere</strong></span> <span class='ocrx_word' id='word_1_666' title='bbox 2212 5137 2490 5192; x_wconf 85' lang='lat' dir='ltr'><strong>festinant.</strong></span> <span class='ocrx_word' id='word_1_667' title='bbox 2534 5134 2648 5189; x_wconf 86' lang='lat' dir='ltr'><strong>Hoc</strong></span> <span class='ocrx_word' id='word_1_668' title='bbox 2689 5135 2850 5189; x_wconf 87' lang='lat' dir='ltr'><strong>etiam</strong></span> <span class='ocrx_word' id='word_1_669' title='bbox 2898 5141 3198 5206; x_wconf 77' lang='lat' dir='ltr'><strong>patiuntur,</strong></span> <span class='ocrx_word' id='word_1_670' title='bbox 3246 5133 3339 5203; x_wconf 92' lang='lat' dir='ltr'><strong>qui</strong></span> <span class='ocrx_word' id='word_1_671' title='bbox 3390 5133 3583 5202; x_wconf 83' lang='lat' dir='ltr'><strong>ianuas</strong></span> 
     </span>
    </p>
   </div>
   <div class='ocr_carea' id='block_1_103' title="bbox 1989 5224 3583 5299">
    <p class='ocr_par' dir='ltr' id='par_1_103' title="bbox 1989 5224 3583 5299">
     <span class='ocr_line' id='line_1_104' title="bbox 1989 5224 3583 5299; baseline -0.006 -14"><span class='ocrx_word' id='word_1_672' title='bbox 1989 5231 2045 5285; x_wconf 86' lang='lat' dir='ltr'><strong>in</strong></span> <span class='ocrx_word' id='word_1_673' title='bbox 2091 5231 2179 5285; x_wconf 89' lang='lat' dir='ltr'><strong>die</strong></span> <span class='ocrx_word' id='word_1_674' title='bbox 2214 5231 2527 5299; x_wconf 83' lang='lat' dir='ltr'><strong>nuptiarum</strong></span> <span class='ocrx_word' id='word_1_675' title='bbox 2590 5227 2903 5282; x_wconf 87' lang='lat' dir='ltr'><strong>cantoribus</strong></span> <span class='ocrx_word' id='word_1_676' title='bbox 2948 5236 3038 5281; x_wconf 89' lang='lat' dir='ltr'><strong>aut</strong></span> <span class='ocrx_word' id='word_1_677' title='bbox 3081 5225 3394 5281; x_wconf 54' lang='lat' dir='ltr'><strong>citharoedis</strong></span> <span class='ocrx_word' id='word_1_678' title='bbox 3434 5224 3583 5278; x_wconf 88' lang='lat' dir='ltr'><strong>clau-</strong></span> 
     </span>
    </p>
   </div>
   <div class='ocr_carea' id='block_1_104' title="bbox 1994 5314 3582 5390">
    <p class='ocr_par' dir='ltr' id='par_1_104' title="bbox 1994 5314 3582 5390">
     <span class='ocr_line' id='line_1_105' title="bbox 1994 5314 3582 5390; baseline -0.006 -15"><span class='ocrx_word' id='word_1_679' title='bbox 1994 5330 2204 5386; x_wconf 90' lang='lat' dir='ltr'><strong>serunt,</strong></span> <span class='ocrx_word' id='word_1_680' title='bbox 2268 5320 2359 5390; x_wconf 89' lang='lat' dir='ltr'><strong>qui</strong></span> <span class='ocrx_word' id='word_1_681' title='bbox 2419 5319 2634 5389; x_wconf 86' lang='lat' dir='ltr'><strong>plausu,</strong></span> <span class='ocrx_word' id='word_1_682' title='bbox 2685 5326 2738 5373; x_wconf 88' lang='lat' dir='ltr'><strong>et</strong></span> <span class='ocrx_word' id='word_1_683' title='bbox 2783 5331 3108 5389; x_wconf 84' lang='lat' dir='ltr'><strong>organorum</strong></span> <span class='ocrx_word' id='word_1_684' title='bbox 3151 5324 3337 5379; x_wconf 89' lang='lat' dir='ltr'><strong>cantu,</strong></span> <span class='ocrx_word' id='word_1_685' title='bbox 3371 5314 3582 5383; x_wconf 80' lang='lat' dir='ltr'><strong>lampa-</strong></span> 
     </span>
    </p>
   </div>
   <div class='ocr_carea' id='block_1_105' title="bbox 1996 5405 3580 5480">
    <p class='ocr_par' dir='ltr' id='par_1_105' title="bbox 1996 5405 3580 5480">
     <span class='ocr_line' id='line_1_106' title="bbox 1996 5405 3580 5480; baseline -0.003 -15"><span class='ocrx_word' id='word_1_686' title='bbox 1996 5412 2259 5480; x_wconf 86' lang='lat' dir='ltr'><strong>dihusque</strong></span> <span class='ocrx_word' id='word_1_687' title='bbox 2293 5409 2626 5480; x_wconf 80' lang='lat' dir='ltr'><strong>nUptialibus</strong></span> <span class='ocrx_word' id='word_1_688' title='bbox 2689 5409 2942 5464; x_wconf 86' lang='lat' dir='ltr'><strong>destituta</strong></span> <span class='ocrx_word' id='word_1_689' title='bbox 2997 5405 3266 5477; x_wconf 89' lang='lat' dir='ltr'><strong>sponsalia</strong></span> <span class='ocrx_word' id='word_1_690' title='bbox 3325 5415 3580 5474; x_wconf 88' lang='lat' dir='ltr'><strong>carpenta</strong></span> 
     </span>
    </p>
   </div>
   <div class='ocr_carea' id='block_1_106' title="bbox 2001 5497 3576 5575">
    <p class='ocr_par' dir='ltr' id='par_1_106' title="bbox 2001 5497 3576 5575">
     <span class='ocr_line' id='line_1_107' title="bbox 2001 5497 3576 5575; baseline -0.004 -20"><span class='ocrx_word' id='word_1_691' title='bbox 2001 5501 2351 5571; x_wconf 69' lang='lat' dir='ltr'><strong>pratmittunt,</strong></span> <span class='ocrx_word' id='word_1_692' title='bbox 2421 5501 2621 5575; x_wconf 86' lang='lat' dir='ltr'><strong>quique</strong></span> <span class='ocrx_word' id='word_1_693' title='bbox 2696 5516 2754 5558; x_wconf 92' lang='lat' dir='ltr'><strong>sc</strong></span> <span class='ocrx_word' id='word_1_694' title='bbox 2806 5499 3011 5554; x_wconf 86' lang='lat' dir='ltr'><strong>amicos</strong></span> <span class='ocrx_word' id='word_1_695' title='bbox 3075 5497 3261 5568; x_wconf 83' lang='lat' dir='ltr'><strong>sponsi</strong></span> <span class='ocrx_word' id='word_1_696' title='bbox 3312 5498 3576 5560; x_wconf 87' lang='lat' dir='ltr'><strong>dicentes,</strong></span> 
     </span>
    </p>
   </div>
   <div class='ocr_carea' id='block_1_107' title="bbox 2002 5594 3579 5668">
    <p class='ocr_par' dir='ltr' id='par_1_107' title="bbox 2002 5594 3579 5668">
     <span class='ocr_line' id='line_1_108' title="bbox 2002 5594 3579 5668; baseline -0.001 -17"><span class='ocrx_word' id='word_1_697' title='bbox 2002 5598 2253 5653; x_wconf 75' lang='lat' dir='ltr'><strong>cursibus</strong></span> <span class='ocrx_word' id='word_1_698' title='bbox 2295 5598 2481 5663; x_wconf 77' lang='lat' dir='ltr'><strong>sacris,</strong></span> <span class='ocrx_word' id='word_1_699' title='bbox 2516 5607 2569 5652; x_wconf 90' lang='lat' dir='ltr'><strong>ct</strong></span> <span class='ocrx_word' id='word_1_700' title='bbox 2595 5598 2757 5663; x_wconf 85' lang='lat' dir='ltr'><strong>tubis,</strong></span> <span class='ocrx_word' id='word_1_701' title='bbox 2809 5597 2953 5651; x_wconf 90' lang='lat' dir='ltr'><strong>cultu</strong></span> <span class='ocrx_word' id='word_1_702' title='bbox 2983 5596 3306 5651; x_wconf 78' lang='lat' dir='ltr'><strong>festivitates</strong></span> <span class='ocrx_word' id='word_1_703' title='bbox 3340 5594 3579 5668; x_wconf 84' lang='lat' dir='ltr'><strong>privaut.</strong></span> 
     </span>
    </p>
   </div>
  </div>
