3992 6406
423 336 526 402 92Ἷ

1622 331 1982 393 HESYCHII
2031 327 2506 388 PRESBYTERI

3608 315 3711 380 928

418 461 544 518 quae
598 445 700 501 sibi
753 445 1020 510 exhiberi,
1074 453 1129 500 et
1165 443 1375 512 nuptiis
1413 457 1650 511 sponsae,
1687 450 1874 511 utpote
1915 438 2005 494 cui
2036 447 2078 496 Α
2106 435 2209 502 dit,
2259 436 2356 491 sed
2413 445 2469 490 et
2507 449 2671 489 sanos
2715 433 2770 486 in
2813 432 3026 488 fervore
3075 425 3445 499 mgritudinis,
3489 430 3545 478 et
3574 431 3710 476 sreva

419 539 718 594 favendum
759 549 898 604 erat,
947 553 1071 593 cum
1121 536 1265 590 domi
1317 534 1696 604 susciperetur
1724 575 1738 599 ,
1777 539 2014 602 Optaret.

422 630 528 684 Sed
591 629 846 685 Christus
903 644 1012 682 non
1072 627 1184 682 ita:
1245 643 1372 680 nam
1434 626 1702 680 exsistens
1743 623 2014 685 Verbum,

422 721 749 777 festivitates
787 720 1028 788 implicat
1050 718 1286 788 eloquio.
1320 718 1386 771 Et
1421 716 1512 770 alii
1549 714 1768 784 quidem
1795 712 2014 776 vitulos,

423 823 520 868 aut
558 815 726 867 boves
772 855 786 873 ,
842 821 935 866 aut
987 827 1136 875 ures,
1189 811 1407 875 arietes,
1460 809 1658 871 hircos,
1707 815 1761 860 et
1803 821 2015 872 capras,

425 913 688 971 turtures,
720 913 814 958 aut
841 903 1152 958 columbas:
1192 903 1282 972 qui
1330 911 1512 955 autem
1555 901 1671 954 haec
1701 915 1810 952 non
1850 897 2023 952 babe-

425 992 578 1057 bant,
613 991 875 1056 crustula,
912 991 1197 1058 etlagana,
1259 999 1315 1044 et
1355 990 1592 1044 similam
1625 1005 1723 1059 pro
1753 988 2022 1042 sacrilieio

426 1083 494 1136 ad
544 1082 910 1136 sanctuarium
977 1081 1303 1135 oﬂ‘ercbant.
1361 1081 1481 1150 ipse
1531 1090 1713 1135 autem
1755 1080 2019 1144 doctrina,

426 1165 568 1222 sicut
597 1168 906 1236 Oportebat,
953 1167 1160 1221 hostias
1205 1167 1468 1221 variabat.
1512 1166 1578 1221 Et
1613 1182 1759 1220 nunc
1781 1167 2022 1236 quidem,

429 1257 572 1312 sicut
623 1257 850 1311 vitulum
905 1259 1182 1312 novellum
1270 1273 1476 1311 cornua
1541 1257 1908 1326 proferentem
1971 1270 2026 1312 ct

428 1350 679 1420 ungulas,
735 1366 835 1421 per
898 1351 1226 1420 theologiam
1288 1349 1528 1404 Verbum
1579 1349 1870 1411 ventilans,
1927 1350 2024 1404 ad-

429 1435 705 1489 versarios
771 1434 1109 1497 immolabat,
1187 1450 1335 1488 nunc
1383 1443 1567 1488 autem
1613 1449 1715 1503 pro
1777 1433 2025 1488 columba

433 1527 810 1581 mediatoriam
885 1526 1188 1582 doctrinam
1253 1525 1596 1596 explanabat,
1655 1534 1712 1580 et
1756 1540 1857 1595 pro
1910 1526 2026 1596 pari

437 1623 708 1669 turturum
771 1617 916 1686 leges
949 1614 1225 1668 indicebat
1290 1616 1488 1669 anima:
1551 1613 2028 1684 contemplationis

429 1712 489 1758 et
533 1703 818 1758 castitatis.
880 1702 1010 1758 Erat
1055 1713 1236 1758 autem
1286 1703 1402 1772 ipse
1467 1701 1612 1757 aries
1668 1703 1736 1757 ad
1818 1703 2031 1757 sacriﬁ-

431 1797 578 1849 cium
605 1809 875 1850 coronans
905 1795 1154 1848 laudibus
1182 1794 1380 1862 justos,
1413 1803 1468 1849 et
1497 1795 1678 1848 hircos
1713 1803 2031 1864 peccatores
2066 1775 2106 1827 Β

431 1903 500 1942 ex
539 1903 726 1942 errore
774 1888 1077 1942 venientes.
1133 1887 1230 1941 llis
1264 1901 1394 1956 ergo
1426 1898 1482 1942 et
1529 1903 1630 1942 nos
1673 1886 2027 1941 festivitatem

432 1986 714 2034 ornemus,
797 1969 916 2038 ipso
1001 1970 1054 2024 in
1119 1969 1392 2024 sacrificio
1462 1970 1720 2031 cultrum,
1790 1970 2028 2040 linguam

433 2053 690 2107 videlicet
750 2053 1006 2122 praesenti
1050 2053 1293 2108 materim
1371 2053 1462 2123 qui
1535 2051 1858 2118 immolavit,
1904 2051 2029 2106 talia

433 2153 696 2214 tantaque
743 2153 1050 2198 mutuante.
1108 2143 1202 2198 Est
1239 2153 1421 2198 autem
1469 2143 1592 2198 hate
1646 2143 1820 2214 lepra,
1867 2159 2030 2213 quam

436 2233 646 2306 Moyses
687 2236 962 2306 legislator
999 2236 1298 2306 proposuit,
1356 2237 1616 2306 plurimas
1679 2237 1800 2306 ejus
1847 2235 2032 2306 profe-

436 2343 564 2381 rens
595 2327 830 2397 species,
856 2328 1206 2398 multiplicem
1230 2328 1395 2396 lmjus
1424 2329 1744 2383 varietatem
1765 2328 2036 2398 passionis

435 2437 735 2490 exponens,
773 2437 875 2476 nec
909 2422 1083 2476 solum
1117 2421 1320 2490 lepram
1348 2437 1467 2490 quae
1493 2421 1545 2474 in
1582 2422 1824 2484 homine,
1858 2422 1950 2476 sed
1984 2431 2037 2476 et

435 2529 558 2580 qua)
589 2513 643 2566 in
680 2513 840 2583 lignis
873 2522 929 2568 et
965 2515 1018 2566 in
1040 2515 1210 2583 petris
1237 2523 1342 2575 est,
1373 2522 1545 2567 trama
1570 2528 1808 2582 quoque.
1843 2523 1896 2568 et
1927 2523 2038 2567 sta-

437 2604 607 2666 mine,
627 2613 682 2656 et
708 2603 961 2672 pellibus,
989 2603 1040 2657 in
1069 2604 1266 2672 quibus
1303 2605 1518 2673 cperari
1547 2613 1746 2674 potest,
1771 2604 1864 2659 sed
1898 2614 1950 2659 et
1985 2605 2036 2659 in

437 2691 600 2744 domo
652 2690 887 2758 integra.
937 2691 1301 2760 similiterque
1343 2691 1694 2744 accedentem
1773 2692 2035 2754 vestibus,

438 2797 562 2836 cum
629 2781 682 2834 in
734 2782 884 2835 nulla
941 2781 1042 2835 alia
1069 2783 1172 2836 hoc
1227 2783 1553 2836 custodisset
1597 2783 1938 2852 aegritudine,
1985 2794 2044 2838 ut

440 2874 604 2927 etiam
658 2873 926 2944 pigriores
975 2872 1701 2943 intelligant,legislatorcm
1765 2875 2041 2944 quidpiam

440 2965 727 3021 sublimius
758 2965 978 3026 intueri,
1037 2974 1198 3034 atque
1234 2964 1496 3028 divinius,
1541 2965 1844 3034 meliusque
1880 2981 2042 3035 quam

439 3058 634 3112 litterae
695 3057 878 3128 prodit
939 3067 1215 3124 aspectus.
1280 3056 1386 3111 Sed
1476 3065 1532 3110 et
1585 3072 1708 3110 cum
1773 3057 2042 3114 sacerdoti

442 3149 745 3204 servaverit
793 3147 1182 3202 discretionem
1213 3167 1224 3200 :
1262 3162 1364 3200 nec
1394 3146 1538 3200 hanc
1579 3154 1738 3211 tacet,
1790 3147 1886 3200 sed
1918 3163 2040 3216 qum
2068 3135 2112 3192 ο

443 3241 512 3294 ad
568 3239 710 3293 hanc
765 3247 894 3292 sunt
935 3239 1266 3302 necessaria,
1313 3253 1412 3306 per
1463 3237 1711 3292 ordinem
1761 3238 2042 3300 describit,

446 3339 506 3383 ut
558 3337 664 3382 tam
726 3329 904 3398 ipsum
959 3328 1252 3382 constituat.
1299 3329 1544 3392 modum,
1592 3344 1702 3398 quo
1746 3329 1934 3382 volens
1980 3328 2048 3382 de

446 3421 534 3474 his
585 3419 830 3489 judicare
877 3419 1092 3484 debeat,
1141 3435 1302 3488 quam
1355 3421 1558 3490 absque
1607 3419 1915 3483 inimicitia,
1964 3419 2046 3475 vel

447 3511 628 3581 gratia:
679 3511 992 3580 suspicione
1052 3509 1105 3563 in
1162 3510 1368 3578 judicio
1403 3526 1728 3565 conservare
1771 3526 1918 3572 eum,
1959 3509 2047 3579 qui

447 3605 690 3659 incidere
747 3603 905 3658 facile
957 3603 1008 3657 in
1065 3603 1378 3674 lmjusmodi
1424 3612 1636 3672 poterat
1688 3601 2050 3656 existimatio-

447 3711 596 3757 nem,
637 3705 692 3750 et
742 3696 889 3750 hunc
935 3695 1154 3765 quidem
1203 3709 1302 3766 per
1367 3694 1710 3748 inimicitiam
1793 3693 2050 3758 retinere,

448 3789 612 3842 alium
675 3798 857 3844 autem
917 3789 1103 3860 gratiae
1141 3803 1306 3842 causa
1363 3803 1392 3841 a
1443 3787 1698 3858 passione
1757 3787 2052 3850 resolvere,

446 3890 505 3934 et
561 3881 814 3936 amicitiae
868 3881 1235 3950 suspicionem
1283 3881 1434 3946 dare,
1492 3880 1593 3934 nisi
1635 3880 1776 3934 forte
1838 3880 2055 3950 planam

448 3975 516 4028 de
570 3973 649 4027 eis
697 3973 1014 4044 protulisset
1058 3975 1254 4044 legem,
1307 3988 1444 4042 quos
1488 3982 1766 4042 Oporteret
1815 3972 2056 4042 separari

449 4080 477 4118 a
514 4063 883 4128 tabernaCulo,
925 4072 1114 4134 utpote
1175 4063 1264 4132 qui
1301 4063 1494 4119 morbo
1535 4071 1876 4118 tenerentur.
1909 4061 2062 4129 Quos

451 4163 634 4210 autem
701 4171 894 4209 rursus
965 4155 1318 4208 nmndatosa
1363 4153 1638 4223 passione,
1694 4151 1914 4218 suscipi,
1971 4151 2062 4220 qui

452 4248 616 4301 etiam
655 4261 725 4300 ne
774 4245 893 4316 ipso
956 4245 1109 4300 initio
1145 4245 1287 4299 inter
1323 4243 1590 4312 leprosos,
1642 4249 1699 4295 ut
1745 4241 1814 4296 de
1868 4241 2068 4312 quibus

449 4337 654 4394 frustra
711 4327 962 4406 suspicio
1035 4337 1217 4390 habita
1283 4334 1393 4398 sit,
1453 4333 1807 4403 computandi
1861 4343 2065 4396 essent,

455 4430 676 4498 quando
729 4429 798 4484 de
852 4445 919 4483 eo
947 4445 1068 4483 esse
1118 4427 1454 4482 dubietatem
1505 4427 1621 4495 lege
1693 4439 1910 4494 quoque
1959 4424 2064 4478 lata

456 4521 748 4592 contingit.
793 4521 862 4576 Et
902 4521 1069 4576 nimis
1113 4518 1610 4589 obstupescendum
1655 4525 1756 4581 est,
1801 4518 2068 4588 quemad-

455 4615 676 4668 modum
715 4630 839 4669 eum
897 4613 994 4683 qui
1031 4613 1085 4666 in
1127 4619 1280 4681 parte
1323 4610 1574 4680 corporis
1625 4608 1834 4680 lepram
1879 4609 2064 4673 habet,

457 4707 606 4775 cjicit
653 4706 722 4761 de
754 4701 1127 4765 tabernaculo,
1181 4712 1237 4758 et
1276 4717 1454 4772 pmnae
1505 4701 1708 4766 subdit,
1747 4717 1874 4756 eum
1938 4717 2070 4756 vero

455 4797 548 4867 qui
593 4806 706 4852 toto
751 4811 982 4866 corpore
1035 4796 1256 4864 patitur,
1300 4791 1566 4848 mundum
1605 4793 1757 4859 dicit,
1787 4802 1844 4848 et
1886 4808 2074 4862 quem.

459 4890 753 4944 admodum
819 4888 866 4942 si
928 4887 1066 4940 nihil
1110 4885 1338 4941 omnino
1388 4899 1584 4954 passus
1635 4885 1730 4950 sit,
1805 4884 2072 4955 praecepit

459 4983 713 5037 omnibus
768 4980 1090 5052 permisceri
1161 4978 1516 5049 praajudicare
1547 5017 1561 5042 ,
1604 4977 1874 5048 siquidem
1931 4992 2067 5046 quo-

462 5075 761 5130 dammodo
809 5090 904 5130 eos
935 5073 1027 5142 qui
1084 5088 1148 5128 ex
1183 5082 1335 5142 parte
1379 5071 1576 5143 leprosi
1626 5079 1776 5132 sunt,
1852 5069 2069 5124 videtur

460 5177 516 5222 et
540 5169 770 5222 suadere
798 5168 864 5223 ad
903 5183 1011 5221 non
1047 5166 1337 5228 orandum,
1372 5173 1430 5220 ut
1463 5164 1531 5220 ab
1559 5163 1784 5218 instanti
1831 5162 2067 5217 liberen—

462 5270 552 5315 tur
579 5259 856 5330 passione,
888 5258 983 5314 sed
1040 5257 1209 5328 magis
1265 5267 1325 5312 ut
1369 5257 1648 5326 depaseat,
1715 5255 2068 5324 cxundctque

463 5355 644 5424 passio
669 5370 768 5423 per
790 5353 1106 5407 universum
1139 5366 1358 5418 corpus,
1390 5365 1514 5402 nam
1549 5347 1682 5402 illud
1707 5347 1926 5416 quidem
1953 5345 2065 5399 dis-

465 5447 776 5516 ceptatione
793 5445 962 5500 multa
982 5450 1126 5514 eget,
1160 5452 1216 5498 et
1250 5442 1314 5496 ad
1349 5437 1894 5509 districtionemlcgis
1917 5437 2064 5506 cogit

467 5538 806 5594 Sacerdotem
855 5536 1214 5605 judicantem.
1272 5533 1426 5588 Istud
1468 5541 1650 5587 autem
1702 5528 2060 5598 inculpabilcs

465 5627 724 5694 custodit,
743 5637 799 5682 et
825 5627 1014 5681 beatas
1043 5643 1106 5681 ex
1153 5623 1503 5680 n'mltitudine
1533 5621 1897 5694 periculorum
1932 5617 2058 5672 red-

573 5811 617 5843 "
652 5812 754 5866 Act
811 5828 940 5878 nn,
974 5813 1068 5866 28.

2122 527 2611 598 comprehensione
2641 525 2910 596 passionis
2936 522 3200 577 ostendit.
3246 518 3353 573 Sed
3385 526 3606 585 tempus
3635 521 3716 567 est

2115 620 2228 689 jam
2268 621 2334 672 ad
2361 619 2524 673 verba
2551 618 2683 688 legis
2717 632 2962 686 pergere,
2997 615 3112 684 ipsa
3143 612 3288 667 enim
3323 608 3482 664 nobis
3510 605 3580 659 ad
3609 605 3717 660 sin-

2127 707 2250 776 gula
2279 707 2440 776 plane
2472 707 2731 761 exhibent
2776 720 2989 760 caussas.
3019 703 3406 757 Verumtamen
3441 696 3719 752 auditores

2125 799 2256 854 illud
2288 809 2446 853 antea
2481 809 2878 861 contestamur,
2909 807 2967 852 ut
2992 797 3038 850 is
3067 795 3161 865 qui
3193 794 3404 848 discere
3421 789 3716 851 desiderat,

2125 892 2350 946 minime
2385 892 2754 956 indoctorum,
2791 891 2935 944 sicut
2965 905 3066 958 ego
3092 902 3236 949 sum,
3263 885 3407 938 dicta
3436 879 3720 950 despiciat.

2125 984 2313 1053 Neque
2343 974 2490 1038 enim
2523 983 2742 1054 propria
2771 981 3006 1036 dicimus
3041 991 3102 1035 ut
3125 979 3346 1034 fallaces
3375 988 3722 1034 accusemur,

2127 1077 2331 1146 quippe
2361 1077 2560 1146 quibus
2590 1090 2756 1145 parva
2793 1074 2864 1128 de
2909 1072 3136 1144 proprio
3178 1065 3564 1126 ministrantur
3590 1081 3604 1119 :
3631 1062 3727 1118 Dei

2127 1175 2310 1222 autem
2339 1177 2440 1233 est,
2473 1168 2564 1238 qni
2590 1168 2682 1222 ubi
2729 1169 2845 1221 vult
2875 1165 3128 1234 inspirat,
3179 1173 3234 1218 et
3261 1161 3352 1232 qui
3399 1158 3607 1229 pueris,
3644 1156 3728 1210 vel

2128 1261 2298 1332 pigris
2327 1261 2662 1324 hominibus,
2697 1261 2970 1328 nimisque
3000 1255 3288 1326 imperitis,
3332 1255 3542 1324 majora
3585 1263 3731 1318 sepe

2128 1369 2291 1422 quam
2323 1353 2608 1424 prophetis
2635 1351 2860 1404 revelat.
2885 1347 3042 1414 Quod
3069 1345 3420 1401 manifestum
3453 1349 3540 1398 est
3571 1357 3641 1396 ex
3665 1354 3731 1394 eo

2129 1448 2274 1516 quod
2303 1446 2538 1516 populus
2559 1445 2651 1498 ille
2679 1443 2867 1498 Iesum
2885 1457 3047 1510 super
3069 1439 3288 1493 asinum
3303 1437 3586 1493 sedentem
3609 1433 3730 1488 lau-

2130 1539 2290 1598 dans.
2319 1553 2508 1593 vocem
2556 1535 2761 1600 emisit,
2787 1550 2910 1604 qua:
2945 1530 3180 1602 amplius
3215 1529 3364 1585 omni
3403 1523 3732 1598 prophetica

2135 1632 2264 1686 tuba
2297 1630 2530 1684 notanda
2561 1629 2657 1682 sit.
2687 1628 2886 1698 Legem
2913 1634 3099 1679 autem
3129 1620 3392 1676 Ecclesiis
3419 1619 3476 1674 in
3501 1615 3736 1687 mystico

2133 1719 2438 1774 ministerio
2480 1718 2647 1772 latam
2698 1715 2852 1771 scitis
2899 1729 2997 1768 vos
3048 1712 3142 1782 qui
3177 1709 3398 1766 servitis
3434 1705 3734 1780 mysteriis.

2131 1811 2486 1880 quamobrem
2511 1824 2621 1862 non
2655 1815 2873 1878 Oportet
2913 1804 3268 1876 profanorum
3303 1815 3471 1856 aures
3511 1799 3738 1854 onerari

2133 1903 2336 1960 verbis.
2364 1915 2599 1970 quorum
2629 1897 2914 1969 prophetis
2945 1911 3072 1966 pars
3104 1909 3214 1949 non
3241 1891 3430 1947 omnia
3454 1889 3732 1960 capienti-

2131 1995 2254 2055 bus.
2279 1994 2483 2049 credita
2504 2003 2583 2046 est
2603 2011 2620 2045 -.
2649 1991 2702 2044 in
2734 2006 2843 2059 quo
2867 1999 2924 2044 et
2952 2003 3053 2059 ego
3074 1985 3242 2041 nimis
3270 1983 3534 2047 admiror,
3557 1991 3616 2036 et
3640 1997 3742 2052 pro

2136 2101 2331 2156 magno
2349 2084 2612 2139 miraculo
2629 2083 2774 2152 quod
2797 2080 3018 2144 accidit,
3047 2079 3222 2149 habeo
3245 2095 3260 2132 :
3283 2077 3412 2144 quia
3437 2075 3586 2145 quod
3613 2089 3744 2143 pro-

2139 2179 2356 2250 phetica
2391 2193 2644 2246 vox,quae
2670 2184 2796 2230 ante
2817 2173 3016 2229 multas
3039 2169 3424 2242 generationes
3447 2165 3744 2238 praedicata

2137 2280 2240 2337 est,
2265 2269 2422 2326 latuit
2437 2310 2451 2335 ,
2477 2268 2706 2336 pepulus
2730 2267 2981 2322 indoctus
3001 2264 3327 2330 ostendit,et
3341 2263 3459 2332 ipse
3471 2261 3744 2330 reliquum

2137 2365 2462 2434 inspiratum
2487 2362 2869 2430 creditumque
2890 2359 3188 2429 capitulum
3223 2365 3329 2418 est.
3353 2357 3428 2410 ita
3447 2362 3510 2410 ut
3529 2355 3748 2409 dicatur

2139 2467 2192 2511 et
2223 2473 2251 2510 a
2279 2455 2438 2510 nobis
2467 2454 2689 2523 aliquid,
2721 2452 2866 2522 quod
2887 2451 3111 2522 quidem
3162 2449 3390 2504 auribus
3427 2447 3744 2503 auditorum

2139 2547 2341 2618 prosit,
2384 2547 2616 2602 necdum
2667 2555 2851 2600 autem
2889 2545 2959 2598 ab
3003 2541 3378 2597 anterioribus
3445 2537 3750 2602 dictum,si

2145 2642 2286 2694 heus
2334 2639 2520 2702 donet,
2579 2638 2892 2693 utlibenter
2937 2635 3268 2706 suscipiatur
3316 2633 3419 2687 ειη
3465 2632 3578 2702 ipso

2143 2733 2383 2792 vivimus,
2414 2746 2682 2784 mouemur
2717 2743 2765 2784 et
2798 2745 2977 2784 suum:
2997 2729 3072 2791 7';
3101 2727 3244 2782 sicut
3273 2724 3535 2795 praecepit
3547 2722 3754 2776 Paulus

2143 2825 2308 2879 etiam
2342 2839 2444 2877 nos
2469 2823 2672 2887 dicere,
2704 2830 2929 2877 ettanta
2947 2821 3117 2891 magis
3161 2825 3388 2888 quanto,
3414 2824 3478 2871 ut
3525 2815 3750 2886 guber—

2145 2926 2307 2972 netur
2385 2915 2570 2987 lingua
2633 2922 2818 2969 nostra
2877 2913 2945 2968 de
2981 2913 3140 2976 coelo,
3179 2926 3302 2965 cum
3351 2908 3518 2964 nimis
3577 2905 3758 2961 simus

2147 3009 2372 3074 indocti,
2413 3022 2553 3076 Opus
2598 3005 2886 3060 habemus.
2940 3003 3018 3058 lta
3039 3019 3098 3056 se
3124 3003 3290 3056 habet
3343 2998 3482 3070 legis
3523 2995 3754 3067 leprosi,

2147 3117 2269 3172 quae
2289 3101 2358 3156 ab
2376 3099 2498 3170 ipso
2524 3100 2633 3154 Deo
2661 3098 2730 3153 ad
2759 3095 2978 3167 Moysen
3003 3095 3148 3150 dicta
3165 3105 3270 3160 est,
3299 3093 3501 3148 littera.

2717 3254 2947 3312 CAPUT
2998 3250 3139 3310 Xlll.

2227 3395 2386 3451 Vens.
2421 3394 2570 3449 1-17.
2600 3412 2619 3446 ‹
2647 3394 2888 3448 Locutus
2921 3400 3004 3446 est
3024 3387 3290 3444 Dominus
3325 3388 3394 3442 ad
3427 3385 3655 3458 Moysen
3697 3398 3758 3442 et

2154 3490 2362 3552 Aaron,
2391 3488 2612 3542 dicens:
2649 3486 2820 3540 llatno
2852 3486 2906 3538 in
2931 3484 3088 3553 cujus
3119 3497 3284 3536 carne
3329 3489 3387 3534 et
3435 3489 3563 3534 cute
3597 3488 3760 3534 ortus

2165 3579 2331 3634 fuerit
2363 3579 2610 3634 diversus
2640 3576 2810 3640 color,
2843 3577 2958 3630 sive
2991 3573 3230 3644 pustula,
3263 3580 3358 3625 aut
3379 3571 3532 3641 quasi
3558 3570 3758 3626 lucens

2157 3670 2457 3742 quippiam,
2487 3669 2538 3723 id
2563 3678 2668 3736 est,
2715 3667 2868 3739 plaga
2909 3667 3094 3736 leprae,
3137 3665 3438 3720 adducetur
3471 3663 3536 3717 ad
3576 3662 3762 3717 Aaron

2159 3763 2520 3826 sacerdotem,
2539 3760 2621 3816 vel
2642 3761 2708 3814 ad
2731 3757 3204 3827 unumquemlibet
3246 3756 3480 3810 filiorum
3499 3754 3641 3824 ejus.
3655 3752 3762 3821 Qui

2161 3875 2286 3913 cum
2319 3855 2520 3910 viderit
2551 3855 2755 3924 lepram
2787 3853 2843 3907 in
2899 3860 3042 3914 cute,
3079 3860 3134 3905 et
3165 3849 3302 3920 pilus
3329 3845 3383 3902 in
3410 3847 3594 3901 album
3639 3861 3764 3900 mtt-

2165 3963 2302 4006 tatus
2325 3951 2584 4011 colorem,
2617 3947 2898 4016 ipsamque
2935 3944 3172 4014 speciem
3221 3943 3384 4010 lepra;
3415 3938 3764 3994 humiliorem

2165 4051 2291 4097 cute
2323 4051 2379 4095 et
2402 4053 2568 4094 carne
2581 4037 2808 4106 reliqua,
2832 4035 2984 4106 plaga
3005 4034 3170 4104 lepra:
3183 4039 3286 4098 est,
3311 4041 3367 4085 et
3385 4030 3452 4084 ad
3474 4030 3765 4084 arbitrium

2167 4136 2286 4203 ejus
2329 4129 2689 4200 separabitur.
2743 4127 2836 4182 Sin
2894 4135 3078 4181 autem
3124 4126 3314 4179 lucens
3353 4121 3520 4178 fuerit
3553 4121 3768 4177 candor

2172 4230 2224 4281 in
2261 4234 2408 4289 cute,
2439 4238 2543 4278 nec
2563 4220 2823 4276 humilior
2850 4233 3018 4274 carne
3061 4217 3294 4286 reliqua,
3339 4223 3397 4269 et
3439 4212 3532 4284 pili
3567 4213 3767 4268 coloris

2173 4319 2410 4391 pristini,
2445 4315 2690 4373 recludet
2707 4329 2833 4368 eum
2886 4310 3142 4366 sacerdos
3188 4317 3398 4378 septem
3453 4305 3670 4370 diebus,
3711 4315 3768 4360 et

2173 4409 2541 4466 considerabit
2575 4407 2662 4462 die
2679 4404 2936 4475 septimo.
2993 4402 3121 4457 Etsi
3173 4400 3394 4471 quidem
3429 4397 3580 4468 lepra
3623 4397 3768 4452 ultra

2171 4518 2278 4558 non
2313 4499 2568 4565 creverit,
2587 4513 2690 4552 nec
2721 4493 2998 4550 transierit
3021 4494 3074 4546 in
3098 4501 3223 4547 cute
3246 4491 3455 4562 priores
3478 4488 3766 4551 terminos.

2169 4611 2360 4652 rursus
2405 4591 2648 4648 includet
2687 4605 2810 4644 eum
2869 4596 3078 4658 septem
3138 4585 3334 4640 diebus
3381 4582 3526 4642 aliis,
3581 4590 3639 4636 et
3679 4580 3770 4637 die

2169 4689 2402 4759 septimo
2427 4683 2888 4753 contemplabitur
2953 4697 2967 4734 :
2996 4680 3041 4734 si
3075 4677 3362 4733 obscurior
3393 4674 3556 4730 fuerit
3586 4673 3762 4744 lepra,

2171 4793 2221 4837 et
2251 4797 2359 4836 non
2389 4777 2624 4835 creverit
2656 4775 2710 4828 in
2739 4782 2885 4838 cute,
2922 4771 3209 4827 mundabit
3243 4785 3368 4824 eum
3405 4787 3419 4822 :
3459 4767 3590 4837 quia
3647 4780 3768 4820 sca-

2172 4876 2292 4928 bies
2321 4881 2425 4935 est,
2444 4869 2754 4938 lavabitque
2784 4867 2948 4920 homo
2981 4864 3308 4920 vestimenta
3353 4877 3474 4928 sua,
3525 4869 3583 4916 et
3605 4875 3768 4915 mun-

2174 4970 2276 5023 dus
2307 4966 2430 5020 erit.
2473 4962 2627 5030 Quod
2649 4962 2690 5017 si
2723 4968 3013 5031 postquam
3035 4974 3065 5011 a
3093 4955 3378 5011 sacerdote
3399 4953 3550 5010 visus
3578 4962 3687 5020 est,
3715 4961 3769 5008 ct

2175 5059 2421 5114 redditus
2449 5054 2754 5118 munditiae,
2791 5052 2988 5106 iterum
3013 5050 3162 5120 lepra
3186 5047 3438 5111 creverit,
3467 5045 3770 5101 adducetur

2173 5153 2238 5207 ad
2263 5165 2411 5215 eum,
2440 5157 2492 5204 ct
2526 5143 2884 5201 immunditim
2935 5140 3407 5196 condemnabitur.
3430 5138 3589 5207 Plaga
3608 5137 3770 5207 lepra:

2175 5247 2217 5299 si
2265 5243 2430 5298 fuerit
2478 5242 2530 5295 iu
2580 5239 2824 5302 homine,
2870 5235 3173 5292 adducetur
3205 5233 3270 5288 ad
3317 5231 3686 5294 sacerdotem,
3719 5237 3772 5282 et

2176 5337 2381 5392 videbit
2404 5349 2554 5390 eum.
2591 5331 2838 5400 Cumque
2871 5329 3020 5382 color
3052 5327 3208 5382 albus
3231 5325 3284 5378 in
3316 5331 3443 5379 cute
3483 5321 3675 5386 fuerit,
3719 5327 3772 5372 ct

2175 5429 2492 5498 capillorum
2520 5423 2748 5480 mutarit
2777 5429 3080 5492 aspectum,
3114 5417 3469 5494 ipsa-quoque
3498 5427 3628 5468 caro
3651 5410 3770 5466 viva

2173 5519 2504 5591 apparuerit,
2531 5517 2680 5586 lepra
2701 5511 3070 5566 vetustissima
3087 5506 3446 5580 judicabitur,
3467 5512 3633 5573 atque
3654 5501 3770 5555 ino-

2171 5589 2260 5670 lita
2275 5609 2404 5666 cuti.
2423 5605 2826 5664 Contaminabit
2851 5619 2975 5660 eum
3001 5599 3276 5664 sacerdos,
3299 5605 3352 5652 ct
3369 5612 3478 5652 non
3502 5589 3768 5654 recludet,
