3992 6444
332 429 437 489 ΕΞΒ

1469 436 1550 497 ΙΝ
1590 437 2029 499 LEVITICUM.
2067 464 2131 475 -
2164 439 2316 500 LIB.
2360 439 2457 499 IV.

3511 442 3619 505 939

323 539 456 606 quia
477 541 767 611 perspicue
790 543 1132 601 immunditia
1167 556 1268 602 est.
1300 548 1397 602 Sin
1420 558 1603 604 autem
1625 550 1922 604 emorucrit
1957 555 1993 608 Α
2027 550 2293 619 pluribus,
2318 551 2412 605 sed
2435 549 2597 604 etiam
2621 549 2845 603 omnino
2867 549 2932 604 ad
2957 549 3459 620 interpretationem
3483 568 3613 609 cauo

324 632 646 689 discurrens
669 636 816 705 lepra
851 637 903 691 in
923 649 1064 705 cute,
1095 650 1150 695 et
1170 642 1676 710 operueritpmuem
1701 659 1923 696 carnem

322 738 356 778 a
406 726 589 796 capite
627 744 800 799 usque
850 731 916 785 ad
965 735 1166 800 pedes,
1220 734 1487 804 quidquid
1540 736 1641 789 sub
1700 747 1923 805 aspectu

322 818 609 873 oculorum
637 821 801 884 cadit,
835 824 1201 879 considerabit
1225 841 1349 879 eum
1378 829 1649 893 sacerdos,
1680 838 1734 883 et
1752 830 1922 883 teneri

324 908 480 978 lepra
508 913 869 967 mundissima
889 915 1175 984 judicabit,
1202 933 1268 973 eo
1298 919 1443 987 quod
1489 921 1668 975 omnis
1706 921 1761 974 in
1794 937 1924 975 can-

321 1001 517 1056 dorem
546 1018 702 1058 versa
732 1005 823 1068 sit,
852 1014 908 1060 et
928 1006 1133 1062 ideirco
1154 1010 1570 1066 homumundus
1589 1012 1714 1066 erit.
1740 1012 1924 1077 Quan-

320 1093 399 1149 do
422 1109 552 1150 vero
581 1111 711 1152 caro
729 1098 990 1154 vivensin
1017 1116 1081 1155 ea
1104 1104 1439 1172 apparuerit,
1467 1112 1596 1160 tunc
1624 1107 1924 1162 sacerdotis

314 1186 536 1255 judicio
581 1190 875 1258 polluetur,
924 1202 978 1246 et
1005 1194 1147 1249 inter
1191 1196 1503 1253 immundos
1557 1201 1921 1269 reputabitur;

319 1293 459 1333 caro
493 1281 639 1334 enim
673 1283 816 1348 viva,
852 1285 896 1338 si
927 1285 1077 1354 lepra
1113 1297 1451 1359 aspergatur,
1497 1290 1778 1346 immunda
1817 1301 1917 1347 est.

318 1368 484 1437 Quod
510 1371 554 1426 si
579 1388 796 1427 rursum
836 1390 992 1430 versa
1032 1377 1197 1432 fuerit
1254 1380 1309 1433 in
1357 1381 1622 1447 alborem,
1664 1392 1719 1436 et
1749 1392 1921 1438 totmn

322 1463 607 1518 hominem
646 1468 943 1535 Operuerit,
979 1472 1348 1526 considerabit
1387 1487 1513 1528 eum
1552 1477 1827 1539 sacerdos,
1867 1486 1923 1531 et

320 1555 594 1609 mundum
627 1571 749 1610 esse
790 1558 1072 1614 decernet.
1099 1581 1117 1612 ι

396 1643 532 1698 Item
557 1646 858 1701 secundum
893 1648 1249 1722 Septuaginta
1285 1658 1527 1707 textum:

400 1752 421 1784 ι
494 1734 564 1788 Et
607 1735 821 1790 loeutus
855 1745 939 1790 est
981 1737 1243 1793 Dominus
1298 1741 1365 1795 ad
1402 1741 1620 1813 Moysen
1659 1754 1714 1798 et
1741 1745 1919 1798 Aaron

318 1827 516 1882 dicens
549 1844 562 1880 :
592 1827 805 1883 Homini
839 1828 926 1882 cui
949 1828 1090 1883 facta
1113 1830 1279 1887 fuerit
1304 1833 1359 1886 in
1400 1836 1651 1904 pellicula
1674 1838 1921 1906 carperis

2028 644 2096 697 tis
2126 660 2289 715 egens
2315 663 2326 697 :
2370 659 2530 713 quam
2561 659 2667 697 non
2690 654 2869 697 tamen
2900 652 3064 698 totam
3095 645 3251 698 nobis
3276 646 3342 699 ad
3376 646 3614 701 medium

2028 736 2253 789 deduxit
2295 738 2475 802 lectio,
2518 737 2611 789 sed
2650 747 2810 805 prout
2841 737 3059 790 auditus
3089 736 3414 805 suscipiens,
3441 754 3615 806 quau-

2031 833 2143 878 tum
2179 826 2435 889 habeant,
2482 835 2537 879 et
2560 827 2768 894 reliqua
2817 827 3060 880 veritatis
3088 826 3327 894 conjicit,
3356 837 3411 881 et
3435 829 3501 882 ad
3529 842 3615 882 sc-

2028 915 2321 983 metipsum
2351 916 2555 986 colligit
2581 927 2839 970 mentem.
2875 916 3063 985 Neque
3090 917 3236 970 enim
3273 933 3434 984 parva
3465 935 3616 987 qua).—

2026 999 2435 1055 libctdiscenda
2469 1015 2615 1065 sunt,
2652 1004 2744 1055 scd
2792 1019 3021 1072 quorum
3062 1019 3091 1055 a
3121 1002 3228 1056 Deo
3255 1005 3615 1072 praestolandu

2028 1094 2099 1147 sit
2126 1095 2375 1156 scicntia,
2410 1095 2503 1163 qui
2528 1096 2731 1149 nullius
2764 1096 2957 1150 horum
2996 1095 3202 1149 invidet
3222 1097 3612 1166 cognitionem,

2026 1193 2082 1240 et
2117 1186 2211 1255 qui
2241 1201 2421 1254 neque
2451 1202 2537 1250 ea,
2564 1202 2683 1255 quae
2719 1187 2941 1256 petitur,
2977 1187 3201 1256 indiget.
3230 1186 3344 1241 lloc
3374 1187 3615 1241 enimait

2024 1277 2263 1333 Iacobus
2301 1279 2370 1343 ⁷³,
2413 1279 2505 1347 qui
2545 1280 2756 1332 Domini
2807 1281 2976 1334 frater
3013 1289 3096 1333 est
3147 1280 3470 1350 appellatus,
3513 1281 3614 1333 ini-

2025 1367 2367 1435 properantis
2397 1382 2520 1420 esse
2552 1368 2852 1437 preprium,
2887 1378 3109 1437 propter
3156 1370 3298 1437 quod
3336 1369 3391 1421 iu
3436 1369 3613 1437 ipsum

2024 1458 2363 1512 conﬁdentes
2393 1498 2408 1520 ,
2447 1459 2717 1525 simulque
2759 1459 2812 1511 in
2848 1460 3025 1523 nobis;
3069 1460 3219 1512 dabit
3247 1459 3390 1512 enim
3413 1459 3467 1510 in
3506 1460 3612 1522 his,

2024 1567 2144 1619 qua:
2196 1550 2426 1605 dicenda
2470 1558 2616 1615 sunt,
2664 1551 2914 1619 gratiam.
2965 1551 3473 1619 Interpretationem
3529 1549 3610 1602 iu-

2025 1644 2311 1697 cboemus.
2329 1641 2582 1697 Ostendit
2601 1644 2748 1696 enim
2776 1659 2979 1701 sermo.
3011 1658 3076 1696 ex
3101 1653 3254 1712 parte
3286 1643 3508 1711 quidem
3536 1642 3622 1695 le-

2026 1751 2246 1806 prosum
2276 1734 2525 1791 Judmum
2559 1738 2842 1806 populum,
2887 1746 3077 1804 utpote
3123 1736 3179 1789 in
3230 1744 3385 1805 parte
3432 1743 3616 1788 trans-

2023 1844 2330 1897 gressorem
2363 1830 2517 1901 legis,
2559 1840 2783 1900 propter
2804 1830 2949 1900 quod
2966 1844 3091 1884 eum
3111 1830 3386 1894 sacerdos,
3411 1837 3473 1883 ut
3510 1828 3617 1880 im-

319 1921 448 1989 ejus
473 1920 701 1975 cicatrix
741 1920 1192 1992 signiﬁcationis,
1242 1925 1557 1997 τηλαυγὴς,
1599 1938 1695 1983 aut
1741 1928 1914 1997 αῠγα.
1951 1922 1991 1976 Β
2023 1921 2309 1984 mundum,
2344 1921 2571 1991 expellit
2606 1939 2619 1974 :
2665 1930 2777 1976 toto
2807 1931 2988 1975 autem
3035 1935 3266 1990 corpore
3314 1920 3613 1989 leprosum,

318 2026 461 2079 σμα,
486 2019 544 2064 et
581 2009 720 2064 facta
748 2010 914 2065 fuerit
942 2013 998 2066 in
1038 2014 1290 2083 pellicula
1330 2018 1576 2087 corporis
1615 2020 1734 2088 ejus
1769 2022 1918 2075 cica-

320 2100 429 2154 trix
473 2102 543 2155 ad
594 2103 865 2157 maculam
943 2105 1125 2175 leprzc,
1197 2118 1253 2162 et
1322 2112 1537 2165 venerit
1604 2113 1673 2167 ad
1730 2116 1910 2167 Aaron

323 2192 705 2261 sacerdotem,
782 2204 878 2249 aut
935 2215 1103 2253 unum
1185 2200 1421 2257 ﬁliorum
1469 2205 1590 2274 ejus
1657 2207 1911 2260 sacerdo-

320 2293 455 2349 tem,
487 2293 544 2337 et
569 2284 764 2339 viderit
789 2288 1044 2343 sacerdos
1092 2292 1358 2345 maculam
1417 2293 1470 2346 in
1513 2295 1763 2363 pellicula
1793 2314 1915 2350 cor-

315 2379 492 2448 poris,
551 2389 609 2436 ct
659 2382 828 2452 pilum
876 2384 930 2438 in
968 2389 1181 2443 macula
1232 2393 1525 2446 mutaverit
1579 2394 1785 2457 album,
1859 2403 1915 2449 et

316 2482 579 2541 aspectus
631 2475 861 2531 maeulre
908 2477 1169 2534 humilior
1223 2495 1255 2535 a
1308 2483 1563 2552 pellicula
1639 2486 1909 2554 corporis,

317 2563 534 2616 macula
568 2564 718 2634 lepra
751 2574 873 2619 est:
907 2576 962 2621 ct
1009 2567 1216 2624 videbit
1254 2574 1529 2639 sacerdos,
1572 2583 1626 2628 et
1648 2576 1915 2630 contami-

318 2654 476 2709 nabit
503 2669 654 2709 eum.
685 2655 739 2710 Si
763 2667 945 2712 autem
987 2659 1251 2731 αὕγασμα
1280 2665 1461 2719 album
1493 2666 1658 2723 fuerit
1704 2670 1759 2723 in
1799 2671 1915 2738 pel-

318 2742 482 2798 licula
509 2745 758 2813 corporis
791 2748 930 2817 ejus,
962 2759 1020 2805 et
1043 2750 1300 2807 humilior
1324 2770 1439 2808 non
1470 2755 1635 2811 fuerit
1663 2771 1916 2829 aspectus

318 2835 439 2903 ejus
454 2851 486 2890 a
501 2837 773 2906 pellicula,
798 2849 853 2895 et
868 2841 1011 2911 pilus
1036 2844 1156 2912 ejus
1176 2861 1282 2899 non
1302 2853 1845 2907 commutatusfuerit
1860 2853 1916 2907 in

317 2926 504 2983 album
529 2927 722 2998 pilum,
754 2930 871 3000 ipsa
901 2942 982 2988 est
1013 2934 1268 2990 obscura.
1295 2937 1916 3009 Etseparabitsaccrdos

318 3020 591 3075 maculam
615 3030 824 3093 septem
854 3024 1069 3089 diebus,
1102 3037 1157 3081 et
1178 3029 1378 3085 videbit
1405 3034 1658 3090 sacerdos
1688 3038 1917 3105 septima

318 3111 432 3176 die,
458 3121 517 3168 et
544 3128 676 3169 ecce
711 3117 924 3171 macula
958 3130 1244 3187 permanet
1275 3130 1463 3178 contra
1509 3140 1657 3194 eum,
1688 3143 1794 3181 non
1820 3129 1913 3184 de-

319 3205 470 3260 cidet
493 3206 706 3261 macula
745 3208 801 3262 in
835 3209 1107 3277 pellicula.
1137 3213 1200 3266 Et
1220 3215 1491 3283 separabit
1511 3232 1644 3272 eum.
1666 3222 1918 3276 sacerdos

2021 2012 2298 2080 gentilem,
2331 2013 2424 2080 qui
2457 2020 2624 2065 totam
2676 2012 3070 2083 transgreditur
3097 2012 3292 2082 legem.
3327 2009 3617 2066 Verumta-

2021 2117 2145 2154 men
2177 2102 2441 2156 mundum
2472 2117 2598 2157 eum
2622 2103 2877 2157 sacerdos
2910 2102 3139 2171 judicat,
3172 2103 3296 2172 quia
3328 2102 3460 2172 legis
3481 2100 3616 2171 jugo

2021 2195 2299 2264 subjectus
2320 2210 2430 2249 non
2454 2195 2578 2249 fuit.
2609 2194 2832 2267 Oportet
2848 2204 3047 2259 autem,
3069 2204 3128 2249 ut
3159 2204 3339 2249 tamen
3358 2195 3614 2259 arbitror,

2022 2287 2174 2357 prius
2192 2288 2700 2343 litterasdecurrere
2721 2287 3142 2357 expositionem.
3176 2288 3266 2342 Sic
3282 2288 3429 2341 enim
3450 2289 3614 2357 Spiri-

2025 2383 2184 2437 talem
2225 2383 2558 2437 intellectum
2598 2383 2741 2436 ultro
2769 2382 3122 2452 semetipsum
3153 2383 3489 2453 ingerentem
3525 2398 3615 2436 rc-

2020 2475 2298 2544 periemus
2323 2493 2336 2527 :
2357 2474 2644 2530 deﬁciente
2667 2475 2810 2529 circa
2832 2490 3043 2542 causas,
3070 2484 3124 2528 et
3163 2491 3335 2544 usque
3357 2476 3423 2530 ad
3450 2476 3615 2528 ﬁnem

2023 2581 2247 2622 sensum
2284 2583 2445 2622 suum
2488 2582 2742 2629 exserere
2770 2582 2880 2621 non
2904 2567 3119 2620 valente
3151 2567 3354 2628 littera,
3382 2566 3524 2619 sicut
3557 2565 3615 2617 in

2022 2659 2279 2728 prtesenti
2305 2659 2708 2729 cognoscimus.
2746 2659 2852 2735 Sed
2882 2659 3117 2728 primum
3156 2658 3277 2727 quis
3317 2657 3390 2712 sit
3409 2657 3502 2726 qui
3529 2656 3611 2710 le—

2023 2766 2143 2821 gem
2170 2751 2295 2816 fert,
2322 2762 2379 2804 et
2399 2751 2465 2805 ad
2486 2766 2648 2820 quem
2678 2749 2936 2819 proferat,
2967 2750 3330 2805 attendamus.

2095 2844 2323 2898 Locutus
2341 2854 2414 2897 est
2437 2844 2691 2897 Dominus
2732 2844 2802 2895 ad
2822 2843 3037 2911 Moysen
3061 2852 3109 2895 et
3147 2842 3346 2896 Aaron.
3381 2842 3614 2908 Quando

2024 2932 2264 3003 loquitur
2288 2935 2447 2996 Deus,
2470 2931 2669 3000 duplex
2695 2940 2780 2985 est
2805 2930 2978 2985 fidelis
3005 2931 3242 2985 auditus.
3273 2932 3415 2987 sicut
3446 2932 3617 2986 David
3644 2942 3659 2961 ‘

2025 3026 2289 3096 propheta
2317 3027 2395 3079 ait
2423 3045 2436 3078 :
2465 3023 2638 3079 Semel
2665 3024 2867 3078 locutus
2896 3033 2968 3078 cst
3004 3024 3157 3085 Deus,
3188 3025 3290 3077 duo
3316 3024 3427 3077 Itwc
3455 3026 3617 3077 audi-

2023 3121 2074 3175 vi
2100 3121 2165 3185 τι,
2220 3119 2457 3174 litteram
2487 3118 2756 3177 videlicet,
2790 3127 2844 3171 et
2870 3117 3138 3186 spiritum.
3179 3115 3316 3187 Ergo
3362 3118 3615 3186 spiritus,

2027 3223 2087 3268 ut
2125 3211 2426 3267 sublimiori
2472 3211 2636 3282 Moysi
2671 3229 2683 3264 :
2738 3211 2971 3264 litteram
3012 3216 3225 3274 autem,
3260 3217 3317 3262 ut
3368 3210 3617 3278 subjecto

319 3305 532 3366 septem
558 3298 753 3355 diebus
783 3302 1121 3366 secundo,et
1152 3304 1356 3361 videbit
1391 3310 1649 3365 sacerdos
1687 3306 1919 3382 septima
1950 3321 1993 3381 ρ
2028 3308 2205 3359 Aaron
2237 3304 2496 3374 loquitur;
2525 3304 2650 3373 quia
2693 3302 2837 3357 enim
2889 3302 3137 3356 sublimis
3163 3311 3281 3355 erat
3309 3301 3536 3372 Moyses,
3562 3310 3618 3357 et

324 3386 409 3442 die
460 3395 726 3455 secundo,
784 3399 839 3445 et
872 3406 1001 3447 ecce
1051 3394 1284 3450 obscura
1334 3399 1543 3453 macula
1593 3400 1759 3471 lepra.-
1811 3418 1922 3458 non

319 3478 529 3536 decidit
561 3484 615 3537 in
649 3483 924 3553 pellicula.
947 3484 1011 3540 Et
1056 3487 1346 3544 mundabit
1377 3506 1502 3545 cum
1527 3494 1783 3549 sacerdos
1803 3537 1816 3559 ,
1848 3496 1922 3550 si-

319 3573 605 3644 gniﬁcatio
632 3575 779 3629 enim
805 3585 911 3644 est,
941 3585 994 3632 et
1021 3576 1216 3634 lavans
1243 3581 1568 3636 vestimenta
1590 3584 1731 3652 ejus,
1764 3599 1922 3638 mun-

320 3667 426 3721 dus
445 3666 575 3721 crit.
610 3666 664 3720 Si
686 3677 869 3723 autem
917 3680 1254 3726 commutata
1286 3674 1490 3728 decidit
1513 3675 1837 3745 signiﬁcatio
1865 3678 1920 3732 in

319 3758 597 3827 pellicula,
634 3770 922 3830 postquam
946 3763 1144 3817 viderit
1171 3780 1300 3819 cum
1331 3768 1608 3834 sacerdos,
1639 3776 1697 3821 ut
1727 3784 1919 3823 emun-

318 3849 414 3904 det
453 3851 627 3918 illum,
659 3852 1007 3908 etvidebitur
1043 3856 1287 3917 secundo
1319 3854 1610 3924 sacerdoti,
1638 3867 1693 3913 et
1720 3860 1922 3916 videbit

318 3943 602 4008 sacerdos,
635 3952 690 3999 et
704 3960 834 4000 ecce
854 3946 1391 4020 deciditsigniﬁcatio
1423 3951 1475 4005 in
1508 3952 1668 4020 pelle,
1699 3960 1754 4006 et
1786 3968 1918 4008 con-

320 4036 611 4091 taminabit
639 4052 762 4091 eum
793 4039 1066 4101 sacerdos,
1106 4040 1253 4110 lepra
1286 4051 1390 4096 est.
1418 4042 1486 4096 Et
1514 4043 1725 4097 macula
1754 4045 1918 4114 lepra:

316 4126 362 4181 si
396 4126 565 4182 fuerit
603 4126 673 4182 ad
694 4131 875 4183 Aaron
914 4132 1276 4199 sacerdotem,
1307 4143 1361 4188 et
1400 4135 1605 4189 videbit
1634 4136 1914 4203 sacerdos,

317 4229 377 4273 et
400 4234 535 4274 ecce
573 4219 802 4274 cicatrix
831 4220 952 4274 alba
976 4223 1029 4275 in
1061 4223 1222 4291 pelle,
1256 4210 1451 4281 ethazc
1478 4228 1709 4282 mutabit
1742 4228 1913 4296 pilum

315 4311 504 4366 album
555 4328 586 4366 a
636 4326 771 4366 sano
808 4313 993 4367 carnis
1029 4315 1184 4370 virm.
1204 4314 1260 4370 Si
1300 4316 1730 4385 fueritcicatrix,
1764 4319 1914 4389 lepra

315 4407 625 4461 inveterata
682 4414 769 4460 est
816 4405 871 4460 in
914 4408 1055 4477 pelle
1117 4410 1364 4480 corporis
1409 4411 1551 4481 ejus.
1603 4413 1673 4466 Et
1721 4422 1915 4467 conta-

315 4498 553 4553 minabit
593 4512 719 4551 eum
756 4498 1035 4563 sacerdos,
1079 4509 1135 4554 et
1175 4501 1451 4571 separabit
1498 4518 1625 4556 eum
1668 4504 1762 4573 qui
1807 4504 1911 4558 im-

313 4591 562 4647 mundus
640 4598 744 4647 est.
812 4588 871 4647 Si
935 4600 1118 4647 autem
1191 4594 1397 4648 ﬂorens
1469 4593 1769 4650 effloruerit
1849 4594 1905 4649 in

2028 3408 2313 3467 propterea
2338 3397 2534 3465 dignus
2559 3396 2753 3464 spiritu
2785 3411 2798 3448 :
2826 3393 3079 3448 subditus
3106 3403 3287 3448 autem
3328 3394 3530 3459 Aaron,
3559 3402 3619 3449 et

2026 3499 2187 3557 aptus
2210 3487 2417 3541 auditui
2447 3486 2650 3555 populi,
2671 3485 2880 3556 egentis
2904 3485 3105 3550 littera,
3126 3485 3243 3554 ipso
3269 3485 3379 3539 Deo
3396 3486 3617 3543 dicente

2024 3580 2091 3633 de
2120 3582 2295 3632 Aaron
2325 3578 2391 3633 ad
2422 3578 2634 3649 Moysen
2666 3594 2680 3630 :
2722 3578 2841 3646 Ipse
2865 3576 3109 3647 loquetur
3145 3578 3217 3630 ad
3252 3577 3525 3646 populum,
3554 3583 3607 3629 et

2023 3671 2133 3738 ipse
2149 3671 2249 3724 erit
2267 3686 2322 3724 os
2346 3679 2515 3732 tuum,
2535 3679 2591 3722 tu
2613 3679 2790 3722 autem
2815 3669 2861 3721 ei
2884 3669 2988 3721 eris
3010 3669 3062 3721 in
3088 3669 3189 3732 his,
3208 3684 3326 3738 qua
3347 3670 3416 3723 ad
3444 3670 3615 3725 Deum

2023 3763 2279 3831 pertinent
2320 3763 2386 3816 ⁷⁵.
2421 3760 2559 3831 Ergo
2605 3760 2747 3829 quod
2773 3768 2889 3814 erat
2935 3759 3069 3829 legis
3096 3760 3374 3826 excelsus,
3410 3760 3514 3817 hoc
3539 3763 3610 3817 ad

2024 3856 2243 3926 Moysen
2271 3855 2576 3921 dicebatur,
2609 3855 2729 3924 ipse
2756 3853 2959 3923 quippe
2988 3853 3226 3907 habebat
3250 3869 3334 3915 ea,
3380 3869 3504 3922 quas
3541 3854 3612 3908 ad

2022 3947 2190 4001 Deum
2221 3946 2590 4017 pertinebant.
2613 3945 2666 4000 id
2697 3953 2799 4006 est,
2824 3959 2886 3998 ea
2904 3958 3027 4013 quae
3047 3944 3433 4011 suntspiritus.
3454 3943 3612 4010 Quod

2019 4049 2199 4094 autem
2213 4047 2329 4092 erat
2353 4038 2680 4107 subjectum,
2706 4046 2758 4092 et
2782 4037 3058 4094 humilius.
3083 4037 3185 4091 hoc
3200 4037 3266 4091 ad
3285 4036 3612 4107 Aaron.ipse

2018 4131 2167 4187 enim
2196 4128 2394 4201 Moysis
2420 4138 2539 4185 erat
2564 4145 2626 4185 os
2654 4129 2721 4184 ad
2764 4130 3052 4199 populum;
3091 4129 3262 4200 legem
3303 4131 3610 4185 secundum

2017 4225 2253 4279 litteram
2279 4223 2655 4293 accipientem,
2683 4237 2844 4292 quam
2871 4230 2926 4276 et
2953 4220 3179 4290 primam
3207 4236 3308 4275 nos
3337 4235 3613 4290 exponere

2016 4308 2391 4381 promisimus.
2418 4309 2605 4377 Lepra:
2627 4322 2755 4378 ergo
2771 4306 3001 4376 species,
3018 4314 3113 4359 aut
3133 4305 3297 4359 nimis
3312 4312 3405 4359 aut
3431 4307 3614 4361 mode-

2016 4411 2133 4465 rate
2160 4401 2390 4457 obscura
2418 4409 2520 4464 est,
2550 4409 2607 4455 et
2632 4398 3034 4468 quodammodo
3073 4396 3420 4461 obumbrata,
3444 4406 3502 4452 et
3526 4397 3614 4451 in-

2017 4495 2175 4549 terim
2204 4494 2415 4549 occulta
2450 4493 2553 4548 sub
2587 4492 2748 4563 pelle,
2785 4491 3019 4546 necdum
3055 4489 3450 4546 effervescente
3487 4506 3612 4561 pas-

2016 4585 2188 4650 sione,
2204 4585 2557 4654 quamobrem
2576 4592 2632 4637 et
2650 4583 2818 4636 nimia
2835 4581 3044 4652 indiget
3062 4580 3475 4635 deliberatione.
3490 4580 3610 4636 Alia

309 4685 458 4753 pelle
501 4685 677 4756 lepra,
713 4698 770 4743 et
807 4688 1086 4758 operuerit
1119 4702 1339 4741 omnem
1371 4687 1567 4756 pellem
1598 4686 1848 4751 maculas,
1876 4702 1908 4741 a
1940 4661 1987 4720 ί)
2012 4686 2194 4731 διηθηὶ
2241 4677 2451 4746 δρθοίθε
2499 4675 2620 4745 eius
2674 4682 2779 4741 θείς
2840 4689 2963 4744 (lim
3022 4672 3186 4727 ηίιυίε
3235 4672 3382 4728 Clara
3421 4681 3526 4739 εει,
3555 4682 3613 4727 ει

308 4778 497 4847 capite
526 4781 786 4849 usquead
826 4782 1014 4852 pedes,
1054 4795 1151 4850 per
1180 4787 1355 4833 totum
1386 4779 1561 4833 visum
1588 4779 1909 4844 sacerdotis,

312 4881 371 4927 et
392 4872 603 4928 videbit
639 4875 914 4938 sacerdos,
945 4882 1001 4928 et
1035 4888 1163 4927 ecce
1192 4870 1476 4941 cooperuit
1504 4870 1654 4940 lepra
1690 4885 1910 4926 omnem

312 4963 513 5031 pell=-m
555 4963 822 5033 corporis.
850 4964 910 5017 Et
930 4963 1214 5017 mundabit
1244 4977 1369 5016 eum
1396 4962 1652 5016 sacerdos
1670 4977 1701 5015 τι
1724 4976 1912 5016 macu-

312 5055 386 5120 la,
414 5054 543 5123 quia
581 5064 749 5109 totam
782 5056 1139 5109 commutavit
1166 5054 1224 5107 in
1259 5054 1406 5117 albo,
1442 5054 1681 5108 mundus
1711 5063 1813 5107 est.
1849 5054 1916 5108 Et

311 5162 646 5216 quacunque
675 5147 763 5201 die
791 5148 1108 5217 apparuerit
1134 5146 1187 5199 in
1216 5160 1282 5201 eo
1317 5160 1519 5215 corpus
1542 5145 1748 5208 vivum,
1780 5160 1915 5200 con-

315 5239 625 5293 taminabit.
688 5238 756 5293 Et
807 5240 1011 5294 videbit
1050 5238 1303 5293 sacerdos
1343 5253 1545 5307 corpus
1570 5252 1787 5302 sanum,
1813 5237 1914 5289 im-

315 5332 555 5386 mundus
599 5342 705 5397 est,
752 5332 898 5402 lepra
922 5344 1025 5386 est.
1069 5330 1125 5385 Si
1173 5340 1354 5385 autem
1397 5331 1709 5384 restitutum
1749 5330 1916 5383 fuerit

310 5439 518 5494 corpus
551 5439 770 5489 sanum,
797 5433 852 5478 ct
883 5418 1279 5479 commutatum
1324 5423 1487 5477 fuerit
1517 5422 1572 5474 in
1618 5421 1824 5483 album,
1860 5429 1914 5474 et

314 5518 506 5573 veniet
537 5519 605 5574 ad
656 5518 1020 5581 sacerdotem,
1066 5516 1343 5571 (διγὶἀρὺίι
1385 5531 1508 5569 eum
1545 5515 1822 5577 sacerdos,
1853 5521 1907 5566 ct

315 5623 449 5665 ecce
476 5617 809 5664 commutata
828 5619 914 5664 est
931 5610 1140 5662 macula
1159 5609 1280 5677 ejus
1308 5608 1362 5661 in
1392 5608 1594 5670 album,
1622 5603 1908 5659 mundabit

316 5704 577 5760 sacerdos
610 5704 900 5766 maculam,
931 5712 984 5758 ct
1014 5703 1251 5757 mundus
1282 5702 1406 5756 erit.
1449 5720 1466 5751 ι

388 5795 669 5851 Profunda
694 5802 795 5859 est,
817 5795 955 5850 sicut
974 5794 1183 5857 cernis,
1200 5794 1305 5859 lex,
1328 5802 1509 5848 etnon
1535 5790 1709 5846 solum
1734 5791 1911 5844 verbis

387 5955 436 5989 ”
459 5952 577 6010 Jac.
610 5970 649 6021 ι,
685 5954 735 6022 5,
768 5954 823 6008 ϐ.
926 5953 969 5984 ⁷³
995 5951 1135 6006 l’sal.
1164 5966 1271 6019 LXI,
1310 5950 1394 6004 l2.

1497 5948 1543 5981 ⁷⁵
1606 5946 1772 6003 Exad.
1809 5961 1880 6011 tv,
1916 5945 1999 5999 l6.

2013 4769 2173 4823 valde
2218 4767 2530 4838 perspicua,
2575 4765 2649 4821 ita
2698 4774 2759 4821 ut
2808 4765 3038 4835 simplex
3066 4766 3158 4829 sit,
3201 4776 3257 4820 et
3297 4775 3486 4835 aperta
3515 4780 3610 4821 co—

2016 4862 2210 4934 guitio.
2262 4859 2336 4914 Ex
2384 4860 2471 4915 his
2522 4860 2754 4929 primam
2808 4857 3048 4927 speciem
3103 4857 3464 4935 Septuaginta
3515 4873 3609 4914 se-

2017 4956 2257 5011 cundum
2322 4968 2461 5024 quos
2533 4968 2674 5023 pene
2735 4962 2882 5007 totus
2926 4951 3016 5006 hic
3055 4968 3254 5007 sensus
3298 4953 3607 5009 secundum

2019 5049 2256 5103 litteram
2293 5046 2605 5118 exponitur,
2650 5044 2960 5100 cicatricem
3005 5043 3425 5115 signiﬁcationis
3453 5055 3606 5100 recte

2015 5138 2448 5208 appellaverunt,
2486 5135 2539 5190 id
2579 5143 2687 5199 est,
2719 5133 3054 5199 cicatricem,
3092 5134 3402 5204 passionem
3435 5133 3607 5205 signi-

2016 5232 2290 5285 ﬁcantem.
2350 5227 2408 5281 ln
2457 5228 2594 5282 duas
2634 5233 2816 5281 autem
2868 5235 3055 5295 partes
3096 5228 3258 5291 hanc,
3309 5225 3362 5279 id
3414 5235 3516 5289 est,
3548 5225 3604 5279 in

2014 5325 2180 5379 nimis
2211 5321 2588 5385 dubitabilem,
2619 5328 2675 5374 et
2715 5320 2771 5373 in
2798 5321 2980 5374 minus
3008 5320 3365 5375 dubitandum
3397 5319 3603 5374 divise.

2017 5427 2163 5471 runt.
2211 5414 2290 5469 Ex
2331 5414 2533 5484 quibus
2567 5427 2735 5467 unam
2767 5412 3070 5483 τηλαυγὴν,
3105 5411 3266 5465 aliam
3295 5421 3481 5465 autem
3507 5426 3605 5481 ap.

2017 5511 2358 5580 pellaverunt
2411 5505 3007 5577 αΰγασμα·τηλαυγὴν
3038 5504 3300 5575 quidem,
3357 5504 3483 5573 quia
3535 5504 3605 5560 de

2018 5605 2176 5674 longe
2198 5602 2445 5659 videatur
2470 5618 2483 5654 :
2523 5598 2786 5668 αὕγασμα
2809 5607 3012 5663 autem,
3045 5595 3173 5666 quia
3212 5595 3376 5651 nimis
3403 5596 3605 5651 obscu-

2019 5713 2077 5750 ra
2108 5704 2211 5760 est,
2255 5707 2587 5766 parvamque
2632 5691 2797 5746 habet
2830 5690 3099 5761 passionis
3146 5686 3600 5755 insinuationem,

2023 5800 2078 5845 ct
2141 5789 2283 5843 hanc
2327 5785 2722 5848 dubitabilcm,
2788 5794 2849 5839 ut
2919 5782 3148 5855 proximi
3209 5782 3604 5853 disceptatione
