3992 6400
489 373 552 439 31
1652 371 2016 436 HESYCHII
2068 377 2547 442 PRESBYTERI

3632 392 3733 457 932

452 495 629 562 egeat,
683 493 954 560 quatenus
1002 492 1061 543 et
1089 485 1212 541 luce
1240 481 1515 555 passionis
1546 482 1605 539 bi
1644 486 1740 554 qui
1763 486 2035 554 judicant,
2069 493 2113 548 Δ
2144 490 2328 557 solvit,
2367 502 2422 547 et
2466 493 2559 563 qui
2588 493 2786 549 debeat
2827 510 2857 550 a
2890 495 3007 568 lege
3048 497 3247 553 mereri
3277 499 3733 570 misericordiam,

451 581 597 636 sicut
624 579 677 633 hi
703 579 797 649 qui
836 576 1045 648 lapides
1074 575 1374 646 inspiciunt
1409 574 1699 644 pretiosos,
1728 580 1947 645 egeant.
1980 574 2036 630 In

452 673 556 727 hac
596 672 915 741 frequenter
964 670 1121 739 jubet
1167 665 1506 723 sacerdotem
1568 667 1942 729 considerare,
1983 674 2040 721 et

450 778 562 817 non
591 763 816 816 credere
857 759 1300 823 obvementihus,
1334 758 1448 814 sive
1473 760 1893 814 occurrentibus
1924 760 2036 830 pri-

451 870 555 907 nne
594 853 934 923 probationis
979 851 1313 922 aspectibus.
1365 850 1557 904 Sedet
1594 851 1639 906 si
1670 852 2039 908 consideratio

450 942 718 997 cicatricis
759 943 990 997 necdum
1043 951 1305 1011 appareat
1354 941 1613 995 humilior
1659 942 1822 1011 pelle,
1857 958 2039 1013 neque

449 1035 507 1089 in
552 1035 670 1088 loco
718 1035 860 1103 pilus
906 1042 1277 1088 commutatus
1317 1049 1347 1087 a
1380 1034 1637 1104 passione
1666 1036 1823 1090 albus
1861 1036 2039 1091 factus

448 1125 632 1187 fuerit,
656 1134 864 1194 septem
899 1132 1079 1179 tamen
1108 1125 1227 1179 dies
1254 1125 1596 1194 separabitur
1620 1125 1688 1180 ad
1718 1126 1878 1180 aliam
1906 1142 2040 1181 con-

447 1217 856 1281 siderationem,
887 1227 942 1271 et
975 1232 1167 1271 rursus
1200 1217 1335 1271 alios
1363 1226 1576 1286 septem
1613 1218 1731 1272 dies
1760 1239 1770 1274 :
1808 1219 2039 1275 forsitan

445 1307 590 1361 enim
627 1307 1020 1361 ell'ervescente
1064 1322 1161 1375 per
1210 1315 1427 1377 tempus
1466 1307 1755 1376 passione,
1803 1310 2038 1365 manife-

445 1400 580 1453 stior
614 1399 838 1453 morbus
884 1398 1137 1453 ellicitur.
1171 1398 1535 1453 Permanente
1582 1408 1764 1454 autem
1805 1402 2038 1456 obscura

446 1493 724 1556 cicatrice,
772 1501 830 1546 et
873 1492 1021 1545 nulla
1053 1491 1193 1546 facta
1244 1492 1301 1546 in
1331 1492 1472 1562 pelle
1496 1493 1925 1562 permutatione,
1959 1494 2038 1548 si-

445 1586 854 1656 gnificationem
881 1586 1038 1652 dixit,
1080 1600 1191 1640 non
1225 1596 1408 1641 autem
1430 1587 1640 1656 lopram
1667 1587 2034 1653 manifestam,

445 1694 570 1734 cum
608 1694 716 1748 qua
763 1678 1221 1749 significationem
1272 1693 1385 1741 non
1424 1679 1686 1741 subdidit,
1719 1680 2038 1734 custodiens

444 1786 563 1826 eam
591 1772 673 1824 his
702 1771 793 1840 qui
820 1772 1120 1826 secundum
1160 1770 1413 1841 spiritum
1449 1770 1727 1839 accipiunt
1759 1771 1953 1841 legem,
1983 1781 2037 1825 et

2143 582 2403 650 punitur:
2431 600 2669 654 cumque
2695 586 2893 657 dignus
2920 598 3067 643 esset
3091 591 3298 645 auxilio
3333 601 3559 663 propter
3587 595 3738 649 inﬁr-

2142 673 2411 737 mitatem,
2460 676 2565 730 hoc
2592 685 2763 741 caret,
2792 680 3191 752 subjiciturqne
3219 700 3398 739 noxae.
3425 685 3529 751 Qui
3557 687 3602 741 si
3642 704 3739 756 po-

2144 764 2337 819 tuisset
2385 767 2663 834 resistere,
2702 786 2980 841 nunquam
3011 774 3063 828 ei
3097 777 3477 843 prati/aluisset
3504 778 3740 834 infirmi-

2142 864 2263 910 tas:
2304 860 2508 928 quique
2552 864 2910 931 reprehendit
2954 876 3233 931 naturam,
3282 871 3442 938 cujus
3484 886 3609 925 esse
3652 889 3740 926 ar-

2140 948 2377 1003 bitratur
2405 954 2761 1009 accedentem
2798 958 3128 1025 molestiam,
3155 969 3211 1013 et
3260 977 3368 1015 non
3409 962 3737 1018 intentionis

2140 1049 2236 1093 ant
2275 1042 2576 1099 voluntatis
2621 1059 2754 1100 suae.
2807 1047 2947 1114 Quid
2992 1051 3139 1104 enim
3174 1063 3387 1120 ageret,
3439 1055 3587 1109 utin
3634 1058 3738 1112 hoc

2139 1147 2251 1187 non
2306 1134 2572 1192 incideret
2643 1141 2872 1195 morbo?
2925 1142 3033 1197 Sed
3082 1142 3159 1198 ait
3208 1145 3479 1216 quispiam
3529 1153 3737 1217 peccati

2140 1221 2462 1288 vindictam,
2512 1226 2596 1280 vel
2654 1243 2874 1297 pcenam
2919 1245 3043 1286 esse
3091 1232 3234 1289 hanc
3290 1237 3607 1304 passionem
3639 1258 3652 1293 :
3684 1252 3739 1297 et

2139 1311 2376 1402 primum
2421 1315 2642 1384 quidem
2678 1318 2981 1386 Mariam",
3012 1323 3212 1379 deinde
3242 1324 3432 1382 Oxiam
3454 1329 3497 1361 ’⁷⁷
3537 1347 3740 1402 prepo-

2140 1401 2223 1455 nit
2250 1420 2264 1456 :
2296 1419 2529 1472 quorum
2558 1406 2645 1463 illa
2669 1410 2888 1479 quidem
2925 1413 3077 1468 fratri
3115 1416 3384 1485 detraxit;
3405 1420 3497 1476 ille
3522 1401 3734 1485 autem.

2139 1496 2270 1551 dum
2317 1509 2465 1554 esset
2508 1517 2624 1567 rex,
2681 1503 2968 1561 incensum
3018 1508 3224 1565 inferre
3271 1518 3627 1586 praesumpsit
3682 1520 3737 1573 in

2138 1591 2377 1646 sanctis:
2438 1593 2569 1649 solis
2619 1597 2845 1668 ,quippe
2901 1599 3006 1655 hoc
3066 1604 3454 1662 sacerdotibus
3517 1609 3735 1675 licebat,

2137 1690 2302 1752 atque
2320 1684 2444 1740 ideo
2467 1702 2574 1742 non
2603 1689 2892 1746 difl‘erente
2920 1691 3032 1751 Deo
3055 1710 3275 1765 poenam
3299 1713 3514 1765 eorum,
3537 1701 3736 1773 leprosi

2138 1774 2325 1831 ell‘ecti
2377 1786 2526 1833 sunt.
2583 1781 2727 1852 Ergo
2782 1786 3091 1854 oportebat,
3150 1800 3211 1844 ut
3258 1793 3361 1845 hoc
3413 1805 3604 1863 aperte
3650 1798 3738 1853 lex

443 1864 536 1931 qui
596 1863 740 1931 quod
808 1862 990 1915 minus
1045 1870 1148 1923 est,
1209 1861 1295 1914 vel
1339 1860 1530 1931 magis,
1563 1860 1717 1924 latet,
1770 1860 2034 1925 revelare,
2074 1879 2115 1935 Β
2141 1863 2349 1921 diceret
2377 1869 2445 1923 ad
2469 1873 2840 1928 excusandum
2876 1875 3263 1947 legislaturem,
3291 1860 3487 1938 contra
3521 1901 3619 1941 eos
3643 1888 3737 1955 qui

443 1964 607 2024 atque
645 1955 848 2009 addere
900 1962 1135 2024 possunt
1159 1951 1598 2021 eontemplativis
1622 1951 2037 2022 interpretatio-

443 2049 607 2101 nibus
635 2047 882 2117 spiritus.
912 2045 1302 2100 Verumtamen
1333 2059 1448 2098 non
1478 2043 1686 2097 malum
1706 2057 1832 2097 esse
1871 2042 2038 2096 nimis

443 2140 895 2209 signiﬁcationem
957 2136 1503 2192 manifestaverunt:
1569 2150 1696 2189 nam
1763 2135 2039 2205 quomodo

443 2232 737 2284 mundatus
787 2236 906 2282 erat
969 2226 1248 2289 sacerdos,
1297 2225 1351 2280 id
1406 2234 1511 2291 est,
1540 2224 1835 2283 habentem
1874 2239 2037 2278 mun-

439 2324 567 2377 dum
601 2321 1043 2383 denuntiaturus,
1096 2318 1190 2387 qui
1231 2332 1579 2388 nequaquam
1630 2317 1798 2387 hujus
1826 2324 2033 2387 egeret,

440 2415 487 2468 si
525 2429 592 2467 ex
638 2422 753 2467 toto
786 2411 982 2465 fuisset
1010 2409 1145 2463 liber
1177 2407 1200 2459 ?
1247 2407 1479 2477 Propter
1505 2406 1653 2476 quod
1679 2422 1800 2461 eam
1833 2407 2036 2460 obscu-

440 2522 554 2560 ram
603 2505 917 2576 appellavit,
955 2518 1061 2556 nec
1100 2516 1295 2555 rursus
1326 2501 1473 2555 inter
1507 2499 1711 2554 munda
1742 2511 1865 2569 post
1887 2499 2037 2569 judi-

438 2599 583 2653 cium
626 2599 671 2652 si
712 2596 851 2651 mala
872 2595 1090 2659 fuisset,
1140 2592 1428 2663 cujusdam
1473 2590 1749 2661 passionis
1785 2590 1927 2645 facta
1953 2598 2038 2645 est

438 2688 787 2761 significatio.
834 2688 890 2741 Si
922 2672 1113 2740 autem
1157 2685 1237 2739 sic
1285 2685 1497 2738 habens
1544 2683 1797 2738 incidens
1826 2684 2034 2754 signiti-

437 2784 581 2840 catio
634 2783 690 2835 in
737 2780 1009 2851 pellicula,
1060 2778 1114 2832 id
1146 2786 1250 2842 est,
1284 2776 1330 2829 si
1375 2775 1551 2831 ell‘usa
1598 2774 1785 2837 fuerit.
1824 2784 1880 2830 et
1910 2777 2034 2846 plus

398 2869 600 2946 'quam
648 2874 800 2944 prius
850 2872 1012 2926 latior
1065 2871 1124 2924 in
1171 2868 1426 2939 pellicula
1457 2868 1805 2938 processerit,
1836 2877 2033 2922 etnon

436 2970 758 3022 immutatus
803 2965 967 3019 fuerit
1016 2963 1180 3033 pilus,
1235 2962 1341 3016 hoc
1385 2961 1533 3016 enim
1569 2960 1659 3015 hic
1697 2975 1808 3014 non
1841 2974 2032 3030 repre-

434 3055 649 3120 hendit,
689 3052 881 3124 polluit
924 3066 1051 3107 eum
1097 3052 1375 3118 sacerdos,
1421 3051 1628 3120 lepram
1667 3065 1789 3105 esse
1818 3050 2031 3120 passio-

433 3162 561 3201 nem
594 3147 870 3216 judicans,
907 3144 1078 3214 ipsius
1116 3142 1336 3213 quidem
1377 3142 1690 3214 cognitione
1718 3142 2026 3209 dubitabili,

2140 1973 2266 2012 eum
2315 1968 2508 2029 putant
2556 1963 2758 2034 injuste
2781 1966 2849 2021 de
2877 1967 3108 2037 leprosis
3134 1972 3375 2040 sancire,
3410 1984 3472 2030 et
3505 1993 3614 2033 non
3651 1996 3740 2034 Su-

2140 2051 2251 2105 lum
2296 2053 2399 2108 hoc
2438 2054 2507 2109 de
2556 2055 2810 2127 leprosis,
2856 2060 2952 2114 sed
2984 2071 3042 2115 et
3073 2061 3141 2117 de
3186 2062 3273 2119 his
3294 2066 3389 2134 qui
3421 2067 3741 2126 vulneratos

2155 2144 2358 2199 habent
2406 2148 2601 2203 oculos
2647 2164 2744 2204 seu
2796 2151 3047 2217 auditus,
3095 2165 3191 2210 aut
3236 2159 3476 2228 reliquos
3520 2176 3740 2227 sensus,

2141 2236 2378 2306 aliisque
2423 2238 2674 2306 infirmis,
2708 2250 2764 2297 et
2809 2243 3117 2315 paralyticis
3166 2249 3547 2307 aestimabitur.
3584 2252 3740 2319 Quod

2139 2327 2504 2382 manifestum
2535 2336 2709 2385 estex
2748 2347 2815 2386 eo
2847 2335 2993 2402 quod
3027 2335 3281 2407 discipuli
3314 2353 3519 2397 caecum
3545 2359 3574 2397 a
3602 2346 3745 2398 nati-

2138 2419 2309 2474 vitate
2347 2420 2620 2486 videntes,
2660 2421 2948 2479 Dominum
2997 2426 3403 2500 interrogantes
3434 2433 3735 2490 dicebant:

2136 2509 2327 2577 Rabbi,
2379 2514 2495 2583 quis
2524 2516 2783 2582 peccauit,
2821 2517 2926 2584 hic,
2968 2529 3062 2572 aut
3097 2533 3344 2590 parentes
3370 2526 3506 2596 ejus,
3544 2538 3602 2581 ut
3638 2546 3743 2584 crr—

2140 2618 2229 2656 cus
2262 2607 2661 2661 nasceretur”?
2694 2606 2775 2662 Tu
2809 2621 2990 2665 autem
3017 2613 3153 2668 mihi
3185 2631 3297 2671 non
3331 2619 3536 2675 relidas
3575 2622 3742 2677 Chri-

2137 2694 2202 2746 sti
2261 2698 2684 2768 responsionem
2740 2702 2934 2757 scienti
2998 2707 3264 2775 quidem,
3318 2713 3415 2767 sed
3462 2718 3743 2784 quomodo

2136 2787 2290 2841 multi
2331 2789 2566 2846 habeant
2593 2793 2663 2848 de
2689 2796 3056 2864 passionibus,
3090 2816 3214 2869 quae
3256 2805 3419 2860 nobis
3447 2810 3740 2876 eveniunt,

2134 2883 2423 2949 quaerenti.
2470 2884 2577 2941 Sed
2615 2897 2671 2943 et
2701 2889 2817 2960 ipse
2871 2892 3140 2950 Dominus
3178 2914 3192 2951 :
3244 2898 3609 2959 Dimittuntur
3645 2908 3740 2961 tibi

2134 2986 2372 3045 peccata,
2427 2978 2618 3034 volens
2678 2982 2889 3053 erigere
2934 2987 3319 3057 paralyticum,
3369 2994 3532 3048 dixit.
3584 2996 3779 3052 Sicut-

2133 3084 2266 3138 ergo
2296 3068 2407 3125 Deo
2443 3072 2692 3142 odibiles,
2726 3076 2891 3132 etiam
2920 3079 3021 3136 hos
3046 3081 3116 3136 de
3148 3085 3500 3144 tabernaculo
3538 3093 3742 3161 expelli

2134 3162 2441 3229 oportebat.
2473 3174 2529 3218 et
2556 3164 2824 3233 injustitia
2856 3170 2991 3225 levis
3018 3182 3326 3240 putaretur,
3357 3179 3402 3231 si
3440 3180 3530 3234 alii
3565 3184 3737 3239 simul

436 3247 627 3308 utpote
679 3238 915 3292 obscura
963 3236 1262 3336 etsistcnle
1323 3234 1600 3340 cicalti‘ce-
1655 3234 1792 3340 A123
1844 3244 2026 3340 all'l'e'."
2058 3233 2099 3290 (ἶ
2133 3250 2462 3320 injustitiam
2511 3256 2844 3324 potirentur.
2893 3260 2949 3316 Si
2981 3233 3167 3320 autem
3201 3233 3363 3333 dicis,
3392 3233 3740 3340 quia

434 3328 758 3385 exsistente.
805 3336 860 3380 et
901 3325 1135 3379 similem
1165 3324 1420 3378 mittente
1445 3324 1617 3394 pilum
1648 3324 1795 3394 pelli,
1836 3323 2032 3394 polluit

436 3419 586 3475 hunc
613 3418 889 3484 sacerdos,
913 3426 970 3472 et
997 3415 1340 3470 immundum
1368 3416 1493 3485 ejici
1525 3415 1790 3485 praecipit,
1812 3415 2029 3470 etiamsi

434 3512 601 3566 fuerit
634 3526 761 3581 pars
808 3509 1079 3564 cicatricis
1118 3523 1273 3575 sana,
1323 3516 1380 3563 et
1417 3522 1641 3563 carnem
1695 3509 1902 3563 habens
1950 3507 2031 3563 vi-

432 3610 675 3667 ventem,
727 3602 783 3656 id
811 3610 918 3665 est,
951 3600 1055 3655 sub
1089 3601 1346 3671 passione
1390 3600 1555 3670 lepra:
1595 3615 1707 3655 non
1758 3598 2030 3655 constitu-

432 3705 566 3754 tam.
605 3694 777 3767 Cujus
809 3706 993 3752 autem
1023 3696 1101 3751 rei
1137 3695 1345 3750 causa?

503 3787 641 3853 Quia
673 3787 842 3856 lepra,
863 3785 1059 3856 inquit,
1087 3786 1378 3839 inveterata
1397 3793 1493 3839 est.
1524 3784 1919 3841 Admirandum
1946 3794 2030 3840 est

432 3879 559 3944 hoc.
604 3878 945 3947 nimiamque
984 3876 1317 3947 imperitiam
1364 3877 1451 3932 vel
1500 3877 1672 3948 magis
1726 3878 2028 3947 reprehen-

430 3973 642 4028 sionem
696 3970 851 4041 legali
900 3970 1154 4039 ingerens
1201 3969 1421 4033 litterae,
1470 3969 1618 4024 unde
1649 3970 1799 4024 enim
1838 3970 2029 4025 debuit

429 4061 687 4117 sanabilis
730 4061 987 4115 arbitrari
1038 4060 1243 4130 passio,
1277 4060 1331 4115 id
1362 4068 1466 4125 est,
1510 4075 1582 4115 ex
1609 4060 1735 4115 vivo
1772 4074 2026 4130 corpore,

427 4156 660 4225 vivaque
685 4168 885 4209 carne:
917 4153 1069 4208 illinc
1094 4153 1240 4208 illam
1272 4154 1444 4225 magis
1473 4153 1754 4223 desperat,
1790 4152 2028 4223 lepramt

427 4261 534 4316 que
577 4247 938 4301 inveteratam
972 4244 1105 4300 dicit
1138 4245 1300 4313 Deus,
1348 4246 1411 4307 id
1433 4253 1539 4307 est,
1574 4259 1687 4298 non
1722 4244 2025 4299 sanabilem

428 4355 523 4393 seu
546 4338 643 4394 diu
682 4344 1020 4399 manentem,
1059 4346 1116 4391 et
1144 4336 1303 4406 quasi
1335 4335 1605 4405 passionis
1643 4343 2024 4409 senescentem

427 4431 569 4485 loco.
603 4431 678 4484 De
713 4431 814 4485 hac
845 4444 903 4485 re
948 4445 1142 4485 rursus
1175 4432 1280 4485 hoc
1309 4429 1457 4500 quod
1492 4427 1747 4505 sequitur
1774 4428 2025 4484 invenies

422 4522 753 4576 obscurius:
784 4521 911 4591 quia
973 4536 1097 4576 eum
1133 4521 1225 4591 qui
1284 4530 1398 4576 toto
1453 4519 1703 4589 leprosos
1738 4528 1847 4599 _est
1899 4534 2023 4574 cor-

426 4624 579 4682 pore,
620 4622 677 4668 et
697 4628 728 4667 a
759 4613 989 4682 pedibus
1030 4626 1202 4681 usque
1228 4611 1296 4665 ad
1327 4620 1492 4681 caput
1517 4595 1751 4680 opertus
1797 4611 2016 4676 morbo,
2052 4595 2096 4650 υ

423 4705 630 4761 munda
662 4704 833 4761 teneri
881 4705 1054 4777 lepra,
1101 4704 1204 4759 hoc
1222 4704 1292 4759 de
1323 4718 1392 4758 eo
1424 4702 1708 4774 judicante
1737 4703 2022 4759 sacerdote

420 4798 559 4852 vult.
1684 4782 1756 4792 Ἠ
1776 4788 1817 4794 ”

490 4886 550 4944 Si
585 4896 764 4943 autem
791 4888 851 4942 in
883 4903 945 4941 eo
984 4887 1153 4941 visum
1184 4885 1344 4957 fuerit
1382 4885 1674 4956 aliquando
1711 4906 1902 4962 corpus
1934 4891 2015 4945 vi-

419 4994 562 5043 vens,
587 4990 791 5035 revocat
810 4980 1053 5033 sacerdos
1067 4978 1331 5048 judicium
1358 4995 1514 5032 suum
1543 4994 1562 5033 :
1588 4989 1638 5034 et
1663 4982 1848 5050 polluit
1871 5000 2011 5037 eum.

421 5072 481 5127 Si
518 5082 700 5127 autem
739 5080 1035 5126 remutatus
1068 5070 1227 5141 fuerit
1274 5070 1331 5123 ir.
1379 5070 1560 5125 album
1591 5113 1608 5138 ,
1646 5084 1695 5128 et
1725 5085 1835 5129 tota
1862 5077 2013 5146 pellis

419 5163 490 5217 ad
534 5163 834 5233 passionem
880 5163 1041 5231 leprae
1081 5161 1348 5216 translata
1397 5164 1578 5233 fuerit.
1624 5168 1847 5221 mundat
1893 5184 2012 5223 eum

417 5254 684 5315 sacerdos,
729 5255 814 5309 cui
858 5255 1108 5325 judicare
1143 5264 1466 5324 pra'ceptum
1515 5266 1611 5310 est.
1661 5257 1714 5311 Si
1747 5269 2013 5315 autemet

419 5343 537 5400 haec
582 5354 730 5401 recte
763 5346 911 5401 dicta
958 5355 1111 5411 sunt,
1167 5347 1420 5415 quamvis
1474 5348 1578 5402 hoc
1618 5364 1783 5405 neum
1827 5350 2007 5405 dicat:

416 5451 582 5505 quam
618 5446 802 5492 tamen
857 5437 1290 5493 satisfactionem
1334 5439 1402 5493 ad
1434 5438 1596 5494 aliam
1641 5441 1783 5497 hanc
1828 5460 2013 5513 repre-

419 5530 744 5584 hensionem
777 5530 1154 5600 reperiemus?
1179 5528 1317 5595 Quia
1349 5531 1600 5601 leprosus
1620 5549 1730 5589 non
1758 5536 2008 5592 volunta-

415 5619 511 5676 riae
556 5622 850 5694 passionis,
896 5622 990 5676 sed
1038 5634 1202 5692 quam
1256 5624 1463 5679 invitus
1511 5627 1763 5693 sustinet,
1813 5646 2007 5699 prunas

484 5838 530 5870 "
554 5837 717 5893 Num.
748 5856 843 5906 xu,
876 5840 943 5892 l0
969 5856 1120 5911 seqq.
1224 5844 1267 5875 ⁷⁷
1318 5844 1362 5898 ll
1394 5845 1568 5902 Paral.
1605 5864 1749 5918 .\‘X\‘l,
1786 5852 1873 5907 l9.

2136 3341 2301 3395 modo
2323 3341 2379 3395 in
2410 3342 2494 3397 his
2525 3347 2877 3414 passionibus
2903 3366 3128 3422 peccata
3162 3359 3494 3430 puniuntur,
3527 3378 3657 3419 nam
3683 3378 3742 3421 et

2135 3447 2260 3530 eum
2297 3435 2391 3505 qui
2423 3435 2627 3494 [luxum
2657 3443 2887 3499 seminis
2909 3447 3137 3516 patitur,
3162 3466 3193 3505 a
3222 3453 3579 3512 tabernaculo
3612 3475 3741 3530 pro-

2133 3522 2305 3589 hibet,
2340 3537 2396 3580 et
2417 3542 2539 3582 eam
2573 3545 2695 3599 quae
2719 3530 2925 3589 ﬂuxum
2952 3538 3160 3607 patitur
3183 3544 3470 3613 sanguinis
3490 3586 3506 3611 ,
3540 3522 3738 3605 verum

2130 3617 2351 3686 quidem
2390 3619 2550 3686 dicis,
2579 3625 2674 3678 sed
2705 3640 2815 3680 non
2844 3627 2948 3693 hoc
2978 3639 3087 3685 tam
3117 3634 3418 3692 satisfactio
3439 3648 3543 3698 est.
3569 3656 3736 3711 quam

2131 3721 2322 3763 rursus
2364 3709 2470 3763 alia
2535 3713 2824 3782 scriptoris
2882 3722 3196 3789 accusatio,
3245 3726 3337 3795 qui
3377 3709 3741 3787 necessitates

2130 3809 2341 3857 natura;
2390 3805 2762 3872 condemnat,
2816 3826 2952 3878 quas
2993 3813 3283 3871 defensare
3331 3819 3619 3889 debuerat,
3677 3838 3737 3883 ut

2128 3909 2241 3948 non
2267 3893 2531 3951 faetorem
2560 3898 2619 3953 in
2646 3902 2990 3960 naturalibus
3019 3909 3470 3969 accusationibus
3496 3915 3734 3984 injuria-

2128 3993 2232 4040 ret.
2266 3986 2635 4053 Quamobrem
2667 3997 2980 4051 necessaria
3006 4000 3167 4055 nobis
3196 4011 3282 4057 est
3329 4009 3731 4079 contemplatio

2128 4075 2282 4147 legis,
2337 4088 2394 4134 et
2444 4081 2566 4135 vitii
2628 4083 2897 4153 spiritalis
2946 4088 3366 4161 interpretatio,
3415 4075 3732 4171 mentisque

2127 4169 2349 4224 oculum
2399 4181 2616 4241 oportet
2671 4177 2831 4231 oculo
2870 4181 3052 4236 carnis
3103 4198 3461 4254 praeponere,
3513 4200 3575 4245 ut
3627 4169 3732 4249 hoc

2128 4260 2350 4328 quidem
2399 4263 2472 4317 ad
2512 4264 2934 4337 intelligentiam
2971 4286 3163 4327 eorum
3210 4291 3331 4344 qua:
3379 4281 3728 4349 sanciuntur,

2126 4354 2222 4409 illo
2267 4373 2399 4413 vero
2442 4369 2663 4417 utamur
2708 4364 2777 4419 ad
2808 4365 3121 4438 legendum.
3170 4370 3334 4445 Legis
3367 4388 3499 4449 ergo
3533 4394 3730 4437 rursus

2126 4458 2467 4516 proponatur
2496 4450 2701 4507 littera.

2201 4538 2429 4596 Locutus
2467 4552 2543 4597 est
2573 4544 2832 4601 Dominus
2859 4550 2933 4603 ad
2968 4553 3185 4620 Moysen
3208 4564 3258 4610 et
3288 4556 3470 4614 Aaron
3509 4562 3686 4619 dicem
3706 4580 3725 4619 :

2127 4631 2296 4687 Homo
2340 4636 2396 4689 iu
2422 4636 2574 4706 cuius
2601 4654 2762 4693 carne
2784 4649 2834 4694 et
2857 4651 2974 4697 cute
2996 4654 3143 4700 ortus
3171 4647 3330 4717 fuerit
3359 4652 3601 4708 diuersus
3630 4673 3725 4710 co-

2125 4728 2225 4792 lor,
2247 4728 2356 4784 sive
2391 4730 2630 4799 pustula,
2665 4742 2761 4786 aut
2805 4737 2959 4805 quasi
2990 4737 3170 4794 lucens
3208 4742 3507 4815 quidpiam,
3535 4749 3593 4803 ia
3621 4761 3723 4816 est,

2122 4817 2284 4887 plaga
2332 4819 2513 4889 trprw,
2571 4823 2865 4880 adducetur
2924 4830 2997 4884 ad
3044 4829 3227 4886 Aaron
3263 4838 3615 4906 sacerdotem,
3643 4841 3729 4897 vel

2119 4923 2284 4960 unum
2314 4909 2591 4971 quemlibet
2613 4911 2845 4980 filiorum
2866 4915 3002 4986 ejus.
3029 4918 3133 4983 Qui
3157 4936 3277 4977 cum
3304 4923 3491 4980 uiderit
3517 4927 3726 5000 lepraut

2117 5001 2173 5053 in
2213 5011 2346 5069 cute,
2382 5011 2431 5055 et
2457 5002 2591 5072 pilos
2616 5006 2671 5058 in
2697 5005 2879 5061 album
2905 5018 3134 5067 mutatos
3160 5014 3408 5082 colorem,
3444 5018 3726 5092 ipsamque

2113 5088 2338 5153 speciem
2362 5089 2522 5159 lepra:
2548 5093 2882 5149 humiliorem
2897 5110 3015 5153 cute
3043 5111 3093 5155 et
3125 5119 3285 5160 carne
3302 5107 3531 5178 reliqua.
3556 5088 3719 5181 plaga

2115 5177 2276 5272 lepm'
2317 5190 2412 5243 est,
2447 5191 2497 5236 et
2524 5184 2597 5237 ad
2629 5184 2911 5241 arbitrium
2951 5189 3065 5259 ejus
3091 5177 3448 5262 seper-obitur.
3490 5177 3719 5272 Simpli-

2114 5270 2270 5366 citer,
2299 5288 2393 5326 seu
2423 5276 2753 5343 generaliter
2784 5279 3062 5337 hominem
3091 5285 3274 5343 divina
3303 5289 3591 5362 Scriptura
3616 5270 3719 5366 ap-

2114 5359 2283 5427 pellat
2311 5378 2459 5427 cum,
2499 5364 2593 5432 qui
2624 5365 2719 5420 Dei
2750 5367 3065 5439 imaginem,
3098 5383 3154 5429 et
3184 5388 3387 5433 nostra:
3418 5359 3714 5439 conservet

2115 5459 2326 5506 natura:
2356 5452 2695 5521 dignitatem.
2749 5457 2980 5529 PrOptcr
3010 5466 3154 5534 quod
3184 5470 3312 5523 audi
3346 5470 3708 5542 Sapientem:

2113 5541 2365 5614 Magnum
2384 5554 2467 5600 est
2494 5545 2673 5615 homo,
2694 5550 2992 5619 pretiosum
3014 5556 3093 5611 vir
3114 5541 3455 5632 misericors,
3492 5566 3547 5621 in
3580 5566 3711 5622 Pro-

2114 5636 2319 5691 verbiis
2348 5637 2644 5694 dicentem.
2687 5641 2972 5702 Hominem
3018 5665 3150 5706 vero
3186 5654 3423 5724 aliquem
3449 5668 3706 5729 peccato-

1952 5853 1995 5883 ⁷⁵
2028 5853 2185 5909 Joan.
2226 5857 2350 5921 m2.
