3992 6398
274 394 384 457 933

1420 392 1504 452 ΙΝ
1552 384 2001 451 LEVITICUM.
2026 412 2095 423 -
2136 386 2284 447 LIB.
2325 386 2428 449 IV.

3456 387 3565 456 93$

272 518 415 570 rem,
449 501 600 574 quasi
623 501 763 558 male
796 501 1089 556 formatum
1116 499 1385 554 numisma
1422 497 1701 559 describit,
1730 494 1872 565 quod
1905 499 1949 552 Α
1978 494 2373 566 transgreditur
2414 500 2587 563 parte,
2635 492 2777 548 nihil
2816 509 2879 549 ex
2910 497 3155 551 custodia
3200 497 3437 552 manditi
3467 498 3563 567 ju-

268 596 531 665 exprimit
567 594 623 649 in
678 593 954 664 parabolis
1010 594 1308 657 Dominus,
1350 591 1570 645 dicens:
1629 588 1871 642 Hominis

267 690 555 759 cujusdam
594 690 771 743 divitis
815 688 995 742 uberes
1041 689 1242 758 fructus
1271 703 1397 757 ager
1426 685 1625 743 attulit.
1651 693 1697 735 et
1728 683 1871 752 rogi-

269 782 423 836 tabat
457 783 598 835 intra
641 798 698 835 se
732 783 948 836 dicens:
986 780 1126 846 Quid
1170 780 1388 849 faciam,
1430 778 1555 847 quia
1586 793 1685 828 non
1709 775 1871 827 habeo

270 886 378 941 quo
405 887 710 942 congregem
752 874 951 940 fructus
993 870 1170 923 meos?
1199 869 1266 922 Et
1300 867 1433 921 dixit
1457 885 1475 922 :
1506 864 1618 919 Hoc
1648 866 1864 934 faciam,

270 964 546 1017 destruam
574 963 762 1016 horrea
793 980 931 1024 mea,
957 972 1006 1016 et
1038 961 1243 1030 majora
1265 960 1482 1032 faciam,
1519 968 1565 1012 et
1594 958 1719 1010 illuc
1744 973 1868 1008 con-

270 1054 501 1124 gregabo
528 1056 727 1120 omnia,
759 1071 876 1125 quis
906 1064 1035 1107 nata
1075 1063 1197 1109 sunt
1234 1054 1381 1115 mihi,
1412 1062 1460 1105 et
1486 1051 1621 1104 bona
1650 1067 1786 1112 mea,
1822 1060 1869 1101 et

269 1147 452 1200 dicam
479 1148 674 1201 anima:
711 1165 841 1203 mea:
863 1166 881 1202 :
908 1150 1122 1214 Anima,
1151 1148 1308 1202 habes
1338 1147 1503 1202 multa
1531 1147 1664 1199 bona
1697 1146 1869 1214 posita

267 1242 521 1295 iuannos
561 1241 839 1311 plurimos,
892 1244 1171 1313 requiesce,
1225 1243 1454 1305 comede,
1501 1240 1630 1305 bibe,
1679 1240 1867 1306 epula-

273 1334 442 1387 τετυ.
487 1333 555 1387 Ει
584 1350 813 1388 rursus:
852 1333 1021 1388 llomo
1054 1335 1269 1404 quidam
1306 1332 1646 1387 descendebat
1684 1330 1749 1383 ab
1775 1329 1869 1383 Je-

269 1424 507 1479 rusalem
534 1427 590 1477 in
619 1424 850 1491 Iericho,
879 1435 928 1479 et
957 1426 1138 1479 incidit
1168 1426 1225 1479 in
1250 1425 1480 1478 latrones
1516 1439 1533 1477 :
1582 1425 1672 1495 qui
1709 1424 1867 1476 etiam

268 1517 703 1585 despoliaverunt
760 1533 900 1583 eum,
959 1527 1007 1571 et
1062 1516 1234 1587 plagis
1298 1517 1555 1585 impositis
1604 1515 1866 1576 abierunt,

270 1607 523 1660 semiviro
586 1608 848 1660 relicto".
914 1606 972 1661 lu
1033 1616 1505 1677 utroque,autem
1579 1620 1866 1676 personam

271 1699 507 1769 suscipit
550 1699 877 1768 peccatoris.
920 1698 1076 1767 Quod
1109 1688 1291 1754 autem
1317 1699 1372 1753 in
1406 1695 1510 1753 Job
1551 1698 1870 1753 continetur

271 1790 528 1857 historia,
572 1791 709 1844 nihil
756 1792 935 1846 oberit
983 1792 1222 1847 nostris:
1267 1792 1393 1862 quia
1438 1790 1628 1845 dicens
1668 1804 1869 1845 secun-

272 1882 410 1937 dum
440 1881 798 1952 Septuaginta
825 1902 838 1936 :
875 1883 1042 1937 Homo
1068 1885 1290 1956 quidam
1311 1885 1500 1938 eratin
1535 1893 1675 1936 terra
1708 1881 1867 1934 Ausi-

274 1976 407 2041 tide,
442 1975 586 2029 illico
617 1975 920 2045 subjunxit.
952 1977 1037 2029 cui
1062 1992 1249 2030 nomen
1281 1985 1397 2029 erat
1431 1974 1607 2030 Job".
1639 1973 1869 2028 Addita-

275 2075 465 2120 mento
502 2068 701 2137 quippe
730 2067 989 2134 nominis,
1035 2067 1456 2139 insigniﬁcatum
1490 2082 1615 2121 eum
1645 2065 1737 2136 qui
1773 2065 1867 2118 de-

270 2158 638 2224 scribebatur,
691 2159 915 2213 minime
964 2159 1276 2228 dereliquit.
1324 2158 1486 2214 Pellis
1519 2166 1722 2222 autem,
1771 2171 1866 2209 seu

271 2252 418 2306 cutis
440 2253 682 2319 nomine,
703 2269 853 2308 nunc
878 2254 1306 2323 uniuscujusque
1340 2265 1488 2318 caro,
1512 2267 1661 2307 nunc
1685 2249 1866 2304 autem

271 2346 399 2412 ejus
428 2343 746 2414 designatur
778 2346 1051 2414 cognatio.
1091 2344 1320 2415 Propter
1350 2344 1495 2414 quod
1525 2344 1577 2397 in
1602 2342 1744 2396 libro
1767 2341 1867 2396 Job

273 2452 342 2490 ex
389 2452 619 2507 persona
660 2438 859 2493 diaboli
892 2437 1237 2508 decipientis,
1271 2453 1334 2492 ea
1364 2452 1484 2507 qua:
1510 2437 1628 2491 viro
1657 2435 1730 2488 illi
1757 2434 1868 2488 lor-

276 2528 493 2583 tissimo
538 2538 843 2584 evenerunt
891 2538 1040 2596 tunc,
1071 2530 1293 2600 quando
1326 2546 1450 2584 cum
1484 2529 1588 2582 alia
1615 2527 1868 2582 substan-

278 2620 374 2687 tia,
421 2621 582 2688 ﬁlios,
638 2621 881 2693 ﬁliasque
908 2623 1051 2693 ejus.
1096 2623 1319 2677 domum
1352 2637 1516 2691 super
1545 2636 1643 2675 eos
1678 2620 1867 2689 sepul-

279 2719 417 2766 tura:
461 2712 582 2767 vice
632 2728 935 2783 congerens
985 2713 1326 2782 disperdidit,
1383 2713 1619 2768 dicitur:
1669 2710 1868 2764 Pellem

274 2815 376 2866 pro
403 2798 558 2869 pelle,
596 2809 646 2854 et
678 2808 865 2853 cuncta
898 2816 1015 2869 qua:
1042 2800 1196 2853 habet
1230 2802 1402 2864 homo,
1435 2800 1581 2852 dabit
1617 2816 1713 2869 pro
1744 2798 1867 2851 ani-

276 2907 368 2943 ma
418 2908 516 2944 sua
536 2891 614 2945 8‘:
651 2891 704 2944 id
743 2900 847 2957 est,
880 2891 1075 2960 pellem
1118 2892 1343 2961 quidem
1383 2891 1724 2962 cognationis
1771 2906 1868 2961 per

278 2980 420 3034 ﬁlios
449 2978 707 3049 perdidit,
734 2979 829 3034 sed
855 2990 1041 3034 tamen
1071 2980 1267 3036 sullicit
1291 2981 1362 3047 ei,
1388 2982 1533 3051 quod
1566 2981 1719 3050 pellis
1746 2997 1868 3035 car-

276 3072 368 3126 nis
399 3071 517 3138 ejus
541 3071 688 3126 salva
720 3079 826 3138 est,
857 3071 1191 3140 minimeque
1218 3072 1608 3142 corrumpitur.
1640 3070 1870 3140 Propter

276 3163 426 3235 quod
452 3163 727 3219 subdidit:
765 3162 1015 3233 Alioquin
1046 3164 1190 3217 mitte
1212 3181 1430 3218 manum
1456 3174 1604 3217 tuam
1633 3173 1683 3217 et
1715 3173 1870 3234 tange

278 3274 335 3309 us
373 3254 508 3324 ejus,
546 3265 594 3309 et
634 3272 868 3321 carnem,
924 3265 972 3308 et
1014 3266 1136 3309 tunc
1186 3255 1381 3309 videbis
1420 3257 1558 3326 quod
1597 3256 1654 3309 in
1681 3257 1873 3324 faciem

277 3349 556 3402 benedicat
585 3347 699 3402 tibi.
735 3347 892 3414 Quod
921 3357 1104 3402 autem
1138 3357 1323 3402 nostra
1350 3348 1517 3403 editio
1548 3349 1713 3403 habet
1750 3367 1764 3402 :
1815 3403 1821 3411 ,

352 3439 523 3493 Homo
550 3440 605 3492 in
638 3438 790 3507 cujus
820 3456 980 3492 carne
1040 3448 1088 3492 et
1114 3449 1231 3492 cute
1262 3449 1407 3494 artus
1447 3440 1607 3511 fuerit
1642 3441 1874 3494 diversus

278 3533 447 3598 color,
500 3533 607 3587 sive
645 3531 881 3600 pustula,
931 3542 1026 3586 aut
1066 3533 1220 3603 quasi
1265 3532 1442 3586 lucens
1489 3534 1782 3604 quidpiam,
1819 3534 1874 3586 id

278 3635 355 3680 est
397 3627 558 3697 plaga
594 3625 776 3695 leprre,
818 3623 1175 3695 Septuaginta
1212 3626 1646 3679 transtulerunt:
1689 3624 1875 3678 Homi-

278 3717 336 3771 ni
373 3717 419 3770 si
462 3717 547 3769 cui
573 3717 715 3787 {acta
745 3717 906 3788 fuerit
944 3716 1002 3768 in
1036 3715 1285 3785 pellicula
1333 3717 1567 3786 corporis
1587 3717 1702 3786 ejus
1732 3718 1874 3769 cica—

282 3810 391 3862 tria:
416 3809 824 3879 signiﬁcationis
865 3824 1145 3879 apparens.
1173 3807 1409 3863 Cicatrix
1435 3808 1870 3880 signiﬁcationis,

278 3907 568 3967 peccatum
609 3898 895 3969 signiﬁcat,
952 3915 1020 3954 ex
1067 3898 1153 3953 his
1191 3915 1311 3968 qua:
1353 3908 1638 3969 apparent,
1695 3900 1873 3953 mani-

278 3988 512 4055 festans,
548 3990 694 4058 quod
726 3990 998 4043 occultum
1028 3998 1131 4056 est,
1158 3998 1212 4043 et
1238 3990 1412 4045 latens
1439 3991 1637 4045 anima:
1656 3991 1871 4046 vitium.

279 4080 360 4132 Ac
398 4078 599 4133 deinde
628 4078 940 4134 cicatricem
986 4080 1128 4133 hanc
1153 4080 1372 4148 quidem
1399 4080 1699 4151 τηλαυγήν,
1728 4080 1872 4134 illam

276 4180 466 4226 autem
490 4172 783 4242 appellavit
811 4170 1104 4244 αὖγασμαε
1136 4174 1264 4244 quia
1295 4184 1581 4243 peccatum
1614 4174 1718 4229 hoc
1745 4175 1872 4243 qui-

279 4263 409 4318 dem
445 4273 636 4334 aperte
666 4278 731 4318 ex
777 4278 857 4328 se,
894 4273 950 4319 et
978 4264 1098 4319 sine
1127 4265 1308 4335 aliqua
1350 4265 1745 4336 dijudicatione
1776 4266 1874 4339 de-

280 4374 546 4429 nuntiant
603 4374 703 4445 ipsi
727 4383 910 4430 motus
928 4376 1147 4433 animae.
1175 4376 1303 4433 llaec
1332 4387 1537 4446 autem,
1566 4380 1873 4436 necessaria

282 4464 515 4529 habent,
546 4474 700 4521 extra
728 4467 872 4536 quod
903 4468 1082 4522 lucem
1120 4469 1425 4538 peccatoris
1456 4469 1582 4540 quis
1624 4469 1790 4537 videt,
1820 4478 1875 4526 et

1974 596 2131 639 vatur
2158 585 2421 640 alterius:
2455 584 2556 649 Qui
2582 586 2727 639 enim
2774 595 2940 641 totam
2971 589 3134 658 legem
3163 589 3407 655 custodit,
3442 603 3565 657 pec-

1974 685 2056 726 cat
2085 688 2259 728 autem
2289 674 2343 727 in
2369 690 2494 735 uno,
2532 674 2707 742 [actus
2738 683 2810 728 est
2834 677 3070 728 omnium
3108 693 3225 729 reus
3239 674 3311 729 “.

2044 788 2143 839 llic
2160 788 2229 839 ad
2261 786 2439 839 Aaron
2478 786 2799 840 sacerdotem
2832 788 3144 851 adducetur,
3190 796 3284 840 aut
3309 788 3380 840 ad
3402 798 3565 839 unum

1972 877 2248 946 quemlibet
2278 878 2511 946 ﬁliorum
2543 878 2679 945 ejus.
2723 877 2845 933 Filii
2885 887 3065 932 autem
3103 878 3403 933 sacerdotis
3434 885 3566 931 sunt

1973 970 2186 1038 cognati
2210 970 2329 1037 ejus
2356 970 2657 1023 secundum
2688 970 2960 1039 spiritum,
2991 986 3020 1024 a
3045 987 3153 1039 quo
3178 977 3232 1022 et
3265 968 3561 1023 sacerdotii

1972 1058 2175 1113 habent
2210 1060 2550 1130 dignitatem.
2600 1059 2743 1114 Sunt
2769 1071 2952 1115 autem
2993 1062 3069 1127 hi,
3110 1062 3162 1114 in
3188 1061 3389 1130 quibus
3428 1076 3562 1129 per-

1972 1150 2113 1205 fecta
2160 1161 2244 1206 est
2326 1150 2597 1221 plenaque
2639 1151 3010 1230 philosophia,
3063 1163 3122 1208 ut
3168 1163 3224 1208 et
3245 1152 3565 1208 discernere

1973 1246 2183 1314 possint
2211 1244 2484 1309 sublimia,
2523 1254 2578 1299 et
2608 1246 2805 1301 animae
2840 1246 3087 1314 judicare
3122 1256 3303 1300 motus
3330 1245 3563 1300 abscon-

1972 1336 2139 1390 ditos.
2194 1333 2301 1388 Sed
2329 1335 2604 1404 Quomodo
2630 1335 2916 1404 judicant?

2047 1445 2225 1499 Vident
2276 1444 2481 1513 lepram
2511 1446 2565 1498 in
2611 1453 2746 1509 cute,
2780 1452 2830 1498 et
2857 1445 3025 1511 pilum
3061 1447 3194 1515 ejus,
3224 1447 3270 1499 si
3300 1447 3350 1499 in
3385 1444 3565 1498 album

1973 1550 2206 1594 mutatus
2247 1542 2425 1610 fuerit,
2476 1556 2541 1592 ac
2582 1541 2753 1607 ipsam
2790 1539 3011 1606 speciem
3050 1538 3207 1606 lepra:
3234 1538 3566 1590 humiliorem

1974 1642 2107 1694 cute,
2163 1639 2212 1684 et
2265 1646 2425 1683 carne
2459 1628 2686 1698 reliqua.
2728 1626 2832 1681 Per
2878 1627 3018 1698 pilos
3064 1636 3247 1680 autem
3291 1625 3565 1695 signiﬁcat

1974 1719 2336 1790 cogitationes
2380 1718 2581 1787 quibus
2626 1725 2856 1770 ornatur
2898 1716 3101 1780 anima,
3141 1730 3403 1783 mensque
3432 1729 3566 1768 con-

1973 1809 2175 1877 tegitur
2228 1823 2352 1862 cum
2396 1808 2617 1862 easdem
2662 1807 2778 1876 ipsa
2829 1807 3004 1876 pariat
3034 1806 3432 1876 cogitationes:
3463 1805 3567 1859 sibi

1976 1914 2100 1953 nam
2151 1908 2202 1953 et
2236 1908 2397 1969 caput
2444 1900 2670 1969 capillos
2717 1909 2961 1969 generat,
3007 1907 3063 1951 et
3110 1906 3339 1953 ornatur
3367 1914 3432 1951 ex
3463 1897 3564 1957 eis.

1976 2002 2040 2041 ac
2064 1988 2282 2057 tegitur.
2318 1987 2611 2056 Propterea
2657 1988 2838 2059 capilli
2867 1989 3067 2057 capitis
3097 1989 3267 2041 nostri
3298 1986 3565 2042 numerati

1975 2076 2330 2142 dicuntur”,
2388 2079 2754 2148 cogitationes
2804 2073 3063 2134 videlicet
3114 2079 3337 2134 mentis.
3386 2078 3567 2147 Caput

1974 2170 2121 2223 enim
2165 2170 2298 2239 ipsa,
2331 2170 2459 2240 quia
2504 2170 2805 2240 principale
2835 2180 2918 2224 cst
2949 2170 3165 2232 animas,
3202 2170 3424 2224 dicitur.
3455 2163 3567 2222 cm-

1976 2271 2157 2316 autem
2218 2261 2491 2316 numerati
2540 2260 2707 2315 sunt?
2752 2261 2943 2331 procul
2986 2260 3153 2314 dubio
3182 2260 3431 2314 dicturus
3458 2269 3563 2316 est.

1975 2358 2100 2423 quia
2130 2369 2228 2423 per
2258 2369 2352 2409 eas
2373 2353 2561 2423 utique
2590 2352 2753 2423 iudex
2782 2353 3127 2421 judicaturus
3157 2361 3237 2405 est
3266 2352 3563 2415 hominem,

1976 2447 2028 2499 id
2068 2454 2169 2507 est,
2205 2445 2590 2499 accusantibus
2617 2445 2716 2507 eis,
2767 2445 2852 2499 vel
2878 2444 3286 2507 excusantibus,
3323 2444 3464 2497 sicut
3492 2444 3568 2495 ait

1976 2536 2176 2591 Paulus
2202 2554 2214 2588 :
2255 2535 2322 2589 In
2371 2547 2603 2606 tempore
2631 2553 2732 2605 quo
2760 2546 2935 2588 nostra
2973 2536 3364 2604 judicabuutur
3391 2535 3566 2589 occul-

1978 2629 2115 2682 ta‘“.
2165 2627 2458 2697 Propterea
2502 2626 2852 2696 intelligimus
2881 2628 2934 2680 in
2969 2625 3203 2680 Nazarmi
3243 2627 3419 2699 capite
3454 2626 3568 2680 ler-

1979 2736 2097 2774 rum
2145 2735 2254 2774 non
2306 2719 2540 2790 ingredi,
2582 2718 2711 2772 dum
2755 2718 2876 2772 aliis
2905 2718 3022 2771 sine
3069 2717 3225 2787 culpa
3264 2717 3563 2791 inferatur:

1975 2813 2099 2882 quia
2133 2812 2332 2881 quibus
2380 2819 2512 2865 sunt
2545 2808 2806 2879 superﬁui
2843 2810 3045 2879 capilli,
3080 2825 3193 2863 non
3221 2810 3398 2862 solum
3432 2810 3567 2863 nihil

1976 2910 2158 2968 nocet,
2212 2903 2305 2956 sed
2352 2910 2410 2955 et
2447 2901 2659 2956 lucrum
2687 2908 2791 2966 est,
2834 2900 3086 2954 tonderi:
3140 2901 3339 2970 quibus
3385 2911 3569 2955 autem

1977 3010 2088 3049 non
2119 3001 2248 3048 sunt
2280 2991 2561 3062 superﬁui,
2595 2993 2855 3047 damnum
2898 3001 3003 3058 est,
3048 3000 3274 3062 propter
3306 2992 3571 3045 naturalis

1977 3086 2191 3142 decoris
2222 3085 2603 3155 spoliationem
2638 3085 2959 3155 capillorum
2996 3083 3287 3153 depositio.
3326 3082 3418 3137 Sic
3446 3084 3569 3152 qui-

1905 3203 1946 3262 C
1976 3180 2299 3247 buscunquc
2334 3175 2612 3247 superﬂue
2656 3177 3016 3247 cogitationes
3064 3176 3392 3246 importuna
3417 3185 3566 3242 sunt,

1977 3270 2116 3325 bene
2164 3270 2232 3323 ab
2265 3270 2347 3323 eis
2376 3269 2806 3325 commutatione
2856 3266 3236 3331 consiliorum,
3282 3267 3366 3321 vel
3401 3267 3571 3321 obve-

1976 3362 2244 3416 nienlium
2315 3362 2563 3415 omnium
2630 3360 3064 3431 pbantasiarum,
3128 3374 3280 3414 more
3335 3369 3576 3414 tonsurae

1975 3462 2184 3509 carent.
2237 3451 2296 3506 lu
2344 3451 2603 3508 Nazaraio
2649 3462 2833 3507 autem
2887 3467 2998 3506 non
3052 3461 3200 3518 sunt,
3234 3460 3382 3507 totus
3423 3452 3569 3507 enim

1975 3552 2199 3601 sanctus
2244 3553 2350 3599 est.
2408 3545 2640 3614 Propter
2685 3545 2829 3615 quod
2860 3545 3065 3599 ferrum
3122 3546 3178 3598 in
3224 3546 3403 3614 capite
3452 3546 3575 3614 ejus

1976 3649 2088 3688 non
2122 3633 2390 3699 ascendit,
2431 3648 2558 3689 cum
2580 3635 2730 3689 bono
2759 3641 2946 3688 utatur
2967 3634 3218 3699 consilio,
3252 3643 3309 3689 et
3341 3635 3569 3704 capillos

1976 3722 2761 3795 mgitationum'necessarios,
2789 3733 2845 3779 et
2877 3740 2984 3779 non
3017 3725 3326 3795 superﬂuos
3351 3727 3571 3790 habeat,

1977 3834 2041 3872 ex
2085 3818 2283 3888 quibus
2331 3834 2440 3871 non
2474 3817 2687 3883 incidit,
2746 3833 2869 3872 cum
2899 3832 3010 3871 non
3038 3826 3236 3872 tractet
3274 3818 3571 3881 deteriora,

1975 3925 2153 3979 neque
2180 3918 2499 3964 commutet.
2531 3908 2584 3962 Si
2617 3924 2746 3978 ergo
2776 3909 2946 3978 pilum
2983 3908 3039 3962 in
3066 3909 3190 3975 albo
3221 3909 3332 3975 hic,
3369 3909 3436 3964 de
3461 3926 3574 3979 quo

1976 4018 2125 4057 nunc
2168 4009 2253 4057 est
2296 4016 2498 4067 sermo,
2533 4000 2973 4067 commutaverit,
3020 4001 3407 4071 Cogitationem
3435 4017 3572 4056 con-

1975 4102 2193 4150 vertens
2225 4095 2280 4148 in
2308 4095 2681 4164 impudentem
2704 4093 3094 4160 conditionem,
3119 4093 3574 4163 manifestamque

1975 4189 2225 4259 peccati,
2298 4188 2524 4257 ipsaque
2581 4187 2794 4257 species
2863 4188 3030 4256 lepra;
3090 4186 3349 4240 humilior
3401 4186 3574 4241 fuerit

1976 4294 2164 4344 carne,
2193 4286 2250 4333 et
2286 4286 2412 4332 cute
2444 4277 2675 4347 reliqua.
2721 4277 2865 4332 banc
2898 4276 3044 4330 enim
3082 4275 3414 4342 considerat,
3441 4284 3497 4330 et
3526 4278 3573 4331 si

1977 4371 2179 4427 viderit
2213 4369 2531 4439 apparuisse
2577 4368 2804 4422 nimiam
2856 4367 3256 4429 inﬁrmitatem,
3287 4377 3453 4437 atque
3473 4369 3575 4423 de-

1981 4463 2174 4519 fecisse
2204 4461 2514 4516 naturalem
2551 4461 2832 4526 virtutem,
2869 4459 3016 4530 quod
3053 4470 3136 4513 est
3161 4460 3374 4529 species
3408 4461 3575 4530 lepne

283 4557 777 4613 considerationem
797 4559 1098 4629 judicantis
1125 4561 1287 4630 quale
1319 4562 1411 4629 sit,
1444 4539 1628 4617 utrum
1684 4578 1873 4617 verum
1909 4539 1952 4593 θ
1986 4553 2242 4610 humilior
2264 4560 2411 4618 cute,
2443 4558 2538 4606 aut
2565 4564 2733 4606 carne
2758 4550 2991 4619 reliqua,
3016 4557 3233 4618 separat
3257 4559 3314 4603 et
3334 4548 3578 4605 immun-

283 4664 355 4703 an
389 4649 609 4704 falsum.
642 4650 701 4705 Si
726 4667 854 4723 ergo
876 4653 1169 4723 peceatori,
1198 4653 1342 4709 sicut
1370 4655 1612 4724 praedicti
1642 4654 1876 4725 Septua-

284 4740 436 4813 ginta
471 4740 663 4810 edunt,
692 4744 919 4799 cicatrix
947 4744 1365 4816 signiﬁcationis
1387 4747 1441 4800 in
1470 4747 1722 4816 pellicula
1749 4764 1875 4803 cor-

284 4837 435 4908 poris
462 4836 544 4904 ﬁt,
566 4838 818 4895 videlicet
846 4848 1130 4910 peccatum
1160 4842 1214 4894 in
1232 4856 1418 4908 carne,
1442 4843 1587 4912 quod
1610 4843 1876 4915 signiﬁcet

284 4930 525 4985 animam
552 4946 769 5002 quoque
798 4932 1034 5002 compati
1074 4934 1325 5002 corpori:
1354 4941 1439 4988 est
1458 4944 1642 4989 autem
1671 4935 1875 5006 τηλαυ-

282 5026 391 5096 γής
440 5026 568 5092 hoc,
613 5035 712 5082 aut
758 5025 1045 5097 αὖγασμα,
1104 5027 1156 5082 id
1186 5036 1289 5091 est,
1328 5037 1423 5082 aut
1451 5029 1618 5084 nimis
1650 5032 1883 5087 manife-

285 5127 458 5179 stum,
494 5126 591 5173 aut
617 5117 962 5189 inspicientis
982 5134 1151 5189 egens
1179 5119 1576 5190 disceptatione
1609 5140 1621 5175 :
1667 5124 1747 5179 sic
1778 5125 1885 5181 hoc

286 5210 342 5265 in
389 5211 663 5266 maculam
696 5212 863 5282 lepra:
891 5213 1200 5267 habebitur.
1239 5212 1469 5282 Lepram
1506 5223 1690 5270 autem
1723 5216 1886 5271 intel-

285 5300 510 5373 ligimus
536 5302 667 5373 legis
693 5304 1186 5373 transgressionem
1214 5320 1227 5356 :
1270 5303 1398 5372 quia
1426 5305 1885 5373 quemadmodum

285 5394 560 5464 leprosos,
587 5395 716 5449 dum
742 5400 888 5448 totus
915 5393 984 5448 sit
1011 5408 1196 5457 sanus,
1221 5409 1285 5448 es
1312 5404 1466 5464 parte
1490 5397 1669 5467 aliqua
1692 5399 1876 5469 lepro-

285 5500 381 5541 sus
434 5484 637 5550 factus,
689 5485 828 5540 nihil
872 5485 1096 5556 juvatur
1134 5501 1197 5540 ex
1236 5486 1411 5542 salute
1470 5489 1698 5545 minime
1748 5491 1874 5547 lacti

285 5577 491 5648 leprosi
534 5577 801 5648 corporis,
849 5579 945 5634 sed
988 5588 1304 5634 removetur
1343 5596 1373 5635 a
1408 5582 1782 5644 tabernaculo,
1819 5595 1880 5640 ut

284 5666 649 5738 immundus;
698 5669 779 5724 sic
832 5677 887 5723 et
931 5651 1022 5738 qui
1087 5669 1223 5740 legis
1267 5679 1538 5739 prscccpta
1585 5687 1651 5726 ex
1698 5672 1877 5742 aliqua

360 5799 430 5831 η’
464 5798 599 5855 Luc.
637 5818 733 5865 xu,
786 5802 976 5856 lli-l9.
1066 5804 1108 5834 τ’
1139 5802 1269 5857 Luc.
1304 5821 1356 5867 Χ,
1394 5806 1481 5860 50-

288 5864 333 5898 ⁸⁸
365 5867 529 5924 Rom.
564 5887 623 5939 ιι,
656 5864 738 5926 164
818 5874 863 5905 ⁸⁸
890 5874 909 5926 ι
940 5876 1068 5930 Cor.
1102 5890 1194 5941 vn,
1237 5875 1317 5927 l7.

1597 5807 1642 5839 ⁸³
1669 5808 1772 5862 Jul)
1802 5827 1838 5875 ι,
1872 5811 1918 5866 l.

1982 4648 2112 4702 dum
2142 4660 2266 4700 eum
2290 4651 2437 4699 recte
2464 4642 2720 4697 sacerdos
2741 4641 2972 4712 iudicat,
3009 4650 3197 4711 utpote
3226 4640 3577 4712 languentem

1982 4737 2203 4808 quidem
2239 4749 2304 4790 ex
2337 4732 2647 4788 intentione
2682 4746 2802 4797 sua,
2848 4739 2905 4786 et
2934 4730 3236 4786 voluntate.
3285 4731 3400 4786 Hoc
3427 4733 3577 4787 enim

1981 4828 2075 4898 qui
2109 4826 2279 4897 pilum
2311 4829 2633 4890 commutat,
2676 4822 2858 4877 innuit
2897 4821 3083 4888 nimis“,
3132 4822 3263 4892 quia
3308 4832 3394 4878 est
3420 4823 3577 4878 inﬁr-

1982 4935 2127 4985 mus,
2184 4925 2239 4973 et
2280 4925 2571 4988 prepterea
2628 4916 2929 4986 semetipso
2981 4916 3263 4983 humilior,
3326 4918 3475 4974 unde
3520 4928 3578 4975 et

1986 5021 2134 5070 recte
2177 5012 2392 5068 veniam
2436 5026 2549 5066 non
2591 5019 2853 5065 meretur.
2918 5007 3077 5065 Vinci
3110 5011 3258 5065 enim
3290 5011 3360 5065 ab
3410 5012 3566 5067 Abra-

1979 5112 2128 5175 ham,
2159 5116 2217 5162 et
2253 5108 2322 5162 ab
2360 5106 2469 5162 alio
2510 5107 2727 5177 majori,
2780 5106 3050 5176 portabile
3080 5115 3187 5172 est,
3227 5114 3288 5160 ut
3321 5106 3573 5175 quaedam

1981 5201 2266 5266 habitudo,
2309 5200 2394 5254 vel
2428 5201 2670 5269 potentia
2715 5200 3018 5271 prodatur:
3061 5199 3146 5254 vel
3176 5199 3402 5264 bonum,
3427 5198 3576 5267 quod

1983 5297 2044 5344 ut
2085 5301 2460 5358 operaremur,
2490 5302 2519 5341 a
2550 5286 2662 5344 Deo
2703 5288 3072 5358 percepimus.
3128 5286 3205 5339 De
3242 5285 3444 5355 quibus
3477 5285 3576 5339 ba-

1984 5381 2190 5436 bitibus
2216 5380 2466 5451 quiaadam
2506 5380 2642 5433 mihi
2674 5379 2875 5435 Paulus
2930 5379 3163 5434 innuero
3193 5377 3433 5441 videtur,
3482 5377 3572 5431 ιιι»

1983 5471 2179 5542 quiens
2206 5490 2217 5524 :
2239 5469 2530 5540 Unicuique
2556 5470 2690 5523 sicut
2719 5470 2977 5523 Dominus
3003 5468 3209 5533 dividit,
3234 5481 3577 5535 unumquem-

1986 5581 2084 5635 que
2129 5564 2264 5618 sicut
2306 5564 2508 5617 vocavit
2554 5562 2694 5617 Deus
2713 5563 2784 5626 ",-
2827 5577 2951 5616 cum
3006 5577 3037 5615 a
3089 5556 3384 5627 semetipso
3420 5556 3576 5625 quis-

1988 5656 2133 5726 piam
2170 5654 2409 5710 dcterior
2443 5654 2552 5717 ﬁat,
2588 5653 2935 5723 importabilc
2970 5661 3069 5707 est.

2030 5813 2071 5844 ⁸¹
2120 5810 2222 5881 Job
2258 5827 2316 5878 Il,
2346 5812 2396 5864 4.
2502 5812 2548 5842 θ’
2577 5811 2690 5866 Jac.
2748 5827 2824 5876 ιι,
2862 5811 2945 5864 l0.
3049 5808 3097 5841 ⁸³
3126 5804 3320 5859 Matth.
3374 5820 3443 5869 ς,
3474 5801 3546 5856 50
