3992 6398
429 353 537 416 935
609 383 617 390 -

1619 333 1985 397 HESYCHII
2033 330 2124 391 PR
2138 326 2505 391 ESBYTERI

3595 330 3699 395 936

501 461 661 517 νεεδ,
701 461 821 517 4.3,
867 479 885 514 ς
917 459 976 516 si
1028 467 1210 515 autem
1257 456 1449 509 lucens
1493 447 1660 503 luerit
1707 445 1912 501 candor
1945 444 2000 497 in
2033 451 2073 503 Α
2108 442 2211 497 hoc
2253 441 2579 501 habentem,
2611 437 2758 506 quod
2790 437 3248 494 medicamentum
3292 439 3490 496 debeat
3538 441 3698 498 adbi-

427 565 572 620 cute,
608 569 708 609 nec
756 553 1012 608 humilior
1084 564 1246 607 carne
1275 547 1502 615 reliqua,
1547 550 1602 596 et
1635 541 1776 608 pilus
1802 537 2001 592 coloris

408 645 665 715 ,‘pristini,
709 645 952 699 recludet
976 658 1101 697 eum
1150 637 1405 693 sacerdos
1452 642 1662 703 septem
1702 630 1916 692 diebus,
1949 636 2004 681 et

424 736 651 801 videbit,
698 744 754 790 et
795 732 1165 790 considerabit
1210 730 1298 784 die
1344 727 1596 796 septima.
1641 721 1705 776 Et
1732 720 2002 790 siquidem

429 827 576 896 lepra
607 826 746 880 ultra
777 840 888 879 non
909 821 1160 884 creverit,
1194 835 1297 874 nec
1321 815 1598 872 transierit
1624 814 1679 867 in
1698 814 1824 867 cute
1858 809 2004 880 prio-

430 931 515 969 res
573 914 855 976 terminos,
889 927 1078 966 rursus
1112 909 1355 964 includet
1398 922 1524 961 cum
1565 914 1771 975 septem
1816 900 2006 955 diebus

428 1004 569 1069 aliis,
605 1012 662 1058 et
697 1003 784 1058 die
820 1003 1052 1073 septimo
1098 997 1578 1069 contemplabitur.
1633 994 1691 1049 Si
1721 991 2007 1048 obscurior

430 1094 592 1148 fuerit
616 1094 785 1163 lepra,
814 1102 869 1147 et
897 1108 1003 1147 non
1035 1090 1270 1145 creverit
1290 1089 1343 1142 in
1372 1099 1516 1152 cute,
1552 1084 1836 1140 mundabit
1855 1098 2001 1149 eum,

425 1186 550 1253 quia
584 1183 794 1239 scabies
838 1195 940 1247 est,
972 1182 1285 1250 lavabitquc
1330 1179 1496 1233 homo
1529 1177 1853 1231 vestimenta
1883 1189 2001 1240 sua,

426 1286 482 1333 et
512 1278 748 1332 mundus
800 1277 928 1332 crit.
961 1275 1118 1342 Quod
1156 1274 1201 1329 si
1232 1281 1519 1344 postquam
1549 1286 1579 1323 a
1616 1267 1898 1323 sacerdote
1926 1265 2007 1320 vi-

425 1386 520 1425 sus
560 1378 645 1424 cst
693 1369 936 1424 redditus
970 1367 1273 1431 munditiaz,
1324 1365 1523 1419 iterum
1570 1363 1717 1431 lepra
1749 1358 2003 1425 creverit,

427 1461 733 1515 adducetur
776 1460 843 1514 ad
883 1474 1007 1514 eum
1036 1500 1050 1524 ,
1094 1466 1150 1512 et
1207 1453 1571 1510 inmunditia:
1619 1449 2006 1507 condemnabi-

428 1564 535 1608 tur.
577 1573 595 1604 ι

502 1641 787 1695 Maximam
816 1639 870 1693 in
902 1641 1003 1694 hoc
1041 1638 1380 1710 legislatoris,
1409 1635 1737 1708 dignamque
1766 1633 1876 1687 Deo
1895 1630 2009 1687 cle-

430 1733 691 1786 mentiam
743 1739 1024 1795 contuere,
1050 1732 1165 1799 ipse
1203 1730 1402 1799 quippe
1429 1735 1547 1782 erat
1575 1726 1715 1779 lator
1736 1724 1889 1794 legis,
1915 1721 2006 1792 qui

2111 533 2259 585 bere.
2299 531 2582 600 Siquidem
2619 539 2675 584 et
2716 529 2991 593 adhibuit,
3038 538 3093 583 tu
3131 538 3312 584 autem
3340 546 3698 603 cognoscens,

2109 620 2235 689 quia
2285 618 2745 690 signiﬁcationem
2791 618 3031 688 appellet
3084 619 3190 672 tale
3234 629 3545 688 peccatum,
3595 638 3698 676 non

2110 713 2413 768 abscondas
2458 711 2660 765 malum
2703 727 2734 764 a
2780 726 2911 764 vero
2954 710 3259 776 sacerdote,
3302 710 3430 765 licet
3479 713 3700 767 dubimn

2110 813 2425 872 tectumque
2476 802 2547 856 sit
2576 803 2718 869 aliis,
2751 802 2847 857 sed
2882 802 3113 856 ostende
3159 818 3223 857 ac
3263 803 3455 871 prode.
3496 801 3700 860 Diebus

2110 892 2256 950 enim
2304 896 2503 967 quibus
2544 905 2595 950 te
2626 911 2891 965 separans
2937 895 3197 950 sacerdos
3228 911 3255 949 a
3290 906 3607 952 sanctorum
3636 910 3703 953 ta-

2111 986 2427 1052 bernaculo,
2459 1003 2651 1043 rursus
2682 987 2948 1057 suscipiet
2971 1002 3162 1043 rursus
3193 1002 3302 1059 quo
3333 996 3552 1058 oportet
3594 1006 3706 1043 mo-

2112 1079 2182 1133 do
2208 1077 2532 1133 vestimenta
2561 1078 2713 1148 prius
2740 1077 2946 1139 carnis,
2993 1077 3138 1131 sicut
3175 1078 3250 1131 ait
3284 1078 3583 1146 legislator,
3622 1078 3702 1133 di-

2113 1172 2381 1227 luentem.
2428 1171 2536 1227 Sed
2578 1172 2719 1236 vide,
2761 1180 2817 1225 et
2859 1169 3075 1224 veniam
3129 1171 3436 1241 percipiens
3470 1172 3704 1232 custodi,

2113 1281 2216 1321 nec
2254 1265 2483 1335 polluas,
2526 1273 2812 1334 postquam
2854 1262 3022 1316 semel
3066 1263 3262 1318 laverit
3311 1262 3550 1318 tunicam
3584 1278 3705 1317 car-

2113 1357 2217 1411 nis.
2256 1353 2392 1410 Nam
2438 1357 2483 1411 si
2532 1357 2696 1410 etiam
2740 1361 2864 1424 post
2909 1354 3026 1408 haec
3064 1354 3387 1425 signiﬁcatio
3441 1355 3709 1425 passionis

2115 1446 2371 1501 inciderit
2412 1446 2465 1500 in
2498 1445 2781 1516 pellicula,
2829 1444 2940 1508 vel,
2978 1446 3279 1500 secundum
3312 1455 3553 1501 nostram
3591 1447 3709 1501 edi-

2118 1540 2347 1601 tionem,
2376 1540 2630 1604 creverit,
2684 1546 2736 1593 et
2768 1555 2956 1595 rursus
2993 1554 3024 1594 a
3049 1537 3261 1593 meliori
3294 1548 3450 1609 parte
3481 1540 3547 1593 ad
3584 1555 3713 1609 pec-

2115 1639 2295 1684 catum
2333 1630 2610 1697 reciderit,
2656 1640 3136 1702 commutatusquc
3167 1631 3352 1699 fuerit,
3389 1632 3597 1686 videbit
3621 1648 3711 1686 sa-

2116 1720 2330 1786 cerdos,
2367 1733 2420 1776 et
2457 1720 2604 1777 illico
2644 1733 2962 1794 vergentem
2987 1724 3052 1778 ad
3088 1723 3357 1778 deteriora
3403 1725 3709 1794 reperiens,

433 1826 632 1878 ducatu
665 1823 857 1877 littera:
896 1821 961 1876 ad
995 1821 1305 1891 huiusmodi
1336 1816 1853 1888 contemplationem
1882 1811 2016 1884 legis
2048 1804 2092 1862 Β
2122 1813 2484 1868 immunditite
2524 1814 2933 1869 condemnabit.
2996 1814 3423 1884 Subsequuntur
3475 1815 3712 1883 Septua-

432 1917 621 1971 utitur.
643 1915 783 1981 Quid
805 1925 986 1970 autem
1026 1915 1143 1969 haec
1166 1913 1344 1967 littera
1371 1910 1519 1967 vult?

502 2002 560 2058 Si
607 2018 781 2057 autem
815 2003 990 2056 lucens
1027 2002 1185 2073 fuerit
1220 2001 1419 2053 candor
1447 2000 1501 2053 in
1539 2007 1675 2060 cute,
1717 2012 1809 2050 nec
1838 1996 2012 2048 humi-

434 2095 535 2154 lior
567 2111 725 2148 carne
762 2095 986 2166 reliqua,
1010 2104 1056 2147 et
1088 2093 1225 2163 pilus
1270 2092 1456 2145 coloris
1487 2090 1717 2160 pristini,
1759 2089 2013 2143 mundum

432 2188 673 2241 sacerdos
700 2182 911 2256 judicat
940 2187 1181 2256 omnique
1220 2184 1515 2252 suspicione
1540 2192 1825 2236 carentem.
1858 2179 2014 2234 Licet

433 2278 782 2333 manifestum
824 2278 913 2343 sit,
956 2278 1100 2345 quod
1144 2278 1197 2329 in
1226 2276 1594 2346 suspicionem
1638 2282 1859 2328 venerat
1892 2286 2015 2342 pec-

432 2381 635 2433 catum,
686 2385 841 2425 mens
876 2380 1052 2424 tamen
1094 2385 1215 2439 quae
1242 2368 1493 2437 deliquit,
1521 2383 1643 2437 qua:
1678 2366 1875 2437 procul
1911 2365 2014 2419 du-

432 2463 524 2517 bio
570 2478 668 2531 per
706 2471 984 2531 aspectum
1037 2461 1377 2531 signiﬁcatur
1420 2460 1722 2514 secundum
1771 2458 2015 2513 traditio-

431 2568 557 2606 nem
590 2553 963 2622 Septuaginta,
990 2534 1238 2604 humilior
1268 2567 1425 2605 carne
1455 2550 1660 2620 reliqua
1692 2565 1800 2603 non
1828 2550 2011 2606 fuerit.

432 2643 485 2697 id
512 2652 615 2706 est,
664 2643 976 2712 semetipsa,
1013 2655 1190 2711 neque
1215 2641 1282 2695 ab
1312 2641 1648 2707 habitudine,
1682 2655 1842 2712 quam
1894 2656 2013 2694 sor-

430 2732 531 2788 tita
586 2743 687 2794 est,
737 2732 1045 2787 inﬁrmior:
1092 2750 1193 2788 nec
1237 2748 1334 2801 per
1391 2733 1655 2788 eveniens
1726 2743 2012 2802 peccatum

435 2821 810 2875 immutaverit
864 2835 997 2887 cor,
1045 2821 1403 2890 delictrixque
1451 2829 1800 2890 peccatorum
1848 2820 2014 2876 fuerit

436 2912 672 2976 eil‘ecta;
725 2913 829 2966 hoc
859 2920 942 2966 est
984 2912 1150 2977 enim,
1201 2928 1304 2966 nec
1332 2915 1622 2966 candorem
1665 2911 2013 2966 humiliorem

435 3002 610 3056 videri
635 3017 801 3056 carne
849 3002 1083 3072 reliqua,
1110 3013 1165 3057 et
1202 3003 1338 3070 pilos
1370 3018 1491 3058 esse
1518 3002 1718 3057 coloris
1756 3002 2010 3073 pristini:

437 3094 532 3150 sed
577 3103 633 3149 et
680 3094 1050 3149 obscuriorem
1109 3102 1413 3164 aspectum,
1465 3095 1608 3148 sicut
1654 3095 2012 3165 Septuaginta

437 3187 629 3250 edunt,
663 3186 882 3250 haheat,
924 3200 1086 3254 quem
1117 3201 1242 3240 esse
1262 3194 1499 3239 mentem
1529 3185 1765 3239 diximus
1792 3203 1805 3239 :
1838 3186 2018 3241 adhuc

436 3276 639 3347 quippe
671 3285 894 3345 prepter
918 3277 1085 3330 semel
1117 3276 1468 3331 commissum
1504 3277 1785 3340 delictum,
1819 3277 2019 3333 obseu-

436 3381 494 3419 ra
527 3380 591 3419 ac
630 3364 795 3419 dubia
834 3374 935 3426 est.
968 3375 1145 3418 tamen
1182 3366 1329 3419 hunc
1363 3365 1629 3420 removeri
1669 3382 1780 3420 non
1814 3380 2020 3435 praece-

438 3459 539 3528 pit,
569 3457 661 3511 sed
689 3467 745 3510 ut
779 3466 1112 3525 peccantem,
1145 3465 1353 3525 septem
1377 3457 1514 3521 dies,
1544 3466 1598 3510 et
1621 3456 1757 3511 alios
1795 3457 2019 3511 totidem

439 3559 685 3604 retnOvet
717 3564 747 3602 a
769 3549 1122 3602 tabernaculo
1153 3548 1428 3607 sacerdos,
1463 3548 1803 3617 probationis
1832 3549 2015 3613 simul,

438 3641 946 3707 cmendationisque
994 3640 1191 3709 gratia,
1238 3639 1524 3694 munditiae
1573 3639 1834 3694 restituit.
1891 3640 2020 3694 Post

438 3732 563 3793 hoc,
616 3732 661 3785 si
714 3730 1013 3801 inspiciens
1055 3730 1166 3798 bis,
1207 3731 1580 3785 obseuriorcm
1611 3732 1880 3786 invenerit
1906 3748 2022 3785 ma-

438 3823 641 3889 culam,
674 3839 777 3877 nec
804 3831 1141 3877 crescentem
1184 3822 1431 3877 incute:
1480 3824 1527 3876 si
1568 3825 1714 3878 enim
1755 3824 2022 3879 crevisset

438 3924 745 3984 peccatum,
774 3922 1182 3985 augmentatum
1207 3916 1490 3969 transisset
1519 3916 1573 3969 in
1597 3931 1761 3970 carne
1789 3917 2017 3986 reliqua,

437 4006 804 4075 diﬁ'usumque
832 4008 1005 4069 carui,
1036 4007 1372 4060 immundum
1409 4023 1553 4072 cum,
1576 4008 1670 4078 qui
1695 4007 1749 4060 in
1780 4008 2020 4063 deterius

437 4098 674 4167 proﬁcit,
705 4099 1024 4154 ostenderat
1054 4118 1067 4152 :
1106 4099 1199 4168 qui
1223 4116 1332 4153 non
1360 4100 1554 4165 crevit,
1588 4101 1682 4154 sed
1718 4102 2019 4170 permansit

438 4189 690 4243 similiter
736 4198 1011 4259 aspectus,
1057 4192 1172 4246 sive
1227 4193 1437 4262 species
1499 4193 1805 4247 obscurior.
1875 4191 2018 4258 Quid

439 4282 585 4333 enim
615 4280 899 4348 iniquitate
917 4280 1208 4335 obscurius
1229 4291 1311 4335 est
1332 4282 1439 4336 ?dc
1463 4296 1568 4350 qua
1590 4280 1825 4351 caligant
1851 4282 2017 4345 oculi,

440 4380 497 4424 ut
527 4385 705 4439 neque
735 4371 928 4431 Deum,
958 4386 1137 4440 neque
1165 4372 1269 4424 hoc
1297 4372 1439 4439 quod
1461 4372 1701 4441 expedit,
1729 4372 2019 4441 perspicue

2114 1904 2282 1974 ginta,
2315 1913 2370 1959 et
2398 1905 2625 1960 dicunt:
2650 1902 2786 1970 Quia
2819 1907 2964 1976 lepra
2995 1916 3090 1960 est.
3118 1906 3318 1977 Aperte
3346 1907 3495 1961 enim
3521 1908 3709 1976 hujus,

2113 1996 2206 2065 qui
2240 1996 2358 2052 talis
2387 2005 2490 2064 est,
2516 1998 2700 2051 anima
2745 1996 2811 2052 ad
2843 1997 3101 2068 profanas
3143 1998 3428 2053 declinans
3455 2000 3712 2070 volupta-

2116 2096 2237 2151 tes,
2283 2087 2498 2157 leprosa
2544 2087 2625 2144 tit.
2671 2089 2964 2159 Propterea
3012 2098 3071 2143 et
3096 2086 3301 2143 Paulus
3348 2106 3473 2145 emn
3518 2090 3611 2161 qui
3656 2091 3712 2145 in
3786 2120 3789 2123 ν

2122 2177 2393 2232 Corintho
2441 2178 2746 2234 fornicatus
2783 2182 2943 2247 est",
2994 2183 3121 2251 quia
3159 2181 3485 2252 signiﬁcatio
3526 2180 3713 2250 passio

2114 2270 2237 2334 fuit,
2270 2271 2558 2325 manifesta
2589 2272 2738 2326 enim
2782 2284 2919 2337 erat,
2954 2289 3057 2330 nec
3089 2274 3490 2337 occultabatur,
3518 2290 3548 2327 a
3576 2290 3709 2328 san-

2115 2369 2331 2416 ctorum
2359 2363 2588 2416 removit
2621 2363 2995 2432 tabernaculo,
3027 2375 3082 2421 et
3105 2366 3243 2421 tradi
3287 2365 3504 2420 Satanae
3530 2367 3587 2419 in
3618 2366 3707 2419 in-

2117 2454 2339 2508 teritum
2382 2455 2563 2509 carnis
2612 2459 2893 2526 praecepit.
2937 2457 3041 2524 Qui
3087 2473 3212 2513 cum
3255 2458 3589 2528 inspexisset
3617 2474 3708 2513 se-

2117 2546 2297 2601 cundo
2342 2547 2677 2616 passionem,
2714 2556 2769 2603 et
2799 2549 3027 2604 vidisset
3058 2551 3187 2620 quia
3237 2566 3349 2605 non
3385 2551 3578 2614 crevit,
3614 2551 3713 2605 sed

2115 2646 2172 2693 et
2201 2653 2327 2693 cum
2353 2638 2445 2708 qui
2466 2653 2673 2709 passus
2698 2637 2877 2695 fuerat
2924 2655 3023 2711 per
3054 2641 3321 2713 lacrymas
3369 2642 3713 2712 poenitentiae

2115 2740 2322 2787 vestem
2372 2733 2551 2787 carnis
2594 2733 2874 2799 abluisse,
2927 2749 2958 2788 e
2989 2734 3221 2804 vestigio
3282 2734 3480 2802 suscipi
3521 2735 3710 2804 jussit.

2117 2822 2177 2875 ln
2209 2820 2346 2892 ipsis
2381 2831 2562 2876 autem
2592 2823 2912 2893 apostolicis
2949 2823 3064 2879 haec
3100 2824 3359 2895 intelligis
3385 2825 3592 2888 verbis,
3636 2826 3705 2880 de

2115 2908 2182 2968 eo
2227 2915 2374 2969 enim
2421 2917 2512 2986 qui
2560 2915 2862 2972 fornicatus
2905 2917 3072 2972 fuerit
3114 2916 3416 2973 Corinthiis
3445 2920 3710 2989 scripsit:

2116 3004 2340 3060 Omnino
2369 3007 2585 3060 auditur
2622 3008 2759 3061 inter
2787 3024 2874 3062 vos
2904 3008 3210 3078 fornicatio,
3244 3016 3295 3061 et
3325 3008 3448 3063 talis
3474 3010 3715 3078 fornica-

2119 3098 2213 3161 tio,
2246 3099 2420 3167 qualis
2449 3115 2540 3151 nec
2572 3100 2709 3153 inter
2739 3110 2932 3169 gentes,
2970 3100 3046 3152 ita
3078 3110 3136 3153 ut
3166 3116 3383 3154 uxorem
3422 3102 3595 3170 patris
3625 3102 3713 3157 sui

2123 3188 2240 3257 quis
2267 3188 2478 3241 habeat.
2537 3187 2678 3242 Ecce
2711 3188 3167 3258 signiﬁcationem
3211 3190 3435 3244 audisti.
3490 3188 3717 3246 Manife-

2121 3288 2202 3333 Sta
2237 3280 2439 3349 quippe
2476 3279 2797 3350 iuitpassio,
2837 3282 2907 3335 ita
2938 3291 2997 3335 ut
3023 3297 3195 3350 usque
3221 3282 3287 3337 ad
3326 3282 3478 3336 Pauli
3509 3298 3714 3353 perve-

2122 3371 2266 3426 niret
2301 3371 2554 3436 auditus,
2603 3383 2828 3442 propter
2875 3374 3020 3443 quod
3075 3375 3142 3427 de
3194 3374 3547 3429 tabernaculo
3586 3393 3712 3431 eum

2121 3463 2245 3533 ejiei
2295 3465 2574 3533 praacepit.
2627 3466 2703 3518 ita
2752 3466 2956 3535 quippe
2994 3466 3130 3521 dicit
3168 3467 3329 3534 tradi,
3368 3467 3461 3536 qui
3514 3468 3712 3536 hujus—

2126 3555 2273 3610 modi
2315 3564 2418 3620 cst,
2460 3554 2679 3610 Satame
2714 3557 2768 3609 in
2802 3557 3080 3611 interitum
3134 3560 3329 3612 carnis.
3380 3558 3446 3613 Et
3483 3575 3710 3614 rursus:

2121 3632 2346 3719 Auferre
2387 3649 2589 3703 malum
2629 3650 2692 3703 de
2731 3651 2900 3704 medio
2946 3653 3125 3705 uestri.
3167 3651 3304 3718 Quia
3341 3661 3527 3707 autem
3570 3654 3713 3708 vidit

2121 3751 2330 3794 vestem
2385 3743 2565 3797 carnis
2617 3744 2864 3812 potentia
2925 3745 3283 3810 mandatam,
3343 3752 3536 3802 rursus
3586 3761 3714 3800 eum

2122 3833 2525 3903 suscipijussit.
2550 3834 2618 3888 Et
2637 3837 2910 3904 quomodo
2940 3836 3042 3892 hoc
3069 3847 3277 3892 certum
3311 3838 3438 3892 est?
3466 3837 3713 3901 Obsecro,

2123 3925 2317 3993 inquit,
2353 3926 2660 3995 conﬁrmate
2702 3927 2758 3980 in
2793 3945 2852 3981 eo
2876 3926 3210 3993 charitatem,
3253 3946 3316 3983 ne
3353 3931 3487 4001 forte
3518 3929 3718 3999 majori

2123 4015 2340 4069 tristitia
2395 4017 2819 4072 absorbeatur".
2859 4019 2997 4085 Quia
3050 4020 3359 4089 huiusmodi
3409 4032 3493 4075 est
3531 4041 3545 4077 :
3587 4038 3719 4094 ergo

2122 4107 2471 4162 nianifestum
2512 4120 2648 4175 erat,
2683 4110 2808 4180 quia
2839 4111 3192 4181 pmnituerat,
3226 4121 3277 4166 et
3316 4123 3377 4167 ut
3403 4114 3455 4167 in
3490 4124 3719 4184 peccato

2120 4196 3231 4274 deprehensusvehementeraﬁ‘ligebalur,
3265 4203 3471 4257 interea
3485 4219 3554 4257 ne
3583 4203 3717 4273 quid

2122 4303 2185 4342 ex
2250 4286 2421 4343 nimia
2462 4292 2683 4346 tristitia
2722 4303 3023 4363 pateretur,
3059 4310 3199 4349 neve
3234 4293 3287 4348 in
3331 4294 3721 4365 desperatione

2122 4388 2405 4434 corruerat
2446 4396 2703 4451 peccans,
2736 4385 3021 4454 praecurrit
3062 4385 3294 4451 Paulus,
3345 4396 3402 4443 et
3436 4401 3562 4442 cum
3620 4388 3715 4458 qui

438 4461 723 4517 intendere
769 4464 1166 4533 permittamur.
1206 4461 1301 4516 Vel
1344 4465 1387 4518 si
1417 4473 1693 4533 aspectum
1736 4465 2019 4519 obscurio-
2051 4473 2231 4542 Djam
2264 4475 2549 4530 munditia;
2586 4477 2871 4531 restitutus
2922 4476 3120 4543 fuerat,
3181 4477 3382 4548 suscipi
3433 4478 3720 4549 praecepit,

434 4570 576 4618 rem,
610 4554 831 4609 dubiam
865 4555 1209 4624 quibusdam,
1244 4554 1617 4624 incertamque
1647 4555 1849 4610 dixeris
1888 4571 2018 4626 pec-

437 4646 542 4701 cati
573 4645 966 4715 suspicionem,
999 4646 1051 4699 id
1080 4654 1182 4707 est,
1219 4655 1400 4700 utrum
1433 4646 1523 4709 sil,
1567 4662 1633 4699 an
1660 4663 1793 4712 non,
1827 4663 2020 4703 neces-

438 4736 639 4789 sarium
668 4736 833 4790 habet
863 4745 919 4790 et
942 4736 1059 4790 haec
1090 4737 1426 4790 sacerdotem
1459 4754 1471 4789 :
1525 4745 1712 4807 utpote
1745 4741 1835 4809 qui
1870 4739 2021 4794 novit

435 4826 710 4897 quomodo
760 4827 1041 4881 munditiae
1070 4828 1342 4881 restituat.
1389 4828 1480 4882 ille
1507 4839 1688 4884 autem
1724 4831 2021 4901 simplicio-

373 4954 386 4964 .
437 4932 551 4971 rem
598 4932 717 4971 eam
760 4917 1110 4985 denuntians,
1148 4920 1501 4990 brevemque,
1540 4937 1674 4991 aqua
1723 4923 1885 4978 diluit
1931 4943 2022 4981 ve-

437 5012 716 5077 stimenta,
763 5012 1105 5080 baptismatis
1161 5012 1437 5076 videlicet,
1478 5013 1596 5067 sive
1642 5016 2016 5082 pmnitentiaaz

437 5113 522 5159 est
563 5105 712 5158 enim
756 5102 945 5157 efﬁcax
990 5118 1129 5172 aqua
1179 5104 1523 5173 poenitentia:
1568 5105 1824 5176 lacryma,
1855 5123 2020 5176 quam

438 5209 599 5247 nemo
618 5203 817 5261 peccat
839 5194 1024 5262 gratiae
1058 5193 1316 5262 reliquias
1359 5196 1686 5264 appellando
1725 5199 2022 5267 baptisma-

438 5285 529 5337 tis.
565 5283 721 5350 Quod
757 5297 887 5353 crgo
916 5286 990 5337 ita
1035 5298 1093 5336 se
1141 5285 1324 5347 habet,
1363 5286 1717 5355 Septuaginta
1749 5288 2018 5355 passionis

436 5374 887 5444 signiﬁcationem
921 5382 1209 5442 propterea
1239 5374 1558 5428 ediderunt:
1584 5374 1710 5444 quia
1748 5392 1868 5445 quae
1895 5388 2022 5434 sunt

439 5467 671 5531 occulta,
700 5480 769 5520 ex
796 5475 950 5534 parte
987 5467 1243 5535 prodidit,
1273 5476 1329 5521 et
1358 5467 1527 5521 latere
1557 5469 1873 5525 omnimodo
1910 5488 2021 5526 non

439 5557 708 5628 permisit,
739 5559 834 5614 sed
867 5559 1103 5614 instituit
1147 5559 1484 5614 sacerdotem
1515 5561 1710 5616 medici
1760 5563 1930 5618 vicem
1965 5565 2020 5619 in

553 5739 647 5815 "1
674 5758 800 5814 Cor.
831 5777 882 5830 v,
916 5763 937 5814 l
974 5777 1126 5832 seqq.
1205 5764 1249 5795 ⁸⁷
1279 5765 1321 5818 11
1355 5765 1480 5819 Cor.
1516 5782 1571 5834 ιι,
1598 5766 1653 5834 7,
1680 5765 1736 5825 8.

2122 4562 2277 4628 Quod
2308 4572 2489 4619 autem
2536 4574 2746 4635 septem
2783 4567 2988 4623 diebus
3024 4584 3054 4622 a
3088 4569 3438 4624 tabernaculo
3470 4585 3584 4623 non
3632 4586 3725 4625 se—

2122 4655 2250 4718 mel,
2283 4656 2380 4710 sed
2417 4656 2501 4711 bis
2534 4658 2788 4713 sacerdos
2826 4670 3141 4729 susceptum
3172 4670 3391 4730 separat
3419 4702 3433 4726 ,
3466 4677 3724 4730 quaerere

2124 4754 2180 4799 et
2229 4746 2367 4800 scire
2405 4746 2683 4802 studiosos
2725 4758 2970 4818 oportet:
3013 4750 3283 4819 siquidem
3333 4750 3580 4807 secundo
3616 4754 3726 4807 hoc

2128 4838 2242 4891 ﬁeri
2279 4837 2337 4891 in
2385 4839 2505 4910 lege
2541 4850 2769 4910 propter
2794 4842 2899 4898 hoc
2933 4853 3268 4914 praeceptum
3303 4853 3407 4908 est,
3444 4855 3505 4897 ut
3538 4854 3730 4900 osten-

2127 4929 2282 4982 deret
2328 4943 2441 4982 non
2500 4931 2869 5001 negligenter,
2924 4933 3021 4987 sed
3069 4934 3314 4989 studiose
3345 4949 3472 4988 eum
3511 4936 3727 4990 debere

2126 5019 2343 5088 inspici,
2381 5032 2437 5075 et
2480 5022 2682 5092 duplici
2722 5025 3044 5094 probatione
3077 5034 3373 5092 transacta,
3417 5028 3729 5083 districtius

2124 5112 2179 5164 in
2210 5126 2277 5165 eo
2323 5113 2451 5168 ferri
2484 5115 2786 5185 judicium:
2832 5119 3183 5173 manifestum
3232 5120 3440 5190 quippe
3475 5129 3597 5174 erat
3635 5137 3727 5175 sa-

2123 5202 2328 5257 cerdoti
2374 5216 2679 5274 peccatum.
2712 5209 2817 5263 Sed
2848 5225 2972 5264 cum
3023 5211 3267 5265 animum
3312 5212 3558 5282 passioni
3593 5228 3730 5267 con-

2124 5292 2454 5348 sentientem
2480 5298 2882 5367 suspicabatur,
2916 5315 3026 5354 non
3053 5311 3234 5356 tamen
3259 5301 3548 5356 manifeste
3570 5303 3728 5375 scie-

2127 5382 2239 5450 bat,
2273 5389 2582 5444 necessarie
2615 5391 2767 5445 illum
2801 5392 2996 5446 iterum
3017 5393 3358 5462 inspiciebat.
3395 5395 3490 5449 Est
3513 5397 3726 5465 quippe

2129 5476 2438 5544 invisibilis,
2475 5490 2531 5536 et
2558 5483 2624 5538 ad
2666 5484 3064 5553 inspectionem
3096 5486 3353 5543 difﬁcilis.
3390 5487 3506 5542 lloc
3531 5487 3726 5543 Domi-

2131 5584 2234 5623 nus
2261 5584 2369 5624 non
2399 5574 2566 5629 semel
2600 5573 2742 5629 l‘etri
2773 5577 3017 5632 animum
3056 5588 3178 5650 post
3217 5579 3589 5651 negationem,
3622 5578 3722 5635 sed
