3992 6394
242 308 342 376 937

1369 312 1457 371 ἸΝ
1499 307 1942 370 LEVITICUM.
1979 332 2048 341 --
2088 308 2236 368 LIB.
2278 309 2375 369 Ν.

3413 311 3517 374 9ἶ3

238 427 500 489 secundo,
529 441 594 481 ac
639 424 823 488 tertio,
879 423 1334 494 quemadmodum
1363 439 1421 478 se
1465 423 1710 487 haberet,
1738 421 1822 475 in-
1855 427 1898 481 Α
1928 433 2031 474 nec
2055 419 2305 474 distinxit
2333 418 2388 473 in
2422 418 2619 482 medio,
2651 427 2709 471 ut
2740 412 2985 472 videatur
3003 434 3257 474 everrere
3275 422 3515 477 studiose

237 518 561 585 terrogal",
605 534 714 571 non
752 527 812 571 ut
843 517 1098 587 ignorans
1129 534 1142 568 :
1194 517 1299 570 hoc
1325 516 1469 570 enim
1501 515 1554 568 in
1595 530 1824 584 respon-

236 609 484 664 sionibus
531 609 645 664 suis
704 609 821 678 ipse
872 607 1067 664 Petrus
1121 607 1408 662 manifeste
1440 609 1657 677 prohat,
1686 621 1825 677 quas

235 708 423 768 aperte
452 700 568 768 ipse
600 700 666 753 ad
700 699 962 753 scientem
997 699 1245 768 nihilque
1275 698 1616 766 ignorantem
1662 698 1825 752 refer-

239 799 336 853 ret,
397 792 492 845 sed
540 803 646 860 qua
691 790 1110 859 dispositionem
1157 792 1604 860 perscrutabatur
1633 793 1822 857 animi,

235 882 451 938 dicebat
478 882 682 951 quippe
715 899 728 934 :
759 880 940 936 Simon
968 880 1131 946 Joua,
1162 899 1310 936 amas
1341 885 1462 936 me?
1491 883 1696 936 Docere
1724 898 1824 937 nos

236 973 407 1026 voluit
433 973 709 1042 quomodo
741 981 1244 1041 pcrscrutaremur,
1285 983 1339 1028 ct
1363 974 1638 1043 quomodo
1670 973 1822 1042 judi-

233 1079 486 1119 caremus
517 1082 531 1118 :
583 1079 681 1132 per
731 1063 1074 1134 frequentem
1108 1065 1359 1119 videlicet
1388 1065 1820 1134 inquisitionem.

233 1156 456 1225 Septem
489 1165 670 1208 autem
727 1155 846 1209 dies
881 1168 989 1209 non
1021 1155 1222 1209 frustra
1278 1156 1483 1226 posuit,
1515 1158 1610 1211 sed
1641 1167 1699 1212 ut
1726 1173 1823 1209 na-

233 1245 535 1300 cessarium
576 1245 834 1314 przesenti
867 1246 1162 1300 intentioni
1190 1263 1478 1302 numerum
1508 1249 1819 1311 honoravit,

234 1339 288 1390 in
320 1337 441 1406 ipso
468 1337 671 1406 quippe
698 1351 864 1390 omne
910 1336 1192 1392 vinculum
1247 1341 1536 1409 omnisque
1563 1340 1822 1412 obligatio

235 1444 297 1481 ex
351 1428 472 1496 lege
514 1428 779 1482 cessabat.
830 1428 964 1483 Nam
1013 1432 1174 1484 annis
1228 1425 1435 1500 septem
1467 1431 1820 1487 Hebrzeorum

236 1520 586 1574 relaxabatur
633 1522 940 1575 servitium.
975 1522 1205 1577 Juhilaeo
1232 1534 1436 1589 autem,
1487 1526 1579 1595 qui
1608 1535 1818 1596 septem

233 1611 519 1666 constabat
554 1612 1008 1678 hebdomadibus,
1039 1614 1282 1668 omnium
1312 1616 1513 1670 Judmis
1552 1618 1819 1672 concede-

232 1703 394 1758 batur
443 1703 690 1758 remissio
726 1705 1059 1771 debitorum,
1086 1715 1139 1761 ct
1164 1708 1345 1762 omnis
1383 1717 1525 1764 terra
1555 1725 1746 1764 eorum
1784 1724 1814 1764 a

232 1794 562 1862 possidentis
603 1797 814 1850 credito
848 1797 1097 1862 liberata,
1127 1801 1456 1855 anteriorem
1497 1802 1814 1857 reverteba-

236 1895 322 1938 tur
345 1886 415 1939 ad
465 1886 770 1941 dominum.
813 1885 917 1943 Sed
949 1898 1005 1943 et
1033 1889 1411 1961 Babylonicum
1440 1894 1622 1963 populi
1658 1895 1825 1964 capti-

234 1977 461 2030 vitatem
537 1980 944 2050 septuagesimo
991 1997 1135 2038 anno
1167 1983 1468 2038 Jerusalem
1517 1987 1821 2041 restitutam

232 2067 403 2121 fuisse
471 2071 850 2138 cognovimus.
911 2072 1206 2142 Propterea
1259 2076 1452 2130 Petrus
1500 2093 1530 2130 a
1593 2077 1822 2132 Domino

232 2159 479 2228 inquirit,
509 2161 701 2216 dicens
734 2182 745 2215 :
793 2163 851 2218 Si
892 2169 1181 2232 peccaverit
1228 2170 1284 2221 in
1318 2185 1395 2222 me
1431 2169 1599 2240 frater
1652 2185 1820 2238 meus,

232 2254 433 2320 quoties
458 2254 670 2306 dimitto
704 2255 772 2317 ei,
799 2272 958 2327 usque
985 2261 1184 2328 septies
1207 2261 1232 2312 .9
1264 2260 1364 2313 Ille
1393 2271 1571 2314 autem
1604 2280 1818 2334 respon-

230 2341 304 2393 dil
325 2357 344 2394 :
365 2341 484 2395 Non
514 2344 634 2396 dico
655 2346 768 2411 tibi,
796 2363 959 2416 usque
988 2350 1194 2416 septies,
1225 2352 1315 2402 sed
1341 2369 1500 2422 usque
1525 2355 1821 2424 scpiuagies

231 2435 503 2502 septies”.
572 2437 1054 2508 lnquisitionisque
1101 2441 1452 2510 pusillitatem
1515 2447 1820 2514 reprehen-

230 2524 387 2588 dens,
417 2526 532 2582 ait:
578 2527 699 2581 Non
733 2529 847 2582 dico
878 2531 971 2584 tibi
1012 2534 1233 2601 septies.‘
1266 2533 1332 2588 Et
1381 2536 1623 2591 subdidit
1667 2555 1680 2591 :
1715 2537 1820 2591 Sed

231 2631 398 2684 usque
445 2621 744 2687 septuagies
789 2622 978 2690 septies
995 2623 1064 2676 9°.
1112 2625 1252 2694 Ergo
1280 2640 1383 2679 nec
1409 2626 1490 2680 sic
1515 2627 1584 2680 ab
1625 2629 1816 2681 eodem

229 2717 409 2761 cessat
463 2725 716 2776 numero,
781 2713 874 2768 sed
934 2714 1112 2784 ipsum
1167 2717 1553 2786 multiplicans,
1603 2736 1724 2774 cum
1752 2736 1818 2775 eo

230 2797 562 2867 multiplicat
622 2810 677 2855 et
728 2803 1127 2860 remissionem.
1159 2805 1214 2861 Si
1245 2809 1367 2877 quis
1394 2816 1576 2864 autem
1627 2827 1817 2867 rursus

229 2890 492 2959 inquirat,
522 2907 684 2960 quam
715 2894 785 2948 ob
826 2911 1049 2951 causam
1088 2914 1376 2953 numerum
1425 2901 1572 2956 hunc
1596 2901 1650 2956 in
1678 2919 1818 2973 prae-

227 2979 393 3034 dictis
441 2982 690 3050 posuerit
733 2985 1008 3053 capitulis,
1043 2987 1269 3042 brevem
1301 2989 1592 3046 innuemus
1641 2992 1815 3048 ratio-

229 3085 357 3124 nem
391 3086 404 3124 :
436 3086 617 3128 moras
643 3075 864 3144 quippe,
896 3077 1024 3130 dum
1052 3079 1118 3133 ad
1171 3081 1275 3134 alia
1302 3084 1610 3138 necessaria
1653 3103 1814 3156 urge-
1844 3110 1887 3170 α

231 3177 376 3226 mus,
432 3163 549 3218 ﬁeri
603 3173 819 3235 tempus
882 3184 992 3222 non
1022 3170 1249 3239 patitur.
1282 3173 1640 3244 Septenarius
1687 3194 1817 3248 ergo

230 3269 498 3309 numerus
552 3256 719 3310 totius
779 3259 978 3314 habere
1033 3264 1322 3329 prmscntis
1383 3267 1508 3321 vitm
1576 3270 1822 3325 creditur

231 3345 655 3414 plenitudinem,
701 3365 822 3419 quae
850 3351 913 3405 in
943 3367 1001 3408 se
1027 3364 1235 3424 septem
1280 3359 1473 3414 diebus
1501 3372 1633 3418 rota:
1661 3365 1821 3420 modo

229 3439 490 3505 volvitur,
535 3455 645 3510 quo
679 3444 972 3513 completo,
1003 3456 1153 3502 recte
1180 3463 1340 3504 omne
1371 3452 1648 3508 vinculum
1701 3473 1820 3510 om-

229 3542 410 3596 neque
464 3540 750 3598 peccatum
804 3535 991 3590 saeculi
1038 3549 1236 3603 cessat,
1267 3550 1428 3611 atque
1458 3533 1619 3599 Omne
1647 3545 1819 3599 servi-

231 3617 392 3672 tium.
425 3621 792 3686 Quamobrem
819 3628 1048 3695 septima
1085 3629 1136 3682 in
1163 3631 1361 3686 divinis
1391 3634 1695 3703 Scripturis
1735 3651 1820 3691 rc-

227 3711 388 3779 quies
413 3713 747 3781 nominatur,
764 3721 1219 3786 quemadmodum
1237 3736 1290 3778 et
1317 3723 1518 3779 Paulus
1541 3727 1609 3782 de
1639 3728 1828 3798 Moyse

227 3801 303 3854 ait
334 3821 348 3857 :
383 3803 528 3856 Dixit
551 3808 686 3859 enim
733 3809 787 3860 in
821 3812 1049 3880 quodam
1095 3813 1208 3866 loco
1249 3815 1333 3868 die
1359 3819 1583 3885 septima
1603 3835 1622 3872 :
1647 3819 1739 3874 Sic
1766 3828 1814 3872 et

226 3896 450 3948 cessavit
513 3896 649 3950 Deus
677 3899 741 3952 ab
785 3903 1026 3957 omnibus
1071 3905 1311 3974 operibus
1333 3909 1524 3962 suis“.
1555 3911 1621 3963 Et
1651 3911 1811 3979 paulo

227 3993 350 4052 post
380 3986 625 4042 subdidit
655 4009 666 4043 :
696 3987 797 4052 Qui
822 4001 1000 4045 autem
1029 3993 1248 4048 intravit
1297 3995 1351 4048 in
1408 3997 1641 4066 requiem
1671 3996 1808 4066 ejus,

225 4083 274 4126 et
317 4076 429 4144 ipse
470 4080 726 4148 requievit
759 4086 823 4134 ab
882 4085 1124 4153 operibus
1151 4088 1292 4151 suis,
1345 4088 1478 4140 sicut
1526 4095 1576 4141 et
1609 4105 1642 4141 a
1701 4089 1810 4142 suis

225 4165 451 4221 Deus".
484 4167 590 4224 Sed
626 4181 682 4225 et
720 4171 1077 4230 Ecclesiastes
1104 4177 1219 4232 ait:
1257 4177 1338 4230 Da
1367 4187 1542 4244 partes
1587 4187 1806 4246 septem,

225 4273 423 4314 necnon
481 4269 531 4314 et
587 4263 775 4317 octo”.
829 4264 1228 4322 Providentiam
1283 4269 1470 4323 haberi
1522 4272 1808 4338 praesentis

221 4351 407 4404 saeculi
437 4354 760 4424 praecipiens
784 4366 838 4412 et
861 4357 1050 4426 futuri,
1078 4371 1346 4430 quatenus
1373 4365 1453 4419 sic
1481 4365 1532 4417 in
1564 4381 1805 4435 przesen-

1929 511 2198 582 frequenti
2227 513 2357 584 legis
2389 512 2740 566 meditat‘one
2789 513 3128 566 memoriam.
3192 513 3267 568 De
3315 515 3518 582 quibus

1927 605 2074 659 enim
2116 605 2369 675 superius
2405 605 2563 675 plane
2597 613 2759 674 atque
2783 607 3117 659 su‘iieienter
3144 608 3412 675 exposuit,
3448 608 3515 660 de

1929 697 2013 750 his
2064 697 2183 752 hzec
2239 713 2427 752 rursus
2473 705 2701 767 apparet
2757 698 3032 769 legislator
3074 699 3308 767 adjicere
3352 718 3364 752 :
3417 699 3514 754 sed

1928 804 2036 841 non
2068 789 2139 841 ita
2169 795 2273 852 est,
2310 805 2434 842 nam
2465 789 2566 843 etsi
2589 788 2770 842 verbis
2802 798 2886 843 est
2917 789 3244 858 proximum,
3279 789 3513 842 multum

1927 887 2108 931 tamen
2134 879 2406 933 diversam
2467 888 2630 948 atque
2684 878 3025 932 dill'erentem
3059 879 3223 933 habet
3251 878 3514 933 intentio-

1926 985 2070 1023 nem.
2104 971 2204 1025 llic
2233 971 2501 1040 siquidem
2521 987 2632 1024 non
2662 971 2729 1024 de
2768 972 3013 1040 quolibet
3042 971 3363 1041 simpliciter
3383 986 3514 1041 peca

1924 1071 2065 1127 cato,
2093 1062 2189 1116 sed
2215 1062 2286 1115 de
2329 1063 2613 1117 manifesta
2673 1063 3105 1134 transgressione
3155 1065 3342 1134 legalis
3381 1065 3515 1119 dicit

1925 1151 2138 1216 litterae,
2201 1164 2426 1223 propter
2467 1155 2612 1224 quod
2671 1157 2883 1227 plagam
2951 1157 3137 1226 leprce,
3198 1158 3512 1226 passionem

1927 1241 2096 1310 ipsam
2128 1243 2444 1312 appellavit.
2488 1243 2607 1298 Non
2637 1243 2953 1315 ignoramus
2993 1253 3198 1308 autem,
3251 1246 3377 1315 quia
3430 1247 3512 1300 le-

1924 1351 2076 1404 pram
2111 1335 2418 1390 dixerimus
2455 1337 2590 1407 legis
2646 1351 2769 1392 esse
2817 1337 3343 1406 prmvaricatiouem,
3381 1339 3509 1408 quia

1922 1436 2083 1482 uocet
2122 1428 2308 1494 etiam,
2353 1443 2477 1482 cum
2504 1429 2842 1498 particularis
2872 1430 2962 1492 sit,
2998 1430 3139 1484 sicut
3177 1430 3348 1499 lepra,
3386 1432 3513 1486 licet

1921 1533 2140 1588 parvam
2157 1527 2364 1588 partem
2391 1521 2817 1590 comprehendat
2841 1521 3102 1590 corporis.
3131 1521 3305 1586 Quam
3338 1522 3510 1591 legem

1921 1616 2103 1662 autem
2134 1608 2466 1663 existimavit
2495 1610 2814 1680 propriam?
2841 1609 2959 1664 Non
2981 1625 3124 1670 eam.
3160 1626 3281 1679 qua:
3323 1619 3408 1663 est
3439 1610 3508 1663 de

1925 1699 2125 1753 invidia
2158 1706 2215 1754 et
2247 1699 2535 1767 adulterio,
2580 1702 2876 1772 rapacitate
2921 1710 2976 1756 et
3025 1701 3284 1771 avaritial,
3343 1711 3396 1756 et
3445 1703 3514 1756 de

1927 1790 2257 1845 honorandis
2293 1792 2632 1861 parentibus,
2667 1808 2793 1846 nam
2825 1792 3015 1846 similis
3045 1792 3132 1846 lex
3155 1801 3346 1846 eratet
3376 1808 3510 1860 gen-

1928 1883 2106 1945 tibus;
2133 1884 2228 1938 sed
2264 1899 2405 1950 eam,
2438 1900 2557 1953 quae
2594 1885 2660 1939 de
2686 1883 2970 1938 sacriﬁciis
3008 1893 3064 1938 et
3111 1885 3508 1952 puriﬁcationi-

1927 1974 2028 2028 bus
2050 1975 2371 2030 saneiébat:
2422 1976 2541 2030 Non
2593 1985 2801 2048 tangas,
2833 1993 2942 2032 non
2985 1987 3190 2047 gustes,
3229 1993 3336 2031 non
3373 1993 3510 2031 con-

1929 2071 2128 2118 trectes
2156 2079 2297 2129 cam,
2336 2080 2457 2134 qua:
2501 2065 2816 2120 circumcidi
2859 2081 3080 2120 carnem
3127 2067 3340 2135 jubeat.
3380 2065 3510 2120 Haec

1925 2154 2068 2208 enim
2093 2156 2393 2224 erantejus
2431 2158 2671 2226 propria,
2723 2172 2845 2211 cum
2885 2159 3139 2227 gentibus
3159 2159 3505 2212 communio-

1925 2256 2052 2295 nem
2076 2257 2184 2296 non
2221 2243 2498 2298 habentia.
2539 2244 2595 2297 Si
2649 2260 2778 2316 ergo
2841 2245 2994 2316 plaga
3031 2246 3194 2314 hujus
3247 2245 3412 2315 lepra:
3450 2245 3506 2301 in

1927 2335 2144 2389 homine
2174 2344 2290 2389 orta
2311 2335 2491 2401 fuerit,
2515 2346 2570 2391 et
2599 2337 2789 2392 videns
2836 2352 2960 2392 eum
3012 2338 3286 2403 sacerdos,
3321 2339 3505 2394 album

1924 2427 2162 2481 colorem
2189 2429 2240 2480 in
2268 2438 2393 2482 cute
2436 2431 2795 2498 perspexerit.
2851 2431 3356 2500 praevaricationem
3390 2446 3509 2486 ma.-

1923 2516 2198 2583 nilestam,
2273 2529 2630 2588 apertamque
2673 2519 3016 2586 littcrzeillm,
3051 2536 3174 2589 quae
3226 2521 3508 2575 voluntate

1923 2617 2086 2676 atque
2111 2623 2176 2661 ex
2209 2608 2393 2662 studio
2422 2609 2629 2678 egerit:
2678 2609 2780 2663 hoc
2801 2609 2947 2662 enim
3009 2623 3128 2664 esse
3185 2609 3508 2678 capillorum

1922 2707 2202 2769 aspectum
2242 2699 2297 2752 in
2331 2699 2514 2754 album
2542 2701 2760 2764 mutari,
2799 2700 2853 2754 id
2910 2708 3015 2765 est,
3046 2708 3234 2770 aperte
3267 2700 3508 2753 animum

1923 2789 1976 2843 in
2000 2790 2178 2860 aliqua
2209 2791 2659 2861 praevaricatione
2722 2791 3024 2856 transferri,
3077 2791 3330 2864 superius
3365 2791 3512 2846 dixid

1924 2895 2065 2935 mus.
2101 2881 2478 2936 Habetautem
2519 2882 2637 2952 ipsa
2669 2882 2882 2952 species
2934 2882 3114 2937 vivam
3155 2897 3403 2948 carnem,
3449 2890 3510 2938 ut

1922 2973 2014 3042 qui
2055 2973 2335 3041 videlicet,
2385 2975 2491 3029 etsi
2523 2975 2579 3028 in
2607 2975 2790 3045 aliquo
2824 2974 3240 3046 transgreditur,
3293 2975 3350 3029 in
3389 2975 3511 3029 aliis

1924 3074 2105 3120 tamen
2137 3067 2310 3138 legem
2340 3067 2604 3122 defendit.
2637 3066 2810 3132 Quam
2837 3067 3039 3122 frustra
3069 3083 3260 3123 sanam
3287 3084 3508 3124 carnem

1927 3158 2243 3228 appellaret,
2266 3160 2374 3214 nisi
2405 3168 2460 3214 et
2493 3160 2688 3214 beatus
2705 3160 2905 3215 Paulus
2929 3160 3008 3215 sic
3041 3161 3187 3215 illam
3205 3162 3511 3231 appellasse

1925 3251 2228 3319 videretur,
2259 3251 2336 3306 ait
2377 3252 2526 3306 enim
2587 3271 2601 3306 :
2666 3252 3078 3322 Justiﬁcatioues
3135 3254 3310 3308 carnis
3351 3270 3515 3325 usque

1925 3343 1997 3395 ad
2025 3351 2225 3414 tempus
2256 3344 2593 3398 correctionis
2613 3345 2883 3408 imponitis
2922 3343 2988 3398 “.

1997 3434 2166 3503 Lepra
2188 3437 2539 3490 vetustissima
2562 3437 2910 3506 judicabitur.
2958 3437 3320 3492 Consenescit
3360 3437 3512 3492 enim

1923 3535 2169 3596 peccato,
2199 3537 2255 3582 et
2283 3527 2676 3597 corrumpitur,
2723 3528 2852 3598 quia
2897 3544 3135 3600 pugnam
3164 3529 3220 3582 in
3252 3544 3312 3584 se
3335 3528 3514 3584 conti-

1921 3633 2109 3683 uuam,
2136 3625 2190 3672 et
2225 3617 2395 3672 rixam
2426 3618 2611 3683 habet,
2645 3618 2775 3672 dum
2797 3619 2850 3673 in
2870 3620 3146 3689 aliquibus
3199 3620 3375 3691 legem
3413 3621 3511 3675 de-

1920 3708 2100 3777 Spicit,
2123 3707 2176 3762 in
2205 3709 2482 3778 aliquibus
2505 3709 2775 3766 defendit.

1994 3800 2214 3868 Propter
2226 3801 2366 3872 quod
2392 3818 2512 3855 eum
2537 3803 2866 3856 contaminat
2883 3805 3129 3858 sacerdos
3148 3813 3196 3858 et
3217 3821 3318 3858 non
3336 3806 3510 3858 reclu-

1917 3893 2013 3946 dit.
2034 3892 2129 3946 Vel
2149 3894 2288 3948 sicut
2314 3893 2474 3960 LXX,
2501 3903 2548 3947 et
2565 3902 2802 3961 separat,
2820 3895 2946 3964 quia
2961 3897 3257 3965 perspicua
3273 3895 3512 3951 immun-

1916 3983 2045 4037 ditia
2069 3992 2173 4038 est.
2192 3983 2475 4049 Quomodo
2498 3984 2644 4039 enim
2671 3999 2778 4040 non
2800 3985 3187 4040 abominabilis
3201 3995 3258 4040 et
3276 3987 3513 4042 imniun-v

1916 4073 2019 4127 dus
2050 4084 2152 4139 est,
2179 4076 2273 4144 qui
2295 4076 2465 4146 legem
2491 4075 2802 4140 inhonorat,
2820 4091 2982 4145 quam
3001 4076 3117 4146 ipse
3139 4077 3237 4132 sibi
3259 4090 3510 4134 necessa-

1916 4167 2049 4220 riam
2067 4181 2189 4222 esse
2205 4183 2268 4221 ex
2283 4175 2436 4236 parte
2454 4167 2829 4231 custodiendo,
2846 4167 3133 4224 confirmat
3154 4168 3178 4221 ?
3201 4167 3337 4233 Quia
3359 4169 3508 4224 enim

1923 4258 2039 4313 haec
2065 4258 2128 4312 in
2144 4258 2603 4328 subsequentibus
2623 4259 2888 4328 planiora,
2924 4259 3195 4330 nimisque
3221 4260 3510 4317 manifesta

1912 4349 2068 4418 fiunt,
2088 4350 2155 4404 ad
2169 4366 2234 4406 ea
2245 4351 2362 4420 ipsa
2375 4365 2476 4406 nos
2485 4351 2598 4421 jam
2614 4351 2808 4406 ordine
2821 4352 3181 4422 compellente
3200 4369 3508 4425 pergamus.

224 4441 258 4494 ti
311 4444 814 4512 saeculowivamus,
866 4449 1011 4505 sicut
1033 4463 1420 4522 exspectantes
1448 4458 1714 4510 futurum.
1745 4456 1810 4512 Et

1988 4441 2366 4498 Vanam-ﬂ.
2395 4461 2416 4494 ‹
2474 4441 2569 4497 Sin
2610 4452 2794 4498 autem
2850 4441 3154 4499 ethoruerit
3194 4445 3511 4498 discurrens

223 4535 343 4591 haec
391 4539 614 4606 quidem
666 4541 737 4594 ita
786 4557 846 4596 se
871 4543 1094 4610 habent,
1124 4547 1220 4601 sed
1246 4564 1370 4602 cum
1402 4549 1594 4620 majori
1623 4549 1810 4605 studio

219 4637 353 4681 sunt
379 4628 718 4684 discutienda
751 4634 1057 4703 sequentia.

291 4717 459 4772 Vens.
487 4721 640 4774 9-H.
668 4739 688 4772 ι
725 4723 881 4794 Plaga
921 4725 1084 4794 lepra:
1151 4727 1194 4780 si
1230 4727 1393 4782 fuerit
1453 4728 1508 4782 in
1565 4729 1805 4795 homine,

213 4811 524 4865 adducetur
553 4813 618 4866 ad
660 4816 1020 4877 sacerdotem,
1054 4827 1110 4871 et
1142 4818 1348 4873 videbit
1386 4836 1534 4875 eum.
1566 4822 1811 4892 Cumque

212 4901 368 4954 C'2I0t'
395 4899 624 4954 albusiu
661 4913 784 4956 cute
823 4903 1007 4967 fuerit,
1061 4913 1117 4959 et
1153 4905 1472 4974 capillorum
1517 4909 1809 4963 mutaverit

209 5002 528 5062 aspectum.
576 4995 689 5064 ipsa
717 5012 934 5065 quoque
967 5013 1096 5052 caro
1135 4998 1257 5052 viva
1303 4999 1606 5068 apparebit,
1659 5001 1809 5070 lepra

208 5083 587 5136 vetustissima
615 5084 976 5152 iudicabitur,
1021 5094 1183 5157 atque
1205 5088 1393 5144 inolita
1441 5091 1574 5144 cuti.
1605 5091 1808 5145 Conta-

206 5173 452 5226 minabit
486 5172 667 5242 itaque
693 5191 816 5230 eum
845 5177 1121 5234 sacerdos.
1155 5187 1211 5233 et
1237 5193 1349 5233 non
1387 5179 1654 5246 recludet,
1681 5181 1808 5251 quia

207 5263 510 5330 perspicue
538 5265 881 5322 immunditia
899 5277 1002 5323 est.
1041 5287 1060 5321 ι

280 5350 407 5406 Νοη
443 5355 538 5408 tibi
575 5356 793 5411 videtur
809 5360 966 5428 quasi
1024 5360 1336 5431 superﬂuus
1358 5377 1482 5417 esse
1529 5364 1808 5434 legislator

207 5442 520 5512 eademque
553 5456 814 5516 repetens
847 5449 902 5504 in
944 5451 1048 5505 hoc
1073 5460 1235 5521 atque
1290 5453 1484 5507 eodem
1505 5454 1668 5518 libro,
1711 5453 1807 5508 sed

211 5707 252 5740 ’δ
363 5651 541 5740 ιιοπη.
577 5673 690 5740 svi,
727 5659 913 5714 iii-l7.

278 5722 431 5775 iiubr
477 5741 552 5787 Ix,
581 5728 622 5778 l.

424 5818 701 5880 Ps'rnon
732 5822 849 5881 Gn.
883 5821 1087 5882 XClll.

990 5661 1035 5692 ⁸⁵
1069 5661 1255 5716 lllalth.
1287 5680 1444 5725 xvm,
1469 5665 1558 5717 2|.

1656 5663 1701 5694 "
1736 5663 1869 5718 ibid.
1907 5664 1998 5720 22.

1919 4532 2067 4602 lepra
2101 4531 2156 4587 in
2187 4540 2333 4599 cute,
2353 4540 2408 4588 et
2441 4535 2722 4604 operuerit
2751 4549 2970 4589 omnem
3030 4544 3216 4590 cutem
3256 4551 3286 4588 a
3329 4537 3512 4606 capite

1919 4641 2092 4696 usque
2120 4627 2188 4680 ad
2216 4627 2404 4696 pedes,
2445 4626 2782 4698 etquidquid
2831 4627 2936 4682 sub
2965 4637 3193 4698 aspectu
3219 4628 3508 4684 oculorum

1918 4718 2082 4781 cadit,
2109 4719 2478 4774 considerabit
2516 4734 2643 4774 eum
2697 4720 2974 4787 sacerdos,
3022 4729 3079 4775 et
3125 4719 3300 4776 teneri
3357 4721 3510 4792 lepra

1918 4811 2584 4880 mundissimajudicabit,
2629 4828 2696 4867 eo
2711 4813 2857 4882 quod
2885 4812 3066 4868 omnis
3096 4814 3152 4867 in
3210 4815 3511 4873 candorem

1916 4917 2072 4957 versa
2102 4901 2190 4958 sit.
2216 4902 2282 4957 Et
2304 4901 2508 4957 idcirco
2530 4903 2694 4957 homo
2714 4903 2952 4958 mundus
2972 4904 3098 4958 erit.
3130 4905 3361 4970 Quando
3379 4923 3513 4961 vero

1916 5008 2046 5048 caro
2068 4995 2260 5049 vivens
2293 4996 2347 5048 in
2384 5010 2452 5049 eo
2483 4997 2820 5065 apparuerit,
2851 5005 2986 5052 tunc
3031 4998 3335 5053 sacerdoxis
3359 4998 3512 5069 judi-

1915 5088 2000 5141 cio
2024 5087 2315 5156 polluetur,
2344 5097 2400 5142 et
2446 5087 2919 5144 interimmundos
2941 5091 3304 5160 reputabitur.
3367 5090 3513 5147 Caro

1916 5179 2062 5234 enim
2085 5181 2226 5247 viva,
2250 5181 2293 5236 si
2318 5181 2468 5250 lepra
2493 5190 2835 5253 aspergatur,
2875 5183 3158 5238 immunda
3191 5190 3297 5238 est.
3350 5181 3508 5249 Quod

1917 5271 1959 5324 si
1987 5288 2177 5326 rursus
2202 5288 2359 5328 versa
2392 5273 2554 5327 fuerit
2592 5274 2648 5327 in
2706 5274 3015 5329 albedincm
3035 5285 3089 5329 et
3119 5284 3290 5329 totum
3325 5275 3507 5329 homi-

1915 5381 2042 5418 nem
2074 5365 2376 5434 operuerit,
2410 5366 2782 5421 considerabit
2809 5381 2936 5421 eum
2964 5368 3219 5422 sacerdos
3251 5377 3305 5421 et
3340 5381 3506 5422 muna

1917 5457 2042 5511 dum
2067 5474 2188 5513 esse
2221 5459 2499 5514 decernet.
2538 5477 2558 5510 ι

2098 5668 2136 5698 ’⁸
2176 5665 2342 5722 Hebr.
2389 5683 2461 5732 Iv,
2488 5667 2542 5719 4.
2649 5667 2692 5699 ’⁸
2723 5666 2854 5720 ibid.
2880 5665 2963 5720 10.
3053 5666 3099 5696 ’³
3132 5664 3310 5720 ΙΞςςιρ.
3342 5680 3416 5725 xz.
3441 5664 3498 5721 2.

3097 5827 3172 5889 30
