3992 6426
456 303 564 369 939

1663 291 2024 352 IIESYCHII
2060 291 2533 354 PRESBYTER]

3624 300 3734 365 950

525 409 647 467 Non
665 421 886 480 egemus
916 403 1101 461 multis
1125 400 1470 457 sermonibus
1505 398 1557 452 in
1588 398 1875 468 praesentis
1930 398 2037 452 loci
2066 406 2110 463 Α
2139 402 2337 471 {rustra
2365 403 2713 458 laboraverim
2740 402 2793 458 in
2820 405 3013 472 vobis‘,
3046 406 3112 461 Et
3139 422 3327 463 rursus
3354 427 3365 462 :
3400 407 3504 474 Qui
3534 410 3591 463 iu
3622 412 3732 483 lege

455 503 837 576 expositione;
867 497 1153 568 sequentia
1180 494 1476 565 prioribus,
1511 499 1564 545 et
1592 490 1773 560 priora
1802 504 2039 558 sequen-
2135 499 2529 568 iustiﬁcamini’
2551 519 2584 555 α
2615 502 2789 573 gratia
2814 504 3104 558 επεεείειίε
3125 507 3165 558 θ’
3193 504 3268 559 De
3293 506 3542 562 Judaicis
3568 511 3734 563 eum“

460 599 603 652 tibus
631 595 700 650 ad
726 590 1232 662 interpretationem
1262 593 1618 640 concurrunt.
1655 580 2039 651 PrOptequod

458 687 692 746 Jacohus
715 685 968 742 diccbat:
1008 680 1196 737 Omnis
1238 676 1540 749 prophetia:
1571 675 1855 745 Scriptura
1914 690 2042 744 pro-

459 780 576 851 pria
632 773 1086 847 interpretatione
1141 785 1252 824 non
1321 770 1379 821 lit
1426 784 1439 819 :
1497 779 1835 835 unaquaaque
1893 765 2041 818 enim

460 873 692 928 maxime
719 887 784 924 ex
823 863 1286 937 consequentibus
1329 858 1673 929 explanatur.
1700 857 1929 927 Lepram
1986 857 2040 911 in

460 974 586 1020 cute
620 962 910 1018 didicimus
954 955 1144 1027 legalis
1186 967 1309 1007 esse
1370 949 1565 1003 litteras
1629 948 2042 1017 prrevaricatio-

460 1071 607 1110 nem.
643 1054 789 1107 Bene
819 1060 1002 1107 autem
1054 1052 1209 1115 dixit,
1248 1051 1303 1104 in
1329 1058 1478 1115 cute,
1513 1048 1639 1117 quia
1674 1046 2035 1102 Sabhatorurr

460 1146 828 1212 circumcisio,
891 1145 976 1200 vel
1032 1144 1497 1215 puriﬁcationem,
1545 1157 1668 1211 quas
1727 1157 1824 1210 per
1867 1140 2042 1210 legem

459 1238 799 1303 sanciuntur,
835 1236 1213 1307 transgressio,
1239 1250 1351 1288 non
1379 1234 1617 1288 afferunt
1644 1231 1838 1286 anima:
1867 1231 2045 1286 laesio-

461 1344 587 1384 uem
615 1345 628 1381 :
660 1337 879 1383 coercet
911 1328 1114 1398 quippe
1139 1327 1275 1397 legis
1299 1327 1481 1380 littera
1540 1324 1874 1379 exteriorem
1940 1323 2042 1376 ho-

460 1424 684 1478 minem.
712 1422 768 1477 Si
802 1438 932 1494 ergo
965 1423 1157 1477 eadem
1204 1421 1353 1491 lepra
1391 1429 1536 1491 tegat
1560 1434 1781 1474 onmem
1838 1427 2041 1484 cutem,

460 1531 489 1569 a
520 1515 697 1585 capite
734 1529 908 1585 usque
932 1514 1001 1568 ad
1028 1512 1219 1584 pedes,
1241 1521 1297 1567 et
1343 1511 1606 1583 quidquid
1670 1511 1772 1564 sub
1819 1517 2043 1579 aspectu

461 1608 744 1661 oculorum
770 1606 1073 1660 sacerdotis
1106 1605 1273 1672 cadit,
1298 1605 1558 1659 mtindum
1614 1618 1739 1657 cum
1773 1602 2040 1661 decernit.

462 1701 517 1754 Si
547 1701 690 1753 enim
719 1700 986 1770 quispiam
1013 1715 1045 1755 a
1075 1708 1185 1755 tota
1232 1699 1368 1769 legis
1390 1699 1585 1753 littera:
1616 1698 1834 1753 recedat
1857 1705 2041 1752 costo-

462 1789 570 1854 dia,
603 1796 658 1842 et
691 1804 870 1857 neque
902 1788 1374 1843 rircumcisionem
1398 1801 1576 1857 neque
1609 1787 1854 1840 ciborum
1883 1784 2044 1839 ditl‘e-

464 1878 717 1945 rentiam,
752 1893 931 1948 neque
954 1878 1315 1932 Sabbatorum
1339 1876 1667 1942 custodiam,
1711 1889 1814 1929 nec
1871 1875 2044 1943 pollu-

465 1972 695 2037 tionum,
732 1980 829 2026 aut
857 1970 1272 2037 sacriﬁciorum,
1307 1978 1403 2024 aut
1449 1969 1760 2039 aliquorum
1812 1966 2045 2020 aliorum

464 2062 657 2117 talium
680 2072 933 2117 exerceat
952 2076 1141 2132 opera,
1211 2061 1306 2116 sed
1353 2061 1422 2116 ab
1475 2059 1733 2115 omnibus
1785 2058 2047 2129 legalibus

464 2155 752 2209 elementis
808 2153 1046 2221 recedat,
1074 2164 1238 2223 atque
1267 2169 1298 2207 a
1330 2154 1509 2223 capite
1567 2168 1740 2222 usque
1764 2150 1832 2204 ad
1857 2150 2043 2221 pedes,

464 2262 494 2302 ιι
523 2247 697 2317 primo
727 2246 980 2300 videlicet
1013 2260 1182 2315 usque
1210 2246 1277 2299 ad
1305 2245 1557 2299 ultimum
1589 2244 1783 2298 horum
1817 2244 2046 2298 manda-

466 2349 666 2402 torum,
690 2339 758 2392 ad
789 2338 1012 2393 meliora
1050 2338 1357 2393 cucurrerit
1387 2345 1550 2407 atque
1582 2336 1931 2408 perfectiora,
1956 2337 2035 2391 fe-

465 2432 707 2500 ceritque
727 2431 829 2485 hoc
857 2429 913 2483 in
940 2422 1238 2501 conspectu
1261 2430 1584 2496 sacerdotis,
1620 2430 1674 2484 id
1714 2438 1799 2484 est
1818 2429 2044 2495 Christi,

464 2533 524 2578 ut
553 2525 667 2592 ipse
695 2523 888 2577 videns
914 2522 1405 2592 transgressionem
1438 2520 1904 2591 imperfectorum,
1929 2537 2051 2576 sus—

465 2615 646 2684 cipiat,
687 2614 857 2670 teneri
893 2629 1019 2668 eum
1050 2614 1197 2683 lepra
1249 2613 1610 2667 mundissima
1649 2613 1936 2682 iudicabit,
1986 2629 2052 2667 eo

466 2705 611 2775 quod
643 2704 822 2759 omnis
853 2704 907 2758 in
940 2704 1236 2757 candorem
1282 2718 1441 2757 versa
1473 2702 1577 2769 sit;
1630 2702 1697 2756 ad
1747 2702 2050 2756 claritatem

470 2794 722 2848 videlicet
752 2794 840 2850 hic
870 2792 1258 2863 semetipsum,
1293 2792 1361 2847 ad
1409 2792 1781 2862 evangelicum
1817 2807 2052 2847 conver-

468 2888 733 2942 sationem
772 2885 1067 2951 transtulit,
1105 2885 1253 2939 sicut
1273 2885 1437 2940 modo
1462 2884 1705 2939 auditis:
1739 2883 1937 2938 Luceat
1962 2884 2055 2938 lux

470 2987 637 3033 vestra
678 2994 855 3033 corant
905 2977 1201 3031 hominibus
1220 2976 1289 3032 ".
1345 2974 1410 3031 Et
1462 2991 1655 3031 rursus
1710 2994 1725 3031 :
1793 2974 1941 3030 Sicut
1999 2977 2055 3030 iu

2145 592 2528 649 traditionibus
2546 595 2658 648 ait:
2688 594 2741 649 Si
2773 596 2916 649 enim
2947 612 3068 666 qua:
3100 596 3367 664 destruxi,
3395 601 3515 654 haec
3539 601 3735 656 eadem

2143 680 2337 736 iterant
2388 683 2680 750 retedilico,
2714 695 3171 756 transgressorem
3215 702 3299 740 me
3337 691 3634 743 constituo.

2212 773 2360 839 Quod
2387 778 2432 829 si
2458 776 2600 830 color
2629 793 2811 831 sanus.
2854 777 2969 832 lloc
2998 788 3082 832 est
3129 779 3277 833 enim
3309 781 3519 847 vivens,
3565 797 3739 836 sanus

2143 876 2326 921 autem
2364 867 2563 921 dicitur
2611 870 2910 921 secundum
2955 868 3266 923 Judaeorum
3313 871 3739 927 mstimationem

2144 968 2305 1027 atque
2328 959 2555 1029 legalem
2582 959 3155 1030 comprehensionem,
3176 978 3286 1017 non
3315 974 3497 1017 autem
3525 979 3740 1019 secun-

2144 1051 2273 1104 dum
2307 1052 2614 1105 veritatem.
3558 1122 3561 1127 _

2212 1142 2518 1209 Ιίιτινδδίντὶι,
2553 1152 2889 1215 mutatusque
2926 1145 3085 1216 fuerit
3125 1147 3181 1200 in
3231 1145 3431 1200 album.
3462 1145 3522 1200 Id
3555 1155 3643 1202 est
3680 1148 3737 1203 in

2145 1233 2570 1288 ecclesiasticam
2618 1235 3114 1302 conversationem,
3152 1238 3334 1291 veniet
3368 1237 3438 1291 ad
3476 1238 3739 1292 sacerdo-

2147 1331 2275 1391 tem,
2305 1325 2604 1391 Christum,
2633 1336 2687 1381 et
2717 1328 2980 1382 mundum
3014 1324 3141 1382 eum
3178 1343 3299 1383 esse
3347 1327 3619 1395 decernit,
3646 1344 3728 1383 ve

2145 1418 2290 1471 niam
2323 1418 2512 1488 primas
2540 1420 2848 1475 concedens
2877 1420 3142 1485 infantius,
3168 1423 3357 1475 eadem
3386 1421 3602 1476 ratione
3626 1438 3737 1491 qua

2148 1519 2293 1566 totus
2324 1511 2570 1581 leprosus
2598 1528 2663 1567 ex
2693 1513 3201 1584 multitudine,qu:e
3239 1525 3464 1585 putatur
3486 1518 3739 1570 immun-

2145 1601 2311 1668 ditize,
2335 1604 2634 1658 secundum
2664 1604 2855 1674 legem,
2885 1605 3121 1660 mundus
3135 1605 3385 1660 ellicitur.
3408 1606 3487 1660 lta
3506 1614 3565 1660 et
3584 1606 3740 1675 plebs

2146 1693 2212 1747 de
2239 1695 2511 1764 gentibus,
2543 1696 2598 1750 in
2628 1696 2973 1752 multitudine
3011 1698 3415 1768 etperl‘eetione
3443 1698 3629 1770 legalis
3646 1698 3740 1752 lit-

2148 1796 2297 1851 terte,
2338 1788 2800 1856 praevaricationis
2849 1790 3051 1844 munda
3091 1805 3188 1859 per
3216 1790 3388 1858 ipsam
3411 1790 3587 1860 legem
3619 1790 3740 1843 elli-

2146 1879 2308 1944 citur,
2347 1895 2468 1948 qua:
2505 1896 2614 1933 non
2650 1880 2907 1945 litteram,
2974 1882 3068 1936 sed
3134 1882 3434 1952 spiritalem
3494 1883 3737 1938 mandati

2147 1970 2343 2038 qurrit
2385 1970 2823 2041 intelligentiam.

2218 2062 2384 2118 Vens.
2412 2064 2600 2120 18-25.
2642 2084 2660 2116 c
2697 2065 2838 2120 Caro
2859 2067 3077 2121 cteutis
3115 2065 3169 2119 in
3195 2083 3299 2135 qua
3336 2067 3490 2121 ulcus
3545 2076 3737 2122 natum

2147 2164 2249 2221 est,
2280 2168 2335 2211 et
2362 2166 2633 2223 sanatum,
2659 2166 2716 2213 et
2755 2158 2813 2213 in
2841 2159 2961 2214 loco
3005 2159 3205 2213 ulceris
3226 2160 3446 2214 cicatrix
3471 2175 3741 2230 apparue-

2150 2247 2221 2302 rit
2245 2248 2387 2310 alba,
2419 2248 2534 2303 sive
2560 2248 2786 2305 subruta
2821 2249 3143 2313 adducetur,
3179 2250 3344 2305 homo
3370 2250 3441 2306 ad
3470 2250 3738 2305 sacerdo-

2150 2348 2283 2395 tem.
2313 2339 2416 2407 Qui
2449 2357 2571 2395 cum
2590 2342 2785 2397 viderit
2809 2342 2987 2397 locum
3011 2343 3176 2412 lepra:
3199 2342 3542 2397 humiliorem
3572 2357 3742 2398 carne

2152 2428 2377 2499 reliqua,
2414 2440 2468 2485 et
2490 2431 2626 2500 pilos
2659 2447 2848 2487 versos
2883 2431 2938 2484 in
2988 2433 3306 2498 candorem,
3337 2432 3742 2488 eontaminahit

2151 2539 2276 2578 eum
2309 2541 2322 2577 :
2365 2523 2521 2595 plaga
2555 2524 2703 2579 enim
2731 2525 2896 2594 lepra:
2932 2533 3053 2579 orta
3081 2534 3165 2577 est
3190 2524 3245 2577 in
3278 2524 3479 2580 ulcere.
3506 2525 3664 2591 Quod
3688 2526 3739 2579 si

2151 2612 2296 2683 pilus
2324 2613 2521 2667 coloris
2546 2624 2627 2668 est
2655 2612 2894 2682 pristini,
2931 2622 2987 2667 et
3018 2613 3245 2667 cicatrix
3265 2614 3631 2680 subobscura,
3681 2623 3742 2670 et

2152 2702 2332 2757 vicina
2358 2718 2488 2757 caro
2517 2718 2628 2756 non
2658 2710 2744 2757 est
2776 2703 3055 2769 humilior,
3097 2703 3345 2758 recludet
3364 2719 3490 2758 eum
3519 2714 3735 2774 septem

2153 2796 2368 2857 diebus,
2396 2804 2451 2850 et
2477 2796 2523 2848 si
2571 2788 2791 2866 quidem
2832 2794 3090 2860 creverit,
3133 2795 3469 2865 adjudicabit
3496 2811 3626 2850 eum
3663 2796 3743 2850 le-

2156 2907 2287 2963 prae.
2318 2890 2414 2945 Sin
2437 2898 2618 2945 autem
2654 2888 2867 2944 steterit
2898 2889 2952 2943 in
2999 2889 3119 2944 loco
3140 2903 3259 2952 suo,
3312 2886 3511 2942 ulceris
3549 2895 3634 2943 est
3658 2887 3741 2943 ci-

2156 2982 2349 3047 catrix,
2386 2991 2442 3036 et
2473 2982 2638 3036 homo
2680 2980 2920 3036 mundus
2942 2980 3071 3035 erit.
3107 2998 3125 3030 ι

469 3073 552 3126 die
629 3073 840 3127 honeste
918 3068 1247 3125 ambulemus
1281 3069 1349 3124 ".
1425 3067 1659 3140 Propter
1732 3068 1878 3139 quod
1959 3067 2128 3152 ﬁliic
2228 3073 2391 3128 Beata
2425 3081 2510 3127 est
2532 3072 2792 3128 continua
2819 3071 2951 3143 legis
2986 3071 3289 3137 meditatio,
3315 3080 3480 3141 atque
3506 3086 3744 3126 conver-

473 3164 629 3232 lucis,
702 3179 813 3219 non
892 3163 1071 3219 noctis
1120 3177 1300 3234 neque
1365 3162 1712 3219 tenebrarum
1762 3162 2056 3218 nominan-

477 3268 585 3311 llll'.
1400 3320 1405 3323 .

542 3346 691 3413 Quod
717 3348 763 3401 si
793 3364 915 3402 caro
938 3348 1053 3402 viva
1081 3348 1137 3401 in
1165 3364 1229 3402 ea
1250 3349 1584 3418 apparuerit.
1621 3347 1677 3403 ιιι
1708 3357 1814 3416 est,
1866 3347 2057 3404 Judai—

475 3457 598 3497 cum
631 3441 970 3507 mandatum,
1005 3440 1131 3511 quia
1184 3440 1428 3496 viventia
1485 3456 1597 3497 non
1638 3450 1864 3513 propter
1906 3439 2056 3496 acci-

475 3539 710 3607 pientes,
742 3537 835 3592 sed
869 3544 1092 3607 propter
1115 3536 1309 3591 dantes
1354 3536 1445 3591 illa
1498 3545 1763 3608 putantur
1818 3536 2054 3607 eloquia,

474 3627 649 3698 magis
668 3635 848 3681 autem
872 3637 926 3682 et
952 3635 1174 3697 propter
1220 3627 1578 3697 accipientes.
1626 3627 1683 3681 Si
1752 3628 2057 3683 secundum

477 3717 627 3772 illum
651 3718 893 3785 modum,
915 3733 1036 3789 quas
1064 3717 1190 3773 data
1213 3726 1365 3786 sunt,
1393 3719 1796 3787 custodiantur,
1830 3734 2059 3776 necesse

475 3820 578 3878 est,
602 3820 663 3866 ut
689 3811 779 3881 qui
819 3827 921 3866 nec
959 3812 1075 3871 haec
1099 3821 1383 3882 operatur,
1447 3827 1625 3882 neque
1655 3812 1746 3866 illa
1786 3828 1817 3867 a
1858 3812 2059 3882 quibus

478 3905 721 3971 recessit,
751 3904 1043 3974 polluatur.
1075 3904 1183 3961 Sed
1218 3904 1501 3974 utriusque
1531 3904 1910 3975 probationem
1926 3919 2058 3975 pro-

477 3995 735 4052 feramus.
792 3995 1045 4051 Viventia
1094 3996 1320 4067 quidem
1378 3997 1505 4067 quia
1553 3997 1809 4053 dicantur
1864 3997 2058 4069 legalia

475 4086 785 4145 .lodaaorum
809 4088 1086 4153 mandata,
1118 4087 1405 4143 audiamus
1429 4086 1772 4158 Stephanum
1793 4087 1861 4142 de
1880 4087 2061 4158 Moyse

475 4180 677 4234 .ludmis
702 4180 1012 4235 dicentem:
1048 4179 1150 4233 llic
1184 4189 1256 4234 est
1301 4181 1539 4252 quifuit
1582 4182 1638 4234 in
1690 4179 1947 4243 Ecclesia,
2003 4180 2079 4237 inf

477 4288 648 4324 eremo
679 4286 797 4322 cum
826 4269 1035 4341 angelo,
1063 4273 1153 4341 qui
1176 4270 1484 4342 loquebatur
1528 4272 1575 4325 ei
1602 4273 1658 4325 in
1702 4278 1876 4324 monte
1903 4268 2057 4336 Sina,

478 4371 524 4415 et
554 4378 672 4413 cum
697 4361 936 4429 patribus
967 4364 1181 4429 nostris,
1213 4364 1304 4433 qui
1365 4362 1590 4432 suscepit
1618 4360 1773 4415 verba
1832 4360 2060 4414 viventia

2162 3162 2320 3227 satio,
2356 3161 2667 3231 habereque
2703 3175 2919 3231 semper
2948 3161 3004 3214 in
3036 3162 3289 3216 manibus
3318 3162 3746 3227 thesaurum,“

2162 3269 2271 3324 quo
2299 3252 2627 3325 cognitionis
2649 3253 2743 3306 Dei
2766 3252 3073 3323 procedunt
3103 3252 3332 3307 divitias.
3372 3252 3746 3319 Quamobrem

2161 3361 2265 3400 nos
2282 3359 2498 3415 quoque
2518 3358 2641 3398 cum
2670 3343 2818 3397 omni
2843 3343 3044 3410 studio,
3079 3358 3143 3401 ea
3172 3358 3295 3412 quas
3325 3359 3472 3398 nunc
3499 3353 3633 3398 sunt
3688 3345 3748 3398 in

2164 3437 2343 3492 littera
2365 3435 2610 3502 latentia,
2654 3437 3053 3506 perquiramus.
3088 3435 3252 3491 Ulcus
3280 3445 3469 3490 natum
3502 3445 3560 3491 et
3582 3452 3742 3492 sana-

2166 3539 2303 3598 tum,
2327 3546 2422 3601 per
2444 3528 2821 3601 paenitentiam
2861 3538 3111 3583 curatum
3142 3538 3428 3599 peccatum
3468 3538 3572 3583 est.
3604 3528 3750 3595 Quid

2163 3622 2308 3678 enim
2330 3622 2409 3677 sic
2445 3621 2966 3685 vulneratanimam,
2994 3630 3051 3675 et
3070 3621 3307 3690 complet
3337 3620 3587 3688 maculis,
3612 3637 3741 3691 quo-

2164 3714 2327 3769 modo
2349 3713 2667 3783 peccatum?
2692 3712 2845 3767 Unde
2880 3721 2938 3768 et
2972 3713 3141 3768 David
3182 3712 3399 3767 dicebat
3449 3729 3463 3765 :
3522 3712 3751 3782 Compu-

2167 3813 2424 3869 truerunt,
2445 3816 2493 3858 et
2521 3805 2966 3859 deterioraverunt
3008 3805 3279 3859 cicatrices
3329 3821 3479 3872 mea,
3524 3822 3559 3858 a
3616 3808 3749 3876 facie

2164 3898 2479 3966 insipientia:
2515 3897 2705 3951 niew’.
2757 3896 2897 3962 Quid
2942 3905 3127 3951 autem
3158 3911 3353 3951 rursus
3369 3904 3526 3951 curat
3553 3897 3755 3952 animze

2166 3989 2406 4044 vulnus?
2437 3989 2557 4055 Quo
2596 3997 2814 4059 oportet
2843 3988 3006 4044 modo
3046 3997 3264 4058 peracta
3290 3988 3643 4058 poenitentia,
3675 3989 3749 4042 lo-

2165 4097 2263 4137 cus
2296 4082 2459 4152 huius
2493 4082 2737 4137 vulneris
2760 4090 2844 4137 est
2880 4082 3022 4137 actio
3038 4090 3094 4136 et
3113 4080 3402 4136 consilium
3421 4080 3571 4136 circa
3606 4082 3754 4152 quod

2168 4182 2448 4242 peceatum
2479 4183 2692 4244 gestum
2719 4181 2826 4239 est,
2847 4172 3015 4229 veluti
3047 4171 3215 4227 David
3244 4171 3398 4227 locus
3433 4171 3754 4227 ulcerisfuit

2167 4265 2500 4320 desiderium
2522 4265 2791 4335 corporis,
2832 4277 3058 4337 propter
3106 4265 3249 4321 hanc
3286 4264 3433 4319 enim
3454 4273 3511 4319 et
3536 4266 3592 4318 in
3625 4264 3757 4320 Ber-

2167 4359 2331 4413 sabee
2387 4357 2737 4422 adulterium,
2782 4367 2838 4412 et
2886 4358 2943 4412 in
2996 4358 3182 4414 Uriam
3236 4357 3516 4413 homicidii
3547 4359 3755 4413 crimen

479 4454 607 4507 (lure
639 4453 780 4507 nobis
808 4453 877 4507 ⁸⁷.
915 4454 1058 4509 Ecce
1090 4455 1255 4510 verba
1287 4455 1523 4510 viventia
1567 4452 1863 4523 appellavit
1896 4452 2061 4523 justi-
2093 4449 2136 4503 D
2165 4451 2384 4505 admisit
2409 4449 2462 4516 ‘;
2485 4449 2671 4504 Achab
2691 4457 2876 4503 autem
2900 4449 3190 4519 cupiditas,
3215 4464 3313 4519 per
3336 4463 3499 4518 quam
3522 4448 3573 4502 in
3603 4465 3759 4504 amo-

483 4536 941 4616 licationcs.legis.
963 4543 1101 4611 Quid
1143 4553 1325 4600 autem
1354 4544 1630 4600 subdidit?
1662 4542 1764 4600 Cui
1779 4542 2061 4597 uoluerunt

480 4631 774 4685 obedientes
797 4648 905 4687 esse
938 4643 1118 4703 patres
1159 4635 1324 4688 nostri
1349 4635 1418 4687 ⁸⁸.
1454 4634 1520 4688 ΕΙ.
1580 4633 1798 4703 quidem
1841 4632 2064 4689 obedie-

479 4730 611 4777 runt
636 4731 896 4791 quantum
920 4724 989 4779 ad
1027 4722 1219 4779 faciem
1247 4724 1559 4795 apparentis
1595 4724 1807 4789 litterae,
1840 4725 1936 4781 sed
1953 4738 2064 4780 non

479 4812 703 4869 obedire
730 4814 885 4881 dixit,
913 4830 1023 4870 non
1053 4815 1277 4872 obedire
1353 4818 1545 4879 menti,
1585 4832 1690 4872 nec
1751 4816 2062 4883 intentioni,

481 4900 576 4956 sed
610 4900 664 4955 in
701 4901 831 4956 solis
879 4902 1078 4958 litteris
1126 4902 1298 4975 legem
1340 4904 1543 4970 dantis,
1592 4906 1744 4972 Quod
1796 4915 1980 4960 autem
2032 4920 2063 4959 a

483 4991 747 5049 servitute
783 4993 918 5064 legis
959 4995 1242 5063 recedens,
1276 5005 1331 5050 et
1382 4986 1570 5066 pestea
1619 4998 1898 5069 quidpiam
1930 4998 2064 5071 legis

482 5099 699 5153 gerens,
763 5086 1179 5156 reprehensioni
1249 5089 1570 5144 sacerdotali
1634 5091 1943 5160 subjicitur,
2012 5101 2069 5146 ct

485 5174 632 5231 inter
693 5175 1004 5231 immundos
1044 5186 1344 5246 reputatur,
1389 5181 1548 5234 docet
1609 5180 1809 5235 Paulus
1864 5181 2068 5237 Calatis

486 5265 810 5338 praecipiens
853 5285 865 5321 :
897 5266 1030 5321 Ecce
1055 5284 1151 5338 ego
1180 5267 1381 5323 Paulus
1401 5272 1517 5324 dico
1544 5273 1684 5325 vobis
1705 5288 1723 5325 :
1758 5271 1817 5326 Si
1838 5274 2066 5327 circum-

484 5358 745 5423 cidimini,
786 5357 1024 5420 Christus
1050 5360 1186 5414 vobis
1211 5360 1342 5415 nihil
1386 5363 1598 5432 prodest
1626 5366 1690 5418 '9.
1736 5365 1802 5420 Et
1824 5380 2015 5420 rursus
2051 5382 2066 5421 :

488 5447 611 5506 Dies
636 5450 933 5514 custoditis,
985 5460 1033 5505 et
1063 5467 1280 5519 menses,
1323 5463 1371 5507 et
1411 5471 1597 5522 annos,
1641 5457 1800 5511 timeo
1835 5472 1898 5510 ne
1937 5457 2068 5527 forte

562 5670 611 5711 "
642 5675 826 5731 Matth.
861 5695 913 5737 v,
952 5679 1036 5731 lli.

1146 5679 1192 5712 "
1221 5677 1380 5733 licio.
1414 5695 1535 5742 xm,
1570 5678 1656 5732 15.

491 5744 514 5779 ⁸
541 5743 717 5802 Galat.
764 5763 814 5807 ν,
857 5747 908 5814 4,

1764 5680 1812 5711 91

985 5679 1036 5731 6.
1146 5679 1192 5712 "
1221 5677 1380 5733 licio.
1414 5695 1535 5742 xm,
1570 5678 1656 5732 15.
1764 5680 1812 5711 ⁸⁷
1847 5677 1966 5733 Act.
1996 5694 2052 5732 \t

978 5751 997 5781 ³
1029 5749 1167 5804 Psal.
1208 5766 1412 5817 XXXVII,
1449 5751 1501 5804 6.
1578 5748 1597 5780 "
1628 5749 1673 5803 ll
1725 5750 1855 5821 l’teg.
1891 5765 1966 5815 at,
2016 5750 2036 5802 i

2162 5678 2223 5731 >8.
2292 5706 2295 5713 -
2332 5678 2379 5710 ’⁸
2410 5678 2543 5732 ibid.
2587 5678 2676 5734 59.
2754 5681 2800 5711 θ’
2834 5678 3009 5732 Galat.
3050 5694 3111 5743 v,
3141 5678 3197 5732 2.
3296 5679 3311 5709 '
3344 5677 3519 5732 Galat.
3562 5691 3568 5731 1

2162 5764 2232 5818 ιιι.
2310 5749 2329 5779 ⁸
2356 5748 2427 5801 111
2468 5748 3021 5830 lit'g.3\'tlt,iset1q.
3100 5750 3120 5780 ⁶
3161 5749 3182 5802 1
3227 5748 3369 5803 Tim.
3403 5763 3440 5813 t,
3482 5747 3568 5801 15.

2169 4557 2283 4596 rem
2319 4541 2508 4597 Nabod
2543 4542 2719 4597 vineas
2742 4541 2981 4596 concidit
3018 4542 3076 4608 5;
3121 4540 3276 4596 ludat
3338 4557 3468 4596 vero
3506 4542 3756 4605 avaritia,

2170 4638 2288 4692 haec
2315 4639 2461 4691 enim
2490 4635 2816 4706 proditionis
2845 4634 3134 4690 consilium
3178 4633 3365 4699 dedit;
3409 4634 3611 4688 Paulo‘
3632 4650 3762 4688 vero

2170 4742 2272 4796 per
2297 4725 2662 4796 ignorantiam
2704 4725 2876 4792 zelus,
2903 4740 2933 4779 a
2981 4739 3090 4794 quo
3118 4723 3368 4779 devictus
3404 4723 3598 4779 Jesum
3632 4739 3762 4795 per-

2172 4824 2394 4870 εθουιυε
2414 4826 2517 4870 est.

2242 4907 2304 4961 In
2331 4907 2438 4961 loco
2458 4906 2646 4961 ulceris
2670 4890 2893 4961 cicatrix
2927 4905 3072 4960 alba.
3110 4904 3166 4961 ld
3206 4916 3294 4961 est
3330 4905 3531 4973 lucida,
3564 4912 3624 4959 et
3693 4905 3767 4959 ita

2172 4998 2482 5063 manifesta,
2525 5006 2584 5051 ut
2639 4997 2804 5051 etiam
2831 4997 2899 5051 de
2927 4997 3085 5067 longe
3120 4996 3387 5062 videatur,
3422 4996 3474 5049 id
3502 5006 3612 5060 est,
3642 5013 3769 5066 qua:

2172 5089 2355 5144 evenit
2379 5089 2637 5159 peccandi
2667 5104 2732 5144 ex
2758 5098 2983 5159 peccato
3005 5089 3359 5158 praesumptio
3387 5104 3398 5138 :
3455 5088 3767 5141 secundum

2172 5196 2333 5249 quam
2364 5181 2452 5236 ille
2486 5189 2712 5252 propter
2742 5181 2848 5236 hoc
2872 5180 3017 5250 quod
3074 5180 3243 5235 semel
3289 5180 3632 5234 adulteratus
3686 5188 3771 5233 est

2122 5310 2123 5313 η
2174 5273 2405 5337 adulter,
2434 5273 2522 5327 hic
2545 5284 2725 5327 autem
2752 5280 2976 5342 propter
3031 5272 3464 5341 persecutionem
3499 5286 3769 5340 persecu-

2178 5371 2281 5425 tor.
2302 5365 2440 5419 alter
2464 5373 2647 5419 autem
2679 5373 2905 5434 propter
2961 5364 3308 5419 latrocinium
3349 5364 3512 5430 latro,
3547 5362 3768 5417 etiamsi

2174 5453 2285 5525 jam
2319 5471 2347 5508 a
2383 5454 2473 5509 tali
2519 5454 2737 5510 actione
2792 5463 3118 5522 recesserat,
3171 5453 3497 5525 appellatur.
3566 5453 3768 5508 Annon

2292 5706 2295 5713 -
2332 5678 2379 5710 ’⁸
2410 5678 2543 5732 ibid.
2587 5678 2676 5734 59.
2754 5681 2800 5711 θ’
2834 5678 3009 5732 Galat.
3050 5694 3111 5743 v,
3141 5678 3197 5732 2.
3296 5679 3311 5709 '
3344 5675 3519 5732 Galat.
3562 5691 3639 5741 tv,
3674 5675 3759 5730 il.
