3992 6404
233 332 340 399 941

1380 304 1463 385 ῘΝ
1507 304 1946 384 LEHTICUM.
1981 328 2050 357 -*—
2093 307 2243 382 LIB.
2278 306 2372 384 1v".

3417 320 3522 387 9ἑὲ

234 451 345 505 huc
374 438 600 501 nomine
617 422 771 496 Raab
799 422 1143 494 nterrtriecnt
1192 448 1314 509 post
1348 439 1545 492 multas
1605 452 1834 509 genera-
1865 445 1905 499 Α
1937 451 2048 490 non
2076 442 2260 490 autem
2295 433 2423 505 quia
2460 432 2640 487 adhuc
2675 431 2933 502 patiatur,
2977 432 3240 488 ostendit.
3269 431 3375 488 Sed
3406 446 3523 490 uta~

231 540 437 599 tiones,
462 547 698 603 eamque
727 546 848 601 quae
889 530 1118 585 Domino
1144 538 1485 602 unguentum
1510 530 1710 584 obtulit
1742 543 1835 598 ap—

232 630 532 701 pellamus,
564 640 689 681 cum
722 632 967 691 utraeque
994 636 1054 676 se
1079 637 1109 675 a
1134 621 1494 676 fornicatione
1524 620 1832 689 snspende-

230 720 387 775 rint'?
416 717 525 772 Sed
543 715 901 786 quamobrem
917 730 1043 769 cum
1073 714 1228 768 ulcus
1247 712 1475 767 dixisset
1503 713 1706 778 album,
1733 712 1838 766 hoc

198 852 203 858 .
233 817 424 885 ipsum
460 820 645 865 tamen
684 808 820 864 dixit
843 800 1024 863 album
1067 823 1162 862 seu
1196 806 1375 861 rufum
1407 806 1560 860 fieri?
1584 805 1709 874 quia
1758 805 1840 859 al-

234 908 370 960 lium
395 903 618 975 quidem
651 901 809 967 dixit,
838 900 984 970 quod
1012 899 1071 953 lit
1093 914 1157 954 ex
1188 899 1416 952 vulnere
1446 898 1637 969 legalis
1663 905 1841 951 trans-

1940 542 2063 580 mur
2115 525 2380 596 exemplis
2405 525 2492 579 his
2518 524 2582 578 ad
2626 524 2880 578 subtilem
2913 524 3297 594 praedictorum
3328 528 3529 595 proba-

1942 619 2171 672 tionem.
2208 617 2462 672 Peccavit
2493 616 2704 670 Pilatus
2758 616 2813 670 in
2860 616 3114 680 Domino,
3143 633 3365 673 causam
3419 635 3529 673 non

1941 708 2228 764 inveniens
2259 710 2312 763 in
2343 725 2409 763 eo
2440 709 2652 769 mortis.
2685 717 2741 763 ct
2767 718 2946 763 tamen
2967 693 3341 764 condemnatis
3368 724 3529 763 eum:

1941 802 2275 872 sedpeecati
2317 803 2478 872 hujus
2504 803 2658 856 ulcus
2690 810 2941 856 sanatum
2993 810 3098 868 est,
3145 816 3270 855 cum
3338 817 3535 855 manus

1943 896 2186 960 lavisset,
2215 904 2272 950 et
2300 896 2530 950 dixisset
2564 911 2577 949 :
2616 892 2851 949 Mundus
2904 909 2998 964 ego
3049 909 3165 946 sum
3209 910 3240 946 a
3278 894 3537 964 sanguine

234 994 546 1066 gressionis
568 1036 584 1061 ,
638 992 816 1047 albam
869 992 1039 1062 legem
1099 1005 1322 1045 vocans.
1374 989 1494 1044 Non
1531 989 1677 1044 enim
1724 996 1843 1043 erat
1936 987 2071 1058 justi
2099 987 2258 1057 hujus
2287 990 2351 1042 ίθ.
2382 989 2488 1044 Sed
2514 1004 2622 1043 non
2654 987 3045 1059 perseveravit,
3078 1001 3205 1040 cum
3256 986 3536 1042 Christum

233 1087 506 1142 calefacta
538 1084 666 1140 Sole
691 1082 942 1155 justitiae,
985 1091 1038 1138 et
1061 1091 1348 1153 propterea
1382 1082 1546 1135 rubra
1570 1095 1678 1135 non
1700 1088 1837 1132 t-t'nt.

241 1179 389 1250 Ergo
411 1178 636 1232 rubrum
661 1177 809 1246 quod
840 1190 907 1229 ex
948 1174 1263 1243 evangelica
1308 1172 1461 1227 venit
1514 1172 1843 1242 praevarica-

240 1272 419 1337 tione,
472 1268 784 1324 evidentius
837 1267 1161 1337 appellatur.
1223 1265 1527 1334 Utrumque
1551 1274 1733 1318 tamen
1789 1263 1843 1315 in

236 1363 529 1417 Christum
561 1370 668 1425 est,
699 1360 754 1414 in
774 1375 883 1430 quo
912 1360 983 1414 ab
1042 1359 1285 1413 Ecclesia
1317 1358 1372 1412 in
1399 1357 1643 1413 Canticis
1666 1358 1845 1412 canti-

158 1463 181 1473 ’
240 1471 440 1510 eorum
492 1453 743 1508 dicitur:
801 1450 1067 1505 Patruelis
1103 1466 1247 1504 meus
1307 1449 1459 1502 albus
1494 1457 1541 1502 et
1600 1447 1848 1500 rubicun-

242 1549 347 1601 dus
376 1547 422 1599 τ.
466 1545 644 1615 Ipsius
680 1544 827 1598 enim
856 1550 944 1597 est
978 1542 1087 1605 lex,
1121 1542 1292 1611 ἱρείης
1315 1538 1691 1608 Evangelium,
1732 1539 1847 1608 ipse

248 1638 409 1708 prius
438 1637 685 1707 legaliter
713 1635 1097 1698 circumcisus,
1137 1644 1192 1688 et
1224 1649 1321 1703 pro
1345 1632 1737 1687 emundatione
1765 1630 1848 1684 of-

244 1734 461 1799 ferens,
494 1731 811 1802 evangelice
869 1738 1058 1801 postea
1108 1740 1490 1795 conversatus,
1532 1726 1845 1783 Judaaoruiu

1945 1090 2134 1151 postea
2169 1080 2542 1150 ﬂagellaverit.
2580 1082 2721 1152 Ergo
2754 1080 3020 1151 majorem
3048 1088 3174 1149 post
3202 1086 3259 1132 ct
3297 1080 3540 1136 deterio-

1948 1187 2062 1226 rem
2094 1171 2405 1227 cicatricem
2437 1172 2628 1227 habuit
2655 1160 2885 1242 peccati.
2918 1171 2985 1226 Et
3022 1180 3169 1224 recte
3195 1185 3322 1225 eum
3353 1188 3540 1228 sacer-

1948 1266 2047 1317 dos
2084 1263 2500 1324 contaminavit.
2554 1264 2806 1318 Christus
2863 1262 3138 1327 videlicet,
3193 1266 3413 1331 quando
3472 1273 3543 1319 ad

1950 1369 2076 1406 cum
2144 1351 2277 1407 dixit
2312 1367 2325 1405 :
2375 1351 2661 1421 Propterea
2695 1353 2785 1423 qui
2829 1351 3048 1405 tradidit
3081 1365 3163 1403 me
3208 1351 3322 1418 tibi,
3363 1352 3543 1420 majus

1950 1452 2225 1515 peccatum
2248 1443 2402 1497 habet
2435 1444 2500 1496 “.
2568 1442 2703 1497 Nam
2743 1458 2868 1497 cum
2935 1444 3299 1500 crudeliorem
3344 1443 3544 1499 Judain

1951 1537 2178 1599 diceret,
2200 1552 2306 1591 nec
2332 1536 2482 1591 hunc
2505 1552 2534 1590 a
2572 1545 2796 1606 peccato
2820 1534 3040 1605 reliquit
3071 1537 3391 1592 immunem.
3410 1537 3545 1590 Pcca

1954 1630 2174 1685 eavitet
2204 1629 2426 1695 Paulus,
2455 1627 2550 1684 sed
2581 1643 2704 1683 cum
2752 1627 2908 1682 ulcus
2940 1637 3190 1684 sanatum
3220 1628 3417 1683 fuisset
3450 1643 3548 1697 per

1956 1721 2322 1785 vocationem,
2366 1719 2678 1774 cicatricem
2716 1718 2924 1789 peccati
2960 1718 3014 1773 in
3068 1727 3282 1773 tantum
3314 1718 3547 1783 sanavit,

248 1825 603 1894 baptismate,
654 1822 987 1892 Sabbatique
1043 1821 1370 1886 custodiam,
1429 1830 1485 1875 et
1526 1820 1851 1890 temporales
1890 1804 1925 1853 κ
1957 1819 2016 1865 ut
2051 1812 2167 1882 ipse
2198 1827 2296 1881 per
2325 1818 2737 1882 persecutorem
2762 1811 3080 1880 appellaret,
3105 1812 3181 1867 ait
3203 1814 3348 1868 en’m
3382 1828 3396 1865 :
3427 1812 3551 1867 Non

249 1915 540 1984 prohibuit
575 1914 1007 1985 puriticationes.
1045 1912 1153 1967 Sed
1177 1929 1298 1983 qua:
1329 1922 1433 1977 est,
1459 1912 1663 1982 inquis,
1716 1912 1849 1978 legis

251 2008 660 2080 transgressio?
692 2008 772 2060 Ad
796 2006 976 2078 ipsum
1026 2006 1309 2077 pertinens
1334 2005 1520 2075 utique
1544 2004 1845 2069 Christum,

247 2102 484 2171 ejusque
528 2098 867 2170 mysterium,
917 2097 973 2153 id
1014 2108 1119 2165 est,
1160 2097 1448 2168 idolotbyti
1486 2096 1665 2151 omnis
1725 2111 1852 2149 san-

250 2184 459 2260 guinis,
493 2198 549 2243 et
582 2188 834 2243 suli‘ocati
866 2202 1015 2243 esus.
1046 2186 1181 2241 Nam
1217 2187 1337 2242 haec
1370 2186 1473 2241 etsi
1505 2186 1695 2257 legalia
1723 2194 1854 2240 sunt

254 2290 552 2352 praeoptat,
586 2280 886 2336 Ecclesiam
946 2286 1128 2335 tamen
1183 2295 1245 2334 ea
1280 2278 1558 2335 custodire
1621 2278 1851 2348 apostoli

252 2382 661 2444 praeceperunt,
686 2372 833 2443 quod
860 2372 1103 2427 ostendit
1136 2371 1378 2426 Jacobus
1405 2372 1594 2426 dicens
1623 2389 1636 2424 3
1681 2371 1853 2425 Visum

255 2475 334 2520 est
360 2474 551 2520 sancto
569 2463 820 2533 Spiritui,
854 2472 901 2518 et
930 2463 1099 2529 nobis,
1131 2462 1263 2516 nihil
1315 2462 1545 2531 amplius
1593 2462 1855 2531 superim-

256 2568 456 2626 ponere
483 2553 626 2608 oobis
667 2553 862 2618 oneris,
895 2552 1122 2622 exceptis
1175 2552 1275 2618 Itis,
1310 2552 1574 2605 abstinere
1601 2552 1665 2605 ab
1686 2550 1856 2605 idolo-

258 2647 441 2718 thytis,
474 2654 525 2700 et
587 2645 868 2715 sanguine,
909 2653 957 2698 et
1021 2645 1294 2714 suﬂ'ocato,
1339 2651 1387 2697 et
1431 2642 1852 2712 fornicatione".

259 2737 591 2808 Evangelica
612 2745 698 2790 est
725 2746 931 2803 autem,
949 2751 1072 2806 qum
1097 2735 1199 2791 etsi
1223 2751 1331 2790 non
1363 2735 1664 2790 secundum
1685 2734 1858 2805 legem

262 2839 384 2880 erat
416 2844 430 2881 :
457 2825 767 2893 Quicunque
788 2825 1156 2897 dixeritfratri
1218 2841 1339 2892 suo,
1375 2824 1566 2886 Fatue,
1611 2841 1730 2879 reus
1760 2825 1860 2879 erit

249 2917 488 2989 judicio.
525 2916 587 2970 Et
612 2918 703 2987 qui
732 2916 923 2971 viderit
968 2916 1245 2969 mulierem
1296 2918 1366 2969 ad
1390 2914 1862 2984 concupiscendum

262 3010 545 3080 eam,jam
569 3009 856 3064 nues/tatus
889 3018 962 3062 est
1003 3024 1124 3062 eam
1185 3010 1240 3062 in
1268 3009 1422 3061 corde
1444 3023 1539 3061 suo
1563 3009 1606 3060 9.
1644 3007 1702 3061 Si
1733 3022 1863 3077 ergo

1954 1923 2071 1959 sum
2104 1906 2292 1975 dignus
2315 1904 2577 1975 appellari
2611 1905 2899 1973 apostolus,
2940 1907 3065 1976 quia
3106 1915 3406 1972 persecutus
3430 1917 3549 1960 sunt

1959 1995 2256 2049 Ecclesium
2300 1994 2396 2048 Dei
2431 1995 2519 2048 "z
2583 2004 2637 2049 et
2703 2011 2812 2048 non
2868 1995 3000 2050 illud
3049 2005 3241 2066 postea
3281 1997 3550 2054 dilatavit;

1958 2087 2322 2153 Quamobrem
2354 2088 2546 2143 videns
2587 2087 2738 2141 illum
2787 2088 3042 2143 sacerdos
3076 2090 3338 2155 cmlestis,
3387 2105 3552 2143 mund

1958 2182 2089 2235 dum
2115 2181 2401 2251 judicabit,
2433 2181 2655 2251 quando
2681 2181 2895 2235 Anania
2917 2181 3226 2245 dubitante,
3246 2193 3302 2238 et
3330 2183 3554 2238 nolente

1959 2275 2025 2328 ad
2066 2290 2190 2327 cum
2224 2273 2504 2340 accedere,
2551 2286 2610 2328 ut
2638 2273 2893 2328 videlicet
2926 2283 3329 2344 persecutorem
3386 2287 3553 2345 atque

1963 2367 2326 2430 immundum,
2359 2366 2575 2421 dicebat
2604 2382 2617 2418 :
2655 2364 2822 2430 Vade,
2868 2365 2995 2436 quia
3025 2381 3118 2421 vas
3149 2366 3434 2421 electionis
3456 2376 3548 2423 est

1962 2458 2120 2525 mihi,
2177 2467 2236 2512 ut
2278 2466 2459 2527 portet
2510 2474 2709 2512 nomen
2740 2473 2921 2513 meum
2955 2473 3137 2513 coram
3166 2458 3441 2529 gentibus,
3492 2468 3553 2514 et

1967 2552 2208 2621 regibus,
2240 2561 2296 2606 et
2322 2552 2447 2607 ﬁliis
2478 2551 2662 2606 Israel.

2032 2647 2413 2702 Vsusﬂi—ﬁS.
2451 2668 2470 2699 ‹
2516 2647 2657 2702 Caro
2677 2656 2732 2702 et
2758 2647 2922 2711 cutis,
2965 2662 3129 2716 quam
3179 2646 3321 2717 ignis
3378 2662 3550 2702 ειυς-ε

1966 2739 2118 2805 serit,
2135 2748 2193 2794 et
2207 2748 2419 2803 sanata,
2452 2739 2630 2794 albam
2663 2740 2778 2794 sive
2802 2740 2979 2793 rufam
3031 2739 3285 2793 habuerit
3331 2738 3558 2794 cicatri-

1967 2846 2110 2895 cem,
2141 2831 2509 2885 considerabit
2534 2846 2655 2885 eam
2688 2831 2964 2885 sacerdos.
2990 2830 3057 2884 Et
3080 2845 3208 2885 ecce
3225 2830 3270 2885 si
3292 2844 3446 2885 versa
3473 2840 3562 2885 est

1970 2925 2023 2978 in
2051 2924 2383 2987 albedinem,
2413 2932 2468 2978 et
2491 2923 2645 2977 locus
2675 2922 2795 2993 ejus
2827 2922 3033 2990 reliqua
3095 2931 3219 2977 cute
3276 2922 3557 2988 humilior,

1970 3016 2367 3072 contaminabit
2395 3031 2543 3082 eum,
2560 3015 2686 3086 quia
2715 3015 2870 3086 plaga
2896 3014 3062 3085 lepra:
3087 3015 3141 3069 in
3164 3014 3420 3070 cicatrice
3437 3024 3563 3070 orta

263 3112 467 3158 sanato
497 3103 640 3167 albo,
683 3109 738 3156 et
774 3099 1099 3170 pcenitentia
1124 3110 1314 3154 curato
1362 3108 1611 3183 peccato,
1647 3098 1702 3152 in
1746 3099 1856 3154 loco

1972 3116 2075 3163 est.
2109 3108 2265 3174 Quod
2288 3108 2333 3163 si
2358 3108 2594 3176 pilorum
2622 3108 2774 3163 color
2825 3122 2937 3162 non
2990 3106 3156 3161 fuerit
3218 3106 3559 3174 immutatus,

273 3193 504 3260 ulceris,
542 3192 598 3246 in
625 3192 845 3262 regione
895 3190 1153 3246 videlicet
1182 3189 1413 3260 peccati,
1467 3189 1623 3243 ulcus
1682 3190 1864 3243 album

264 3294 363 3338 aut
387 3284 619 3337 rnbeum
663 3282 933 3349 videatur,
979 3290 1127 3336 secta
1153 3281 1402 3351 quasdam
1438 3280 1689 3350 prtedicti
1738 3295 1867 3350 pec.

264 3376 375 3430 (τιιί
404 3374 731 3446 evangelici,
781 3374 898 3429 sive
958 3374 1166 3446 legalis,
1207 3374 1349 3443 apud
1405 3382 1721 3442 peccantem
1780 3388 1869 3427 re-

267 3479 423 3540 perta
452 3469 637 3537 fuerit,
672 3467 990 3525 necessarie
1017 3468 1082 3522 ad
1112 3466 1379 3538 judicium
1415 3466 1519 3522 hoc
1569 3465 1868 3522 sacerdotis

272 3561 451 3617 venit.

300 3658 311 3664 °
344 3646 526 3717 Ωιιῖσί
563 3652 754 3706 viderit
789 3650 959 3705 locum
999 3650 1160 3722 lepra:
1184 3649 1519 3704 humiliorem
1545 3665 1705 3703 carne
1741 3649 1868 3704 reli-

222 3804 225 3805 ν
274 3761 406 3814 qua.
444 3743 503 3799 Id
539 3752 643 3809 est,
684 3743 1033 3798 humiliorem
1083 3743 1282 3799 factam
1313 3758 1342 3797 a
1367 3742 1657 3812 semetipsa
1714 3757 1870 3796 tuen-

271 3845 388 3890 tezn
431 3834 1090 3905 manifestequeanimum
1118 3843 1389 3889 mutatum
1443 3833 1512 3888 ad
1581 3832 1866 3900 malitiam,

272 3928 382 3983 hoc
402 3927 560 3981 enim
584 3935 667 3983 est
690 3928 830 3998 pilos
863 3928 917 3982 in
956 3926 1253 3983 candorem
1277 3926 1434 3993 verti,
1478 3925 1874 3981 contaminabit

270 4037 404 4076 cum
434 4022 713 4078 sacerdos.
748 4022 932 4087 Semel
977 4022 1124 4076 enim
1174 4021 1231 4076 in
1278 4020 1601 4076 habitudine
1638 4022 1871 4093 peccati

273 4114 462 4169 factus
494 4122 598 4181 est,
624 4122 680 4169 et
716 4115 914 4170 animae
943 4115 1086 4169 mala
1133 4113 1380 4183 depastio
1410 4128 1508 4184 per
1534 4114 1689 4170 ulcus
1717 4115 1874 4172 incu-

274 4208 419 4274 buit,
475 4208 622 4263 unde
674 4207 884 4278 lepram
936 4222 1005 4263 ex
1042 4207 1292 4273 vulnere,
1326 4215 1382 4261 et
1416 4205 1701 4263 ﬂorentem
1751 4222 1873 4264 eam

271 4301 593 4371 passionem
616 4298 895 4371 legidator
919 4299 1232 4370 appellavit.

344 4392 502 4457 Quod
520 4393 569 4446 si
600 4391 741 4461 'pilus
761 4391 955 4447 coloris
983 4402 1060 4446 est
1077 4394 1312 4462 pristini,
1360 4404 1407 4449 et
1439 4394 1664 4448 cicatrix
1684 4392 1875 4447 subob-

1969 3214 2071 3253 nec
2109 3198 2370 3254 humilior
2389 3199 2544 3270 plaga
2569 3212 2734 3253 carne
2770 3196 2998 3267 reliqua,
3027 3204 3084 3252 et
3111 3196 3227 3268 ipsa
3245 3197 3412 3266 lepra:
3431 3212 3566 3266 spe-

1968 3288 2082 3342 cies
2115 3287 2280 3342 l‘uerit
2312 3289 2674 3351 subobscure,
2707 3287 2955 3341 recludet
3007 3302 3133 3341 eum
3170 3294 3381 3357 septem
3443 3287 3567 3342 dies

1968 3382 2093 3446 bus,
2128 3390 2183 3436 et
2213 3382 2300 3436 die
2330 3383 2569 3452 septimo
2591 3381 3070 3451 contemplabitur.
3121 3381 3176 3435 Si
3241 3383 3477 3437 creverit
3507 3382 3565 3438 in

1970 3487 2096 3529 cute
2126 3474 2300 3543 lepra,
2353 3472 2755 3528 contaminabit
2791 3488 2914 3527 eum
2952 3489 2966 3525 :
3016 3472 3061 3527 si
3115 3481 3296 3527 autem
3354 3473 3411 3527 in
3442 3474 3567 3529 loco

1972 3582 2073 3621 suo
2093 3565 2300 3620 candor
2334 3564 2552 3619 steterit
2587 3579 2698 3619 non
2755 3564 2888 3619 satis
2923 3565 3126 3629 clarus,
3154 3565 3309 3635 plaga
3337 3566 3566 3619 combu-

1972 3657 2170 3713 stionis
2194 3664 2296 3722 est,
2331 3666 2386 3711 et
2419 3656 2625 3711 idcirco
2660 3656 3039 3721 mandabitur,
3077 3656 3203 3726 quia
3226 3656 3453 3711 cicatrix
3479 3667 3566 3713 est

1973 3749 2361 3805 combustum.
2396 3765 2415 3799 ι

2041 3840 2376 3907 Quibusdam
2405 3839 2679 3910 legislator
2693 3843 2762 3894 de
2786 3839 2992 3899 eisdem
3017 3839 3233 3893 videtur
3255 3840 3426 3909 loqui,
3466 3841 3565 3895 sed

1975 3950 2083 3990 non
2124 3934 2197 3988 ita
2244 3942 2328 3988 est
2363 3950 2375 3986 :
2411 3948 2537 3987 nam
2574 3932 2875 3988 secundum
2913 3933 3115 4003 aliquid
3162 3933 3350 3987 eadem
3387 3934 3551 3988 dicit:

1974 4025 2276 4081 secundum
2320 4032 2503 4077 autem
2547 4021 2772 4092 aliquid,
2813 4021 3016 4081 dill'ert.
3067 4037 3191 4076 cum
3249 4021 3562 4091 passionem

1974 4119 2175 4190 quippe.
2227 4125 2501 4188 proponat
2541 4115 2790 4183 alteram,
2834 4113 3082 4170 eamdem
3128 4124 3307 4169 tamen
3350 4115 3568 4185 passio-

1971 4213 2062 4268 nis
2111 4209 2388 4264 subinfert
2420 4206 2893 4278 dijudicationem.
2950 4206 3217 4277 Superius
3264 4215 3447 4260 autem
3496 4206 3567 4262 de

1976 4304 2158 4373 aliquo
2182 4303 2368 4357 ulcere
2393 4299 2725 4356 obveniente
2752 4299 2968 4354 locutus
3004 4308 3111 4363 est,
3138 4298 3282 4366 quod
3314 4315 3377 4353 ex
3404 4301 3557 4370 agri-

1977 4395 2165 4450 tudiue
2211 4393 2461 4465 corporis
2506 4401 2801 4465 generatur
2844 4400 2907 4446 ct
2957 4391 3207 4462 proficit;
3265 4393 3383 4447 haec
3416 4392 3567 4447 enim

271 4497 455 4536 scura.
489 4482 550 4537 1d
570 4490 673 4549 est,
707 4482 1030 4553 ptenitentis
1062 4483 1230 4539 visus.
1270 4484 1359 4540 Sic
1390 4485 1586 4541 diebus
1650 4492 1862 4554 septem
1899 4487 1944 4542 Ι)
1974 4487 2110 4542 solet
2153 4484 2436 4557 Scriptura
2477 4479 2632 4539 sacra
2686 4484 2871 4541 ulcera
2912 4485 3209 4554 appellare.
3260 4484 3393 4549 Qua:
3438 4500 3570 4539 vero

274 4590 407 4631 eum
440 4575 652 4647 recludi
668 4577 931 4646 praecepit
963 4593 978 4631 :
1010 4592 1113 4647 pro
1138 4593 1206 4633 eo
1232 4578 1377 4648 quod
1409 4578 1638 4633 omnino
1677 4576 1734 4631 in
1772 4576 1867 4631 tali

276 4668 598 4738 suspicione
638 4669 875 4734 venerit,
906 4677 1120 4739 tempus
1145 4669 1377 4726 delinire
1425 4668 1727 4740 suspicioni
1767 4685 1867 4724 vo-

274 4760 398 4813 luit.
432 4760 497 4812 Et
526 4758 794 4828 siquidem
820 4760 1077 4822 creverit,
1113 4767 1169 4814 et
1222 4762 1363 4816 mala
1403 4761 1653 4834 gloriatio
1677 4761 1866 4819 multi-

276 4852 482 4921 plicata
522 4848 716 4916 fuerit,
762 4849 1240 4919 adjudicabiteum
1298 4852 1485 4922 leprae.
1513 4851 1654 4907 Dicit
1682 4860 1866 4908 autem

274 4942 484 5011 lepram
517 4940 719 4994 animae
743 4939 1170 5007 immunditiam,
1204 4956 1328 5011 quae
1349 4942 1542 5008 crevit,
1569 4941 1685 4997 sive
1713 4941 1868 4998 etno-

274 5032 388 5088 ruit
422 5030 828 5101 posterioribus
864 5030 1175 5087 actionibus
1230 5033 1614 5103 multiplicata.
1662 5034 1720 5089 Si
1772 5050 1872 5089 au-

273 5134 387 5179 tem
452 5138 565 5177 non
614 5130 700 5177 est
728 5121 1111 5192 multiplicata,
1137 5122 1232 5178 sed
1261 5124 1479 5179 steterit
1505 5124 1562 5178 in
1589 5124 1711 5181 loco
1749 5139 1868 5190 suo,

270 5217 414 5273 nihil
444 5216 594 5271 enim
619 5215 856 5285 amplius
887 5214 943 5269 in
971 5215 1080 5270 hoc
1114 5229 1371 5285 peccasse
1416 5216 1718 5282 invenitur,
1765 5217 1874 5272 nisi

269 5311 453 5367 solum
486 5309 592 5362 hoc
631 5316 944 5377 peccatum,
980 5307 1127 5376 quod
1151 5322 1345 5363 omnes
1376 5317 1771 5379 cognoverunt,
1805 5308 1873 5364 de

268 5410 461 5472 quoet
485 5401 599 5471 egit
624 5398 1009 5470 paenitentiam
1052 5416 1067 5453 :
1115 5400 1381 5454 mundum
1409 5400 1560 5455 illum
1613 5401 1870 5457 sacerdos

263 5496 505 5567 judicat.
560 5492 802 5549 Cicatrix
850 5495 1000 5548 enim
1033 5492 1280 5548 vulneris
1318 5493 1447 5563 quia
1505 5510 1703 5566 passus
1755 5504 1864 5561 est,

1975 4587 2105 4633 sunt
2133 4578 2201 4640 de
2221 4577 2387 4642 ferro,
2412 4585 2506 4631 aut
2526 4576 2819 4647 lapidibus,
2868 4586 2964 4630 aut
2995 4577 3101 4631 alia
3136 4576 3315 4646 aliqua
3340 4591 3571 4647 percus-

1975 4671 2148 4736 sione,
2179 4670 2362 4741 plagas
2392 4676 2548 4725 vocat
2582 4676 2638 4724 et
2663 4668 2909 4723 vulnera.
2950 4667 3177 4739 Propter
3197 4668 3343 4738 quod
3368 4667 3436 4723 de
3465 4666 3573 4722 La-

1976 4778 2102 4817 zaro
2129 4761 2302 4832 inquit
2336 4777 2351 4815 :
2394 4759 2531 4826 Quia
2573 4776 2728 4815 canes
2775 4761 3038 4815 uenientes
3077 4759 3343 4831 lingebant
3392 4759 3572 4815 ulcera

1973 4855 2088 4925 ejus
2110 4854 2171 4909 ".
2204 4853 2415 4917 Munda:
2444 4852 2646 4923 quippe
2678 4852 2882 4918 carnis,
2912 4852 3056 4907 fame
3104 4853 3408 4923 morboque
3445 4867 3573 4908 cor-

1975 4954 2136 5016 rupta
2165 4954 2323 5000 erant
2350 4945 2441 4999 illa
2466 4944 2713 5000 vulnera.
2748 4942 2824 4999 De
2848 4959 2917 4999 eo
2946 4952 3127 4999 autem
3156 4944 3250 5015 qui
3284 4944 3573 5000 descendit

1977 5040 2035 5093 in
2061 5037 2281 5093 lerieho
2309 5047 2365 5093 et
2393 5037 2588 5093 incidit
2616 5036 2669 5091 in
2699 5036 2962 5103 latrones,
2990 5035 3207 5108 I’lagas,
3241 5036 3437 5106 inquit,
3463 5035 3574 5090 im-

1976 5144 2224 5202 ponentes
2271 5131 2344 5195 ei,
2390 5138 2712 5185 recesserunt
2738 5128 3068 5184 u*adeinde
3104 5136 3228 5199 post
3263 5125 3567 5197 paululum,

1976 5223 2166 5293 plagas
2207 5222 2363 5287 istas,
2416 5223 2558 5278 sicut
2594 5221 2844 5287 vulnera,
2885 5220 3107 5291 alligare
3164 5217 3569 5274 Samaritauum

1976 5313 2271 5384 praecepit;
2303 5313 2649 5369 manifestam
2687 5312 3066 5385 .ditl‘erentiam
3116 5309 3335 5375 ulceris,
3358 5315 3413 5364 et
3448 5308 3572 5363 vul-

1979 5405 2157 5469 neris,
2174 5415 2269 5460 aut
2299 5406 2489 5478 plagee,
2526 5405 2644 5476 ipse
2671 5421 2770 5477 per
2801 5404 3118 5475 Scripturas
3157 5401 3395 5472 Spiritus
3429 5401 3571 5456 divi-

1978 5499 2351 5554 nusostendit.
2370 5499 2510 5565 Quid
2524 5484 2663 5570 ergo
2690 5513 2816 5555 vere
2830 5497 2986 5553 ulcus
3000 5505 3081 5552 est
3104 5494 3364 5567 neglecta
3387 5492 3574 5550 carnis

342 5691 363 5722 '
391 5690 562 5761 Cant.
604 5706 666 5755 v,
721 5692 806 5746 lt).
852 5760 855 5761 ν
909 5691 931 5722 ⁸
962 5694 1084 5761 Act.
1128 5709 1232 5757 xv,
1266 5689 1359 5753 28,
1405 5691 1497 5746 29.
1607 5693 1628 5724 ’
1658 5690 1850 5748 Matth.

2000 5693 2071 5748 22
2096 5734 2111 5761 ,
2151 5692 2243 5748 28.
2354 5693 2396 5725 ¹⁰
2423 5692 2618 5749 Matth.
2660 5709 2827 5761 xxvn,
2865 5693 2956 5748 ει.
3068 5694 3108 5725 ¹¹
3135 5689 3294 5747 Joan.
3327 5704 3443 5757 xIx,
3478 5688 3569 5747 11.

266 5763 317 5797 ιε
348 5762 372 5817 ι
398 5760 531 5815 Cor.
565 5777 654 5825 ιν,
687 5762 738 5817 9.
820 5760 863 5792 ³³
894 5756 1162 5828 [ιυοξχγῃ
1187 5764 1278 5816 2|.
1361 5762 1403 5793 ἰ
1434 5762 1568 5816 Luc.
1601 5779 1656 5827 χ,
1693 5764 1786 5817 50.
