3992 6394
492 324 599 389 943

1686 318 2055 378 IlESYClllI
2100 317 2569 379 PRESBYTERI

3661 329 3765 394 9“

491 447 711 505 nostra,
731 437 836 493 nisi
860 451 1147 508 corporum
1199 434 1466 505 voluptas,
1519 440 1574 486 et
1596 431 1829 485 ebrietas
1899 439 1953 484 et
1978 446 2080 496 γα·
2110 438 2151 493 Α
2184 431 2527 498 necessaria,
2572 442 2627 487 et
2678 435 2795 491 sine
2845 438 3041 507 quibus
3072 454 3179 491 non
3212 445 3420 506 potest,
3482 437 3625 491 sicut
3666 456 3764 492 nec

493 529 891 602 στριμαργίαῖ
952 526 1078 582 Haec
1139 537 1319 581 autem
1378 524 1683 578 luxuriante
1738 532 1965 590 corpore
2020 528 2073 574 et

489 628 548 680 in
577 626 872 695 semetipso
910 623 1194 680 exsiliente
1249 621 1597 692 proveniunt.
1652 618 1793 689 Ignis
1864 624 2070 679 autem,

495 718 667 788 major
694 716 913 781 invidia,
954 714 1096 785 ignis
1126 714 1302 767 latens
1330 720 1386 766 et
1430 723 1765 765 consumens
1813 706 2073 776 paulatim

493 810 783 865 habentem
815 823 895 871 se,
950 813 1177 876 propter
1198 804 1339 873 quod
1366 802 1529 857 Isaias
1571 801 1647 855 ait
1678 816 1691 852 :
1736 819 1753 850 ι
1786 798 1942 853 Zelus
1976 812 2075 865 ap-

489 900 766 971 prehendet
790 896 1039 967 populum
1095 895 1441 957 ineruditum,
1467 902 1514 947 et
1543 907 1680 945 nunc
1713 890 1849 960 ignis
1889 893 2076 941 adver-

490 994 661 1048 sarios
689 999 953 1046 consumet
982 989 1070 1041 ¹³⁶.
1094 1007 1115 1041 ι
1144 986 1333 1042 Zelum
1365 984 1743 1055 itnperitorum
1779 981 1912 1037 dixit
1936 979 2075 1034 invi-

488 1087 631 1140 diam
681 1086 968 1147 zelantem,
1010 1098 1121 1138 non
1153 1088 1210 1136 ut
1250 1079 1536 1151 imitentur
1578 1077 1833 1140 virtutes,
1862 1074 1958 1128 sed
2017 1082 2076 1127 ut

488 1178 604 1232 illas
648 1176 968 1246 impediant,
1018 1182 1444 1244 operantemque
1497 1168 1789 1240 perimant.
1842 1165 1897 1219 Si
1944 1180 2074 1235 ergo

486 1265 793 1319 combustio
831 1263 993 1319 alicui
1026 1261 1259 1325 homini,
1293 1259 1543 1315 videlicet
1564 1256 1861 1328 peccaturi,
1896 1270 1961 1309 ex
1994 1255 2075 1307 in—

486 1357 625 1411 vidia
653 1355 961 1427 contigerit,
982 1364 1038 1411 et
1063 1363 1287 1410 sanatus
1304 1351 1471 1407 fuerit
1491 1348 1830 1421 paenitentia,
1865 1354 2076 1401 scruta-

486 1457 574 1500 tur
597 1448 936 1508 cicatricem,
964 1460 1035 1500 ne
1057 1444 1199 1499 forte
1226 1452 1349 1514 post
1380 1440 1759 1513 paenitentiam
1788 1438 1843 1493 in
1867 1437 2065 1508 passio-

487 1555 610 1594 nem
648 1539 874 1594 recidat.
903 1539 970 1593 Et
1013 1538 1057 1592 si
1082 1551 1363 1592 reversqu
1414 1534 1704 1597 invenerit,
1737 1530 2075 1587 contamina-

486 1633 563 1686 bit
605 1647 753 1695 eum,
804 1630 1149 1685 immundum
1194 1639 1342 1684 recte
1392 1628 1666 1699 judicans.
1711 1624 1871 1678 Terra
1901 1622 2070 1685 enim,

484 1740 622 1789 swpe
650 1726 936 1778 venientem
960 1738 1118 1792 super
1147 1739 1201 1776 se
1227 1722 1400 1776 bibens
1432 1720 1669 1785 imbrem,
1710 1726 1757 1771 et
1808 1718 2074 1787 proferens

483 1813 697 1866 herbam
726 1822 1076 1882 opportunam
1102 1812 1208 1865 illis
1248 1828 1281 1864 a
1312 1810 1497 1881 quibus
1521 1808 1733 1875 colitur,
1761 1806 2075 1860 benedictio-

485 1922 598 1959 ηιμ
628 1906 849 1975 accipiet
900 1904 1225 1970 aDomino;
1274 1904 1544 1972 proferens
1606 1916 1726 1955 vero
1776 1900 1961 1968 spinas
2012 1912 2074 1950 ac

482 1995 703 2050 tribulos
762 1999 981 2066 reproba
1006 2003 1105 2059 est,
1136 2004 1183 2048 et
1216 1992 1495 2047 maledicto
1526 1992 1790 2061 proxima,
1816 1990 1965 2054 cuius
2007 1988 2074 2057 fi-

482 2088 562 2141 nis
589 2089 643 2140 in
674 2087 1047 2153 combustioue,
1076 2085 1216 2141 sicut
1235 2083 1436 2139 Paulus
1461 2084 1539 2139 ait
1566 2084 1632 2140 ¹⁸.
1667 2082 1725 2137 Si
1747 2090 1927 2136 autem
1957 2096 2069 2134 non

482 2182 703 2234 inventa
727 2179 890 2234 fuerit
912 2179 1121 2233 redisse
1161 2178 1230 2233 ad
1266 2177 1610 2247 iniquitatem
1641 2191 1794 2231 suam
1841 2174 2067 2238 invidia,

480 2288 582 2327 nec
611 2288 675 2325 ex
716 2270 1035 2341 Operatione
1069 2269 1381 2340 posteriori,
1418 2267 1677 2323 diﬂ'usum
1717 2266 1886 2338 priori
1936 2281 2068 2336 pec-

476 2374 599 2418 cato
639 2365 814 2418 latens
859 2364 1013 2418 ulcus
1055 2363 1326 2426 habuerit,
1372 2362 1637 2417 mundum
1699 2361 1850 2415 illum
1888 2375 2071 2414 sacer-

476 2459 575 2510 dos
597 2455 829 2525 judicat,
860 2464 1054 2526 utpote
1081 2456 1176 2526 qui
1221 2456 1393 2510 semel
1427 2470 1523 2526 per
1562 2454 1944 2524 pmnitentiam
1985 2462 2071 2507 est

477 2545 793 2598 nmndatus.
826 2543 1097 2599 Discernit
1122 2553 1327 2608 autem,
1357 2553 1412 2597 et
1452 2542 1622 2612 pilum
1671 2540 1984 2604 intendens,
2023 2539 2068 2593 si

478 2634 707 2689 mutabit
747 2634 804 2687 in
839 2635 1048 2698 album,
1078 2641 1136 2688 et
1165 2633 1209 2687 si
1248 2632 1505 2686 humilior
1551 2640 1638 2685 est
1667 2645 1697 2684 a
1723 2638 1849 2684 cute
1892 2629 2066 2684 locus.

476 2729 609 2793 (με
641 2727 827 2780 omnia
872 2724 1191 2795 plenissime
1220 2724 1275 2777 in
1310 2722 1689 2793 superioribus
1725 2720 2068 2791 interpretati

479 2834 692 2883 sumus,
726 2818 849 2872 ideo
875 2818 1020 2872 enim
1056 2816 1142 2872 his
1163 2816 1403 2873 brevitas
1425 2813 1734 2870 adhibenda
1764 2824 1868 2881 est,
1900 2821 1961 2868 ut
1998 2813 2069 2868 ad

485 2912 667 2963 l'utura
706 2924 1013 2964 curramus.

526 3004 713 3058 ~Veas.
740 3002 954 3058 29.454.
993 3020 1011 3053 ι
1045 2998 1157 3063 Vir,
1191 2999 1311 3055 sive
1340 2998 1556 3063 mulier,
1588 2999 1644 3052 in
1681 2996 1839 3067 cujus
1888 2994 2068 3065 capite

2179 520 2296 574 sine
2320 521 2496 592 capite
2526 522 2711 594 homo,
2738 528 3060 583 subsistere.
3082 528 3312 598 PrOptcr
3333 528 3482 597 quod
3513 536 3572 583 et
3598 528 3761 584 David

2178 613 2537 671 fraternitatis
2562 633 2826 681 amorem.
2861 636 3134 675 summum
3168 622 3416 674 omnium
3471 622 3762 678 mandato-

2177 719 2297 757 rum
2333 707 2518 761 volens
2547 711 2858 772 ostendere,
2899 720 3180 783 unguento
3206 711 3374 777 hunc,
3415 727 3447 765 a
3481 712 3658 783 capite
3706 714 3763 767 iu

2178 795 2372 851 barbas
2395 800 2766 867 descendenti,
2793 803 3131 873 comparavit
3157 802 3272 857 :sic
3295 804 3442 857 enim
3472 804 3549 857 ait
3582 821 3596 857 :
3632 802 3766 857 Ecce

2177 904 2335 957 quam
2386 890 2579 944 bonum
2637 903 2684 945 et
2720 910 2875 964 quam
2926 894 3221 963 jucundum
3272 895 3515 947 habitare
3575 897 3765 964 fratres

2177 980 2230 1031 in
2261 996 2449 1035 unum.
2488 980 2634 1035 Sicut
2669 995 2987 1054 unguentum
3027 986 3082 1038 in
3120 985 3312 1054 capite,
3357 987 3497 1055 quod
3545 986 3762 1039 deccat-

2176 1074 2251 1126 dit
2281 1075 2335 1126 in
2357 1074 2601 1138 barbam,
2627 1076 2843 1130 barbam
2867 1076 3125 1130 Aaron“.
3161 1076 3391 1142 Quando
3422 1092 3552 1147 ergo
3580 1092 3765 1131 errare

2177 1168 2430 1235 cuiquam
2474 1167 2529 1219 in
2561 1166 2847 1221 divinitate
2894 1166 3657 1238 contingit,maculamlepr:e
3704 1169 3764 1221 in

2177 1258 2340 1312 barba
2402 1267 2458 1312 et
2486 1259 2538 1312 in
2574 1260 2751 1328 capite
2779 1259 2963 1323 habet,
2996 1258 3143 1313 hunc
3182 1258 3441 1313 sacerdos
3484 1259 3759 1328 inspiciat,

2175 1357 2228 1402 ct
2263 1350 2305 1403 si
2339 1349 2538 1404 viderit
2590 1350 2934 1405 humiliorem
2976 1351 3154 1405 locum
3210 1365 3379 1404 carne
3423 1367 3463 1403 ιιι
3486 1350 3654 1420 liqua,
3701 1361 3761 1404 et

2178 1442 2511 1497 miseriorem
2553 1444 3035 1513 praesumptionem
3069 1458 3137 1497 ex
3164 1432 3504 1512 blasphemia
3535 1443 3762 1497 factam.

2177 1532 2462 1597 Quomodo
2486 1543 2669 1588 autem
2699 1534 2804 1589 hoc
2828 1534 2918 1598 sit,
2955 1534 3007 1589 id
3034 1544 3118 1588 est
3145 1554 3156 1588 :

2248 1624 2308 1680 Si
2334 1627 2472 1697 pilus
2520 1629 2712 1697 ﬂavus,
2748 1626 3004 1697 solitoque
3039 1626 3283 1680 subtilior
3323 1626 3503 1696 fuerit.
3547 1623 3605 1679 Id
3652 1632 3760 1690 est,

2176 1719 2274 1771 etsi
2302 1734 2410 1773 non
2436 1719 2619 1784 nimis,
2642 1720 2707 1773 ad
2734 1719 3005 1773 modicum
3034 1727 3212 1773 tamen
3249 1718 3494 1772 animum
3519 1718 3587 1773 ad
3618 1719 3769 1773 blas-

2177 1811 2448 1880 phemiam
2481 1810 2739 1866 intendit.
2785 1809 2898 1864 lloc
2924 1810 3070 1863 enim
3120 1809 3375 1863 subtilem
3414 1824 3539 1864 esse
3564 1809 3761 1880 pilum,

2174 1912 2229 1957 et
2256 1917 2431 1972 neque
2460 1902 2730 1968 elllorere,
2756 1903 2852 1957 sed
2879 1902 3173 1957 ﬂavescere
3196 1902 3461 1956 ostendit.

2244 1994 2638 2050 Contaminabit
2669 2010 2753 2049 eos
2778 1996 3046 2050 sacerdos.
3067 1994 3247 2059 Quare
3273 1994 3296 2047 ‘l
3324 1992 3461 2058 Quia
3492 1997 3638 2064 lepra
3666 2011 3763 2048 ca-

2172 2085 2316 2153 pitis,
2352 2102 2415 2139 ac
2445 2085 2621 2139 barbas
2641 2094 2737 2139 est.
2776 2084 2873 2139 Vel
2902 2085 3043 2141 sicut
3066 2082 3207 2137 LXX
3231 2083 3423 2150 edunt,
3449 2089 3638 2140 vulnus
3660 2101 3761 2139 ese.

2178 2175 2508 2231 Vulneratus
2535 2177 2682 2231 enim
2722 2192 2753 2230 a
2802 2175 3017 2231 diabolo
3060 2184 3117 2230 et
3161 2173 3403 2239 collisus,
3430 2174 3497 2229 ad
3552 2185 3763 2229 tantmn

2172 2269 2425 2339 pervenit
2448 2269 2805 2339 impietatem,
2828 2267 2956 2335 quia
2985 2282 3131 2336 saepe
3152 2265 3419 2337 contingit
3443 2266 3762 2336 quempiam

2172 2366 2361 2413 contra
2391 2358 2725 2413 voluntatem
2747 2340 2900 2412 suam
2931 2357 3079 2426 loqui
3109 2357 3296 2428 impia.

2241 2450 2299 2503 Si
2328 2451 2514 2504 viderit
2538 2450 2705 2504 locum
2736 2450 2959 2503 macula:
2982 2453 3240 2519 (equolam
3281 2451 3467 2505 vicine
3499 2452 3668 2518 carni,
3707 2462 3765 2507 et

2171 2543 2421 2611 capillum
2452 2545 2680 2614 nigrum.
2704 2542 2777 2598 Ut
2809 2557 2919 2597 non
2946 2543 3210 2598 exuberet
3231 2543 3356 2609 hoc,
3388 2545 3532 2614 quod
3557 2560 3622 2599 ex
3649 2546 3766 2600 dia-

2169 2635 2344 2690 bolica
2375 2637 2690 2706 operatione
2717 2637 2915 2691 anima:
2941 2644 3022 2691 est
3043 2637 3237 2692 vulnus
3263 2636 3549 2704 inuictum,
3578 2637 3631 2691 id
3649 2647 3765 2704 est,

2169 2727 2423 2797 impietas
2445 2728 2782 2799 dogmatum.

2243 2819 2491 2874 Recludet
2520 2837 2605 2875 eos
2623 2830 2817 2889 septem
2849 2823 2961 2876 dies
2983 2823 3247 2876 sacerdos.
3274 2819 3394 2876 Non
3441 2837 3544 2891 pro
3591 2837 3766 2893 paena

2170 2920 2404 2978 tantum,
2434 2922 2696 2983 quantutn
2725 2913 2986 2969 districta:
3020 2914 3360 2984 probationis
3383 2928 3569 2977 causa,
3620 2923 3768 2967 teut-

2168 3019 2271 3074 pus
2308 3004 2455 3058 enim
2474 3005 2729 3060 omnibus
2753 3005 2993 3075 quidem,
3024 3005 3324 3060 districtius
3355 3013 3534 3059 tamen
3567 3005 3622 3059 in
3650 3005 3765 3071 his,

478 3092 562 3146 “Cl
589 3091 758 3147 barba
808 3090 1129 3161 εθτιιιίιιθτίι
1160 3090 1332 3159 lepra»
1383 3089 1586 3144 νίάεδίι
1636 3102 1732 3143 €09
1775 3086 2059 3180 δίιςξθηίοεῖ
2093 3122 2135 3180 C
2168 3113 2400 3169 quorum
2436 3097 2621 3168 lingua
2655 3098 2797 3152 circa
2841 3098 3182 3153 divinitatem
3210 3107 3385 3162 vacat,
3433 3099 3764 3153 intuendum

477 3193 533 3237 et
560 3182 604 3236 si
632 3180 855 3253 quidem
886 3181 1150 3236 humilior
1182 3180 1349 3235 fuerit
1401 3180 1553 3235 locus
1586 3193 1750 3234 carne
1776 3178 1989 3248 reliqua
2012 3184 2067 3231 et

477 3274 706 3344 capillus
727 3271 919 3337 ﬂavus,
942 3272 1214 3343 solitoque
1233 3272 1503 3337 subtilior,
1524 3269 1920 3326 contaminabit
1946 3282 2063 3330 eos,

475 3368 600 3436 quia
629 3367 781 3437 lepra
830 3365 1025 3436 capitis
1057 3381 1123 3421 ac
1168 3365 1351 3420 barba;
1391 3372 1495 3418 est.
1531 3361 1588 3416 Si
1624 3370 1809 3416 autem
1867 3358 2067 3415 viderit

477 3460 656 3514 locum
700 3459 926 3513 macula:
959 3458 1225 3527 aequalem
1266 3457 1460 3511 vicinae
1508 3455 1683 3521 carni,
1723 3462 1780 3509 et
1807 3452 2064 3523 capillum

478 3551 714 3623 nigrum,
744 3549 989 3627 recludet
1025 3557 1235 3620 septem
1266 3549 1478 3611 diebus,
1516 3557 1573 3603 et
1595 3548 1683 3602 die
1710 3546 1942 3617 septima
1982 3545 2067 3598 in-

479 3644 739 3697 tuebitur.
782 3641 984 3696 Sinon
1039 3640 1275 3697 creverit
1313 3639 1549 3704 macula,
1597 3647 1655 3693 et
1705 3637 1934 3707 capillus
1979 3634 2064 3691 sui

475 3734 676 3789 colori-3
708 3744 811 3800 est,
837 3745 895 3790 et
940 3734 1093 3789 locus
1143 3732 1314 3804 plagae
1342 3730 1495 3788 carni
1546 3730 1771 3800 reliquae
1816 3727 2063 3797 aequalis,

477 3826 699 3881 radetur
762 3827 926 3882 homo
984 3827 1193 3897 absque
1249 3826 1371 3882 loco
1433 3824 1697 3891 maculat,
1758 3822 2066 3877 includetur

475 3927 685 3988 septem
706 3918 900 3974 diebus
921 3919 1059 3974 aliis.
1090 3919 1146 3974 Si
1173 3918 1243 3975 de
1262 3917 1497 3988 septimo
1521 3915 1636 3971 visa
1658 3914 1822 3969 fuerit
1850 3912 2067 3968 stetisse

475 4012 628 4080 plaga
683 4009 737 4064 iu
786 4009 907 4073 loco
963 4025 1104 4073 suo,
1154 4024 1261 4064 nec
1300 4006 1562 4062 humilior
1613 4019 1780 4059 carne
1829 4002 2051 4073 reliqua,

475 4103 762 4157 ntundabit
783 4117 932 4166 eum,
966 4103 1204 4173 latisque
1235 4101 1498 4163 vestibus,
1536 4097 1778 4153 mundus
1809 4097 1937 4151 erit.
1967 4115 1985 4146 ι

544 4190 662 4247 Non
693 4194 761 4247 de
793 4194 1130 4264 quibuslibet
1151 4192 1263 4256 bie,
1293 4190 1391 4246 sed
1417 4188 1747 4245 necessariis
1777 4187 1885 4245 hoc
1908 4202 2063 4243 man-

473 4285 661 4338 datum
707 4285 790 4339 lex
845 4286 1015 4341 dedit.
1053 4284 1243 4354 Neque
1289 4282 1438 4338 enim
1482 4282 1551 4337 de
1590 4280 1720 4336 solis
1759 4279 2064 4336 actionibus

471 4378 545 4440 ei,
577 4378 673 4433 sed
703 4388 759 4434 et
778 4380 846 4435 de
881 4377 1081 4434 futuris
1109 4375 1700 4446 divinisdogmatibus
1731 4372 2059 4444 pertinebat.

2167 3198 2269 3243 est.
2322 3187 2527 3244 Deinde
2580 3189 2852 3260 quomodo
2906 3199 3031 3261 post
3078 3189 3442 3245 reclusionem
3497 3190 3770 3261 iudicat?

2165 3281 2499 3336 Admiranda
2522 3292 2605 3337 est
2630 3282 2918 3349 districtio,
2962 3298 3128 3352 quam
3152 3295 3343 3339 contra
3391 3299 3486 3338 eos
3517 3285 3611 3353 qui
3656 3286 3766 3338 im-

2166 3372 2252 3441 pie
2291 3372 2347 3425 in
2398 3372 2743 3442 dogmatibus
2797 3382 2983 3442 agunt,
3038 3384 3240 3428 servat.
3278 3374 3335 3427 Si
3366 3390 3473 3429 non
3524 3380 3768 3432 creverit

2166 3464 2397 3530 macula,
2417 3464 2673 3519 videlicet
2696 3465 2969 3534 impietas,
2991 3474 3045 3520 et
3071 3468 3301 3536 capillus
3329 3469 3411 3522 sui
3430 3470 3632 3524 coloris
3653 3481 3762 3533 est,

2166 3555 2218 3611 id
2254 3565 2357 3622 est,
2388 3571 2493 3612 nec
2510 3557 2740 3627 capillus
2772 3557 2943 3613 ﬂavus
2967 3558 3021 3613 in
3047 3574 3111 3614 ea
3137 3568 3243 3625 est,
3272 3576 3398 3614 cum
3428 3577 3539 3615 non
3584 3564 3766 3630 possit

2164 3647 2421 3719 cogitatio
2486 3657 2714 3719 propter
2770 3649 3194 3719 negotiationem
3250 3650 3527 3721 cognosci,
3574 3660 3764 3707 utrum

2166 3749 2379 3810 sponte,
2407 3751 2501 3794 aut
2530 3739 2733 3795 invitus
2758 3741 2924 3811 impie
2945 3742 3140 3812 egerit,
3175 3743 3481 3812 tuncjubet
3512 3744 3631 3797 radi
3660 3744 3765 3797 bo—

2166 3830 2367 3885 minem
2395 3831 2605 3901 absque
2632 3831 2752 3888 loco
2782 3832 3029 3888 maculae.
3061 3833 3264 3904 Aperte
3293 3848 3423 3905 ergo
3469 3833 3597 3887 talia
3637 3835 3758 3889 radi

2165 3923 2425 3993 praecepit
2447 3924 2635 3991 verba,
2661 3932 2716 3979 et
2748 3924 3021 3995 castigari,
3046 3923 3091 3978 si
3141 3923 3326 3978 forsan
3355 3941 3421 3979 ex
3459 3924 3541 3979 eis
3603 3941 3757 3980 com-

2166 4014 2429 4083 prehendi
2454 4014 2651 4085 possit,
2684 4022 2866 4069 utrum
2893 4029 2990 4084 per
3019 4014 3431 4083 subreptionem
3455 4014 3601 4070 sicut
3626 4032 3757 4071 eve-

2165 4106 2285 4161 nire
2314 4105 2631 4177 frequenter
2680 4107 2841 4179 solet,
2882 4120 2952 4161 an
2999 4106 3266 4160 malevole
3299 4106 3368 4161 de
3406 4106 3521 4160 Deo
3580 4106 3753 4176 impia

2164 4194 2233 4250 sit
2264 4195 2499 4252 locutus.
2532 4195 2745 4251 Vulnus
2766 4205 2953 4251 autem
2995 4197 3280 4265 antiquum
3329 4211 3441 4249 non
3487 4196 3758 4266 praecepit

2165 4284 2302 4351 radi,
2337 4285 2465 4354 quia
2487 4287 2714 4340 verbum
2767 4289 2826 4339 in
2853 4299 2965 4355 quo
3001 4284 3356 4354 delinquitur,
3396 4285 3619 4354 quando
3669 4301 3759 4340 se-

2165 4376 2270 4430 mel
2295 4377 2384 4447 qui
2408 4379 2652 4447 peccavit
2679 4377 2981 4449 negaverit,
3013 4376 3300 4444 diiudicari
3321 4378 3433 4446 jam
3459 4393 3566 4432 non
3592 4393 3761 4448 opor-

470 4469 708 4526 Omnino
754 4487 883 4544 ergo
919 4478 1301 4541 competenter
1345 4469 1618 4539 loquitur,
1660 4466 1898 4537 primum
1937 4465 2060 4536 qui-
2090 4481 2138 4537 ι)
2167 4478 2261 4525 tet.
2289 4472 2423 4537 Quis
2447 4474 2593 4527 enim
2618 4488 2768 4527 reum
2791 4472 3043 4528 videlicet
3071 4473 3300 4542 peccati,
3332 4488 3456 4527 eum
3480 4474 3573 4543 qui
3606 4474 3760 4544 quod

472 4563 596 4616 dem
626 4562 982 4619 districtionis
1012 4563 1157 4627 vitae,
1189 4561 1393 4617 deinde
1424 4575 1615 4615 eorum
1654 4574 1777 4629 quae
1814 4558 1889 4618 ad
1926 4557 2063 4627 dog-

473 4672 561 4709 ma
588 4655 870 4726 pertinent
905 4655 1226 4726 diligentem
1261 4668 1450 4709 curam
1488 4667 1704 4724 gerens.
1735 4651 1933 4723 Legem
1967 4667 2067 4705 au-

474 4757 581 4802 tem
612 4748 785 4818 ponit,
807 4763 920 4803 non
942 4748 1056 4819 jam
1115 4746 1428 4818 specialiter
1479 4744 1686 4800 homini
1734 4743 1919 4810 alicui,
1964 4741 2062 4796 sed

471 4840 601 4908 quid
631 4841 759 4895 ait?

550 4934 635 4987 Vir
666 4934 775 4987 sive
831 4933 1039 4987 mulier.
1071 4931 1424 5001 Distinguens
1463 4927 1679 5000 planius
1725 4924 1854 4996 quid
1897 4939 2061 4994 opor-

473 5036 585 5082 teat
625 5026 852 5096 intelligi
886 5023 1187 5080 hominem.
1251 5022 1363 5079 Cur
1400 5032 1587 5077 autem
1644 5020 1750 5075 hac
1796 5019 2058 5087 explana-

471 5116 620 5171 tione
655 5116 710 5169 in
741 5114 849 5169 hoc
886 5113 1077 5184 eguit?
1118 5113 1189 5168 Ut
1224 5112 1479 5168 videlicet
1532 5125 1644 5165 non
1683 5109 2061 5180 ignosceretur

470 5208 706 5273 mulieri,
745 5222 870 5261 cum
899 5206 1116 5260 infirma
1162 5214 1410 5276 putatur,
1449 5220 1573 5275 qua:
1611 5211 1801 5273 peccat
1837 5201 1890 5254 in
1928 5200 2061 5270 dog-

471 5309 636 5353 mate.
676 5298 793 5352 Hoc
833 5313 964 5368 ergo
1015 5305 1299 5367 peccatum
1343 5298 1550 5367 lepram
1593 5295 1650 5349 in
1684 5293 1886 5364 capite,
1921 5302 1973 5347 et
2006 5291 2062 5345 in

469 5390 639 5446 barba
669 5398 958 5460 propterea
992 5390 1250 5461 appellat,
1279 5388 1409 5460 quia
1432 5390 1550 5445 haec
1581 5397 1713 5443 sunt
1736 5387 2060 5459 pretiosiora

469 5487 643 5543 nostri
677 5486 943 5556 corporis,
976 5494 1033 5541 et
1052 5500 1120 5540 ex
1155 5484 1262 5539 hoc
1281 5481 1543 5546 ostendit,
1568 5497 1679 5536 non
1711 5481 1857 5536 circa
1907 5496 2059 5550 quae-

470 5577 603 5633 libet
625 5578 958 5649 impietatem
982 5577 1294 5647 dogmatum
1321 5571 1628 5644 provenire,
1649 5572 1741 5627 sed
1760 5588 1886 5641 erga
1907 5571 2060 5625 valde

544 5783 605 5816 “‘
642 5784 743 5835 ιδῃ.
791 5799 943 5847 ΧΧΧῚ,
992 5782 1074 5834 Η.
1154 5781 1195 5810 ’⁸
1234 5779 1398 5837 Hebr.
1430 5799 1505 5849 γι,
1535 5782 1589 5846 7,
1613 5780 1667 5834 8.

2166 4565 2455 4621 confessus
2479 4575 2562 4620 est
2584 4566 2790 4635 lingua,
2819 4566 3100 4621 voluntate
3137 4581 3199 4620 se
3225 4566 3519 4636 protulisse
3567 4575 3759 4638 negat.

2166 4656 2397 4723 Quando
2418 4666 2599 4711 autem
2630 4656 2699 4711 de
2735 4672 2803 4710 eo
2836 4658 2913 4712 sic
2938 4657 3213 4727 judicans,
3240 4673 3351 4713 non
3387 4661 3760 4729 comprehen-

2166 4748 2313 4804 derit
2336 4749 2577 4804 crevisse
2604 4748 2893 4813 maculam,
2924 4765 3027 4804 nec
3067 4749 3343 4803 dilatatam
3379 4749 3434 4803 in
3469 4767 3536 4805 eo
3594 4752 3758 4808 vide-

2166 4838 2239 4893 rit
2307 4840 2642 4908 impietatem
2683 4856 2698 4893 :
2738 4841 2997 4910 quoniam
3044 4841 3463 4910 blasphemans,
3525 4844 3761 4897 omnino

2166 4927 2360 4997 polluit
2390 4929 2581 4983 stolam
2623 4930 2984 4999 baptismatis,
3018 4939 3168 4984 recte
3188 4946 3313 4985 eum
3360 4932 3625 4999 praecepit
3661 4949 3763 5002 per

2165 5020 2538 5090 pcenitentiam
2586 5020 2768 5076 lavare
2811 5022 3174 5086 vestimenta,
3238 5031 3294 5076 et
3338 5031 3468 5075 tunc
3511 5024 3760 5078 mundus

2162 5114 2307 5169 erit:
2365 5112 2492 5182 quia
2537 5113 2716 5168 omnis
2746 5114 2999 5184 impietas
3027 5130 3124 5184 per
3172 5115 3432 5170 mundam
3479 5118 3760 5187 paeniten-

2164 5207 2294 5261 tiam
2326 5205 2639 5260 mundatur.
2671 5208 3057 5262 Verumtamen
3090 5207 3177 5262 hic
3210 5208 3253 5263 si
3286 5208 3555 5279 praedicto
3588 5226 3758 5264 mun—

2166 5301 2326 5356 datus
2353 5301 2534 5365 modo,
2560 5300 2725 5371 impia
2748 5315 2939 5354 rursus
2957 5299 3174 5354 locutus
3206 5298 3368 5354 fuerit
3388 5340 3402 5363 ,
3431 5316 3542 5354 non
3582 5300 3761 5370 inspi-

2167 5393 2276 5447 ciet
2314 5392 2568 5449 saeerdos
2596 5392 2662 5447 de
2711 5391 2824 5462 pilo
2868 5389 3026 5456 ﬂavo,
3061 5406 3174 5445 non
3222 5392 3503 5461 quteritur,
3551 5392 3757 5471 inquit,

2168 5498 2277 5552 quo
2298 5483 2482 5538 animo
2509 5483 2671 5552 impia
2703 5483 2917 5538 locutus
2941 5481 3032 5547 sit,
3072 5481 3166 5537 sed
3194 5481 3319 5552 quia
3349 5483 3402 5536 in
3434 5496 3498 5536 ea
3533 5482 3604 5537 de
3632 5481 3756 5551 qui-

2169 5572 2273 5627 bus
2306 5571 2582 5642 poenituit,
2635 5571 2851 5638 recidit,
2887 5569 3232 5641 immundum
3274 5586 3397 5627 eum
3441 5580 3592 5626 recte
3635 5582 3759 5625 esse

1767 5777 1807 5809 "
1836 5776 1976 5830 l‘sal.
2011 5791 2210 5840 cxxxu,
2258 5776 2305 5841 1,
2336 5775 2389 5827 9..
