3992 6398
234 393 343 459 945

1376 402 1452 464 IN
1498 406 1931 466 LE'i'lTlLUM.
1965 433 2030 443 ·-
2069 410 2215 468 LIB.
2262 401 2356 468 [ν.

3403 400 3508 464 9ζ6

223 507 459 574 judicat.
488 506 542 561 Si
588 525 698 564 non
730 511 960 581 capillus
998 513 1151 582 niger
1185 513 1365 576 tulerit,
1392 516 1440 566 id
1475 527 1577 577 est,
1612 517 1656 569 si
1707 532 1815 569 non
1846 521 1892 574 Α
1991 518 2472 570 Reminiscendum
2527 526 2631 582 est,
2666 518 2791 586 quia
2822 516 3046 585 capillos
3079 530 3178 584 pro
3221 512 3508 582 cogitatio-

223 597 427 666 lugens
454 602 775 667 apparuerit
804 602 1137 669 impietatem
1163 619 1176 653 :
1200 602 1391 670 lugens
1422 616 1553 655 vero
1588 619 1696 655 non
1727 616 1817 656 so-

223 688 338 742 lum
372 688 581 753 habitu,
608 691 704 744 sed
725 690 982 745 etanimo
1037 699 1091 745 et
1117 690 1569 760 cogitationibus:
1602 691 1816 760 nigrum

223 793 467 848 namque
498 781 1068 850 maneredugentium
1100 790 1181 835 est
1220 783 1518 850 proprium.
1550 781 1816 847 Quoniam

221 876 414 921 autem
439 868 755 922 interiorem
775 870 1051 925 hominem
1069 860 1283 940 oportet
1304 872 1487 941 lugere
1516 872 1811 941 peccantis,

220 973 392 1024 quem
411 960 772 1028 cogitationes
793 969 1116 1028 contegunt.
1139 970 1286 1015 recte
1302 962 1421 1030 ejus
1438 961 1813 1031 paenitentiam

220 1060 325 1116 per
353 1049 523 1118 pilum
551 1052 764 1121 nigrum
787 1051 1127 1120 signiﬁcavit.
1160 1050 1385 1120 Propter
1404 1050 1547 1118 quod
1576 1049 1813 1105 Ecclesia

220 1138 321 1193 Dei
351 1141 637 1195 servitium
675 1142 906 1212 diligens
935 1142 989 1195 in
1028 1142 1277 1196 luctuosa
1304 1142 1440 1195 stola
1477 1140 1814 1210 poenitentia

217 1229 518 1283 decoratur
543 1246 555 1280 :
581 1238 637 1282 et
667 1230 790 1283 ideo
818 1229 1112 1282 formosam
1138 1244 1217 1294 se,
1242 1224 1367 1298 quia
1409 1229 1562 1298 nigra
1599 1237 1703 1293 est,
1726 1229 1813 1283 di-

216 1319 315 1382 cit.
346 1320 489 1375 sicut
531 1321 764 1387 legitur;
799 1319 970 1391 Nigra
1000 1337 1138 1384 sum,
1173 1321 1263 1374 sed
1312 1323 1542 1391 formosa
1571 1321 1685 1390 ﬁlia
1723 1321 1813 1374 Je-

218 1408 456 1462 rusalem
493 1411 568 1472 1";
603 1409 654 1462 id
685 1418 787 1474 est,
817 1411 942 1478 quia
982 1410 1038 1464 in
1070 1410 1389 1479 pmnitendo
1408 1410 1544 1463 stola
1575 1425 1694 1464 sum
1725 1411 1812 1464 lu-

217 1510 343 1555 ctus
374 1500 582 1555 induta.
608 1500 698 1555 Sic
725 1516 856 1571 ergo
882 1517 1008 1556 eum
1033 1502 1125 1571 qui
1167 1482 1543 1574 paenitentiam
1583 1502 1694 1572 agit
1723 1517 1810 1555 sa-

216 1593 418 1648 cerdos
441 1595 688 1659 mundat,
714 1596 928 1666 quoties
958 1595 1008 1649 ei
1050 1596 1155 1650 hoc
1187 1595 1410 1650 evenire
1438 1596 1805 1665 conspexerit.

216 1683 327 1738 Sed
380 1684 714 1740 suﬁicienter
754 1688 822 1742 de
853 1687 939 1742 his
989 1702 1110 1757 quae
1146 1688 1210 1741 .in
1234 1686 1345 1741 Deo
1370 1687 1803 1751 committuntur,

179 1782 193 1795 '
214 1776 610 1846 impietatibus,
639 1787 747 1833 tam
774 1795 842 1834 ex
873 1780 1151 1834 voluntate
1184 1792 1348 1849 quam
1378 1793 1445 1833 ex
1475 1779 1798 1849 ignorantia,

212 1867 458 1935 locutus,
509 1869 576 1923 ad
619 1870 725 1924 alia
790 1871 1015 1926 vulnera
1079 1871 1801 1927 modemtiora‘sermonem

214 1959 412 2012 vertit.
1043 2020 1047 2025 ,

289 2046 552 2114 Vens.58,
574 2050 662 2105 59.
691 2071 710 2102 ι
735 2050 832 2105 Vir
849 2060 906 2106 et
948 2052 1145 2107 mulier
1191 2052 1247 2108 in
1275 2053 1433 2124 cujus
1453 2062 1577 2111 cute
1599 2055 1806 2110 candor

211 2139 558 2207 apparuerit,
598 2140 900 2196 intuebitur
935 2157 1032 2197 eos
1062 2143 1317 2198 sacerdos
1352 2163 1366 2198 :
1402 2144 1447 2199 si
1492 2144 1802 2215 deprehen-

212 2231 362 2285 derit
410 2232 807 2287 subobscurum
854 2235 1096 2289 alborem
1136 2236 1318 2291 lucere
1369 2237 1424 2290 in
1483 2246 1627 2303 cute,
1671 2237 1808 2292 sciat

213 2335 325 2371 non
358 2332 482 2375 esse
518 2321 745 2390 lepram,
783 2324 881 2378 sed
920 2326 1190 2380 maculam
1233 2326 1431 2382 coloris
1471 2328 1708 2393 candidi,
1752 2337 1802 2384 et

216 2408 501 2462 hominem
529 2410 816 2465 mundum.
855 2433 875 2464 ι

282 2496 409 2553 Jam
436 2509 494 2555 et
520 2517 622 2556 nos
652 2502 796 2557 sicut
830 2504 998 2559 David
1043 2507 1271 2560 studiosi
1299 2508 1351 2561 in
1384 2508 1517 2579 legis
1554 2509 1802 2576 scientia,

212 2604 340 2644 cum
370 2605 440 2645 eo
480 2592 723 2648 dicamus
755 2613 770 2648 :
801 2594 922 2649 Non
958 2598 1076 2667 fecit
1103 2598 1281 2652 taliter
1323 2601 1464 2653 omni
1490 2602 1716 2667 nationi,
1756 2611 1807 2656 et

204 2680 420 2748 judicia
449 2698 549 2735 sua
584 2698 688 2737 non
722 2687 1076 2756 manifestavit
1120 2690 1228 2743 illis
1261 2690 1324 2743 ’⁸.
1376 2692 1513 2745 Cum
1570 2693 1804 2749 maxima

211 2771 566 2827 districtione
606 2774 859 2843 superius
884 2777 939 2830 in
968 2776 1170 2832 divinis
1212 2779 1577 2850 dogmatibus,
1612 2790 1670 2836 et
1709 2798 1806 2838 eo-

210 2875 336 2913 rum
378 2863 893 2930 praevaricatoribus
937 2883 1067 2923 usus
1123 2867 1335 2933 fuisset,
1373 2886 1522 2926 nunc
1576 2873 1704 2942 quia
1736 2873 1806 2928 de

210 2949 321 3005 illis
348 2951 499 3021 loqui
547 2956 843 3024 supplevit,
874 2967 1022 3012 recte
1068 2974 1181 3013 sum
1216 2963 1592 3016 austeritatem
1639 2965 1806 3034 depo-

208 3038 326 3094 suit
353 3040 734 3107 districtionis,
761 3053 817 3097 et
845 3044 915 3099 de
948 3044 1055 3109 bis,
1081 3060 1202 3114 quae
1236 3057 1366 3100 sunt
1393 3048 1697 3102 secundum
1729 3049 1807 3104 lc-

1921 604 2082 657 lllbllS
2102 604 2469 659 intelleximus
2496 624 2509 658 :
2534 621 2733 660 ornare
2793 606 2997 674 quippe
3019 611 3185 672 caput
3229 617 3293 657 ac
3323 610 3510 672 tegere

1920 692 2199 746 constituti
2222 702 2368 758 sunt,
2411 695 2552 749 sicut
2579 696 2936 765 cogitationes
2964 686 3223 747 mentem.
3262 692 3384 745 Non
3408 705 3509 743 au-

1921 788 2029 834 tem
2057 780 2392 837 inordinatas
2411 784 2771 853 engitationes
2793 783 3127 837 deducamus
3151 780 3216 833 ad
3241 778 3506 842 medium,

1918 869 2042 936 quia
2073 877 2128 922 et
2161 870 2480 937 capillorum
2529 869 2915 939 incompositio
2947 866 3247 922 foeditatem
3276 880 3378 935 pro
3412 880 3507 919 or-

1917 969 2047 1012 natu
2091 959 2314 1028 praebet.
2365 959 2612 1029 Insuper,
2672 958 3132 1030 quemadmodum
3183 956 3504 1026 capillorum

1916 1049 2139 1119 quidam
2170 1049 2449 1115 decidunt,
2476 1051 2568 1105 alii
2607 1061 2790 1107 autem
2827 1056 3209 1113 renascuntur,
3242 1047 3503 1118 nulloque

1919 1148 2163 1208 tempore
2196 1140 2347 1195 nasci
2385 1155 2635 1205 cessant,
2680 1142 2762 1196 sic
2794 1151 2849 1197 et
2881 1141 2967 1196 his
3021 1155 3144 1210 quas
3173 1148 3303 1194 sunt
3330 1138 3386 1192 in
3416 1139 3503 1196 bis

1915 1228 2336 1298 cogitationibus
2364 1229 2770 1295 decidentibus,
2791 1230 2909 1285 alia-
2942 1239 3324 1285 renascuntur.
3359 1227 3503 1301 Ergo

1916 1318 2007 1375 hic
2084 1320 2298 1374 calvum
2355 1321 2592 1390 appellat
2651 1321 2951 1391 simplicem
3012 1322 3317 1385 hominem,
3387 1337 3498 1376 non

1914 1426 2038 1466 eum
2091 1412 2185 1484 qui
2237 1413 2464 1467 omnino
2512 1412 2778 1482 insipiens
2833 1423 2939 1480 est,
2995 1422 3090 1468 aut
3137 1413 3496 1469 irrationalis.

1913 1502 2047 1568 Quis
2072 1504 2219 1559 enim
2255 1514 2339 1559 est
2368 1505 2552 1570 homo,
2580 1504 2671 1573 qui
2698 1519 2808 1559 non
2835 1504 3082 1574 capillos,
3114 1503 3244 1559 licet
3270 1519 3497 1573 paucos,

1913 1595 1967 1648 in
2017 1597 2194 1665 capite
2226 1596 2463 1651 habeat?
2494 1595 2652 1651 Hunc
2672 1611 2803 1667 ergo
2832 1596 3114 1665 describit,
3146 1595 3237 1665 qui
3293 1595 3496 1665 cogita-

1912 1686 2089 1741 tiones
2112 1703 2313 1757 paucas
2341 1703 2452 1758 prae
2480 1687 2829 1758 simplicitate
2861 1687 3021 1758 gerit,
3057 1701 3291 1756 eumque
3338 1701 3501 1739 mun-

1911 1777 2039 1832 dum
2089 1788 2238 1835 recte
2285 1795 2409 1835 esse
2443 1780 2703 1850 praecepit
2736 1796 2751 1832 :
2784 1780 2863 1834 sic
2912 1778 3113 1849 quippe
3158 1778 3209 1833 ei
3262 1777 3498 1833 inditum

1907 1878 1990 1923 est
2013 1879 2161 1923 sorte
2197 1878 2429 1936 naturae,
2465 1870 2611 1925 unde
2657 1886 2782 1924 eum
2816 1878 2872 1924 et
2906 1869 3173 1925 columbae
3219 1876 3499 1938 comparat

1907 1961 2188 2016 Dominus.
2224 1960 2404 2028 Quare
2429 1969 2612 2017 autem
2640 1963 2806 2032 hujus
2835 1976 3124 2031 personam
3169 1960 3393 2015 omnino
3441 1962 3493 2014 in

1904 2051 2240 2106 dubietatem
2291 2052 2565 2123 legislator
2620 2052 2892 2108 adduxit?
2947 2050 3088 2118 Quia
3162 2052 3363 2108 melius
3411 2060 3497 2106 est

1904 2157 2028 2197 cum
2087 2143 2403 2198 innocentia
2446 2144 2649 2199 habere
2697 2145 2861 2200 etiam
2919 2143 3291 2215 prudentiam,
3340 2143 3488 2213 quod

1905 2234 2253 2289 manifestum
2286 2241 2370 2290 est
2398 2251 2464 2290 ex
2494 2236 2579 2290 his
2600 2252 2722 2306 quae
2749 2235 3010 2291 Dominus
3031 2236 3287 2290 dicebat:
3314 2234 3494 2288 Estots

1903 2327 2166 2395 sapientes
2191 2327 2327 2381 sicut
2343 2338 2626 2398 serpentes,
2648 2337 2698 2382 et
2717 2327 2980 2399 simplices
2997 2328 3132 2382 sicut
3148 2326 3404 2381 columba:
3423 2327 3489 2378 “.

1905 2419 2011 2474 Sed
2052 2420 2177 2475 licet
2235 2421 2340 2475 hoc
2394 2421 2662 2476 laudabile
2699 2422 2790 2485 sit,
2829 2420 2961 2475 illud
2993 2428 3179 2475 tamen
3226 2434 3490 2474 accusan-

1904 2512 2035 2567 dum
2061 2527 2174 2566 non
2213 2522 2317 2569 est.
2348 2512 2814 2578 Quemadmodum
2847 2512 2992 2566 enim
3033 2511 3293 2565 mundum
3343 2509 3491 2564 aesti-

1906 2611 2019 2657 mat
2050 2604 2177 2657 eum
2204 2602 2297 2672 qui
2323 2618 2389 2656 ex
2420 2611 2532 2657 toto
2568 2602 2799 2672 simplex
2832 2610 2935 2667 est,
2966 2601 3046 2655 sic
3070 2611 3126 2656 et
3169 2601 3342 2665 illum,
3398 2602 3490 2669 qui

1905 2709 1973 2748 ex
1995 2702 2148 2763 parte
2184 2703 2287 2760 est,
2312 2694 2550 2748 maxime
2588 2695 2736 2748 hunc
2764 2693 2856 2763 qui
2885 2708 2950 2747 ex
2988 2691 3336 2762 simplicitate
3366 2700 3450 2746 est
3474 2710 3490 2755 ;

1905 2796 2031 2835 nam
2058 2781 2162 2837 hoc
2190 2782 2599 2853 intelligendum
2624 2791 2707 2837 est
2738 2783 2793 2836 in
2815 2782 3022 2851 capillis
3043 2781 3362 2846 fluentibus,
3391 2782 3493 2836 hoc

1905 2882 1990 2926 est
2011 2874 2413 2929 rarescentibus
2436 2873 2489 2927 in
2516 2874 2713 2940 fronte,
2745 2888 2907 2943 quem
2933 2879 2988 2928 ct
3020 2873 3352 2928 calvastrum
3389 2889 3486 2941 ap-

1905 2964 2146 3033 pellavit.
2179 2963 2276 3019 Hic
2308 2972 2489 3019 autem
2514 2964 2693 3034 priore
2717 2965 2959 3019 deterior
2983 2971 3067 3019 est
3098 2982 3111 3018 :
3142 2978 3270 3018 nam
3293 2964 3494 3018 melius

1905 3063 1989 3109 est
2008 3055 2225 3123 quidem
2260 3055 2490 3109 virtutes
2545 3055 2902 3120 abscondere,
2944 3054 2991 3113 si
3053 3063 3235 3109 tamen
3293 3055 3489 3124 aliquis

209 3144 335 3199 gem
372 3128 674 3234 Iudaicam,
705 3132 1050 3204 dogmatibus
1085 3135 1343 3204 loquitur,
1386 3144 1441 3190 et
1482 3154 1600 3207 qua:
1644 3138 1699 3191 in
1733 3154 1796 3194 ea
1830 3175 1874 3234 ο
1906 3146 2131 3216 gloriam
2173 3163 2361 3201 earum
2393 3147 2606 3218 prodat,
2638 3146 2938 3200 tolerabilis
2969 3146 3148 3216 passio
3182 3155 3287 3212 est,
3315 3156 3373 3201 et
3406 3147 3491 3201 vi—

209 3231 344 3277 sunt
367 3223 576 3292 culpas,
600 3225 996 3281 subobscurum
1026 3228 1266 3283 alborem
1311 3237 1366 3283 et
1393 3229 1661 3285 lucentem
1682 3246 1805 3287 esse

210 3312 354 3366 dixit
391 3330 408 3380 ;
445 3316 905 3383 quemadmodum
939 3334 1067 3389 ergo
1113 3319 1423 3374 cicatricem
1462 3321 1641 3376 albam
1682 3337 1805 3377 esse

207 3402 458 3459 diximus
497 3409 983 3477 transgressionem
1014 3410 1202 3482 legalis
1235 3410 1449 3477 litterae,
1483 3413 1562 3468 sic
1606 3421 1660 3468 et
1686 3414 1805 3484 ejus

210 3494 581 3564 ignorantiam
651 3499 1051 3557 subobscurum
1123 3503 1362 3558 alborem
1425 3514 1479 3560 et
1530 3505 1804 3561 lucentem

211 3586 587 3659 intelligamus
627 3590 755 3647 dici.
786 3592 1155 3664 ignorantiam
1190 3605 1373 3651 autem
1411 3612 1523 3652 non
1557 3599 1802 3652 omnium

209 3692 338 3746 qua
371 3679 525 3744 dicit,
559 3697 663 3737 nec
691 3698 881 3738 eorum
906 3700 1028 3754 quae
1057 3688 1368 3742 communia
1398 3704 1521 3744 cum
1555 3691 1669 3761 lege
1698 3706 1791 3745 na-

208 3770 401 3835 turali,
432 3772 519 3826 vel
547 3773 872 3843 evangelicis
900 3775 1186 3844 praeceptis
1207 3784 1355 3841 sunt,
1387 3779 1648 3848 possidet.
1689 3780 1799 3835 Ne-

204 3875 321 3927 que
353 3861 503 3914 enim
536 3862 805 3932 ignorare,
833 3862 951 3917 Non
993 3865 1232 3932 occides,
1262 3866 1385 3921 Non
1412 3870 1799 3936 mcechaberis,

204 3950 334 4005 Non
370 3950 576 4006 furtum
601 3951 786 4018 facies,
808 3954 1034 4010 cuilibet
1052 3955 1352 4026 ignoscitur
1382 3960 1512 4014 :sed
1539 3976 1803 4031 quorum-

206 4042 338 4095 dam
369 4042 683 4112 partialium
711 4060 1115 4116 parvorumque
1140 4048 1517 4105 mandatorum
1551 4051 1804 4122 ignoran-

209 4134 307 4199 tia,
337 4134 512 4189 veluti
554 4136 775 4205 quando
814 4147 1032 4206 oportet
1084 4140 1336 4195 mandari
1387 4152 1801 4212 menstruatam,

205 4225 439 4294 quando
494 4226 675 4281 offerri
732 4242 831 4296 pro
885 4230 1135 4298 pariente
1196 4234 1523 4301 masculum,
1583 4237 1805 4305 quando

206 4316 378 4370 etiam
412 4333 512 4386 pro
551 4333 614 4372 ea
648 4309 768 4388 quae
810 4318 1067 4375 feminam
1112 4324 1343 4392 peperit.
1396 4326 1623 4396 Propter
1659 4329 1805 4398 quod

206 4423 272 4462 ea
297 4409 707 4465 subobscuram
740 4411 1003 4478 alborem,
1038 4422 1228 4483 utpote
1260 4431 1459 4485 parvas
1494 4419 1799 4489 cicatrices,

1905 3239 2027 3294 cina
2050 3238 2244 3295 veniae.
2273 3239 2503 3309 Propter
2527 3239 2674 3309 quod
2704 3238 2810 3293 erit
2833 3238 3093 3305 mundus,
3120 3239 3249 3308 quia
3296 3254 3497 3295 secun-

1902 3326 2033 3381 dum
2053 3327 2268 3394 faciem,
2304 3328 2487 3384 divina
2524 3328 2805 3398 Scriptura
2840 3328 2996 3399 prodi
3027 3328 3278 3395 virtutes,
3307 3338 3364 3384 et
3395 3346 3490 3384 co-

1905 3436 2022 3475 ram
2060 3422 2372 3479 hominibus
2404 3438 2501 3492 per
2530 3437 2625 3477 eas
2654 3420 2787 3476 dicit
2841 3422 3048 3477 ornari.
3075 3421 3312 3478 Attende
3351 3423 3494 3479 Pau-

1904 3512 2016 3567 lum
2041 3514 2312 3569 dicentem
2347 3533 2360 3569 :
2402 3514 2484 3569 Ea
2505 3531 2622 3587 qua
2641 3513 2928 3569 secundum
2959 3515 3152 3584 [aciem
3183 3527 3325 3581 sunt,
3356 3519 3495 3573 vide-

1907 3615 1974 3661 te.
1999 3604 2059 3660 Si
2088 3607 2206 3677 quis
2266 3606 2469 3660 videtur
2496 3606 2599 3660 sibi
2643 3605 2837 3662 Christi
2899 3622 2955 3661 se
2988 3622 3114 3671 esse,
3167 3609 3262 3661 hoc
3305 3611 3493 3679 cogitet

1906 3695 2096 3750 iterum
2125 3696 2269 3764 apud
2296 3697 2654 3764 semetipsum,
2694 3697 2820 3767 quia
2851 3697 2987 3752 sicut
3019 3698 3130 3768 ipse
3162 3696 3357 3754 Christi
3394 3712 3490 3766 cst,

1906 3789 1983 3842 ita
2016 3796 2066 3842 et
2094 3803 2186 3842 nos
2239 3788 2303 3841 ἰ.
2338 3786 2454 3842 lloc
2476 3787 2572 3853 ait,
2620 3788 2664 3842 si
2698 3788 2909 3843 nullum
2936 3799 3219 3859 peccatum
3271 3806 3333 3844 ex
3362 3792 3493 3850 sim-

1904 3881 2147 3951 plicitate
2173 3879 2436 3949 simplicis
2460 3879 2850 3936 committatur.
2883 3880 2943 3936 Si
2971 3890 3155 3937 autem
3188 3882 3327 3937 facta
3373 3884 3493 3937 fue-

1906 3972 1980 4027 rit
2000 3972 2070 4039 in
2103 3971 2323 4026 calvitio
2358 3970 2499 4040 ejus,
2535 3979 2629 4026 aut
2661 3971 2718 4026 in
2765 3972 3046 4028 recalvitio
3079 3974 3291 4027 macula
3343 3975 3487 4039 alba,

1905 4071 2000 4118 aut
2024 4061 2161 4129 rufa,
2195 4064 2346 4132 lepra
2374 4070 2476 4116 est.
2508 4061 2730 4127 Quare?
2763 4063 2901 4129 Quia
2932 4079 3090 4118 nemo
3115 4064 3195 4119 sic
3220 4073 3303 4119 est
3357 4066 3458 4120 sim

1904 4156 2047 4226 plex,
2079 4163 2139 4210 ut
2165 4156 2394 4222 nesciat,
2424 4156 2553 4225 quia
2582 4172 2692 4211 non
2721 4155 2918 4211 debeat
2955 4172 3179 4211 manum
3210 4157 3264 4210 in
3307 4158 3483 4226 ignem

1904 4245 2141 4311 mittere,
2172 4261 2353 4315 neque
2395 4246 2446 4300 in
2489 4244 2776 4316 praecipitii
2808 4245 3095 4301 altitudine
3132 4248 3484 4316 semetipsum

1905 4337 2055 4403 dare,
2080 4352 2259 4407 neque
2287 4336 2437 4391 abuti
2464 4336 2643 4408 gladio
2671 4336 2726 4391 in
2754 4336 2887 4407 locis
2910 4337 3187 4393 vitalibus.
3218 4336 3274 4392 Si
3305 4350 3488 4393 autem

1906 4429 2164 4493 lucescit,
2197 4428 2469 4498 quomodo
2498 4444 2612 4483 non
2663 4427 2897 4499 amplius
2957 4429 3125 4495 norit,
3155 4431 3301 4500 quod
3348 4432 3493 4485 occi-

205 4517 437 4570 parvam
483 4502 595 4570 jam
639 4515 1034 4574 przeceptorum
1082 4508 1441 4577 ignorantiam
1482 4512 1795 4580 habentem,
1835 4511 1879 4567 1)
1908 4519 2037 4573 dere
2083 4518 2284 4574 malum
2321 4518 2413 4583 sit,
2449 4517 2595 4588 quod
2649 4517 2939 4572 detrahere
2972 4518 3293 4587 pessimum,
3347 4521 3491 4589 quod

203 4591 545 4663 appellavit;
578 4594 671 4663 qui
721 4610 850 4666 ergo
886 4597 1007 4652 talis
1065 4607 1148 4652 est
1198 4616 1308 4655 non
1369 4603 1534 4658 habet
1573 4621 1799 4662 necesse

205 4681 468 4736 mundari
498 4700 511 4736 :
545 4698 722 4754 neque
756 4686 906 4740 enim
958 4688 1023 4741 ad
1044 4687 1487 4757 justiﬁcationem
1526 4697 1801 4765 pertinent

202 4770 549 4837 indecorum,
573 4775 667 4830 sed
693 4785 752 4829 ut
798 4789 1183 4848 aggravaretur
1232 4797 1420 4838 eorum
1444 4785 1658 4857 jugum,
1689 4797 1798 4844 tra-

202 4866 318 4919 dita
346 4871 504 4921 sunt.
537 4864 767 4936 Propter
796 4872 938 4938 quod
965 4880 1018 4924 et
1048 4871 1188 4928 Deus
1218 4890 1313 4944 per
1352 4879 1673 4947 prophetam
1717 4884 1801 4938 di-

201 4958 409 5011 ccbat:
446 4956 580 5010 Dedi
637 4960 710 5011 eis
756 4973 1016 5030 praecepta
1053 4980 1156 5017 non
1193 4966 1371 5031 bona,.
1401 4978 1448 5021 et
1482 4969 1691 5039 judicia
1748 4976 1804 5028 in

200 5048 402 5118 quibus
433 5064 539 5100 non
567 5049 731 5103 vivent
766 5051 831 5106 ¹⁹.

277 5135 457 5191 Vens.
490 5137 679 5193 40-45.
718 5160 731 5192 ι
758 5140 853 5196 Vir
879 5143 946 5197 de
974 5144 1130 5214 cujus
1172 5147 1349 5217 capite
1395 5150 1574 5220 capilli
1606 5151 1802 5218 ﬂuunt,

201 5226 405 5282 calvus
448 5244 514 5283 ac
543 5233 779 5287 mundus
805 5243 906 5289 est.
939 5235 1001 5290 Et
1022 5237 1066 5291 si
1096 5254 1129 5291 a
1155 5238 1335 5294 fronte
1365 5241 1666 5300 ceciderint
1689 5245 1801 5314 pili,

201 5319 549 5375 recalvaster
574 5331 631 5377 et
674 5326 909 5382 mundus
965 5337 1070 5383 est.
1121 5329 1177 5384 Si
1236 5340 1418 5387 autem
1476 5334 1533 5388 in
1564 5336 1803 5404 calvitio,

198 5410 328 5466 sive
354 5410 413 5464 in
449 5412 729 5470 recalvitio
756 5417 932 5486 albus,
957 5421 1042 5474 vel
1087 5421 1241 5479 rufus
1281 5424 1429 5480 color
1457 5425 1619 5481 fuerit
1644 5444 1804 5482 exor-

197 5512 321 5569 tus,
357 5510 414 5557 et
450 5503 558 5559 hoc
588 5508 844 5565 sacerdos
879 5511 1097 5581 viderit,
1128 5514 1430 5585 inquinabit
1466 5535 1589 5573 cuin
1619 5539 1630 5574 :
1661 5521 1802 5577 haud

195 5594 382 5651 dubie
412 5593 565 5667 lepra
604 5607 706 5669 est,
741 5616 862 5672 qua:
892 5612 1009 5660 orta
1038 5616 1121 5661 est
1150 5608 1206 5663 in
1231 5609 1465 5664 calvitio.
1497 5632 1515 5661 ο

1905 4610 2199 4682 idolothyta
2217 4610 2502 4664 comedere
2520 4608 2769 4679 impium,
2792 4617 2955 4679 atque
2971 4610 3249 4664 mulierem
3262 4610 3491 4665 alienam

1906 4703 2296 4771 concupiscere
2345 4701 2418 4755 sit
2476 4700 2765 4770 iniquum?
2792 4699 2850 4755 Si
2882 4716 3012 4771 ergo
3059 4717 3185 4757 cum
3237 4699 3501 4757 sacerdos'

1908 4796 2176 4850 maculam
2233 4794 2528 4849 habentem
2563 4794 2740 4850 albam
2790 4798 2887 4847 aut
2930 4792 3104 4847 rufam
3163 4792 3218 4846 in
3272 4794 3494 4848 calvitio

1908 4899 2004 4945 aut
2032 4890 2085 4944 in
2112 4890 2391 4946 recalvitio
2417 4891 2560 4959 ejus,
2587 4890 2641 4946 id
2669 4899 2774 4953 est.
2807 4889 2863 4944 in
2895 4906 2958 4944 ea
2990 4905 3112 4960 quae
3149 4898 3235 4945 est
3257 4905 3324 4944 ex
3356 4899 3492 4954 toto,

1911 4983 1992 5037 vel
2020 5000 2082 5037 es
2108 4994 2281 5053 parte,
2308 4976 2676 5053 simplicitate,
2723 4984 3111 5055 evangelicam,
3139 4985 3221 5038 vel
3266 4982 3491 5054 legalem

1908 5087 2033 5126 eum
2059 5087 2305 5125 normam
2333 5080 2649 5141 peccantem
2679 5071 3095 5142 praevaricatum
3135 5072 3304 5127 fuisse
3332 5087 3491 5140 repe—

1911 5165 2000 5228 rit,
2034 5164 2441 5229 condemnabit,
2463 5164 2578 5219 sive
2599 5165 2992 5219 contaminabit
3019 5180 3168 5219 eum.
3200 5163 3421 5230 Quare?

1979 5250 2115 5314 Quia
2138 5250 2282 5304 haud
2317 5251 2472 5305 dubie
2519 5250 2665 5321 lepra
2712 5262 2829 5305 orta
2883 5262 2961 5308 est
3000 5255 3052 5306 in
3103 5252 3330 5307 calvitio.
3368 5250 3486 5317 Vel,

1909 5340 2051 5395 sicut
2084 5340 2245 5406 LXX,
2278 5343 2403 5412 quia
2432 5342 2488 5395 in
2520 5343 2693 5410 capite
2722 5341 2837 5411 ejus
2887 5342 3099 5396 macula
3138 5341 3271 5410 ejus,
3304 5340 3401 5408 ait;
3435 5340 3486 5393 il

1909 5441 2012 5496 est,
2042 5432 2166 5502 quia
2207 5433 2262 5486 in
2295 5432 2483 5488 validis
2505 5442 2559 5487 et
2589 5434 2915 5489 necessariis
2965 5434 3229 5504 peccavit,
3272 5434 3329 5489 in
3368 5450 3493 5504 qlll~

1907 5523 2009 5577 bus
2084 5539 2246 5578 nemo
2319 5539 2553 5594 peccans
2611 5525 2824 5580 veniam
2898 5532 3156 5581 meretur.
3216 5524 3489 5582 Naturalis

1908 5616 2052 5669 enim
2094 5616 2198 5681 lex,
2227 5616 2293 5670 ad
2354 5634 2516 5686 quam
2569 5617 2878 5673 necessaria
2922 5619 3054 5690 legis
3122 5620 3376 5685 tendunt,
3432 5631 3488 5677 et

284 5808 335 5843 ⁸⁷
359 5807 528 5867 Cant.
577 5828 618 5882 l,
646 5814 702 5871 4.
780 5816 824 5850 ⁸⁸
853 5819 998 5874 Psal.
1032 5837 1233 5890 cum,
1260 5823 1349 5879 20.
1432 5827 1471 5856 ”
1508 5825 1706 5880 Ezcch.
1747 5845 1805 5881 xx

1909 5829 1923 5881 Ι
1961 5848 2070 5886 sec.
2099 5829 2259 5884 LXX.
2339 5832 2383 5863 ’θ
2409 5830 2600 5885 Matth.
2634 5848 2686 5894 ς,
2720 5831 2805 5886 16.
2882 5834 2925 5866 ¹¹
2959 5833 3006 5890 ΙΙ
3028 5832 3157 5892 Cor.
3181 5852 3235 5899 χ,
3271 5832 3324 5891 7.
