3992 6398
559 372 663 435 917

1785 381 1838 438 '1]
1848 379 2151 439 ESYCHII
2198 378 2587 439 PRESBYTE
2597 378 2677 439 RI
3704 383 3788 452 958

559 484 732 537 multo
772 487 941 554 magis
999 489 1309 559 evangelica
1364 499 1657 559 prxcepta,
1702 505 1808 543 nec
1867 490 2156 544 animabus
2183 491 2231 546 Δ
2258 487 2688 555 ostendeturque
2725 486 3009 542 sacerdoti.
3053 486 3158 553 Qui
3198 488 3565 556 considerans,
3598 493 3793 561 recludet

563 574 782 637 quidem
815 586 945 633 sunt
983 578 1160 632 aliena
1184 580 1545 650 simplicibus.

634 661 798 720 Vsus.
829 668 1021 723 44-46.
1053 689 1071 721 ‹
1104 669 1428 739 Quicunque
1451 686 1581 742 ergo
1629 671 1934 726 maculatus
1987 669 2155 725 fuerit

560 755 734 823 lepra,
768 766 823 808 et
852 767 1137 825 separatus
1167 761 1235 813 ad
1282 761 1572 815 arbitrium
1623 761 1943 828 sacerdotis,
1980 762 2154 816 habe-

560 842 642 898 bit
665 845 990 902 vestimenta
1020 849 1253 914 dissuta,
1288 847 1453 919 caput
1485 851 1717 917 nudum,
1755 867 1818 907 os
1851 861 2000 907 veste
2022 867 2155 907 con-

561 948 789 1005 tectum,
824 940 1252 996 contaminatum
1280 957 1346 997 ac
1375 943 1680 1007 sordidum,
1711 944 1977 998 clamabit
2002 943 2155 997 omni

562 1039 807 1100 tempore
835 1047 945 1100 quo
966 1031 1214 1102 leprosus
1240 1042 1343 1100 est,
1371 1045 1425 1089 ct
1449 1034 1767 1090 immundus
1812 1034 1962 1091 solus
1994 1034 2156 1089 habi—

560 1120 694 1175 tabit
721 1129 873 1175 extra
892 1132 1091 1177 castra.
1127 1143 1145 1174 ι

629 1212 705 1267 Ea
735 1229 857 1283 qua:
884 1214 949 1267 ad
976 1214 1168 1270 faciem
1201 1225 1284 1271 est
1306 1216 1690 1287 interpretatio
1725 1217 1944 1283 litterae,
1971 1216 2155 1272 omni-

556 1318 631 1361 no
660 1304 847 1360 multis
881 1306 1096 1360 videtur
1138 1323 1260 1362 esse
1291 1308 1541 1363 ridicula.
1565 1307 1706 1374 Quid
1734 1309 1882 1363 enim
1936 1308 2159 1378 prodest

556 1394 885 1448 vestimenta
935 1395 1204 1461 dissuere,
1234 1403 1329 1451 aut
1378 1406 1544 1467 caput
1603 1398 1803 1453 habere
1862 1398 2152 1463 nudatum,

554 1494 622 1535 os
645 1490 959 1537 contectqu
988 1483 1010 1535 ?
1035 1481 1147 1538 Nec
1179 1483 1267 1538 ille
1302 1486 1450 1540 enim
1497 1485 1590 1556 qui
1621 1501 1850 1557 corpore
1882 1486 2152 1556 leprosus,

554 1574 782 1637 olorem
818 1576 988 1644 spirat
1020 1576 1347 1645 pudoris,ut
1396 1588 1544 1633 recte
1568 1593 1630 1633 os
1676 1595 1837 1634 suum
1890 1580 2053 1649 hujus
2076 1581 2155 1636 rei

552 1668 772 1736 operiat
799 1668 996 1739 gratia.
1028 1668 1135 1723 Sed
1173 1670 1300 1738 quia
1334 1670 1610 1740 leprosum
1655 1670 1935 1742 legislator
1987 1671 2153 1725 intel-

558 1758 690 1814 lexit
720 1774 868 1827 cum,
904 1761 995 1831 qui
1023 1762 1327 1820 secundum
1365 1763 1619 1832 przedicta
1659 1771 1882 1833 peccata
1914 1763 2155 1818 immun-

554 1848 662 1908 dus
691 1860 795 1916 est,
825 1853 1139 1907 necessarie
1167 1852 1287 1922 ejus
1316 1852 1540 1908 dissolvi
1569 1853 1893 1908 vestimenta
1945 1870 2156 1925 praece-
2190 1830 2233 1889 Β

558 1942 725 2011 cepit,
751 1953 811 1997 .ut
860 1959 960 2013 per
1004 1945 1109 1999 hoc
1158 1946 1417 2016 cognosci
1463 1946 1637 2015 possit
1685 1947 1812 2016 quia
1860 1947 2159 2002 dissolutas

560 2034 756 2089 lmheat
797 2037 1027 2092 virtutes
1059 2047 1226 2107 atque
1263 2038 1406 2093 vires
1462 2039 1660 2093 animae
1698 2055 1860 2109 :qua:
1916 2055 2035 2094 eam
2087 2040 2158 2095 ab

551 2131 693 2193 gustu
721 2132 885 2193 atque
915 2124 1037 2195 gelu
1078 2125 1291 2195 peccati
1327 2133 1581 2195 poterant
1615 2128 1913 2182 custodire.
1945 2127 2158 2183 Habere

554 2223 739 2268 autem
765 2230 890 2270 eum
922 2225 977 2271 et
999 2226 1163 2285 caput
1191 2217 1455 2271 nudatum
1489 2219 1770 2289 praecepit,
1794 2226 1984 2289 utpote
2013 2218 2161 2273 salu-

557 2308 629 2361 tis
660 2308 866 2378 galeam
908 2324 1017 2363 non
1063 2309 1382 2375 habentem,
1422 2326 1585 2380 quam
1640 2309 1846 2366 Paulus
1885 2311 2027 2366 inter
2070 2311 2158 2365 in-

560 2402 865 2471 telligibilia
908 2418 1061 2457 arma
1109 2402 1250 2457 sumi
1307 2402 1567 2472 praecepit
1605 2402 1673 2455 ".
1706 2399 1781 2456 Os
1829 2402 1993 2456 etiam
2047 2417 2157 2456 non

556 2496 768 2548 frustra
792 2494 998 2565 operiri
1034 2494 1316 2565 percepit,
1343 2494 1452 2549 sed
1492 2494 1621 2564 quia
1649 2508 1775 2548 cum
1804 2493 1929 2547 mali
1976 2493 2161 2548 odoris

556 2591 840 2652 peccatum
874 2583 966 2651 sit,
997 2591 1052 2639 et
1083 2599 1303 2639 onmem
1344 2599 1573 2654 pravam
1610 2583 1825 2639 emittat
1863 2583 2163 2638 exhalatio-

556 2690 708 2739 nem,
747 2675 920 2751 multo
950 2677 1122 2746 magis
1147 2686 1328 2731 tamen
1362 2664 1481 2731 eam
1505 2692 1628 2746 quae
1652 2691 1751 2746 per
1785 2676 2027 2741 linguam
2049 2685 2159 2739 est,

558 2765 848 2834 possidet:
881 2765 1044 2827 simul
1071 2767 1237 2821 etiam
1269 2776 1325 2821 et
1354 2782 1385 2820 a
1418 2766 1683 2822 doctorali
1715 2766 1983 2837 dignitate
2010 2771 2162 2822 hunc

556 2856 653 2927 qui
687 2858 809 2912 tatis
842 2866 928 2913 est
950 2859 1227 2928 prohibet.
1258 2857 1545 2924 Quomodo
1572 2860 1717 2914 enim
1747 2861 1923 2930 culpae
1969 2876 2160 2915 casum

556 2958 832 3013 coerceat,
860 2948 952 3018 qui
993 2960 1077 3004 est
1120 2950 1236 3019 ipse
1267 2951 1598 3021 eulpabilis?
1626 2950 1916 3018 Quomodo
1935 2952 2034 3023 qui
2073 2952 2163 3006 fu-

560 3048 736 3102 ratur,
768 3039 1050 3109 praacipiat
1081 3056 1190 3095 non
1226 3040 1443 3095 turari?
1479 3042 1572 3111 qui
1608 3044 1939 3109 moechatur,
1971 3043 2164 3113 jubcat

2260 584 2472 646 septem
2512 576 2726 642 diebus,
2769 587 2826 632 et
2884 578 2973 631 die
3022 578 3254 648 septimo
3306 595 3518 635 rursum
3554 584 3792 655 aspiciens,

2259 667 2302 722 si
2350 668 2593 723 crevisse
2635 667 3063 737 deprehenderit
3094 705 3102 714 .
3128 669 3280 738 lepra
3339 686 3679 740 perseverans
3712 688 3793 744 est,

2258 759 2529 828 pollutum
2567 760 2834 827 iudicabit
2881 760 3294 827 vestimentum,
3326 771 3382 817 et
3426 778 3584 819 omne
3622 766 3669 819 in
3708 784 3792 838 quo

2258 848 2424 903 fuerit
2449 851 2693 915 inventa,
2716 860 2771 907 et
2796 850 3001 907 idcirco
3027 853 3382 908 comburetur
3408 853 3646 911 ﬂammis.
3668 857 3794 924 Quod

2257 940 2301 996 si
2342 957 2462 1017 eam
2489 942 2686 997 viderit
2725 958 2834 997 non
2870 943 3136 1010 crevisse,
3178 945 3475 1015 pra-cipiet,
3508 955 3560 1002 et
3589 947 3798 1007 lavabunt

2262 1029 2316 1084 id
2350 1031 2402 1085 in
2433 1046 2541 1100 quo
2567 1032 2717 1101 lepra
2757 1042 2859 1087 est.
2888 1031 3305 1103 Recludensque
3329 1035 3457 1091 illud
3501 1047 3690 1106 septem
3712 1040 3797 1094 die-

2260 1120 2365 1175 bus
2392 1122 2533 1183 aliis,
2578 1132 2631 1175 et
2678 1138 2803 1176 cum
2836 1122 3035 1177 viderit
3070 1123 3263 1177 faciem
3313 1110 3530 1193 quidem
3564 1127 3795 1195 pristinam

2261 1227 2371 1266 non
2401 1229 2702 1278 reversam,
2730 1230 2833 1269 uec
2869 1223 3050 1268 tamen
3081 1214 3325 1269 crevisse
3356 1214 3578 1284 lepram,
3607 1217 3798 1275 immun-

2259 1302 2700 1373 dumjualicabit,
2757 1313 2812 1358 et
2850 1303 2975 1374 igne
3026 1305 3335 1369 comburet,
3364 1320 3433 1358 eo
3483 1305 3620 1374 quod
3652 1306 3791 1367 infusa

2258 1395 2331 1451 sit
2379 1396 2433 1450 in
2474 1396 2769 1465 superﬁcie
2798 1396 3132 1459 vestimenti,
3166 1396 3250 1449 vel
3313 1411 3408 1463 per
3452 1405 3637 1462 totum,
3664 1397 3795 1467 lepra.

2259 1486 2357 1541 Sin
2397 1498 2577 1542 autem
2614 1487 2899 1542 obscurior
2920 1486 3085 1540 fuerit
3123 1486 3276 1540 locus
3330 1486 3514 1555 lcprm,
3562 1494 3794 1556 postquam

2259 1579 2430 1635 vestis
2456 1588 2541 1634 est
2571 1579 2699 1644 lota,
2726 1580 3018 1647 abrumpet
3066 1593 3216 1641 eum,
3246 1586 3303 1631 ct
3350 1592 3381 1630 a
3433 1576 3589 1631 solito
3618 1578 3795 1633 dividet.

2261 1668 2417 1735 Quod
2446 1668 2491 1723 si
2522 1670 2661 1722 ultra
2695 1667 3008 1737 apparuerit
3038 1666 3090 1720 in
3123 1667 3209 1721 his
3233 1667 3390 1731 locis,
3429 1682 3546 1735 quae
3578 1666 3708 1735 prius
3727 1667 3796 1720 im-

2260 1757 2528 1813 maculata
2567 1765 2744 1822 erant,
2776 1756 2925 1826 lepra
2979 1755 3217 1810 volatilis
3246 1764 3301 1810 ct
3336 1771 3490 1826 vaga,
3520 1756 3668 1810 debet
3710 1756 3789 1826 igni

2261 1849 2533 1906 comburi.
2576 1848 2630 1904 Si
2663 1846 2983 1914 cessaverit,
3026 1847 3229 1903 lavabit
3280 1862 3345 1901 ea
3377 1862 3496 1917 qua:
3538 1863 3661 1918 pura
3702 1858 3797 1903 sunt

2262 1943 2526 2009 secundo,
2564 1950 2618 1996 et
2648 1940 2849 1996 munda
2876 1949 3059 1997 erunt.
3089 1940 3201 1994 Ista
3242 1949 3328 1994 est
3357 1939 3440 1994 lex
3473 1938 3629 2009 lepra:
3670 1939 3797 1994 vesti:

2260 2033 2429 2089 menti
2456 2032 2620 2097 lanci,
2642 2028 2696 2087 et
2723 2030 2876 2096 linei,
2906 2029 3143 2084 ﬂaminis
3166 2016 3333 2098 atque
3356 2028 3694 2099 subtegminis
3716 2042 3797 2082 om-

2260 2126 2456 2195 nisque
2481 2122 2834 2193 supellectilis
2863 2120 3109 2192 pellicire,
3133 2119 3414 2189 quomodo
3465 2118 3698 2174 mundari
3727 2117 3795 2173 de,

2261 2218 2427 2277 beant
2454 2217 2540 2274 vcl
2573 2213 2955 2275 contaminari.
2990 2231 3009 2264 ο

2333 2311 2655 2369 lndecorum
2688 2306 2911 2376 quidam
2938 2305 3162 2362 forsitan
3193 2322 3257 2362 ac
3285 2304 3453 2360 nimis
3476 2302 3717 2372 abiectum
3741 2297 3797 2351 le-

2261 2402 2571 2473 gislalorem
2595 2398 2884 2461 mstimant,
2903 2399 3029 2467 quia
3046 2396 3113 2450 de
3131 2396 3369 2452 stamine
3386 2406 3544 2463 atque
3560 2387 3798 2460 subtegmi-

2263 2508 2368 2555 ne,
2413 2490 2558 2561 quod
2607 2497 2779 2546 trama
2825 2489 2986 2560 vulgo
3029 2496 3405 2557 nuncupatur,
3455 2484 3691 2555 loquitur,
3728 2494 3796 2534 re-

2263 2583 2519 2652 linquens
2541 2596 2882 2650 quareunquc
2908 2579 3121 2638 animas
3151 2578 3494 2634 audientium
3522 2577 3678 2646 legem
3704 2590 3797 2643 pos-

2263 2684 2390 2732 sunt
2423 2676 2491 2730 ad
2532 2675 2763 2730 meliora
2795 2688 3148 2744 componere.
3185 2671 3331 2738 Quid
3368 2670 3535 2736 enim,
3573 2670 3797 2739 inquiunt,

2264 2765 2602 2822 sordidatum
2663 2774 2897 2829 stamen,
2944 2762 3077 2833 quid
3130 2762 3475 2832 subtegmcn,
3525 2760 3632 2815 sive
3670 2768 3801 2813 trama

2263 2860 2543 2929 leprosum
2579 2856 2806 2919 factum,
2843 2858 2973 2928 quid
3009 2856 3286 2927 pellieium
3327 2870 3422 2909 vas
3455 2852 3697 2908 maculam
3730 2852 3803 2906 ha.

2263 2954 2421 3017 hens,
2461 2960 2663 3006 nostra:
2711 2950 2887 3005 oberit
2935 2949 3093 3004 vine?
3133 2947 3457 3004 Unde’non
3506 2960 3601 3000 nos
3634 2951 3803 3014 oportet

2263 3048 2331 3101 ad
2369 3046 2542 3100 solam
2575 3043 2865 3099 intendere
2900 3043 3159 3106 litteram,
3196 3040 3292 3095 sed
3327 3040 3395 3096 ad
3428 3038 3650 3094 fructum
3679 3035 3804 3107 spiri-

554 3147 668 3193 nou
717 3131 1025 3186 mcechari?
1060 3131 1214 3187 Unde
1253 3142 1308 3187 et
1366 3133 1538 3189 David
1587 3134 1804 3189 dicebat
1838 3152 1851 3188 :
1891 3133 2163 3189 Peccatori
2188 3165 2232 3224 ο
2266 3147 2354 3193 tus
2386 3156 2399 3191 ε
2435 3137 2528 3207 qui
2580 3134 3044 3205 quemadmodum
3089 3133 3192 3188 sub
3243 3131 3398 3198 folio,
3432 3132 3503 3186 ita
3549 3130 3641 3186 sub
3669 3128 3804 3224 littera

558 3233 746 3283 autem
779 3224 914 3279 dixit
946 3222 1089 3277 Deus
1115 3240 1134 3279 :
1166 3225 1346 3288 Quare
1375 3233 1431 3279 tu
1457 3241 1679 3290 enarras
1715 3225 1958 3296 justitias
1989 3242 2158 3292 meas,

559 3328 608 3372 et
635 3318 862 3372 assumis
918 3326 1293 3371 testamentum
1314 3333 1490 3371 meum
1520 3333 1615 3386 per
1641 3334 1697 3371 os
1736 3319 1922 3371 tuum?
1944 3317 2018 3371 Tu
2046 3334 2163 3372 vero

560 3411 721 3465 odiui
766 3409 1122 3479 disciplinam,
1165 3420 1214 3463 et
1258 3409 1523 3480 projecisti
1562 3427 1826 3465 sermones
1863 3428 2002 3466 meos
2046 3421 2162 3482 post

562 3516 612 3556 te
635 3504 699 3556 ".
734 3504 800 3558 Et
816 3518 926 3556 non
955 3502 1175 3573 quidem
1194 3518 1413 3574 semper
1440 3502 1547 3558 hoc
1570 3512 1719 3559 esset
1748 3502 2164 3574 omnitempore

559 3606 672 3665 quo
710 3590 957 3659 lc-prosus
985 3598 1089 3655 est,
1121 3590 1175 3644 id
1211 3600 1296 3645 est
1327 3591 1584 3646 omnibus
1620 3591 1835 3658 diebus,
1861 3591 2058 3662 quibus
2105 3592 2163 3646 in

560 3700 629 3735 eo
674 3682 840 3738 fuerit
891 3684 1126 3739 macula.
1158 3682 1298 3748 Quid
1352 3699 1483 3753 ergo
1535 3700 1634 3755 per
1686 3685 1804 3740 haec
1852 3684 2163 3758 signiﬁcat?

562 3776 701 3841 Quia
741 3775 843 3833 etsi
877 3776 1049 3829 semel
1099 3775 1430 3845 peccaverit,
1465 3775 1680 3832 etiamsi
1723 3792 1835 3831 non
1889 3777 2163 3833 addiderit

561 3866 628 3919 ad
666 3866 1028 3935 peccandum,
1057 3866 1380 3921 inunuudus
1410 3874 1593 3923 tamen
1621 3883 1795 3939 usque
1818 3868 1948 3923 dum
1982 3868 2161 3939 paeni-

563 3966 695 4023 teat,
715 3957 917 4012 dicitur
942 3976 954 4012 :
981 3957 1109 4027 quia
1137 3958 1261 4012 sine
1294 3958 1618 4028 pcenitentia
1639 3960 1792 4031 lepra
1824 3961 2033 4031 peccati
2063 3977 2161 4031 pe-

560 4051 713 4105 nitus
759 4064 872 4105 non
914 4050 1232 4116 mandatur,
1272 4050 1509 4119 ideoque
1546 4052 1757 4109 macula
1806 4052 2161 4124 intelligihilis

562 4142 732 4210 lepra;
774 4140 829 4194 in
867 4140 989 4211 ipso
1036 4149 1244 4195 manet.
1294 4140 1563 4198 Prazterea
1590 4159 1757 4199 verus
1801 4144 2073 4213 leprosos,
2104 4144 2159 4199 id

560 4241 652 4285 est
681 4239 956 4299 peccator,
980 4230 1129 4285 solus
1145 4246 1209 4285 ac
1236 4240 1522 4300 separatus
1553 4233 1780 4297 habitat,
1805 4241 1916 4287 tam
1945 4241 2006 4287 ut
2025 4247 2161 4286 con-

564 4321 846 4387 fundatur,
883 4337 1045 4391 quam
1082 4331 1144 4376 ut
1188 4323 1377 4384 nullus
1421 4324 1700 4379 societatis
1743 4324 1863 4395 ejus
1909 4325 2161 4397 contagio

565 4421 852 4469 noceatur.
878 4414 1035 4471 Unde
1072 4415 1331 4479 Dominus
1362 4415 1543 4481 Petro,
1572 4416 1640 4470 de
1668 4430 1736 4471 eo
1773 4416 1867 4486 qui
1894 4432 2161 4487 peccave-

2266 3230 2454 3300 legalis
2484 3229 2659 3283 vinea:
2693 3227 3016 3283 custoditur.
3044 3225 3277 3280 Tantam
3298 3226 3448 3280 enim
3473 3238 3648 3279 curam
3672 3218 3805 3276 nostri

2264 3322 2541 3393 legislator
2579 3320 2737 3391 gerit,
2775 3328 2834 3373 ut
2876 3335 2984 3374 non
3031 3319 3207 3374 solum
3248 3318 3316 3372 de
3359 3318 3448 3372 illa
3483 3324 3657 3371 cautos
3684 3312 3806 3367 facint

2265 3416 2434 3485 lepra,
2483 3428 2606 3484 qua:
2650 3427 2715 3467 ex
2769 3413 2855 3467 his
2907 3428 3030 3482 qua:
3084 3413 3199 3481 jam
3248 3411 3396 3466 dicta
3443 3420 3584 3475 sunt,
3617 3416 3805 3479 peccatis

2263 3508 2469 3573 evenit,
2506 3505 2600 3560 sed
2631 3512 2686 3557 et
2715 3504 2782 3558 de
2824 3506 2925 3558 hac
2958 3519 3076 3571 qum
3109 3503 3433 3571 frequenter
3462 3503 3597 3557 circa
3625 3499 3805 3554 virtutes

2263 3602 2508 3664 evenire,
2555 3600 2686 3655 dum
2737 3598 2881 3653 male
2932 3598 3015 3651 eis
3066 3595 3263 3666 aliquis
3308 3597 3502 3660 utitur,
3537 3594 3678 3649 solet.
3716 3586 3805 3642 Alia

2264 3708 2395 3763 ergo
2440 3691 2769 3745 vestimenta
2814 3689 3030 3750 animm,
3073 3687 3177 3741 alia
3218 3688 3544 3742 vestimenta
3575 3690 3689 3739 sunt
3714 3693 3806 3733 cor-

2262 3784 2411 3854 poris
2443 3802 2456 3838 :
2485 3799 2606 3853 quae
2651 3799 2755 3837 nec
2807 3781 3104 3837 sordidata.
3152 3795 3257 3834 nec
3289 3778 3603 3849 exspoliata
3642 3770 3803 3828 contri-

2263 3885 2429 3941 stant,
2463 3875 2741 3946 quomodo
2792 3889 2922 3944 ergo
2967 3870 3171 3942 Joseph
3221 3874 3565 3942 pertingeute
3601 3862 3803 3936 Egyplia

2262 3965 2605 4023 vestimentis
2664 3962 2987 4034 spoliandus
3041 3970 3193 4027 erat,
3253 3960 3342 4015 vel
3400 3957 3659 4030 quomodo
3711 3951 3805 4023 pilis

2262 4060 2455 4116 cameli
2496 4058 2735 4126 Baptista
2774 4055 3016 4110 Joannes
3050 4053 3278 4107 indutus
3316 4060 3454 4107 erat.
3501 4049 3599 4103 Sed
3635 4061 3690 4101 ea
3714 4056 3806 4112 quat

2263 4160 2392 4208 sunt
2429 4150 2627 4205 anima:
2666 4154 2886 4218 Oportet
2926 4160 3049 4200 esse
3091 4144 3349 4207 clariora,
3383 4145 3450 4199 de
3476 4142 3660 4211 quibus
3683 4134 3805 4190 Salo-

2263 4261 2391 4301 mon
2444 4244 2703 4299 dicebat:
2738 4240 2895 4297 Omni
2956 4249 3190 4307 tempore
3243 4239 3351 4292 sint
3409 4237 3696 4292 vestimenta
3736 4236 3804 4280 tua

2262 4337 2490 4392 candida
2512 4336 2579 4389 ".
2611 4333 2777 4389 David
2811 4346 2941 4401 ergo
2970 4330 3047 4385 ait
3084 4347 3096 4382 :
3136 4328 3322 4384 Omnis
3356 4328 3525 4399 gloria
3556 4325 3677 4394 ejus,
3709 4316 3806 4387 ﬁlii!

2265 4428 2399 4498 regis
2447 4427 2513 4480 ab
2562 4426 2707 4478 intra
2734 4464 2747 4487 ,
2785 4423 2843 4475 in
2881 4420 3104 4491 ﬁmbriis
3155 4420 3334 4473 aureis
3394 4415 3699 4471 circumdata
3736 4422 3806 4459 ra-

565 4514 672 4573 rat,
698 4515 754 4561 et
782 4508 1040 4563 Ecclesia:
1068 4518 1130 4564 ut
1182 4515 1601 4564 converteretur
1643 4517 1806 4579 atque
1844 4502 2159 4566 emendare-

2272 4522 2461 4575 rietate
2491 4518 2557 4570 ’7.
2593 4513 3034 4579 Gloriamxintra,
3059 4510 3256 4564 animae
3278 4509 3532 4564 decorem
3563 4512 3804 4559 asserens.

568 4608 678 4660 tur.
699 4600 1038 4656 detrectabat
1062 4601 1286 4656 obedire
1312 4619 1325 4656 :
1355 4600 1434 4656 Sit
1464 4602 1579 4669 tibi,
1610 4603 1803 4674 inquit,
1831 4604 1969 4658 sicut
1989 4604 2165 4658 ethni-

565 4707 659 4744 cus
691 4700 741 4744 ct
777 4691 1088 4761 publicanus
1119 4692 1186 4745 “.
1221 4690 1500 4748 Habitabit
1536 4694 1737 4765 quippe
1770 4704 1925 4750 extra
1956 4703 2159 4751 castra.

568 4781 730 4851 Legis
756 4783 958 4853 quippe
1003 4784 1258 4840 mandata
1304 4784 1633 4855 evangelicis
1680 4787 1845 4843 nimis
1878 4796 2030 4855 sunt,
2075 4802 2165 4843 sc-

569 4873 812 4927 cundum
835 4874 1111 4943 spiritum,
1145 4877 1527 4943 consonantia,
1555 4880 1700 4934 unde
1723 4879 1965 4936 Joannes
1998 4896 2162 4950 sepa-

2271 4611 2327 4665 in
2367 4606 2603 4663 ﬁmbriis
2632 4605 2835 4664 aureis,
2866 4617 2989 4671 quae
3020 4600 3277 4655 videlicet
3306 4608 3434 4654 sunt
3467 4598 3697 4653 virtutes.
3725 4583 3805 4640 Sed

2270 4701 2466 4757 horum
2494 4698 2948 4754 vestimentorum
2980 4692 3229 4763 quaedam
3260 4700 3389 4745 sunt
3413 4690 3583 4752 lanea,
3603 4679 3806 4754 quaedam

2270 4795 2415 4849 linea
2450 4813 2462 4848 :
2497 4792 2673 4854 lanea,
2718 4787 2957 4859 pretiosa
3007 4794 3063 4840 et
3107 4800 3323 4855 magna,
3362 4783 3684 4848 multumque
3714 4768 3806 4825 ani-

2271 4901 2417 4941 mam
2466 4879 2877 4942 calefacientia;
2934 4876 3080 4931 linea
3135 4889 3297 4937 vero,
3348 4873 3503 4937 vilia,
3554 4869 3805 4941 parumque

569 4979 699 5019 rans
723 4966 793 5019 ah
829 4964 1155 5038 intelligibili
1184 4970 1537 5025 tabernaculo
1565 4971 1956 5043 intelligibilem
1986 4975 2165 5044 lepro-
2200 5017 2234 5035 ,
2266 4973 2669 5033 calefacientia.
2710 4972 2891 5026 Lanea
2938 4969 3128 5033 vestis,
3170 4968 3367 5022 animm
3418 4973 3499 5021 est
3534 4957 3803 5031 virginitas;

571 5071 692 5109 smn
729 5056 785 5110 in
813 5057 1100 5114 catholicis
1131 5060 1396 5130 Epistolis
1416 5061 1645 5119 scribit:
1680 5061 1988 5132 Quicunque
2024 5067 2161 5120 venit

569 5150 642 5202 od
690 5166 796 5213 vos,
827 5158 875 5204 et
903 5151 1040 5203 hanc
1071 5151 1367 5206 doctrinam
1403 5139 1514 5206 non.
1550 5155 1724 5224 aﬁ’ert,
1752 5171 1855 5208 non
1898 5157 2164 5226 recipiatis

571 5257 688 5293 eun:
738 5240 794 5293 in
824 5240 1061 5305 domum,
1089 5253 1137 5295 et
1163 5259 1258 5296 ave
1279 5243 1327 5297 ei
1356 5259 1421 5305 ne
1452 5244 1692 5298 dixeritis
1714 5246 1780 5303 ".

641 5329 809 5387 Vsus.
831 5330 1021 5387 47-59.
1049 5349 1068 5384 ε
1092 5331 1275 5387 Vestis
1302 5334 1483 5410 lanea,
1503 5345 1596 5391 aut
1626 5337 1792 5402 linea,
1817 5354 1937 5408 quae
1960 5341 2164 5413 lepram

572 5423 829 5479 habuerit
873 5424 931 5479 in
969 5426 1204 5480 stamine
1250 5435 1416 5497 atque
1458 5431 1825 5502 subtegmine,
1864 5445 1959 5488 aut
2015 5446 2166 5491 certe

571 5512 749 5581 pellis,
774 5514 861 5569 vel
885 5514 1147 5585 quidquid
1179 5533 1243 5571 ex
1297 5518 1437 5588 pelle
1466 5530 1781 5576 czmtestum
1813 5531 1917 5589 est,
1964 5524 2008 5579 si
2044 5526 2165 5580 alba

573 5613 668 5659 aut
697 5604 816 5660 rufa
864 5608 1074 5663 macula
1115 5608 1299 5676 fuerit,
1339 5611 1538 5666 infecta
1587 5613 1750 5683 lepra:
1799 5617 2162 5685 reputabitur,

647 5761 692 5799 ⁸³
724 5762 918 5831 Ephes.
956 5783 1008 5819 vn
1032 5808 1044 5825 .
1087 5768 1163 5825 l3.

1268 5772 1312 5802 ²³
1348 5771 1489 5827 Psal.
1529 5789 1684 5841 λιιι,
1743 5775 1834 5843 ili,
1871 5776 1954 5837 t7.

576 5838 620 5871 ιτ
654 5831 793 5886 I‘sal.
839 5851 980 5897 xLiv,
1027 5838 1105 5889 19.

2058 5777 2104 5829 9³
2130 5774 2316 5832 Matth.
2354 5794 2481 5833 mll
2507 5819 2519 5843 ,
2556 5778 2638 5833 Π.

2271 5069 2438 5131 linea,
2471 5066 2696 5121 castitas
2743 5062 3069 5133 conjugalis.
3116 5060 3316 5124 Lanea,
3362 5077 3390 5114 a
3434 5063 3652 5128 qumstu,
3688 5045 3804 5101 vela

2274 5158 2604 5234 possidendo
2651 5155 3022 5219 continentia;
3073 5153 3239 5218 linea,
3279 5153 3579 5207 habitarum
3630 5138 3805 5236 largitas

2273 5270 2479 5311 rerum.
2533 5252 2811 5313 Lancum,
2865 5247 3035 5301 eremi
3086 5244 3462 5316 philosophia;
3510 5241 3724 5295 lincum,
3764 5239 3804 5277 ¹η

2270 5345 2495 5402 civitate
2531 5343 2809 5405 honestas,
2846 5338 2960 5393 sive
2990 5338 3278 5392 modestia.
3313 5338 3547 5391 Laueum
3581 5338 3728 5397 usque
3755 5316 3802 5372 ad

2269 5444 2505 5492 mortem
2538 5450 2638 5504 pro
2666 5432 2897 5487 veritate
2917 5431 3175 5495 'certari;
3217 5430 3422 5485 lineum
3467 5425 3593 5480 falsa
3627 5431 3720 5474 non
3744 5411 3805 5463 10-

2267 5526 2557 5598 qui.Unde
2584 5532 2638 5578 et
2655 5522 2914 5578 Salomon
2947 5522 3246 5577 Ecclesiam
3267 5518 3569 5591 duplicibus
3594 5504 3801 5598 vestitam

2269 5592 2366 5690 per
2400 5615 2855 5688 signiﬁcationem
2898 5629 3154 5670 asserens
3187 5614 3405 5670 dicebat
3434 5631 3445 5665 :
3488 5600 3707 5675 Quasivit
3738 5592 3799 5645 lae

2752 5774 2796 5807 "
2827 5774 2871 5828 11
2898 5773 3052 5829 Joan.
3086 5791 3139 5837 ι,
3178 5775 3258 5828 10.
3368 5775 3410 5807 ⁸⁸
3443 5768 3609 5826 Ecelc.
3653 5775 3723 5821 Ix.
3754 5752 3792 5805 8η
