3992 6422
298 424 409 489 ριθ

1396 412 1480 474 IN
1519 411 1963 475 LEVITICUM.
1998 437 2065 448 -
2104 413 2256 475 LIB.
2292 414 2392 475 IV.

3465 408 3571 470 950

283 546 419 588 stant
471 539 519 586 et
550 527 742 597 linum,
776 537 827 584 et
860 535 1080 600 operata
1113 534 1188 582 est
1217 526 1435 581 consilio
1469 545 1724 582 manuum
1761 544 1887 581 sua-
1916 532 1962 588 Α
1994 523 2224 582 Domino
2283 525 2714 598 exspectabant?
2766 524 3024 582 Viridans
3076 531 3260 580 autem
3318 521 3575 592 superbia

282 641 414 678 rum
446 623 537 677 "2
584 623 652 677 Et
698 636 891 677 rursus
925 639 939 676 :
977 620 1348 692 Stragulatant
1384 628 1577 673 uestem
1621 619 1743 689 fecit
1786 618 1884 671 sibi

277 713 472 784 byssns
502 724 555 768 et
582 729 826 784 purpura
865 712 1233 768 indumentum
1264 712 1378 781 ejus
1405 710 1474 764 ".
1525 706 1700 764 Habet
1738 708 1883 764 enim

283 804 542 861 Ecclesia
576 802 736 861 lanea
766 806 1095 860 vestimenta
1128 814 1183 860 et
1215 804 1381 868 linea,
1412 803 1630 873 byssum
1671 810 1725 856 et
1755 817 1886 872 pur-

286 911 510 964 puram,
552 911 649 950 eos
692 894 787 965 qui
834 894 889 948 in
941 893 1196 964 conjugio
1240 898 1297 947 et
1343 891 1398 945 in
1439 890 1750 961 virginitate
1786 890 1886 943 de-

284 988 406 1042 cori
455 995 605 1049 sunt.
638 987 936 1055 omniaque
987 986 1092 1039 alia
1131 1000 1253 1055 qua:
1294 999 1325 1038 a
1365 982 1528 1038 nobis
1557 983 1719 1037 modo
1760 989 1888 1036 sunt

282 1078 438 1132 dicta
472 1092 503 1131 e
537 1078 757 1132 diverso
811 1076 968 1130 lanea
1011 1076 1336 1131 vestimenta
1384 1090 1449 1129 ac
1493 1074 1637 1128 linea
1679 1071 1889 1145 signiﬁ-

279 1183 420 1223 care
436 1168 816 1238 praediximus.
842 1167 950 1223 Sed
976 1168 1101 1238 quia
1125 1166 1376 1221 staminis
1401 1175 1563 1235 atque
1589 1164 1890 1235 subtegmi-

280 1260 382 1314 t.is
414 1275 482 1314 ex
526 1260 727 1330 quibus
769 1266 1138 1315 contexuntur
1172 1267 1372 1324 vestes,
1412 1257 1691 1328 legislator
1735 1271 1890 1311 men-

282 1355 503 1407 tionem
550 1352 704 1417 fecit,
740 1352 915 1423 ipsam
953 1367 1101 1407 nunc
1138 1351 1498 1406 subtilitatem
1529 1348 1888 1419 explicemus.

288 1447 416 1500 Non
462 1446 613 1502 enim
661 1446 1006 1502 solummodo
1052 1446 1304 1509 virtutes,
1339 1443 1433 1499 sed
1483 1458 1546 1497 ea
1586 1458 1650 1496 ex
1688 1440 1890 1511 quibus

285 1548 590 1604 constant,
652 1538 985 1610 perscrutari
1048 1537 1346 1593 desiderat.
1409 1536 1528 1591 Duo
1585 1548 1716 1604 ergo
1772 1530 1891 1586 haec

286 1651 484 1689 veram
521 1634 683 1690 nobis
716 1640 1014 1704 procurant
1060 1632 1319 1688 virtutem
1356 1649 1370 1685 :
1408 1629 1646 1707 intentio
1678 1635 1887 1691 nostra,

287 1737 345 1781 ct.
376 1728 600 1781 divinus
632 1735 801 1781 nutus
829 1726 945 1781 sive
974 1728 1186 1797 gratia;
1217 1730 1275 1778 et
1315 1723 1638 1793 subtegmen
1667 1718 1887 1789 quidem

287 1817 480 1872 innuit
526 1824 773 1873 nostram
825 1815 1190 1870 intentionem
1235 1831 1249 1867 :
1295 1821 1509 1867 stamen
1561 1817 1745 1866 autem
1789 1804 1887 1862 Dei

288 1914 493 1959 nutum
525 1913 580 1959 et
618 1912 786 1968 recte,
814 1904 942 1973 quia
985 1912 1198 1957 stamen
1228 1908 1315 1955 est
1353 1900 1409 1954 in
1440 1896 1769 1955 vestimento
1796 1895 1886 1950 ﬂr-
1917 1879 1958 1932 Β

289 1997 441 2052 mius
474 2016 489 2052 :
518 1997 792 2068 quomodo
832 2005 891 2051 et
936 1994 1029 2050 Dei
1079 2002 1249 2049 nutus
1281 1994 1395 2049 sive
1438 1992 1609 2064 gratia
1646 1990 1887 2046 indisru-

287 2086 506 2157 ptibilis
560 2087 616 2142 in
674 2086 857 2150 nobis,
911 2095 1078 2156 atque
1139 2083 1605 2141 incommutabilis
1657 2089 1882 2152 perstat,

285 2178 580 2233 sustinens
627 2177 957 2248 subtegmen
1006 2186 1210 2232 nostra!
1260 2173 1584 2230 intentionis
1628 2182 1689 2227 ut
1725 2171 1889 2243 perli-

284 2270 474 2323 tiatur
515 2269 676 2324 bonae
718 2268 954 2324 actionis
998 2268 1410 2323 vestimentum.
1441 2264 1619 2321 Pelles
1654 2279 1718 2318 ex
1758 2262 1884 2332 qni—

284 2358 398 2412 bus
448 2357 647 2413 confici
693 2358 824 2428 quid
872 2366 1054 2427 potest
1096 2375 1109 2411 :
1157 2355 1489 2411 tentationcs
1537 2368 1638 2423 pro
1685 2351 1885 2422 pietate

283 2463 390 2500 sl‘u
424 2446 552 2511 ﬁde,
588 2456 644 2501 et
685 2462 785 2517 pro
832 2447 1036 2501 virtute
1086 2444 1470 2500 tribulationes
1521 2442 1652 2497 dicit
1694 2440 1881 2511 pelles.

284 2539 513 2604 Quare?
539 2538 678 2604 Quia
719 2539 1179 2609 quemadmodum
1226 2544 1442 2592 mortua
1489 2536 1644 2605 pellis
1681 2542 1783 2598 est,
1818 2535 1885 2587 de

284 2644 400 2699 qua
445 2629 562 2684 ﬁeri
611 2640 788 2701 potest
821 2647 935 2697 vas,
970 2640 1349 2687 verumtamen
1384 2630 1452 2684 de
1496 2644 1559 2682 ea
1608 2636 1732 2681 uter
1771 2626 1884 2680 l‘or-

286 2722 456 2789 sitan,
488 2730 587 2775 aut
628 2723 819 2788 cadus,
852 2732 949 2777 aut
995 2732 1251 2788 stlatum,
1293 2730 1390 2775 aut
1436 2720 1592 2790 pellis
1630 2719 1883 2774 taberna-

285 2814 422 2876 culi.
447 2822 543 2867 aut
574 2814 782 2884 aliquid
811 2815 965 2871 aliud
999 2815 1053 2869 lit
1088 2814 1221 2868 utile
1249 2833 1262 2867 :
1289 2814 1370 2866 sic
1399 2821 1453 2867 et
1483 2811 1881 2876 tribulationes,

285 2912 344 2957 et
379 2905 716 2961 tentationes
753 2905 1086 2960 mortilicaut
1114 2905 1167 2958 in
1194 2904 1393 2958 sa~culo
1424 2902 1702 2957 hominem
1742 2920 1755 2957 :
1786 2902 1886 2956 bu-

286 2996 510 3051 miliant
533 2997 683 3051 enim
713 3014 861 3061 eum,
888 3009 946 3052 et
973 2998 1128 3052 valde
1150 2998 1205 3051 in
1227 2996 1364 3050 nihil
1391 2996 1673 3050 redactum
1700 3003 1884 3050 osten-

287 3088 452 3143 dunt.
486 3088 597 3143 Vas
629 3097 809 3144 tamen
844 3105 910 3145 ex
937 3090 1016 3145 eis
1044 3090 1247 3145 bonum
1281 3096 1337 3144 et
1363 3089 1495 3143 utile
1541 3088 1619 3155 lit,
1668 3087 1883 3158 patien-

1986 617 2332 688 intelligitur,
2376 618 2502 688 quia
2545 619 2613 674 ad
2664 618 2936 674 modicum
2986 616 3163 680 ﬂoret,
3199 615 3347 671 velut
3387 614 3572 670 viren-

1986 710 2081 774 tia,
2121 709 2193 763 ita
2229 719 2288 763 ut
2328 708 2535 764 diceret
2581 709 2749 764 David
2785 727 2799 763 :
2838 709 2952 764 Vidi
2991 708 3211 777 impium
3239 706 3574 777 supereleva-

1986 811 2098 852 tum
2144 807 2193 852 et
2238 799 2534 853 exaltatum
2572 816 2733 868 super
2763 800 2944 854 redros
2984 798 3192 864 Libani,
3235 806 3283 851 et
3327 797 3572 860 transivi,

1984 895 2035 940 et
2073 902 2188 940 ecce
2226 903 2328 940 non
2366 897 2480 941 erat
2510 888 2574 942 “.
2614 888 2680 941 Et
2714 905 2905 944 rursus
2936 889 3003 944 de
3029 889 3235 943 eisdem
3270 907 3283 943 :
3315 886 3462 943 Sicut
3492 889 3575 959 fe-

1987 994 2135 1043 num,
2170 980 2246 1032 ita
2270 980 2533 1041 decidant.
2570 989 2618 1034 et
2661 981 2797 1034 sicut
2840 981 2984 1035 olera
3023 982 3304 1036 herbarum
3338 983 3440 1035 rita
3479 998 3573 1034 ca-

1986 1073 2106 1126 dent
2136 1072 2198 1126 ”.
2236 1071 2345 1127 Sed
2380 1082 2435 1127 et
2468 1072 2827 1128 Moabitarnm
2860 1075 3114 1145 populus,
3154 1075 3246 1145 qui
3280 1084 3442 1131 tanta:
3481 1090 3576 1130 su-

1986 1162 2192 1233 perbia:
2222 1163 2560 1234 subiacebat,
2592 1173 2652 1217 ut
2680 1164 2800 1219 aliis
2830 1165 3084 1220 omnibus
3113 1166 3367 1237 gentibus
3404 1166 3571 1221 Israel

1988 1255 2331 1322 timentibus,
2373 1255 2489 1325 ipse
2532 1257 2847 1311 transeundi
2884 1258 3089 1312 aditum
3125 1258 3440 1313 nullatenus
3472 1260 3572 1313 da-

1988 1354 2092 1412 ret,
2127 1347 2220 1401 sed
2268 1347 2437 1403 armis
2482 1356 2753 1415 uteretur,
2786 1357 2843 1403 et
2877 1349 3093 1403 Balaam
3130 1350 3196 1405 ad
3237 1350 3572 1406 maledicen-

1987 1435 2115 1491 dum
2148 1438 2401 1493 mercede
2427 1439 2782 1505 conduceret,
2825 1439 3013 1495 viridis
3042 1456 3169 1511 ager
3206 1440 3321 1512 ipse
3353 1458 3572 1513 quoque

1987 1548 2016 1587 a
2049 1532 2288 1600 Balaam,
2319 1552 2633 1606 quanquam
2662 1537 2947 1607 ignorante
2970 1538 3100 1608 quid
3126 1538 3351 1604 diceret,
3381 1540 3573 1610 appel-

1986 1624 2129 1680 latus
2154 1634 2238 1680 est
2268 1644 2281 1680 :
2316 1627 2452 1681 dixit
2480 1628 2628 1683 enim
2656 1628 2725 1682 ad
2758 1629 2993 1699 majores
3025 1639 3156 1684 natu
3188 1629 3401 1684 Madian
3437 1648 3450 1684 :
3486 1630 3574 1686 Sic

1986 1716 2173 1770 delebit
2202 1718 2285 1770 hic
2316 1717 2539 1789 populus
2567 1735 2744 1773 omnes
2776 1721 2866 1789 qui
2910 1721 2964 1774 in
3001 1721 3190 1775 nostris
3216 1721 3408 1789 ﬁnibus
3431 1739 3574 1776 com-

1988 1816 2286 1873 morantur,
2324 1807 2585 1875 quomodo
2624 1806 2754 1861 solet
2789 1807 2878 1861 bos
2910 1809 3095 1862 herbas
3133 1824 3293 1879 usque
3321 1809 3391 1863 ad
3422 1809 3573 1862 radi-

1989 1911 2098 1949 cem
2134 1912 2350 1967 carpere
2378 1898 2442 1950 ³³.
2477 1896 2618 1969 Ergo
2645 1907 2836 1969 aperte
2870 1899 3158 1970 probatum
3188 1907 3290 1965 est,
3322 1900 3448 1970 quia
3476 1916 3574 1954 su-

1988 1988 2257 2057 perbiam,
2306 2005 2403 2044 seu
2458 2006 2653 2044 vanam
2705 1992 2929 2062 gloriam
2985 1992 3241 2062 prohibet
3290 1993 3573 2049 adltmrere

1988 2078 2202 2133 virtuti.
2245 2081 2352 2135 Sed
2393 2096 2496 2136 nec
2538 2081 2594 2135 in
2642 2081 2898 2146 stamine,
2937 2082 3054 2137 sive
3106 2083 3160 2137 in
3204 2082 3567 2153 subtegmine,

1988 2170 2104 2224 vult
2134 2171 2342 2241 lepram
2385 2188 2506 2242 qua:
2545 2172 2688 2227 dicta
2718 2181 2822 2239 est,
2854 2174 3100 2241 evenire,
3136 2174 3191 2229 id
3232 2182 3336 2240 est,
3368 2181 3431 2229 ut
3469 2189 3574 2230 nec

1988 2263 2089 2332 ipsi
2121 2279 2247 2319 cum
2285 2264 2564 2335 superbia,
2598 2266 2683 2321 vel
2724 2282 2861 2321 vana
2899 2266 3090 2338 gloria,
3122 2266 3352 2321 virtutes
3386 2266 3572 2321 inten-

1985 2354 2199 2422 damus,
2236 2371 2339 2411 nec
2368 2372 2399 2411 a
2433 2357 2546 2411 Deo
2580 2357 2743 2411 talem
2776 2350 3003 2426 gratiam
3043 2357 3202 2413 nobis
3240 2371 3571 2412 concurrere

1986 2445 2369 2515 deprecemur.
2416 2447 2522 2502 Sed
2568 2462 2673 2503 nec
2729 2448 3059 2503 tentationes
3107 2464 3231 2503 cum
3279 2448 3460 2517 aliquo
3504 2463 3572 2502 ex

1987 2536 2073 2592 his
2111 2552 2213 2593 nos
2245 2537 2524 2608 Iegislator
2561 2538 2838 2594 sustinere
2866 2539 3140 2595 desiderat
3171 2556 3186 2594 :
3218 2539 3363 2609 quod
3389 2539 3435 2594 si
3466 2538 3572 2592 tale

1986 2629 2265 2699 quidpiam
2308 2630 2657 2696 forsitan,.ut
2695 2630 3032 2697 hominibus,
3058 2631 3281 2685 evenire
3325 2631 3572 2700 contige-

1986 2722 2077 2787 rit,
2115 2720 2390 2791 inspicere
2429 2737 2492 2777 ea
2545 2704 2887 2777 sacerdotem
2928 2722 3066 2787 vult,
3097 2730 3152 2775 et
3194 2736 3371 2790 neque
3396 2719 3573 2775 virtu-

1987 2820 2117 2876 tem,
2155 2827 2336 2882 neque
2376 2813 2744 2868 intentionem
2790 2814 3031 2877 virtutis,
3064 2828 3168 2868 nec
3209 2812 3572 2867 tentationum

1986 2904 2303 2974 patientiam
2345 2906 2612 2975 repellere
2644 2924 2657 2959 :
2684 2921 2810 2959 mox
2840 2915 2896 2961 et
2919 2904 3243 2960 denuntiare
3271 2904 3574 2967 immunda,

1986 3011 2051 3051 ex
2080 2997 2392 3068 suspicione
2423 2997 2717 3068 superbia,
2749 2999 2835 3054 vel
2866 3014 3016 3059 vana:
3051 2998 3239 3069 gloriae
3265 2996 3527 3068 praecepit
3555 3013 3571 3051 :

1985 3102 2089 3143 nec
2115 3104 2307 3143 rursus
2337 3089 2481 3143 sicut
2506 3088 2709 3143 munda
2742 3089 3041 3157 suscipere,
3079 3087 3170 3142 sed
3197 3101 3451 3157 separare
3480 3101 3577 3141 cos

290 3181 367 3236 tia
404 3189 568 3252 atque
615 3182 863 3252 probatio
886 3223 903 3248 ,
936 3198 1058 3252 quae
1105 3182 1422 3236 omnimodo
1454 3198 1484 3236 a
1524 3182 1753 3235 Domino
1786 3195 1884 3235 co-
1913 3214 1958 3274 ε
1989 3190 2199 3250 septem
2216 3180 2430 3245 diebus,
2454 3189 2510 3236 et
2543 3190 2788 3251 tempore
2812 3174 3124 3236 discernere
3143 3179 3475 3250 passionem.
3508 3178 3577 3233 Et

287 3290 487 3329 ronam
517 3275 918 3344 consequitur;
954 3276 1031 3329 ait
1078 3275 1227 3329 enim
1253 3274 1490 3330 Iacobus
1530 3291 1543 3327 :
1575 3273 1770 3327 Beatus
1810 3273 1887 3327 vir

284 3370 384 3439 qui
416 3370 601 3438 sulfert
642 3369 1009 3432 tentationem,
1060 3369 1209 3439 quia,
1239 3384 1357 3421 cum
1408 3367 1660 3436 probatus
1705 3365 1884 3435 fuerit,

287 3462 518 3531 accipiet
555 3477 805 3515 coronant
842 3462 981 3520 vitaz.
1019 3476 1177 3529 quant
1212 3459 1453 3528 promisit
1492 3456 1889 3525 Deus‘diligen-

289 3554 431 3608 tibus
480 3570 537 3608 se
574 3556 642 3606 ’⁸.
693 3554 784 3608 Ait
840 3563 896 3608 et
942 3552 1143 3608 Paulus
1187 3571 1199 3605 :
1244 3551 1534 3605 Tribula.'io
1576 3549 1886 3620 patientiam

290 3653 567 3713 operatur,
600 3646 857 3714 patientia
886 3652 1063 3697 autem
1095 3643 1477 3709 probationem,
1506 3641 1746 3710 probatio
1780 3657 1885 3694 au-

289 3747 398 3790 tem
418 3753 589 3806 spem,
616 3753 731 3805 spes
759 3746 952 3809 auten;
971 3753 1075 3788 non
1101 3734 1373 3805 confundit
1396 3733 1462 3785 ⁸ο.
1496 3732 1661 3787 Vides
1684 3742 1885 3802 quanta

290 3829 449 3882 utilia
491 3844 621 3883 vasa
667 3844 731 3884 ex
784 3830 924 3899 pelle
965 3828 1379 3883 tribulationum
1439 3834 1494 3881 et
1527 3828 1886 3883 tentationum

288 3924 457 3977 ﬁunt.
501 3922 637 3989 Quia
668 3922 813 3977 enim
867 3922 1039 3992 pelles
1091 3920 1477 3975 tribulationes
1530 3930 1586 3974 et
1629 3923 1881 3976 tentatio-

288 4027 396 4068 nes
422 4012 690 4082 appellari
744 4028 856 4067 non
881 4013 953 4067 sit
983 4012 1371 4082 incongruum,
1400 4010 1526 4064 audi
1562 4008 1665 4064 Job
1698 4011 1888 4065 dicen-

289 4112 407 4157 tem
441 4102 512 4157 de
547 4103 662 4157 suis
695 4102 1140 4157 tribulationibus
1197 4110 1253 4156 et
1282 4101 1677 4155 tcntationibus
1709 4120 1722 4155 :
1761 4101 1886 4155 l’cl—

287 4195 357 4248 lis
392 4210 533 4258 mea,
568 4195 887 4263 consumptis
924 4195 1193 4260 carnibus,
1225 4195 1449 4248 adlta'sit
1483 4196 1554 4248 ad
1594 4212 1649 4248 os
1689 4212 1882 4258 meum,

289 4292 341 4337 et
398 4283 653 4338 derelicta
712 4295 836 4339 sunt
893 4287 1263 4342 tantummodo
1321 4286 1466 4340 labia
1517 4287 1658 4340 circa
1708 4289 1885 4341 dentes

288 4392 454 4430 meos.
507 4376 824 4432 Miseremini
873 4380 994 4443 mei,
1034 4380 1351 4433 miseremini
1387 4380 1509 4444 mei,
1548 4380 1737 4433 saltem
1775 4398 1883 4447 vos,

288 4468 458 4521 amici
499 4469 621 4531 mei,
656 4470 783 4539 quia
836 4487 1026 4524 manus
1066 4470 1281 4524 Domini
1331 4472 1499 4541 tetigit
1532 4489 1612 4525 me
1641 4472 1706 4526 ³¹.
1753 4472 1887 4526 Pro-

1988 3271 2209 3341 quidem
2251 3270 2296 3325 si
2331 3271 2589 3337 creverit,
2619 3271 2899 3327 immunda
2928 3279 3057 3326 sunt
3081 3271 3264 3325 omnia
3291 3269 3576 3341 praedicta,

1989 3363 2046 3418 in
2095 3364 2296 3434 quibus
2345 3363 2490 3418 istud
2541 3364 2810 3429 evenerit,
2847 3362 2975 3434 quia
3020 3364 3167 3434 lepra
3219 3377 3580 3432 perseverans

1989 3462 2092 3515 est,
2130 3463 2354 3524 propter
2399 3455 2543 3525 quod
2595 3465 2652 3510 et
2702 3454 2937 3511 ﬂammis
2974 3456 3134 3525 jubet
3171 3455 3261 3509 illa
3305 3453 3576 3509 comburi.

1989 3544 2132 3616 Ergo
2177 3544 2450 3600 ﬂammam
2498 3546 2765 3617 gehenna:
2807 3546 3099 3618 signiﬁcat,
3135 3553 3191 3600 et
3229 3545 3399 3600 futuri
3436 3551 3579 3599 tem-

1990 3636 2140 3705 poris
2182 3637 2505 3692 memoriam
2548 3637 2679 3692 facit
2704 3656 2716 3692 :
2743 3654 2922 3708 neque
2964 3638 3112 3693 enim
3149 3638 3284 3693 dixit
3314 3655 3326 3690 :
3352 3636 3416 3691 In
3457 3638 3580 3707 igne

1990 3738 2377 3795 concrematur,
2407 3729 2501 3784 sed
2532 3732 2587 3783 in
2619 3731 2739 3801 igne
2772 3732 3209 3785 concremabitur.

2064 3817 2125 3873 Si
2159 3829 2338 3873 autem
2368 3830 2485 3890 post
2525 3820 2869 3875 reclusionem
2917 3838 3033 3875 eam
3081 3822 3268 3876 viderit
3317 3837 3418 3875 non
3463 3837 3581 3873 cre.

1988 3911 2153 3976 uisse,
2200 3913 2492 3983 prwcipiet,
2539 3922 2589 3967 et
2629 3913 2881 3967 luvabunt
2937 3915 2996 3968 id
3037 3915 3092 3967 in
3132 3931 3233 3985 quo
3282 3914 3427 3985 lepra
3479 3924 3576 3970 est.

1988 4005 2047 4061 Id
2084 4012 2188 4070 est,
2222 4005 2434 4061 diluere
2465 4022 2528 4061 ea
2557 4006 2709 4060 illum
2750 4023 2850 4077 per
2890 4008 3267 4079 ptenitentiam
3295 4011 3576 4080 praecepit.

1990 4101 2197 4156 Deinde
2225 4111 2347 4170 post
2380 4100 2703 4157 dilationem
2743 4102 3026 4158 recludere
3065 4103 3193 4158 illud
3222 4114 3431 4174 septem
3458 4105 3579 4160 dies

1990 4210 2180 4250 rursus
2212 4194 2389 4264 jubet,
2416 4202 2476 4249 ut
2521 4206 2839 4267 cognoscat,
2875 4209 3058 4250 utrum
3104 4197 3344 4252 inveniat
3386 4213 3577 4253 macu-

1989 4286 2095 4340 lam
2150 4287 2457 4357 superbiae,
2510 4288 2598 4344 vel
2649 4304 2804 4343 vana:
2856 4288 3063 4359 gloriae,
3097 4299 3511 4360 permanentem
3560 4309 3575 4346 :

1988 4374 2238 4442 quamvis
2281 4390 2394 4431 non
2431 4376 2688 4442 creverit,
2726 4384 2907 4431 tamen
2947 4375 3340 4433 incommutata
3369 4380 3438 4435 ab
3474 4380 3583 4436 hoc

1990 4474 2092 4530 est,
2111 4467 2237 4535 quia
2253 4468 2317 4521 ad
2337 4468 2716 4538 paenitentiam
2737 4483 2846 4524 non
2874 4470 3088 4541 migrat,
3108 4470 3449 4527 immundum
3468 4483 3576 4539 est,

290 4557 449 4613 hibet
492 4574 620 4628 ergo
649 4575 752 4614 nec
791 4559 846 4613 in
881 4559 1080 4614 virtute
1124 4560 1384 4630 perlecta.
1419 4561 1563 4630 quod
1599 4569 1681 4614 est
1709 4563 1876 4617 vesti-
1914 4559 1954 4612 D
1984 4568 2038 4614 et
2066 4560 2189 4631 igne
2215 4563 2590 4615 comburetur.
2617 4558 2982 4616 Corroborata
3009 4570 3094 4616 est
3120 4561 3265 4616 enim
3294 4562 3502 4633 passio,
3524 4572 3583 4620 et

289 4658 566 4715 mentum,
595 4651 679 4704 vel
730 4651 778 4706 si
823 4667 1017 4722 magna
1048 4660 1153 4718 est,
1187 4653 1271 4706 vel
1306 4653 1350 4707 si
1398 4654 1713 4719 mediocris,
1745 4656 1887 4710 hanc

287 4742 441 4798 enim
491 4741 773 4797 laneorum
799 4752 855 4798 et
915 4744 1189 4798 linearum
1222 4745 1588 4801 ditl‘ercntiam
1626 4745 1883 4812 diximus,

288 4833 568 4889 maculam
637 4835 872 4889 inveniri
924 4835 1101 4890 albam
1167 4845 1262 4891 aut
1324 4837 1541 4903 rufam;
1607 4839 1690 4893 vel
1743 4839 1888 4895 sicut

289 4923 459 4991 LXX,
493 4926 822 4984 viridantem
869 4936 966 4982 aut
1010 4926 1499 4986 ﬂammescentem.
1530 4931 1675 4987 Dicit
1702 4941 1884 4989 autem

292 5017 629 5073 viridantem
688 5019 1039 5090 superbiam,
1095 5021 1468 5079 ﬂammantem
1545 5024 1887 5093 κενοδοξίαν;

292 5108 413 5165 lucc
440 5111 594 5166 enim
622 5111 726 5167 fuit
754 5113 1071 5184 angelorum
1110 5116 1506 5186 prasvaricatio,
1531 5118 1656 5187 quia
1685 5119 1888 5189 ubique

289 5204 552 5259 Christus
582 5205 817 5262 virtutes
858 5224 887 5262 a
916 5223 1057 5263 vana
1086 5209 1255 5279 gloria
1291 5209 1491 5266 liberas
1522 5227 1644 5266 esse
1681 5228 1887 5281 prtece-

290 5299 393 5367 pit,
424 5306 485 5351 et
524 5312 704 5366 neque
741 5298 1017 5368 jejunare,
1049 5317 1230 5371 neque
1270 5302 1515 5357 misereri
1556 5304 1623 5357 ad
1664 5304 1886 5373 placen-

287 5390 421 5444 dum
464 5390 785 5445 hominibus
826 5392 1027 5460 jubet:
1074 5393 1304 5463 perdere
1338 5396 1538 5464 quippe
1579 5399 1883 5452 nu-rccdem

286 5498 449 5537 suam
495 5498 594 5537 eos
636 5483 730 5553 qui
777 5484 852 5537 ita
895 5484 1122 5547 faciunt,
1157 5478 1464 5542 alhrmavit.
1498 5487 1598 5553 Qui
1639 5488 1785 5543 enim
1815 5490 1884 5544 ab

287 5574 614 5631 hominibus
659 5574 870 5630 laudari
906 5577 1116 5643 volunt,
1148 5578 1422 5647 quomodo
1456 5579 1569 5648 jam
1615 5579 1821 5635 laudari
1852 5596 1881 5634 a

365 5803 437 5833 ’⁷⁸
471 5801 636 5857 l’rov.
676 5817 825 5866 xxxi,
856 5803 942 5857 l5.

282 5870 327 5905 ⁸³
368 5872 512 5929 ibid.
538 5871 593 5929 2.
672 5872 719 5904 “
748 5872 909 5928 Num.
943 5889 1074 5939 XXII,
1112 5873 1163 5928 4.

1022 5802 1066 5834 ’⁸
1096 5802 1227 5859 ibid.
1261 5805 1350 5859 22.
1418 5804 1461 5836 ’θ
1491 5803 1605 5859 Jac.
1645 5821 1681 5871 ι,
1714 5803 1800 5860 19..
1869 5803 1913 5837 ³⁸
1944 5803 2105 5862 Rom.
2137 5822 2190 5872 v,
2233 5807 2284 5861 4.

1992 4660 2281 4722 propterea
2305 4669 2405 4723 per
2433 4654 2692 4710 virtutem
2721 4654 2889 4709 homo
2929 4670 3034 4710 nec
3071 4655 3344 4728 corrigere
3375 4657 3580 4713 malum
3666 4664 3671 4671 '

1993 4747 2128 4810 vult,
2160 4763 2262 4803 nec
2293 4748 2600 4805 intendere.

2061 4837 2121 4891 Si
2153 4839 2291 4892 enim
2324 4840 2575 4893 obscurus
2602 4840 2763 4911 fuerit
2791 4840 2933 4895 locus
2966 4838 3145 4908 leprm.
3174 4840 3231 4895 Id
3261 4852 3347 4896 est
3375 4841 3582 4897 incerta

1991 4927 2142 4998 lepra
2185 4936 2241 4983 et
2276 4929 2462 4993 dubia,
2492 4937 2779 4999 postquam
2806 4930 2973 4985 vestis
3010 4940 3096 4985 est
3123 4931 3230 4985 lota
3266 4947 3362 5001 per
3402 4933 3585 5002 paeni-

1994 5021 2242 5086 tentiam,
2271 5021 2597 5103 abscindere
2638 5022 2949 5092 passionem
2978 5038 3010 5077 a
3042 5024 3371 5078 vestimento
3408 5023 3581 5077 virtu-

1995 5114 2084 5181 tis,
2114 5122 2551 5186 caaterorumque
2576 5131 2711 5186 ,qua:
2759 5116 2903 5170 dicta
2929 5124 3080 5182 sunt,
3112 5115 3389 5187 praecepit.
3432 5115 3581 5182 Quo-

1994 5209 2156 5264 modo
2182 5225 2312 5280 ergo
2341 5209 2653 5281 superbiam
2682 5209 2999 5280 abrumpit?
3038 5209 3209 5264 Valde
3239 5208 3491 5264 videlicet
3521 5223 3581 5263 se

1995 5300 2321 5368 humiliatus;
2340 5302 2594 5357 similiter
2622 5311 2678 5357 et
2706 5318 2901 5356 vanam
2934 5302 3157 5373 gloriam
3188 5301 3441 5355 omnibus
3462 5316 3493 5354 a
3522 5316 3581 5355 se

1997 5411 2283 5450 removens
2315 5397 2491 5451 modis
2524 5415 2537 5450 :
2577 5396 2629 5451 id
2656 5405 2759 5462 est,
2790 5405 2850 5450 ut
2876 5411 2979 5451 nec
3012 5396 3331 5456 honoribus,
3364 5411 3426 5447 ex
3456 5396 3581 5464 qui—

1994 5489 2097 5544 bus
2123 5489 2393 5559 superbia:
2425 5490 2607 5559 passio
2633 5490 2897 5553 nutritur,
2934 5504 3036 5543 nee
3076 5486 3348 5549 laudibus.
3378 5485 3579 5555 quibus

1992 5598 2130 5636 vana
2159 5581 2358 5637 crescit
2389 5580 2579 5652 gloria,
2607 5581 2931 5644 delectetur,
2962 5581 3043 5635 vel
3081 5579 3314 5651 gaudeat
3343 5597 3356 5634 :
3388 5578 3577 5647 sicque

2364 5805 2405 5838 ⁸³
2434 5804 2537 5861 Job
2569 5821 2680 5871 xix,
2711 5804 2803 5871 20,
2835 5805 2925 5860 2|.
3009 5805 3055 5838 ⁸³
3089 5801 3238 5859 Psal.
3268 5819 3459 5872 xxxvi,
3487 5802 3581 5867 5G.
