3992 6418
503 339 604 406 951

1693 326 2052 401 HESYCHII
2087 332 2561 396 PRESBYTER!

3660 330 3762 396 952

505 463 878 521 conversetur,
910 462 968 507 ut
1018 470 1086 507 ne
1131 453 1350 524 quidem
1401 453 1451 505 in
1503 450 1869 521 suspicionem
1916 448 2081 502 unius
2111 454 2154 505 Α
2184 460 2251 500 eo
2279 444 2539 500 discimus
2571 447 2733 514 :quia
2765 447 3038 515 leprosum
3070 460 3178 498 non
3209 445 3287 499 ire
3315 444 3380 498 ad
3403 444 3761 505 sacerdotem,

505 545 703 600 bor‘um
734 544 955 609 incidat,
982 554 1037 601 et
1062 552 1191 599 tunc
1220 545 1457 600 mundus
1482 558 1602 599 esse
1629 542 1849 612 poterit.

576 631 673 697 Sin
694 645 875 695 autem
906 637 1048 695 ultra
1078 636 1397 705 apparuerit
1430 635 1485 687 in
1510 635 1589 687 Itis
1620 633 1765 696 locis,
1794 645 1910 702 qum
1936 629 2085 700 prius

506 725 855 779 immaculata
900 726 1131 797 fuerant.
1173 725 1232 785 Id
1278 734 1362 780 est
1406 724 1458 779 in
1507 722 1853 787 vestimento,
1901 718 1988 774 vel
2027 716 2082 771 in

506 815 873 887 subtegmine,
903 817 989 872 vel
1033 816 1089 881 in
1139 816 1392 880 stamine,
1422 814 1508 868 vel
1553 814 1604 867 in
1650 813 1809 883 pelle,
1838 811 1890 866 id
1919 818 2002 867 est
2028 810 2084 864 in

506 903 728 975 vir'tute,
746 916 840 968 aut
863 908 994 980 ipsis
1015 907 1426 970 tentationibus,
1447 906 1625 961 adhuc
1648 904 1891 961 eamdem
1915 901 2084 957 susti-

508 1006 636 1057 neat
665 997 995 1067 passionem,
1026 1012 1126 1066 pro
1164 1012 1271 1066 qua
1313 996 1531 1052 ablutus
1558 1001 1662 1059 est,
1690 993 1775 1047 vel
1808 990 2082 1063 paenituit,

505 1089 750 1158 atquein
791 1104 854 1143 ea
895 1097 1181 1158 permanet
1206 1088 1542 1149 immundus,
1584 1084 1896 1155 hujusmodi
1924 1097 2086 1156 repu-

510 1189 673 1245 tatur,
704 1188 760 1243 et
789 1180 930 1249 ignis
955 1195 1081 1235 eum
1112 1181 1376 1251 gehenna:
1404 1178 1648 1247 suscipit,

534 1334 539 1339 _
577 1269 712 1336 Quia
756 1269 904 1338 lepra
932 1270 1162 1328 volatilis
1192 1278 1239 1324 et
1273 1285 1409 1339 vaga
1445 1277 1538 1322 est.
1578 1268 1637 1322 Id
1678 1276 1780 1332 est,
1830 1266 1955 1336 quia
1981 1264 2087 1320 hoc

505 1363 651 1432 quod
676 1362 843 1416 semel
873 1362 1101 1416 maculae
1128 1361 1359 1414 dilutum
1386 1359 1582 1424 fuerat,
1602 1359 1653 1413 id
1678 1367 1780 1419 est,
1801 1367 2085 1428 postquam

504 1450 674 1504 semel
701 1466 730 1505 a
758 1451 1072 1522 suspicione
1100 1451 1391 1506 mundatus
1416 1457 1518 1513 est,
1546 1465 1736 1502 rursus
1758 1447 1921 1501 lavari
1948 1449 2084 1510 vult,

506 1554 569 1596 ut
598 1550 729 1597 tunc
757 1542 995 1596 mundus
1022 1541 1357 1595 nominetur.
1389 1541 1545 1596 Unde
1577 1539 1916 1609 apertissime
1954 1539 2087 1594 illud

508 1631 603 1684 tibi
636 1630 937 1701 intelligere
984 1631 1260 1701 legislator
1302 1631 1500 1695 innuit,
1530 1630 1747 1700 quando
1788 1630 1855 1684 de
1895 1631 2086 1684 eodem

506 1731 734 1791 peccato
779 1722 1155 1790 frequentibus
1190 1723 1306 1777 vult
1351 1722 1602 1791 lacrymis
1641 1718 1914 1791 pwniteri.
1953 1720 2087 1776 Fre-

2190 536 2283 591 sed
2316 537 2381 591 ad
2411 553 2536 591 cum
2566 538 2644 592 ire
2673 538 3010 593 sacerdotem
3042 537 3319 606 prmcepit,
3350 535 3538 605 sicque
3574 533 3766 589 adduci

2189 642 2313 681 eum
2349 629 2441 699 qui
2484 629 2835 689 mundandus
2872 639 2974 683 est.
3015 628 3482 693 Quemadmodum
3520 635 3581 680 et
3607 624 3769 679 Chri-

2189 727 2307 773 stus
2353 719 2418 772 ad
2465 735 2564 773 nos
2607 719 2778 784 venit,
2812 728 2867 773 et
2907 718 2973 773 ad
3017 733 3113 772 eos
3152 719 3243 787 qui
3287 717 3355 771 ab
3399 733 3466 771 eo
3516 715 3767 770 mundari

2189 819 2352 879 atque
2384 810 2529 865 ablui
2560 810 2931 889 necessarium
2966 809 3257 864 habebant.
3288 809 3357 865 Et
3387 818 3539 862 extra
3570 815 3768 869 castra.

2190 902 2255 955 ad
2308 902 2632 957 intuendum
2682 918 2806 957 eum
2857 903 2951 973 qui
2996 901 3345 959 mundandus
3393 909 3541 964 erat,
3588 898 3771 969 egredi

2191 993 2528 1048 sacerdotem
2586 995 2847 1065 praecepit
2901 1012 2913 1048 :
2969 994 3112 1048 sicut
3159 1008 3259 1047 nos
3311 993 3565 1047 Christus
3622 1000 3770 1044 extra

2190 1094 2405 1149 castra,
2462 1100 2558 1153 per
2600 1084 2916 1154 passionem
2967 1085 3178 1148 crucis,
3237 1082 3775 1153 dispensationisque

2191 1189 2311 1241 quae
2348 1184 2479 1229 tunc
2518 1184 2736 1244 peracta
2777 1185 2878 1240 est,
2918 1175 3179 1229 visitavit.
3228 1174 3348 1229 Non
3392 1173 3550 1243 prius
3586 1180 3773 1229 autem

2192 1261 2297 1318 hoc
2327 1264 2456 1334 egit,
2498 1278 2657 1333 quam
2708 1263 2934 1327 videret,
2971 1263 3095 1333 quia
3145 1263 3355 1317 macula
3392 1262 3559 1331 lepra
3601 1260 3671 1315 ab
3707 1274 3774 1313 eo

2192 1362 2478 1409 sanaretur
2505 1395 2520 1418 ,
2555 1356 2606 1410 id
2648 1365 2751 1421 est,
2784 1365 3072 1425 antequam
3122 1370 3225 1409 nos
3262 1355 3507 1409 caruisse
3546 1352 3780 1407 vidisset

2194 1452 2425 1499 terrore.
2459 1444 2690 1511 Quando
2728 1462 2859 1518 ergo
2893 1448 2946 1500 in
2988 1463 3114 1501 eum
3156 1462 3269 1501 non
3313 1445 3488 1499 solum
3522 1459 3594 1498 ex
3620 1442 3775 1512 plebe

2192 1533 2420 1591 Judaiea
2479 1538 2869 1602 crediderunt,
2921 1538 3014 1593 sed
3067 1547 3123 1592 et
3172 1536 3365 1607 pagani
3414 1534 3777 1590 ascendentes

2193 1640 2317 1679 eum
2361 1626 2546 1681 videre
2587 1627 2903 1698 cupiebant,
2944 1626 3324 1680 nuntiantibus
3355 1625 3462 1679 hoc
3493 1621 3778 1692 discipulis

2193 1716 2324 1772 dixit
2362 1735 2376 1771 :
2408 1716 2553 1772 Venit
2580 1719 2710 1771 hora
2760 1726 2817 1771 ut
2868 1718 3190 1787 gloriﬁcatur
3238 1717 3403 1772 Filius
3452 1715 3687 1769 hominis
3711 1714 3777 1773 ⁸⁵.

505 1826 683 1878 quens
708 1811 854 1865 enim
881 1811 1351 1874 commemoratio,
1381 1827 1483 1865 nec
1524 1812 1698 1880 ipsum
1731 1812 1929 1865 vulnus
1962 1826 2077 1881 per-
2125 1797 2164 1851 Β
2192 1805 2421 1872 Quando
2472 1808 2609 1863 vidit
2658 1809 2803 1878 quod
2856 1818 3221 1878 praeparatum
3271 1816 3416 1862 esset
3472 1807 3777 1861 humanum

508 1902 676 1957 mittit
717 1903 1033 1972 praevalere,
1065 1916 1169 1957 nec
1219 1902 1388 1957 aliud.
1419 1904 1555 1969 Quia
1598 1919 1726 1974 ergo
1763 1913 1818 1958 et
1855 1904 1922 1958 de
1954 1918 2085 1958 eve-

505 1992 787 2051 nientihus
838 1993 893 2048 in
943 1993 1175 2048 virtutes
1221 1995 1469 2057 maculis,
1519 1995 1790 2064 legislator
1834 1993 2087 2064 puriﬁca-

507 2083 684 2136 tiones
731 2082 1010 2152 praecepit,
1048 2082 1162 2152 jam
1206 2098 1305 2153 per
1352 2098 1474 2153 quae.
1523 2085 1797 2154 leprosum
1835 2085 2083 2148 inundet,

501 2166 763 2241 agnosce.
795 2171 909 2227 Hoc
934 2187 1066 2244 ergo
1095 2172 1407 2238 intendens,
1438 2174 1685 2231 invenies
1713 2176 1838 2245 quia
1872 2175 2086 2247 legisla-

504 2263 612 2317 tori
635 2262 705 2318 de
734 2264 883 2334 lepra
912 2264 998 2319 illa
1027 2280 1172 2321 curae.
1202 2266 1326 2335 fuit,
1374 2283 1494 2340 quae
1535 2283 1601 2323 ex
1641 2268 1854 2323 delictis
1882 2267 1936 2321 in
1966 2267 2085 2321 ani—

502 2354 693 2409 mabus
725 2356 927 2412 nostris
958 2356 1238 2430 inﬂigitur.

1086 2508 1314 2567 CAPUT
1354 2512 1493 2567 XIV.

573 2617 734 2674 Vens.
762 2620 875 2678 1-9.
909 2640 927 2673 ι
958 2622 1304 2694 Locutusque
1334 2634 1419 2680 est
1436 2624 1710 2680 Geminus
1744 2627 1812 2681 ad
1840 2626 2081 2699 Moysen,

498 2709 690 2764 dicens
720 2727 733 2764 :
768 2709 865 2766 llic
899 2719 985 2766 est.
1027 2713 1164 2768 ritus
1208 2714 1436 2782 leprosi,
1472 2715 1690 2785 quando
1738 2716 2085 2771 mandandus

499 2808 626 2855 est:
660 2798 964 2855 Addneitur
991 2802 1060 2857 ad
1095 2804 1458 2868 sacerdotem,
1486 2806 1579 2875 qui
1618 2822 1871 2876 egressus
1911 2823 1943 2863 e
1989 2824 2082 2862 ca-

497 2889 650 2956 stris,
678 2905 802 2945 cum
836 2891 1108 2947 invenerit
1144 2894 1348 2964 lepram
1379 2912 1501 2951 esse
1526 2899 1864 2965 mundatam,
1890 2899 2084 2969 praeci-

501 2983 615 3051 piet
633 2983 685 3037 ei
712 2985 803 3053 qui
832 2984 1172 3054 puriﬁcatur,
1201 2995 1261 3040 ut
1297 2987 1492 3043 otl‘erat
1518 3003 1615 3058 pro
1645 3004 1704 3044 se
1728 2991 1866 3045 duos
1892 3005 2080 3060 passe~

501 3089 590 3136 res
613 3074 787 3140 vivos,
812 3083 868 3131 et
890 3092 1028 3159 quos
1054 3077 1200 3132 vesci
1227 3079 1435 3134 licitum
1458 3089 1562 3145 est,
1590 3090 1645 3135 et
1669 3081 1877 3152 lignum
1902 3080 2082 3135 cedri-

2195 1913 2369 1966 genus
2421 1900 2487 1954 ad
2544 1900 2944 1966 liberationem,
2997 1901 3331 1970 salutemque
3381 1915 3481 1969 per
3530 1912 3776 1960 crucem,

2195 1989 2301 2044 hoc
2342 1991 2488 2045 enim
2545 1999 2601 2046 et
2646 1993 2872 2063 gloriam
2922 2008 3073 2046 suam
3121 1992 3431 2063 appellavit,
3474 2000 3609 2046 tunc
3649 1989 3777 2060 quid

2194 2083 2474 2152 suscepit?
2547 2131 2552 2137 .

2267 2175 2514 2230 Videlicet
2568 2177 2699 2231 duos
2748 2193 2985 2247 passeres
3041 2178 3178 2233 vivos
3223 2193 3351 2247 quos
3394 2175 3534 2229 cesti
3575 2174 3777 2228 licitum

2192 2273 2288 2318 est.
2322 2262 2521 2319 Habuit
2550 2265 2696 2319 enim
2730 2265 2848 2320 haec
2877 2266 3148 2331 Christus,
3194 2265 3536 2319 divinitatem
3567 2264 3780 2320 scilicet

2190 2361 2247 2407 et
2281 2353 2701 2419 humanitatem,
2739 2357 2866 2423 quia
2904 2355 3104 2410 munda
3140 2352 3341 2409 Christi
3379 2354 3544 2408 etiam
3579 2354 3778 2407 huma-

2189 2442 2353 2506 nitas,
2392 2451 2446 2497 et
2495 2443 2686 2497 vivens
2725 2454 2830 2498 est.
2879 2446 3074 2500 Munda
3123 2445 3373 2515 quidem,
3418 2454 3611 2514 utpote
3656 2460 3779 2513 qua:

2190 2533 2474 2604 proprium
2533 2545 2817 2603 peccatum
2866 2551 2974 2589 non
3028 2537 3217 2590 habuit
3253 2554 3268 2591 :
3310 2536 3428 2589 viva
3471 2543 3687 2600 autem,
3720 2545 3778 2589 ut

2191 2637 2312 2691 quae
2339 2622 2520 2692 genita
2558 2639 2665 2677 non
2697 2632 2781 2677 est
2805 2639 2868 2678 ex
2901 2624 2998 2678 viri
3025 2625 3387 2691 immunditia,
3421 2636 3477 2680 ct
3506 2624 3635 2679 ideo
3665 2639 3775 2679 non

2191 2712 2295 2766 fuit
2321 2713 2685 2768 maledictioni
2715 2712 2905 2768 mortis
2932 2714 3183 2769 obnoxia.

2262 2801 2465 2865 Sumat,
2492 2805 2682 2874 inquit,
2709 2814 2757 2859 et
2787 2805 2985 2876 lignum
3012 2806 3303 2859 cedrinum.
3331 2804 3390 2860 ω
3413 2813 3498 2859 est
3522 2819 3774 2859 crucem.

2188 2895 2370 2951 Cedro
2400 2905 2580 2950 autem
2608 2897 2731 2951 ideo
2761 2896 3116 2967 signiﬁcatur,
3141 2898 3266 2967 quia
3293 2896 3489 2952 cedrus
3523 2896 3582 2950 iu
3610 2895 3777 2967 lignis

2190 2986 2349 3047 fortis
2393 2996 2475 3042 est
2517 3007 2529 3041 :
2573 3004 2699 3042 nam
2749 2998 2805 3042 ct
2847 3004 2973 3043 arca
3023 2989 3092 3043 de
3137 2989 3296 3059 lignis
3347 2988 3586 3044 cedrinis
3630 2988 3777 3044 facta

2191 3083 2362 3138 fuisse
2399 3084 2665 3141 asseritur
2710 3101 2723 3143 ;
2767 3084 2892 3160 quia
2939 3084 3206 3155 lignorum
3248 3084 3675 3154 imputribilium
3721 3084 3775 3138 in

501 3181 634 3229 num
655 3205 670 3230 ,
718 3168 1208 3239 vermiculumque,
1254 3179 1311 3226 et
1355 3172 1652 3243 hyssopum
1687 3189 1702 3229 :
1738 3181 1788 3227 et
1835 3189 2004 3228 unum
2049 3190 2080 3229 e
2108 3148 2153 3210 θ
2186 3176 2598 3233 constructione
2630 3178 2751 3246 ejus
2779 3177 2988 3249 Moyses
3015 3177 3345 3232 mentionem
3376 3175 3522 3231 fecit.

503 3258 819 3328 passeribus
858 3259 1126 3316 immolari
1173 3262 1389 3331 jubebit
1433 3263 1489 3317 in
1536 3277 1665 3318 vase
1709 3263 1880 3331 ﬁctili,
1920 3279 2087 3334 super

499 3363 673 3418 aquas
703 3350 950 3406 viventes
979 3368 992 3405 :
1022 3352 1187 3407 alium
1222 3362 1404 3408 autem
1437 3354 1620 3409 vivum
1661 3370 1784 3409 cum
1821 3355 1968 3425 ligno
1995 3371 2087 3410 ce-

501 3441 685 3503 drino,
713 3451 768 3496 et
794 3457 982 3504 cocco,
1012 3454 1069 3498 et
1110 3445 1346 3516 hyssopo
1381 3446 1553 3516 tinget
1584 3447 1637 3499 in
1669 3446 1935 3518 sanguine
1962 3463 2086 3518 pas-

501 3532 639 3589 seris
668 3534 952 3590 immolati.
985 3536 1089 3603 Qui
1132 3547 1382 3609 asperget
1425 3539 1577 3593 illum
1610 3540 1702 3609 qui
1740 3540 2087 3596 mundandus

498 3638 604 3692 εει,
632 3629 836 3698 septies
877 3639 936 3682 ut
962 3631 1083 3699 jure
1123 3639 1415 3701 purgetur,
1444 3641 1500 3685 et
1538 3631 1781 3689 dimittet
1807 3648 2083 3702 passerem

504 3721 686 3773 tivum
726 3731 786 3775 ut
827 3720 883 3774 in
926 3738 1115 3791 agrum
1160 3723 1357 3801 evolet.
1408 3723 1658 3793 Cumque
1694 3723 1884 3801 laverit
1919 3724 2086 3778 homo

497 3812 827 3865 aestimenta
856 3828 974 3875 sua,
1006 3815 1158 3867 radet
1186 3796 1379 3869 omnes
1404 3815 1543 3884 pilos
1567 3815 1814 3884 corporis
1851 3796 1906 3870 et
1939 3816 2085 3871 lava-

498 3900 648 3954 liitur
695 3916 859 3971 aqua.
911 3903 1349 3974 Puriﬁeatusquc
1403 3904 1705 3976 ingreditur
1756 3915 1964 3972 castra,
2011 3906 2084 3960 ita

495 3992 761 4051 duntaxat
797 4003 858 4050 ut
894 4004 1309 4059 maneatcxtra
1350 3996 1759 4052 tabernaculum
1798 4013 1954 4053 suum
1994 4013 2084 4053 se-

500 4091 650 4150 ptem
695 4084 911 4148 diebus,
941 4096 995 4141 et
1036 4087 1124 4141 die
1156 4089 1388 4157 septima
1430 4089 1585 4143 radat
1626 4090 1852 4158 capillos
1888 4090 2085 4160 capitis

497 4171 834 4244 barbamque
873 4186 929 4231 et
976 4178 1265 4246 supercilia
1310 4194 1376 4234 ac
1419 4180 1586 4235 totius
1630 4180 1878 4249 corporis
1922 4180 2083 4251 pilus,

498 4264 628 4319 lotis
658 4281 875 4323 rursum
909 4270 1148 4324 vestibus
1178 4281 1235 4325 et
1265 4286 1516 4342 corpore.
1553 4290 1572 4323 ι

572 4353 708 4419 Quia
737 4373 848 4413 non
889 4376 990 4415 nos
1023 4370 1240 4431 oportet
1266 4362 1523 4417 arbitrari
1562 4362 1901 4433 negligenter
1926 4364 2085 4435 quid-

2258 3269 2438 3323 Sumct
2469 3279 2516 3322 et
2546 3268 2908 3325 vermiculnm.
2934 3270 3089 3335 Quod
3121 3269 3257 3324 LXX
3284 3269 3475 3332 edunt,
3500 3269 3778 3323 coccinum

2189 3371 2374 3424 totum,
2409 3361 2660 3414 videlicet
2706 3360 3017 3429 passionem
3053 3378 3065 3414 :
3098 3354 3298 3414 dicitur
3341 3361 3509 3423 enim,
3548 3368 3779 3427 propter

2190 3440 2478 3510 tinetur-am
2532 3453 2918 3522 sanguineam,
2964 3453 3271 3508 coccinum.
3322 3451 3480 3508 Unde
3523 3450 3778 3521 chlamy-

2188 3542 2310 3597 dem
2344 3558 2457 3596 COCt
2477 3543 2675 3602 ineam,
2711 3558 2834 3596 cum
2871 3543 3162 3597 duceretur
3186 3543 3253 3596 ad
3281 3542 3613 3612 passionem,
3643 3558 3775 3599 eum

2190 3634 2388 3688 milites
2429 3633 2743 3704 induerunt.
2785 3633 3008 3687 Tortnm
3045 3641 3227 3687 autem
3250 3648 3371 3687 esse
3408 3648 3578 3700 quare
3613 3632 3778 3687 dixe-

2189 3728 2353 3781 runt?
2403 3726 2632 3796 Propter
2677 3726 3121 3796 passibilitatem,
3169 3725 3779 3794 impassibilitatcmque

2188 3834 2515 3883 connexum,
2550 3828 2771 3887 promer
2821 3819 2961 3885 quod
3014 3818 3069 3871 in
3121 3832 3189 3871 eo
3238 3816 3419 3886 passio
3466 3817 3777 3871 secundum

2188 3909 2475 3979 quemdam
2506 3919 2590 3963 est
2618 3910 2859 3963 modum.
2893 3908 3169 3980 llyssopus
3191 3920 3374 3963 autem
3403 3908 3531 3963 boni
3562 3907 3775 3973 odoris,

2188 4002 2358 4072 gratia
2410 4001 2679 4070 Spiritus,
2724 4001 3066 4070 cooperatrix
3117 3999 3522 4055 emundationis
3567 4008 3776 4053 nostra:

2189 4102 2292 4155 est,
2338 4093 2479 4147 unde
2514 4092 2679 4146 David
2722 4110 2734 4145 :
2768 4093 3022 4162 Asperges
3072 4108 3172 4154 me,
3215 4091 3411 4160 inquit,
3446 4091 3692 4159 hyssopo,
3725 4098 3775 4143 et

2189 4184 2578 4238 mundabor“.
2623 4183 2696 4238 De
2750 4183 3066 4253 passeribus
3122 4198 3287 4253 ergo,
3339 4195 3476 4251 quos
3528 4181 3775 4236 diximus

2188 4292 2309 4331 esse
2357 4276 2657 4340 Christum,
2711 4277 2857 4330 hunc
2906 4274 3164 4346 praecepit
3212 4274 3501 4336 immolari,
3540 4272 3623 4326 vel
3674 4287 3773 4354 oe-

2189 4368 2318 4433 cidi,
2355 4369 2406 4423 id
2434 4377 2534 4432 est,
2572 4368 2625 4422 id
2655 4366 2798 4437 quod
2826 4375 2944 4422 erat
2989 4365 3264 4436 passibile,
3296 4372 3350 4418 et
3378 4364 3521 4430 quod
3555 4372 3774 4433 poterat

502 4447 646 4519 piam
689 4449 1052 4520 legislaturem
1102 4452 1308 4518 dicere,
1354 4453 1487 4508 illud
1536 4460 1589 4507 te
1631 4462 1851 4524 oportet
1895 4464 2084 4511 notare
2117 4475 2161 4532 ι)
2188 4454 2383 4516 occidi,
2421 4463 2477 4509 et
2522 4455 2696 4510 occidi
2741 4455 2794 4508 in
2840 4467 2970 4509 vase
3015 4453 3190 4518 ﬁctili,
3223 4468 3387 4523 super
3425 4453 3677 4506 viventes
3715 4452 3771 4512 in

502 4555 615 4614 pra:
658 4541 932 4607 omnibus,
971 4542 1096 4612 quia
1138 4559 1289 4599 nunc
1334 4543 1555 4614 quando
1603 4544 1671 4598 de
1710 4544 2081 4599 mundationi-

502 4635 608 4700 bus
637 4635 834 4697 sancit,
862 4636 962 4689 soli
996 4634 1185 4705 Moysi,
1220 4652 1331 4689 non
1376 4635 1540 4689 etiam
1580 4635 1761 4688 Aaron
1803 4635 1945 4690 sicut
1987 4651 2082 4691 su-

502 4727 715 4797 perius,
761 4728 1002 4796 loquitur
1041 4729 1204 4797 :quia
1235 4728 1447 4799 Moyses
1484 4728 1755 4798 praecipue
1791 4729 2081 4799 imaginem

499 4819 729 4883 Christi,
756 4820 1059 4884 secundum
1092 4819 1293 4879 multos
1320 4818 1412 4888 qui
1441 4819 1571 4874 dicti
1605 4828 1751 4885 sunt,
1790 4820 1928 4890 gerit
1960 4836 2084 4874 mo-

474 4912 620 4985 dos.
657 4910 769 4964 Soli
803 4924 984 4965 autem
1013 4910 1234 4975 Christo
1272 4908 1582 4965 communis
1623 4909 1787 4979 lepra:
1822 4913 2085 4980 competit

498 5003 834 5065 emundatio.
870 5004 1098 5074 Propter
1123 4999 1268 5075 quod
1297 5017 1402 5057 nec
1428 5003 1496 5058 de
1525 5002 1673 5072 lepra
1715 5002 1877 5058 unius
1913 5003 2082 5065 modi,

497 5111 623 5165 quae
650 5096 710 5151 ﬁt
740 5097 792 5150 in
825 5098 1073 5162 vulnere,
1099 5095 1253 5153 verbi
1282 5095 1476 5170 gratia,
1506 5105 1601 5157 aut
1639 5096 1692 5150 in
1727 5096 1961 5163 ustione,
1990 5105 2085 5152 aut

498 5187 677 5249 aliter,
711 5185 972 5256 loquitur,
1003 5185 1099 5240 sed
1131 5186 1245 5249 ait:

572 5278 670 5333 Hic
722 5288 797 5355 est
844 5279 979 5332 ritus
1029 5278 1239 5347 leprosi.
1279 5276 1385 5331 Per
1435 5278 1541 5332 hoc
1578 5293 1795 5332 omnem
1841 5279 2076 5348 speciem

499 5372 665 5442 lepra:
717 5370 1007 5440 complecti
1055 5371 1277 5437 volens,
1331 5370 1458 5440 quia
1516 5380 1571 5425 et
1620 5370 1870 5426 Christus
1919 5385 2080 5425 omne

496 5479 671 5533 genus
710 5472 1062 5534 peccatorum
1098 5464 1400 5519 mundavit.
1434 5464 1577 5535 Ergo
1611 5470 1667 5518 et
1704 5462 1869 5517 nimis
1905 5462 2078 5516 simil-

497 5555 625 5623 lima
666 5566 751 5611 est
800 5556 1059 5627 mysterio
1101 5557 1220 5627 ejus
1267 5572 1508 5627 praesens
1549 5555 1797 5619 materia,
1830 5554 1973 5625 quod
2015 5570 2080 5609 ex

575 5754 617 5785 ³⁸
646 5755 802 5813 Joan.
834 5772 911 5827 su,
940 5757 996 5812 Α.
1080 5756 1122 5790 ³⁸
1150 5757 1288 5821 Psal.
1323 5775 1374 5833 ιἼ
1408 5758 1462 5813 9.
1540 5756 1763 5829 "fiam.
1797 5772 1870 5824 vi,
1903 5755 1955 5810 5.

2190 4546 2369 4607 nobis,
2405 4546 2459 4601 id
2489 4554 2569 4601 est
2606 4562 2705 4615 pro
2738 4544 2918 4609 nobis,
2945 4543 3209 4613 siquidem
3241 4558 3430 4597 smnus
3459 4556 3554 4597 vas
3578 4540 3767 4606 ﬁctile,

2188 4638 2255 4693 de
2303 4638 2416 4692 luto
2452 4638 2707 4692 videlicet
2755 4636 2904 4692 facti.
2939 4634 3265 4706 Unigenitus
3306 4634 3607 4689 secundum
3641 4649 3770 4687 car-

2188 4746 2315 4784 nem
2360 4731 2628 4784 occiditur
2667 4743 2832 4798 super
2862 4740 3031 4798 aquas
3056 4726 3229 4788 vivas,
3266 4726 3316 4780 id
3348 4734 3433 4780 est
3470 4725 3771 4795 baptisma-

2191 4824 2281 4878 tis.
2324 4821 2465 4876 llors
2515 4821 2635 4890 ejus
2684 4820 2887 4891 quippe
2933 4828 3180 4875 nostrum
3231 4819 3426 4889 ﬁgurat
3474 4818 3767 4886 baptisma,

2184 4914 2327 4984 quod
2357 4913 2596 4967 ostendit
2626 4911 2855 4976 Paulus,
2882 4912 3072 4966 dicens
3102 4929 3115 4965 :
3153 4909 3459 4981 Quicunque
3480 4910 3536 4962 in
3562 4906 3768 4963 Christo

2186 5006 2440 5075 baptizali
2482 5021 2680 5067 sumas,
2713 5004 2770 5057 in
2814 5012 2982 5058 morte
3023 5004 3139 5071 ejus
3184 5002 3441 5071 baptizari
3483 5016 3666 5054 sumus
3698 5000 3764 5053 ⁸⁷.

2186 5099 2245 5152 1η
2277 5098 2381 5152 hoc
2405 5096 2595 5150 vivens
2618 5110 2829 5166 passer,
2857 5104 2912 5150 et
2941 5095 3149 5164 lignum
3174 5092 3479 5158 cedrinum,
3505 5102 3560 5146 et
3588 5089 3767 5146 cocci«

2189 5206 2318 5245 num
2349 5198 2573 5253 tortum,
2594 5197 2650 5242 et
2680 5188 2948 5258 hyssopus
2980 5185 3238 5257 tingitur:
3268 5183 3448 5239 omnia
3474 5182 3619 5238 enim
3649 5181 3766 5235 haec

2191 5281 2735 5350 comprehenduntur
2761 5280 2816 5333 in
2853 5279 3053 5334 virtute
3081 5275 3439 5346 baptismatis,
3464 5274 3610 5345 quod
3634 5270 3766 5329 dixi-

2190 5389 2312 5427 mus
2345 5370 2637 5427 Dominicae
2663 5386 2786 5426 esse
2827 5369 3097 5439 passionis
3131 5369 3355 5440 ﬁguram
3410 5361 3763 5438 signiﬁcatio-

2190 5479 2442 5532 nemque.
2474 5462 2580 5518 Sed
2610 5461 2802 5516 vivens
2845 5476 3054 5531 passer,
3078 5475 3240 5530 quem
3271 5458 3326 5512 in
3355 5452 3634 5528 Unigeniti
3665 5468 3764 5509 ne»

2188 5556 2422 5611 cessarie
2439 5554 2778 5611 divinitatem
2796 5553 3115 5624 accipimus,
3134 5552 3189 5607 in
3208 5548 3470 5622 sanguine
3488 5548 3578 5604 hic
3597 5542 3761 5604 occisi
