3992 6454
450 404 559 469 953

1577 409 1659 468 IN
1698 403 2136 468 LEVITICUM.
2173 434 2238 444 --
2269 410 2418 472 LIB.
2459 414 2561 476 IV.

3605 416 3711 482 9M

446 512 708 587 Passeris,
748 525 807 569 θῐ
846 527 985 584 aqua
1024 513 1253 585 ""331!"
1275 555 1290 579 ν
1325 514 1379 569 id
1416 523 1502 569 εει
1538 514 1592 567 ill
1634 515 1804 585 gratia
1852 513 2028 583 bapli-
2058 528 2099 579 Α
2130 536 2254 575 eum
2289 523 2616 593 cogitatione
2656 525 2882 596 cupiens
2919 526 3199 596 praecepit,
3234 525 3332 580 sed
3376 541 3578 581 novum
3625 539 3713 582 to-

446 604 662 670 smatis,
694 604 819 674 quia
852 619 964 658 non
1007 603 1063 658 in
1092 604 1329 658 hominis
1372 604 1645 673 passione,
1697 605 1792 659 sed
1840 602 1933 658 Dei
1976 612 2031 658 et

450 694 692 750 hominis
720 695 975 765 passione
1007 695 1368 765 baptizamur.
1410 693 1615 750 Deinde
1646 704 1772 764 post
1810 695 1915 748 hoc
1946 694 2028 747 vi-

446 801 587 840 vens
620 800 811 855 passer
858 787 913 839 in
958 801 1147 857 agrum
1193 794 1255 839 ut
1297 785 1497 850 avolet,
1536 785 1848 839 dimittitur.
1889 784 2031 855 Ergo

448 879 808 949 impassibilis
837 879 1118 943 divinitas,
1154 886 1211 934 et
1237 878 1616 948 inseparabilis
1639 886 1759 931 erat
1781 893 1811 931 a
1841 892 2029 942 carne,

443 983 575 1035 quae
601 983 763 1038 passa
797 976 900 1034 est,
934 969 1080 1023 unde
1114 976 1172 1023 et
1206 967 1526 1037 separabilis
1555 967 1612 1020 in
1639 966 1906 1036 sanguine
1933 965 2034 1019 ba-

446 1057 711 1128 ptizatur,
742 1066 804 1111 ut
839 1056 1189 1127 impassibilis
1227 1056 1351 1110 viva
1394 1056 1450 1109 in
1484 1070 1674 1126 agrum
1710 1054 1887 1108 avolet
1918 1070 1933 1108 :
1964 1053 2032 1107 ad

448 1148 801 1204 latitudinem
872 1149 1125 1204 videlicet
1189 1147 1665 1218 contemplationis
1726 1146 2029 1210 emittitur,

446 1254 565 1308 quo
611 1240 761 1293 illum
809 1239 1154 1305 dimittente,
1199 1250 1388 1294 nostro
1435 1239 1686 1295 videlicet
1729 1238 2028 1293 intellectu.

447 1330 560 1383 sub
608 1329 772 1399 hujus
817 1330 964 1385 enim
1009 1331 1470 1400 contemplatione
1522 1338 1779 1394 tenetur,
1828 1328 2033 1383 solum-
2070 1354 2083 1365 ο

448 1422 620 1476 modo
668 1432 866 1493 sponte
914 1422 1159 1486 detenta,
1206 1438 1333 1477 cum
1379 1436 1410 1477 a
1458 1422 1608 1476 nullo
1653 1421 1758 1476 alio
1799 1419 2033 1476 detineri

448 1511 647 1581 possit.
704 1511 935 1582 Insuper
977 1513 1026 1567 is
1073 1513 1165 1582 qui
1208 1512 1502 1567 mundatus
1546 1518 1668 1575 est,
1709 1511 2031 1566 vestimenta

449 1603 620 1665 lavat,
653 1603 908 1657 videlicet
937 1603 1201 1665 actiones,
1230 1612 1289 1657 et
1322 1602 1365 1657 si
1397 1618 1533 1672 quas
1562 1603 1791 1657 virtutes
1821 1603 2026 1667 habuit,

446 1696 582 1764 quia
625 1704 680 1749 et
728 1695 827 1749 has
865 1703 1091 1765 peccato
1122 1695 1342 1765 polluit;
1382 1695 1526 1748 lavat
1551 1703 1732 1749 autem
1764 1694 2038 1764 pmniten-

448 1789 528 1847 tia
560 1806 573 1841 :
608 1799 667 1842 et
690 1788 832 1842 radit
856 1788 1047 1857 pilum,
1081 1788 1132 1842 id
1164 1797 1251 1842 est
1279 1802 1497 1841 omnem
1525 1786 1907 1858 cogitationem
1937 1787 2031 1841 de-

450 1878 630 1949 ponit,
666 1880 797 1948 quia
819 1893 1015 1932 omnes
1043 1893 1136 1933 eas
1166 1879 1400 1934 babelmt
1440 1877 1770 1933 immundas.
1799 1878 1867 1931 Et
1890 1880 2033 1934 lotus

448 1986 593 2040 aqua
628 1969 963 2039 poenitentia:
1012 1978 1107 2023 aut
1142 1969 1514 2039 baptismatis,
1556 1977 1687 2022 tunc
1725 1969 2032 2022 necessarie

453 2060 824 2114 inundabitur.
866 2059 1000 2113 Nam
1036 2059 1142 2113 etsi
1178 2059 1441 2113 mundum
1483 2074 1609 2113 enm
1652 2057 1904 2127 superius
1933 2074 2033 2112 ηο-

450 2150 701 2214 minavit,
735 2150 811 2203 ait
839 2151 987 2203 enim
1016 2168 1028 2203 :

521 2235 654 2292 Cum
684 2239 826 2291 risus
858 2238 1027 2308 '{nerit
1060 2254 1171 2291 esse
1203 2238 1513 2300 mundatus,
1544 2237 1717 2306 offeret
1745 2236 1876 2289 duas
1908 2251 2033 2303 pas-

442 2345 613 2385 seres.
670 2328 780 2387 Sed
830 2345 963 2387 eniti
1002 2330 1096 2400 qui
1145 2338 1306 2399 aptus
1348 2337 1471 2384 erat
1512 2330 1581 2387 ad
1620 2327 2030 2383 mundationem

441 2418 665 2477 dicebat
696 2437 709 2472 :
740 2434 866 2475 nam
915 2419 1188 2489 quomodo
1233 2422 1302 2484 is,
1352 2418 1447 2488 qui
1484 2419 1596 2489 jam
1640 2419 1876 2474 mundus
1924 2429 2028 2484 est,

444 2511 632 2569 adhuc
671 2526 896 2568 necesse
938 2512 1103 2566 habet
1134 2510 1607 2567 mundarii'l‘unc
1638 2511 1691 2564 in
1727 2520 1903 2565 castra
1949 2510 2032 2563 iu-

430 2603 747 2672 ,gredietur,
779 2612 842 2659 ut
885 2603 1185 2658 conventui
1236 2611 1430 2658 nostro
1473 2603 1710 2669 intersit,
1741 2611 1906 2673 atque
1947 2602 2032 2656 in-

446 2693 812 2763 telligibilium
852 2703 1231 2751 contractuum
1280 2695 1482 2761 socius,
1516 2704 1574 2751 et
1610 2696 1835 2750 alterius
1882 2711 2031 2750 com-

445 2783 758 2848 mistionis,
822 2800 945 2854 qua:
995 2800 1120 2839 cum
1176 2784 1428 2840 ﬁdelibus
1489 2785 1739 2848 habetur,
1789 2785 2033 2854 acquirat

445 2873 681 2929 fructus.
727 2876 774 2927 A
818 2891 925 2945 qua
973 2876 1101 2946 quia
1156 2875 1517 2946 prohibentur
1564 2876 1621 2930 hi
1660 2876 1750 2946 qui
1797 2876 2029 2930 necdum

446 2966 697 3022 mundati
744 2975 873 3023 sunt
920 2974 1261 3039 peccatores,
1302 2967 1428 3022 audi
1474 2968 1798 3037 Apostolum
1846 2967 2031 3021 dicen-

446 3065 561 3115 tem
596 3075 612 3112 :
645 3057 705 3114 Si
732 3061 778 3114 is
816 3061 905 3130 qui
952 3061 1122 3131 frater
1167 3061 1496 3123 nominatur,
1538 3069 1633 3114 aut
1677 3059 1886 3114 adulter
1931 3066 2027 3124 est,

2130 621 2269 679 tum,
2304 623 2362 669 et
2397 616 2548 684 quasi
2576 617 2738 671 modo
2761 618 3001 687 genitum
3037 618 3152 672 ﬁeri
3185 617 3395 681 volens,
3426 624 3483 670 et
3510 632 3707 685 (διερω-

2132 706 2264 761 liare
2286 717 2525 761 veterem
2558 708 2856 770 hominem,
2886 717 2947 763 ut
2968 709 3150 778 capiat
3175 722 3398 763 novum.
3426 706 3712 772 Quomodo

2131 797 2278 849 enim
2309 797 2360 851 ei
2389 797 2480 866 qui
2518 797 2803 866 antiquum
2853 797 2986 852 rasit
3029 797 3220 867 pilum,
3255 796 3395 850 alius
3436 809 3610 849 novus
3655 803 3710 847 et

2131 903 2323 943 recens
2359 890 2621 955 nascitur,
2658 890 2738 945 sic
2779 899 2838 944 et
2884 889 3013 944 huic
3053 890 3331 944 veteribus
3367 886 3573 942 carenti
3615 901 3710 939 co-

2132 980 2506 1051 gitationibus,
2537 981 2657 1037 alia:
2696 986 2851 1036 nov’ae
2891 982 2961 1037 ad
3005 981 3231 1035 meliora
3276 980 3559 1051 pullulant.
3602 976 3711 1030 La-

2134 1088 2260 1125 vare
2289 1070 2452 1125 etiam
2484 1086 2675 1125 rursus
2709 1073 3037 1127 vestimenta
3069 1087 3190 1136 sua,
3238 1071 3291 1125 id
3339 1079 3420 1124 est
3467 1068 3710 1123 actiones

2135 1160 2385 1213 mundas.

2205 1250 2273 1304 Et
2322 1250 2519 1303 [arabit
2567 1251 2758 1304 iterum
2800 1264 2987 1320 corpus
3026 1268 3187 1321 aqua.
3233 1248 3483 1304 Secundo
3523 1248 3708 1319 utique

2134 1342 2265 1396 illud
2313 1340 2521 1405 lavans,
2557 1341 2714 1395 nobis
2759 1350 2937 1394 autem
2987 1356 3098 1395 non
3141 1350 3228 1395 est
3261 1339 3562 1394 secundum
3609 1340 3707 1393 ba-

2134 1434 2353 1504 ptisma.
2403 1432 2544 1488 Unus
2590 1432 2725 1485 enim
2765 1430 3035 1495 Dominus,
3071 1448 3178 1484 una
3227 1430 3374 1499 ﬁdes,
3406 1446 3571 1483 unum
3610 1435 3706 1481 ba-

2133 1527 2329 1596 ptisma
2366 1526 2432 1578 ‘9.
2494 1524 2558 1576 Et
2612 1522 2883 1592 quomodo
2946 1522 3190 1576 secundo
3249 1520 3538 1582 lavahitur,
3603 1518 3705 1572 nisi

2134 1615 2382 1670 absolute
2414 1629 2510 1682 per
2542 1611 2838 1681 lacrymas?
2881 1609 2993 1664 Hoc
3036 1608 3184 1663 enim
3224 1622 3335 1661 non
3381 1605 3570 1669 semel,
3608 1620 3710 1657 nec

2135 1705 2237 1770 bis,
2268 1703 2364 1759 sed
2397 1704 2580 1766 tertio,
2614 1709 2669 1755 et
2712 1700 3025 1769 frequenter
3070 1696 3197 1750 licet
3238 1694 3422 1764 peragi
3456 1710 3469 1744 :
3503 1691 3629 1760 quia
3658 1704 3711 1745 et

2140 1796 2306 1852 David
2329 1795 2545 1850 dicebat
2572 1811 2585 1846 :
2616 1791 2801 1845 Facta:
2823 1799 2944 1844 sunt
2968 1788 3096 1843 mihi
3122 1787 3369 1855 lacrymce
3396 1799 3523 1837 utea:
3550 1800 3711 1852 panes

2135 1888 2219 1941 die
2261 1904 2324 1940 ac
2363 1894 2510 1939 nocte
2544 1885 2610 1936 ⁵ο.
2643 1881 2931 1937 Snilicinnt
2975 1894 3105 1950 ergo
3147 1886 3203 1932 et
3246 1878 3360 1932 hanc
3400 1874 3711 1929 satisfacere

2135 1977 2467 2042 intendenti,
2492 1976 2618 2045 quia
2648 1989 2712 2029 ea
2741 1988 2862 2043 quae
2895 1980 3019 2027 sunt
3059 1969 3344 2039 spiritalia,
3376 1965 3711 2037 Spiritalibus

2133 2072 2216 2125 lex
2258 2069 2538 2140 praecepit,
2562 2076 2615 2121 et
2646 2081 2774 2120 vere
2806 2064 3033 2133 lepram,
3068 2062 3122 2117 id
3153 2070 3239 2116 est
3275 2067 3580 2130 peccatum,
3611 2073 3712 2112 nos

2133 2164 2325 2217 timere
2355 2161 2648 2215 desiderat.
2682 2157 2912 2227 Propter
2951 2154 3095 2224 quod
3139 2153 3258 2223 ejus
3295 2150 3712 2206 cmundationcs

2133 2255 2395 2325 plurimas
2441 2249 2721 2322 prrecepit,
2749 2265 2870 2304 cum
2916 2248 2970 2301 in
3009 2246 3159 2300 nullo
3188 2259 3281 2298 eas
3316 2243 3567 2307 aliorum,
3590 2257 3712 2311 qua:

2132 2348 2273 2401 circa
2304 2360 2503 2415 corpus
2529 2350 2810 2414 geruntur,
2834 2338 3199 2409 prmcepisset.
3235 2336 3501 2391 Subtilior
3529 2344 3711 2392 tamen

2132 2440 2382 2509 probatio
2408 2437 2511 2491 erit
2538 2438 2734 2490 horum
2766 2451 2830 2488 ex
2863 2429 3340 2498 subsequentibus.

2202 2530 2367 2584 Vens.
2400 2528 2582 2583 Its—20.
2631 2547 2648 2577 ‹
2685 2527 2943 2579 Assnmet
2992 2521 3130 2575 duos
3162 2535 3334 2591 agnos
3390 2516 3712 2572 immacula-

2133 2630 2237 2683 tos,
2273 2626 2329 2673 et
2381 2632 2539 2671 ovem
2591 2614 2901 2669 anniculam
2959 2611 3167 2679 absque
3213 2606 3445 2669 macula,
3499 2615 3557 2659 et
3603 2613 3712 2660 tres

2130 2712 2369 2767 decimas
2398 2708 2587 2763 simila:
2608 2706 2661 2759 in
2685 2704 2975 2766 sacriﬁcio,
3007 2716 3128 2772 quae
3159 2712 3456 2767 conspersa
3477 2696 3548 2750 sit
3566 2695 3710 2752 oleo.

2134 2813 2188 2859 et
2214 2803 2444 2858 seorsim
2475 2800 2583 2855 olei
2612 2798 2931 2854 sextarium.
2974 2795 3221 2862 Cumque
3254 2790 3511 2846 sacerdos
3559 2788 3713 2857 puri—

2135 2898 2304 2949 ticans
2327 2891 2626 2955 hominem,
2656 2884 3271 2948 statueriteum,eth:ec
3287 2881 3493 2943 omnia,
3530 2892 3712 2933 coram

2132 2988 2363 3042 Domino
2386 2985 2441 3039 in
2472 2984 2613 3038 ostio
2640 2977 2969 3035 tabernaculi
3003 2973 3321 3038 testimonii,
3347 2971 3494 3026 tallet
3515 2984 3713 3040 agnum

2133 3088 2189 3135 et
2239 3078 2432 3134 oﬂeret
2478 3075 2631 3129 illum
2693 3088 2791 3143 pro
2856 3069 3076 3128 delicto,
3132 3065 3345 3133 oleique
3396 3060 3712 3116 sextarium.

446 3158 544 3209 αυτ
578 3167 798 3216 “vim”:
826 3160 923 3208 αιιι
971 3153 1256 3214 demum",
1288 3160 1384 3206 ητα
1427 3151 1680 3215 ebriosi“,
1710 3162 1804 3204 απτ
1838 3166 2029 3220 "Wa-’1’,
2058 3191 2101 3248 α
2136 3170 2201 3222 Et
2226 3166 2426 3222 oblatis
2447 3174 2573 3219 ante
2589 3163 2878 3215 Dominum
2899 3157 3154 3213 omnibus
3180 3151 3484 3207 immolabit
3508 3164 3713 3221 agnum

444 3258 570 3300 tum
619 3244 924 3312 lmjusmodi
970 3260 1063 3298 nec
1102 3244 1276 3304 cibum
1306 3260 1519 3298 sumere
1542 3243 1608 3297 ³⁸.
1643 3243 2030 3296 Verumtamen

448 3344 657 3403 septem
683 3334 802 3390 dies
824 3344 978 3391 extra
1001 3335 1415 3395 tabernaculum
1442 3350 1600 3390 suum
1628 3344 1830 3399 manet,
1856 3335 2034 3389 adhuc

442 3443 480 3485 a
542 3436 861 3494 sanctorum
932 3428 1362 3494 communione,
1421 3436 1647 3498 propter
1696 3427 2032 3482 subtiliorem

449 3520 779 3586 custodiam,
804 3527 876 3574 .et
913 3520 1174 3590 paulatim
1205 3519 1275 3576 ad
1313 3519 1536 3576 meliora
1583 3518 1911 3589 profectum,
1946 3532 2034 3572 sc-

451 3620 701 3678 params;
768 3610 1183 3666 tabernaculum
1238 3610 1386 3666 enim
1444 3609 1877 3679 uniuscujusque
1933 3623 2035 3662 no-

447 3710 627 3757 strum
657 3702 1040 3771 mysteriorum
1070 3702 1292 3773 adeptio
1322 3709 1430 3767 est,
1459 3716 1492 3757 a
1529 3700 1655 3772 gelu
1686 3709 1872 3771 tegens
1908 3714 2030 3764 nos,

451 3803 509 3846 et
534 3794 604 3849 ab
629 3804 765 3851 aestu
810 3794 1228 3857 tabernaculum
1268 3794 1326 3849 in
1367 3809 1478 3865 quo
1523 3800 1706 3849 eoenat
1738 3808 1863 3848 cum
1897 3791 2030 3858 Deo,

448 3887 597 3943 sicut
640 3904 764 3942 cum
786 3897 946 3958 patre
971 3888 1066 3949 lilii
1086 3927 1104 3953 ,
1135 3895 1233 3942 aut
1257 3874 1380 3941 cum
1406 3900 1609 3956 sponso
1626 3898 1852 3954 sponsa,
1877 3883 1962 3938 vel
1987 3882 2033 3937 si

452 3979 652 4049 aliquid
700 3980 843 4035 aliud
878 3980 1095 4042 dicitur,
1125 3979 1270 4051 quod
1309 3978 1481 4050 magis
1528 3977 1596 4032 ad
1630 3975 2033 4048 proximitatem

451 4072 787 4139 cognationis
820 4072 1076 4141 pertinet.

520 4164 588 4218 Et
628 4164 715 4218 die
747 4166 971 4232 septima
1017 4165 1166 4218 radat
1208 4162 1433 4231 capillos
1462 4162 1650 4230 capitis
1688 4160 2030 4229 barbamque,

450 4268 502 4311 et
540 4255 823 4323 supercilia
868 4271 934 4308 ac
976 4255 1135 4309 totius
1177 4254 1411 4323 corporis
1450 4252 1605 4321 pilos.
1646 4249 1754 4305 Sed
1796 4249 1886 4303 hic
1923 4264 2034 4306 non

452 4343 627 4400 solum
661 4350 846 4412 caput,
876 4342 970 4396 sed
1012 4351 1067 4397 et
1100 4342 1349 4408 barbam,
1391 4350 1448 4396 ct
1484 4340 1797 4411 supercilia,
1829 4346 1885 4395 et
1914 4354 2035 4394 om-

456 4454 578 4493 nem
610 4438 930 4508 simpliciter
960 4439 1148 4508 pilnm,
1179 4437 1271 4509 qui
1307 4438 1362 4491 in
1392 4437 1541 4493 omni
1571 4452 1800 4507 corpore
1829 4444 1934 4502 est,
1970 4450 2034 4491 ac

2140 3261 2229 3315 ubi
2262 3258 2529 3313 immolari
2589 3254 2725 3309 solet
2768 3251 2944 3307 hostia
3005 3265 3103 3319 pro
3148 3252 3399 3317 peccato,
3460 3252 3516 3299 et
3558 3241 3715 3297 holo-

2136 3358 2408 3414 caustum,
2438 3348 2491 3403 id
2523 3357 2625 3411 est,
2653 3347 2774 3399 loco
2799 3349 3009 3398 sancto.
3041 3339 3195 3393 Sicut
3244 3337 3393 3391 enim
3439 3350 3541 3405 pro
3584 3348 3716 3403 pec-

2135 3453 2277 3503 cato,
2337 3441 2412 3494 ita
2458 3447 2513 3492 et
2573 3452 2670 3507 pro
2724 3435 2922 3489 delicto
2969 3432 3035 3486 ad
3089 3429 3426 3483 sacerdotem
3480 3424 3717 3496 pertinet

2135 3532 2344 3586 hosria:
2376 3530 2575 3584 Sancta
2603 3535 2917 3580 sanctorum
2954 3532 3058 3578 est.
3085 3524 3493 3587 Assnmensqne
3533 3531 3717 3571 sacer-

2135 3622 2235 3676 dos
2281 3621 2349 3675 de
2402 3619 2669 3689 sanguine
2726 3616 2919 3670 hostiae
2972 3630 3093 3684 quae
3153 3611 3429 3667 immolata
3484 3617 3568 3662 est
3615 3622 3717 3678 pro

2135 3710 2355 3776 delicto,
2412 3716 2579 3778 ponet
2628 3723 2795 3778 super
2847 3714 3153 3760 extremum
3211 3700 3469 3756 auricula:
3508 3699 3716 3753 dextra:

2135 3800 2255 3870 ejus
2287 3798 2378 3868 qui
2411 3797 2766 3860 mnndantur,
2797 3802 2851 3849 et
2880 3811 3046 3863 super
3078 3793 3331 3862 pollicem
3356 3804 3551 3843 manus
3580 3787 3716 3842 dex-

2135 3899 2232 3946 trae
2258 3898 2312 3945 et
2342 3889 2517 3959 pedis.
2554 3888 2620 3941 Et
2650 3886 2718 3941 de
2747 3884 2854 3941 olei
2892 3884 3135 3938 sextario
3174 3881 3357 3936 mittet
3405 3878 3458 3932 in
3490 3892 3713 3932 manum

2135 3995 2287 4036 suam
2323 3978 2629 4034 sinistram:
2664 3977 2948 4046 tingetque
2980 3974 3210 4043 digitum
3255 3971 3505 4025 dextrum
3539 3967 3593 4021 in
3624 3983 3712 4028 eo,

2135 4082 2190 4127 et
2217 4077 2473 4142 asperget
2511 4069 2713 4139 septies
2749 4077 2942 4123 contra
2980 4065 3294 4120 Dominum.
3345 4061 3501 4127 Quod
3530 4068 3714 4114 autem

2136 4166 2405 4235 reliquum
2435 4172 2519 4218 cst
2551 4161 2676 4224 olei,
2718 4161 2775 4215 in
2825 4160 3015 4215 laevam
3043 4173 3264 4213 manum
3317 4155 3507 4210 [undet
3553 4167 3718 4222 super

2135 4263 2439 4310 extremum
2464 4254 2721 4309 auricula:
2752 4252 2988 4307 dexterae
3022 4249 3142 4319 ejus
3175 4246 3267 4317 qui
3322 4245 3639 4308 mundatur,
3662 4250 3718 4296 et

2135 4364 2301 4419 super
2326 4347 2576 4418 pollicem
2627 4359 2845 4408 manus,
2885 4358 2962 4414 jac
3011 4341 3168 4411 pedis
3226 4338 3401 4394 dextri
3461 4344 3512 4391 et
3553 4350 3719 4404 super

2136 4440 2478 4512 sanguinem,
2504 4439 2597 4508 qui
2623 4438 2778 4492 fusus
2800 4444 2882 4490 est
2908 4449 3004 4502 pro
3028 4433 3251 4494 delicto,
3284 4439 3339 4485 et
3368 4443 3533 4499 super
3553 4435 3718 4496 caput

456 4545 552 4599 per
591 4530 694 4586 hoc
736 4539 793 4585 et
832 4531 1169 4585 occultarum
1220 4530 1454 4599 partium
1499 4530 1777 4600 praecepit.
1818 4527 2030 4583 Nullam
2067 4536 2107 4589 ι)
2136 4535 2276 4603 ejus.
2316 4530 2653 4602 Rogabitque
2687 4544 2787 4598 pro
2823 4542 2889 4581 eo
2940 4538 3123 4580 coram
3161 4522 3415 4582 Domino,
3471 4528 3527 4574 et
3556 4518 3720 4572 faciet

453 4638 581 4694 ergo
625 4623 673 4679 ei
713 4623 1099 4694 cogitationem
1138 4631 1378 4681 veterem
1414 4637 1714 4676 seruauere
1748 4622 1886 4683 vult,
1917 4636 2031 4676 non

452 4714 625 4769 solum
658 4714 777 4769 illas
808 4731 928 4784 quae
966 4725 1219 4769 ornatum
1262 4715 1492 4777 homini,
1529 4721 1720 4784 utpote
1754 4714 2028 4777 rationali,

452 4817 505 4861 et
535 4807 703 4862 multa
730 4808 799 4865 de
828 4806 1029 4861 divinis
1058 4807 1384 4877 disceptanti
1414 4807 1660 4876 prmbent
1694 4825 1706 4858 :
1741 4806 1858 4861 illas
1883 4806 2029 4859 enim

453 4913 549 4967 per
569 4905 752 4966 caput,
783 4906 1010 4966 pr0pter
1030 4906 1305 4959 ornatum,
1338 4904 1393 4950 et
1424 4895 1827 4950 multitudinem
1859 4895 2030 4966 signi-

451 4992 594 5053 ticat,
628 4989 725 5043 sed
769 5004 872 5043 nec
924 4988 1023 5043 has
1074 5004 1194 5058 quae
1237 4987 1515 5044 hominem
1548 4988 2031 5057 contemplativum

449 5080 819 5144 constituunt,
859 5078 928 5132 de
981 5078 1309 5134 sublimibus
1357 5087 1410 5132 et
1462 5077 1825 5132 divinioribus
1872 5077 2034 5132 rebus

450 5175 805 5246 cogitantem.
852 5172 964 5228 [loc
1007 5174 1154 5229 enim
1193 5172 1501 5243 superciliis
1534 5172 1867 5242 designatur,
1911 5187 2034 5242 quae

450 5268 506 5322 in
554 5269 844 5323 altioribus
877 5277 1007 5323 sunt
1041 5267 1164 5333 sita,
1211 5277 1267 5322 et
1299 5267 1443 5323 circa
1481 5266 2031 5336 contemplativornm

448 5361 729 5419 manentia
796 5376 1057 5415 sensuum
1120 5375 1342 5432 organa.
1396 5359 1505 5415 Sed
1560 5375 1663 5415 nec
1715 5360 1863 5423 illas,
1908 5375 2030 5429 quae

445 5452 890 5508 discretionalem
916 5453 1280 5516 continentes,
1310 5466 1409 5521 per
1434 5452 1657 5506 barbam
1686 5458 1833 5506 recte
1860 5451 2026 5521 signi-

445 5546 717 5609 ﬁcantur,
761 5545 886 5614 quia
922 5546 1087 5599 barb‘a
1132 5545 1367 5599 maxime
1408 5544 1552 5598 inter
1581 5544 1735 5599 virile
1774 5559 1944 5614 genus
1975 5552 2031 5600 et

447 5636 719 5693 muliebre
734 5636 1014 5705 dijudicat.
1050 5637 1176 5694 llaec
1204 5649 1385 5694 autem
1405 5656 1512 5696 non
1546 5642 1818 5711 quomodo
1844 5655 2029 5696 carere

518 5834 567 5869 ³³
602 5835 622 5890 ι
654 5836 775 5893 Cor.
815 5854 866 5906 γ,
903 5840 983 5894 ll.
1064 5840 1105 5872 ³³
1135 5840 1334 5911 Ephes.
1374 5856 1447 5907 iv,

1608 5841 1647 5874 '°°
1686 5841 1823 5895 l’sal.
1857 5857 1965 5907 xu,
2002 5843 2053 5897 i.

2139 4624 2468 4680 sacriﬁcium
2499 4637 2598 4692 pro
2630 4627 2875 4691 peccato.
2905 4617 3061 4671 Tunc
3111 4612 3414 4668 immolabit
3457 4610 3720 4664 holocau-

2138 4728 2304 4781 stum,
2332 4725 2386 4770 et
2420 4722 2583 4784 ponet
2616 4711 2746 4765 illud
2785 4711 2836 4764 in
2867 4709 3038 4763 altare
3072 4722 3193 4761 cum
3226 4704 3543 4759 libamentis
3578 4700 3715 4762 suis,

2137 4821 2190 4865 et
2226 4810 2389 4863 homo
2417 4808 2517 4860 rite
2549 4802 2921 4859 mundabitur.
2956 4819 2974 4850 ι

2209 4900 2423 4956 Scimus
2464 4899 2592 4968 quia
2628 4899 2711 4951 lex
2751 4892 3012 4964 spiritalis
3062 4898 3178 4955 est;
3236 4889 3381 4959 quod
3434 4895 3718 4958 propterea

2139 4994 2340 5048 Paulus
2377 4991 2452 5045 ait
2474 4991 2549 5054 ιι,
2584 4997 2641 5042 ut
2680 4985 2998 5057 spiritaliter
3029 4983 3394 5052 dijudicantes
3422 4995 3531 5034 non
3563 4979 3719 5032 dam-

2133 5085 2420 5140 niilcemur
2452 5081 2722 5136 fructibus
2748 5078 2901 5147 legis,
2935 5076 3025 5146 qui
3046 5074 3393 5129 occultantur
3430 5072 3484 5125 in
3514 5071 3715 5123 littera.

2133 5174 2425 5244 Postquam
2463 5172 2612 5227 enim
2668 5170 2842 5241 prima
2878 5169 2969 5224 die
3012 5183 3118 5238 qua
3154 5165 3430 5237 egreditur
3464 5160 3718 5216 sacerdos

2131 5277 2286 5326 extra
2316 5277 2518 5331 castra,
2562 5265 2833 5321 immolari
2889 5264 2957 5318 ad
3015 5260 3460 5317 emundatiouem
3518 5253 3716 5324 leprosi

2136 5361 2429 5434 praacepit:
2464 5373 2594 5414 ecce
2624 5373 2817 5412 rursus
2847 5371 2997 5410 nunc
3026 5366 3214 5410 octava
3244 5351 3352 5412 die,
3382 5348 3487 5402 alia
3517 5363 3617 5416 pro
3649 5360 3718 5400 eo

2137 5455 2401 5511 sacriﬁcia
2432 5453 2547 5508 ﬁeri
2566 5452 2850 5524 jubentur.
2884 5448 3086 5506 Octava
3133 5460 3263 5516 ergo
3292 5443 3409 5498 dies
3464 5439 3715 5496 eamdem

2138 5564 2302 5619 quam
2341 5548 2515 5616 prima
2546 5546 2657 5600 vim
2690 5544 2848 5617 gerit,
2888 5543 3015 5612 quia
3041 5553 3204 5596 omne
3229 5548 3468 5609 praesens
3504 5543 3719 5601 tempus

2140 5644 2197 5697 in
2229 5641 2664 5719 hebdomadibus
2692 5636 3019 5694 conciditur.
3049 5633 3173 5690 Post
3216 5646 3352 5703 quas
3387 5636 3577 5684 octava
3608 5633 3714 5690 est,

2134 5841 2172 5873 ἰι
2210 5840 2365 5895 item.
2401 5856 2498 5905 vn,
2538 5839 2557 5893 ι
2598 5852 2752 5907 seqq.
2792 5840 2793 5843 “
