3992 6576
368 468 475 533 955
1563 462 1927 522 HESYCllII
1980 462 2073 521 PR
2086 456 2454 521 ESBYTEliI
3547 451 3657 517 9.56

372 596 605 652 aequam,
642 589 701 634 ut
748 579 1005 642 diximus,
1060 577 1317 633 virtutem
1372 579 1563 648 prima:
1612 595 1828 651 gerens,
1866 578 1952 632 vel
1988 583 2026 637 Α
2058 576 2252 646 pertita
2278 574 2557 644 cognitio:
2592 574 2739 642 quod
2763 588 2894 645 ergo
2913 572 3098 627 minus
3130 578 3214 627 est
3263 579 3360 625 aut
3388 568 3655 639 amplius,

373 672 600 728 (amitino
634 672 805 741 ipsam
864 685 1156 726 rettovans.
1216 669 1314 725 Est
1347 678 1528 724 autem
1586 670 1705 724 inec
1764 669 1818 723 in
1846 688 1952 739 qua
2054 668 2122 721 ad
2166 667 2544 721 inﬁdelitatem
2586 666 2780 721 tendit.
2819 664 2927 720 Sed
2952 664 3312 735 quamobrem
3347 656 3694 717 sextarium'

377 761 626 817 Salvator
663 761 985 823 resurrexit,
1028 760 1082 813 in
1117 775 1223 830 qua
1257 760 1313 813 in
1344 771 1518 815 castra
1562 760 1952 832 ingrediemur.
2058 760 2189 825 olei,
2225 760 2311 815 vel
2331 761 2566 830 cotylam
2597 758 2768 814 dixit?
2787 759 2914 828 quia
2942 757 3255 821 miseratus,
3288 754 3491 824 inquit,
3509 751 3663 806 Deus

378 852 507 907 Post
550 853 667 907 dies
711 853 856 907 enim
919 859 1129 920 septem
1194 867 1320 906 eum
1379 852 1475 922 qui
1525 854 1821 907 mundatus
1874 862 1959 907 est
2060 852 2364 906 humanum
2391 866 2564 919 genus
2604 866 2730 905 cum
2772 850 2904 905 illud
2939 850 3008 904 ad
3032 848 3299 919 explenda
3325 847 3462 918 legis
3485 860 3661 915 opera

378 944 649 1014 leprosus,
697 945 785 999 die
836 942 1087 998 videlicet
1134 952 1345 1010 octava,
1399 945 1454 999 in
1503 945 1697 1001 castris
1750 946 1960 1016 ingredi
2061 943 2401 999 inﬁrmatum
2437 942 2688 1004 vidisset,
2718 942 2829 1010 jam
2872 957 2983 996 non
3016 956 3086 996 ex
3119 940 3379 1011 operibus
3419 937 3660 1000 salvare,

379 1036 671 1105 praecepit:
714 1037 810 1090 sed
845 1047 1023 1091 castra
1058 1037 1279 1107 qualia?
1311 1036 1500 1104 utique
1518 1036 1608 1090 illa
1637 1052 1759 1107 quae
1792 1034 1963 1092 Jacob
2063 1036 2160 1090 sed
2208 1050 2308 1105 per
2342 1033 2572 1103 gratiam
2608 1033 2890 1088 hominem
2950 1032 3142 1087 voluit.
3193 1030 3378 1086 Gratia
3409 1044 3543 1083 vero
3590 1045 3659 1082 ex

378 1127 687 1195 patriarcha
724 1128 879 1191 vidit,
913 1128 1134 1197 quando
1154 1128 1364 1198 angelis
1398 1129 1500 1183 sibi
1526 1129 1961 1195 occurrentibus,
1992 1144 1999 1149 ·
2066 1126 2437 1183 misericordia
2474 1135 2637 1196 atque
2693 1124 3074 1195 compassione
3127 1123 3422 1193 praebetur,
3456 1130 3517 1175 et
3554 1121 3665 1177 ﬁde

382 1214 564 1269 locum
603 1226 780 1270 castra
827 1217 918 1270 Dei
951 1217 1329 1289 appellavit".
1381 1218 1463 1273 Ad
1502 1220 1618 1274 haec
1670 1223 1968 1276 mundatus
2075 1219 2557 1290 comprehenditur
2596 1218 2735 1283 sola,
2767 1232 2878 1273 non
2921 1230 2989 1272 ex
3019 1215 3304 1286 operibus,
3363 1221 3426 1268 ut
3457 1213 3665 1268 Paulus

382 1306 654 1374 leprosos,
694 1317 881 1377 utpote
924 1310 1055 1364 olitn
1081 1309 1435 1380 justiﬁeatus,
1485 1318 1732 1381 tempore
1784 1329 1970 1367 resur—
2067 1312 2200 1367 dicit
2230 1311 2297 1364 “.
2330 1309 2465 1364 Nam
2495 1310 2674 1381 gratia
2693 1309 2814 1378 jam
2845 1324 2948 1362 non
2979 1309 3079 1363 erit
3106 1307 3285 1378 gratia
3299 1307 3367 1359 “.
3399 1305 3499 1359 llis
3532 1321 3663 1376 ergo

381 1398 644 1453 rectionis
682 1401 852 1454 venit.
904 1401 959 1454 In
1015 1402 1171 1470 cujus
1209 1401 1458 1472 ﬁguram,
1502 1415 1749 1458 octavam
1798 1405 1967 1471 diem,
2068 1400 2340 1470 acceptis,
2377 1399 2447 1453 ad
2519 1399 2719 1453 ostium
2793 1397 3131 1452 tabernaculi
3199 1394 3531 1459 testimonii,
3593 1396 3658 1449 ad

384 1490 525 1543 sicut
549 1490 806 1556 diximus,
856 1491 1138 1561 legislalor
1197 1493 1431 1563 accepit.
1484 1491 1616 1559 Qua:
1672 1504 1855 1549 autem
1911 1496 1968 1550 in
2069 1492 2376 1561 ingressum
2415 1489 2669 1545 videlicet
2693 1490 2940 1544 scientiae
2959 1488 3053 1542 Dei
3091 1487 3187 1557 qui
3227 1487 3528 1541 mundatus
3557 1494 3659 1550 est,

384 1589 575 1634 oetava
609 1582 695 1635 die
722 1582 803 1652 agi
833 1592 1103 1651 praecepta
1128 1593 1272 1646 sunt,
1300 1584 1593 1654 imaginem
1651 1585 1790 1653 ejus,
1825 1588 1971 1654 quod
2069 1582 2377 1637 adducitur.
2409 1580 2678 1636 Sacerdos
2721 1588 2903 1634 autem
2958 1594 3187 1636 sumens
3236 1593 3438 1649 agnum
3489 1592 3663 1631 unum

387 1672 690 1725 secundum
725 1689 826 1727 nos
857 1682 940 1726 est
967 1675 1207 1743 mysterii
1236 1683 1450 1743 gerunt.
1482 1657 1748 1745 Praecepit
1806 1677 1974 1745 siqui-
2070 1692 2170 1747 pro
2201 1675 2402 1731 delicto
2437 1674 2702 1729 immolat.
2731 1672 2897 1742 Atqui
2929 1673 2975 1726 si
2999 1672 3068 1727 de
3097 1670 3367 1741 corporali
3406 1669 3668 1740 passione

388 1762 512 1815 dem
550 1763 689 1817 duos
726 1780 894 1834 agnos
928 1765 1306 1819 immaculatos
1349 1746 1633 1821 anniculos
1691 1768 1854 1833 sumi,
1920 1778 1975 1823 ct
2071 1771 2217 1819 esset
2244 1763 2362 1817 lucc
2397 1761 2627 1827 sanctiO,
2689 1760 2833 1816 sicut
2861 1759 3191 1831 quibusdam
3247 1759 3488 1822 νίάειιιτ.
3533 1758 3668 1828 (tum

390 1868 549 1907 ovem
581 1854 887 1909 anniculam
923 1856 1326 1911 immaculatam
1366 1874 1552 1923 unam,
1582 1876 1815 1929 quorum
1848 1862 1972 1930 qui-
2072 1864 2191 1909 erat
2241 1868 2473 1908 necesse
2519 1867 2720 1922 agnum
2777 1867 2881 1922 pro
2908 1861 3137 1922 peccato
3204 1849 3526 1906 immolari?
3560 1848 3672 1904 Sed

391 1945 516 1998 dem
550 1960 719 1999 unum
753 1961 852 2015 pro
881 1957 1107 2015 peccato
1129 1988 1142 2010 ,
1190 1948 1355 2002 alium
1400 1958 1580 2004 autem
1620 1951 1673 2005 in
1708 1929 1969 2008 holocau-
2009 1929 2048 1983 Β
2074 1946 2201 2017 quia
2235 1945 2527 2000 adumbrat
2550 1953 2778 2015 propter
2800 1942 3172 1998 inﬁrmitatem
3188 1940 3509 1997 Judaeorum
3552 1956 3671 2010 my-

392 2041 536 2087 stum
567 2034 827 2104 praecepit
855 2035 1360 2090 immolari.0mnia
1386 2046 1566 2092 autem
1595 2040 1712 2094 haec
1747 2039 1975 2111 ﬁguram
2077 2038 2267 2104 steria,
2298 2049 2464 2108 atque
2515 2036 2818 2107 spiritalem
2876 2034 3215 2090 intellectum
3267 2033 3561 2089 abscondit
3615 2033 3675 2087 in

392 2132 592 2193 gerunt
637 2125 889 2180 sacriﬁcii
931 2126 1248 2181 Salvatoris.
1281 2128 1401 2198 lpse
1428 2129 1573 2192 enim
1607 2141 1830 2202 propter
1876 2150 1976 2189 no—
2078 2133 2294 2197 littera,
2328 2132 2408 2187 sic
2441 2131 2606 2186 etiam
2633 2130 2727 2185 dat
2758 2130 3025 2200 quasdam
3068 2128 3395 2184 occasiones
3423 2135 3678 2181 conten:-

392 2225 504 2267 stra
535 2224 760 2283 peccata
790 2224 844 2269 et
878 2216 1098 2278 delicta,
1139 2217 1318 2272 hostia
1368 2219 1483 2288 ipse
1513 2221 1569 2274 in
1598 2222 1975 2277 holocaustum
2081 2222 2337 2293 plationis
2391 2237 2488 2292 per
2540 2220 2801 2284 litteram,
2847 2226 2905 2274 et
2965 2217 3134 2274 verba
3185 2222 3307 2287 quae
3361 2215 3677 2286 signiﬁcent

391 2305 516 2360 fuit.
552 2305 627 2359 Ex
668 2317 897 2376 utroque
945 2317 1126 2362 autem
1174 2325 1375 2380 genere
1428 2321 1717 2382 propterea
1770 2315 1980 2369 sacriﬁ-
2080 2318 2420 2372 intellectum
2471 2315 2720 2386 spiritus.
2754 2315 2908 2370 Unde
2968 2323 3024 2369 et
3093 2326 3244 2368 nunc
3291 2327 3418 2367 cum
3472 2326 3675 2383 agnum

391 2395 538 2450 cium
568 2395 752 2451 oﬁ'erri
800 2399 1081 2469 prtecepit,
1135 2408 1192 2454 ut
1229 2403 1543 2458 ostenderet
1571 2404 1697 2474 quia
1727 2404 1979 2461 ChriStus
2081 2426 2250 2464 unum
2281 2425 2380 2479 pro
2432 2415 2658 2478 peccato
2707 2404 3057 2477 praecepisset
3113 2403 3407 2469 immolari,
3455 2403 3681 2474 qualem

392 2503 493 2556 pro
535 2489 696 2543 nobis
732 2488 985 2552 occisus,
1039 2490 1203 2545 simul
1251 2495 1552 2549 masculum
1613 2495 1980 2567 feminamque
2082 2517 2191 2556 non
2232 2501 2382 2565 dicit,
2411 2501 2536 2570 quia
2576 2500 2694 2569 ipse
2726 2507 2813 2553 est
2849 2498 3039 2568 procul
3067 2497 3236 2552 dubio
3262 2505 3373 2551 tam
3426 2511 3529 2565 pro
3576 2495 3681 2550 de-

390 2578 645 2634 salvabit.
679 2579 799 2635 Non
837 2581 1040 2636 frustra
1071 2592 1253 2637 autem
1279 2587 1592 2655 agniculum
1641 2587 1694 2640 in
1751 2597 1981 2657 utroque
2083 2593 2232 2655 licto,
2262 2608 2423 2662 quam
2456 2591 2603 2647 illius
2635 2590 2794 2660 cujus
2825 2605 2990 2644 aures
3017 2604 3048 2643 a
3077 2588 3229 2658 lepra
3261 2588 3678 2643 detinebantur.

389 2671 673 2740 praecepit,
710 2672 806 2726 sed
837 2672 1142 2741 perfectum
1170 2689 1268 2743 per
1286 2675 1392 2729 hoc
1423 2677 1750 2731 sacriﬁcium
1788 2678 1982 2748 ﬁgura-
2087 2687 2313 2754 Propter
2349 2683 2479 2753 quid
2511 2697 2642 2751 ergo
2672 2682 2753 2736 sic
2800 2680 2950 2742 facit,
2986 2679 3091 2735 nisi
3133 2680 3276 2734 forte
3304 2687 3365 2733 ut
3419 2678 3681 2733 auditum

391 2759 490 2821 vit,
522 2761 680 2829 cujus
708 2761 983 2824 sacriﬁcii,
1026 2763 1168 2817 sicut
1199 2764 1403 2818 dictum
1453 2774 1558 2830 est,
1610 2766 1711 2822 ista
1754 2766 1981 2839 ﬁgurant
2084 2773 2317 2839 muniat,
2350 2782 2406 2828 et
2453 2781 2674 2827 cautum
2735 2770 2971 2825 reddat?
3015 2768 3155 2835 Quia
3204 2770 3320 2843 ipse
3360 2784 3392 2823 a
3441 2769 3685 2823 dracone

394 2859 628 2920 gerunt;
664 2850 909 2920 perfecta
932 2853 1081 2915 enim
1118 2854 1172 2907 in
1204 2856 1478 2923 praedictis
1507 2858 1837 2914 animalibus
1856 2869 1984 2915 sunt
2085 2866 2365 2928 seductus,
2405 2872 2690 2934 peccatum
2720 2869 2782 2917 ut
2805 2861 3042 2917 seduxit.
3074 2860 3181 2916 Per
3203 2862 3456 2916 actiones
3496 2867 3684 2914 autem

395 2943 651 2997 annicula
682 2944 961 3010 animalia,
996 2946 1067 3000 ita
1091 2955 1150 3000 ut
1174 2954 1227 3001 et
1247 2948 1312 3003 ad
1347 2948 1486 3005 ﬁlios
1509 2954 1848 3023 genera-idos
1873 2955 1984 3009 sint
2085 2974 2309 3014 manum
2346 2957 2638 3028 signiﬁcat.
2690 2969 2788 3025 per
2815 2953 3010 3024 pedem
3048 2967 3182 3008 vero
3225 2967 3418 3007 omnes
3455 2962 3682 3005 nostros

396 3035 619 3090 idonea.
652 3036 760 3089 Sed
792 3036 919 3106 quia
956 3054 1081 3092 eum
1113 3039 1204 3109 qui
1238 3042 1552 3105 mundatur,
1586 3059 1751 3114 super
1779 3047 1984 3101 sacriﬁ~
2086 3061 2268 3105 motus
2327 3057 2382 3104 et
2411 3047 2526 3103 vias
2549 3044 3021 3115 comprehendere
3075 3052 3133 3099 et
3159 3040 3461 3111 praevenire
3489 3038 3685 3095 γσιιιίι.

395 3128 544 3181 cium
570 3125 847 3198 Unigeniti
888 3128 1053 3182 etiam
1091 3129 1197 3184 ﬁde
1249 3132 1413 3187 totius
1462 3133 1746 3189 Trinitatis
1780 3135 1984 3206 signari
2088 3143 2188 3198 ms
2219 3140 2364 3196 enim
2419 3137 2735 3202 custoditis,
2778 3151 2876 3208 per
2932 3134 3255 3207 sanguinem
3325 3131 3689 3203 intelligibilis

397 3227 634 3287 oportet,
666 3227 780 3274 tres
833 3219 1074 3273 decimas
1122 3223 1337 3313 similae,
1408 3225 1462 3278 id
1520 3235 1603 3280 est
1658 3226 1983 3282 Trinitatem
2015 3270 2056 3327 ε
2089 3232 2235 3304 agni,
2292 3239 2345 3286 et
2402 3230 2567 3299 ﬁdem
2589 3244 2714 3300 qua:
2764 3229 2823 3284 in
2883 3242 3009 3283 eum
3048 3235 3153 3291 est,
3184 3241 3307 3296 qua:
3366 3224 3531 3281 nobis
3591 3239 3690 3294 per

401 3311 600 3377 Patris,
651 3319 705 3366 et
751 3310 896 3375 Filii,
949 3320 1003 3366 et
1053 3305 1222 3395 sancti
1278 3315 1534 3384 Spiritus,
1588 3317 1880 3373 habentem
1934 3305 2056 3373 inu
2092 3321 2525 3378 misericordiam
2577 3331 2635 3376 et
2687 3319 3124 3389 compassionem
3176 3317 3298 3389 ejus
3351 3317 3556 3373 donata
3607 3323 3692 3371 est

403 3418 728 3473 unaquaque
769 3418 1003 3473 persona
1030 3405 1442 3481 perfectionem.
1470 3409 1757 3485 Perfectus
1786 3407 2028 3481 quippe'
2094 3414 2453 3486 intelligibilis
2504 3414 2657 3483 lepra
2726 3427 3076 3483 nequaquam
3138 3410 3350 3481 poterit
3404 3407 3692 3464 hominem

402 3503 490 3550 est
526 3495 785 3550 denarius
826 3512 1111 3560 numerus,
1168 3508 1399 3569 propter
1436 3503 1583 3570 qucd
1626 3513 1680 3557 et
1729 3502 1992 3558 Dominus
2096 3487 2411 3578 penetrare,
2447 3520 2764 3575 quanquam
2806 3511 2863 3560 et
2894 3504 3079 3559 oleum
3111 3500 3361 3566 sextarii,
3392 3516 3492 3556 seu
3540 3508 3696 3571 coty-

402 3587 655 3643 dicebat:
712 3586 900 3642 Simile
934 3600 1007 3642 est
1042 3607 1263 3662 regnum
1308 3592 1561 3647 cartorum
1611 3595 1841 3662 mulieri,
1878 3612 1995 3667 quae
2089 3599 2176 3664 lae,
2230 3614 2397 3669 quant
2435 3613 2559 3652 esse
2616 3597 2781 3653 ﬁdem
2837 3596 3071 3651 dicimus
3104 3635 3120 3662 ,
3159 3594 3216 3648 in
3259 3608 3425 3648 manu
3472 3592 3696 3647 mittere

403 3681 667 3750 accipiens
708 3682 1021 3747 fermentum
1053 3682 1325 3738 abscondit
1373 3686 1429 3738 in
1473 3687 1666 3756 farina:
1712 3689 1815 3741 tria
1843 3699 1994 3754 sata,
2097 3690 2441 3745 sacerdotem
2469 3688 2609 3750 vult,
2655 3696 2717 3742 ut
2761 3686 3065 3742 sacerdotis
3115 3684 3271 3747 ﬁdes,
3299 3699 3398 3753 per
3435 3697 3599 3752 quam
3636 3688 3693 3736 et

404 3789 568 3834 usque
596 3772 721 3842 dum
779 3774 1287 3844 perfermcntaretur
1317 3777 1575 3833 totum”.
1626 3778 1781 3833 Sumi
1813 3788 1995 3834 autem
2098 3797 2203 3837 nos
2228 3780 2564 3852 proﬁcimus,
2616 3779 2671 3834 in
2701 3780 2964 3849 operibus
2995 3776 3343 3832 ostendatur.
3389 3773 3506 3830 Nec
3544 3774 3696 3829 enim

407 3863 525 3918 haec
563 3880 862 3934 conspersa
897 3866 1022 3920 oleo
1067 3866 1123 3920 in
1176 3867 1505 3922 sacrificium
1535 3868 1728 3939 jubet:
1784 3870 1997 3927 sacriﬁ-
2097 3874 2256 3930 aliter
2275 3873 2385 3929 vim
2410 3888 2566 3928 suam
2590 3865 2954 3936 exserit,‘nisi
2982 3883 3181 3924 manus
3201 3875 3482 3937 assumpta
3504 3865 3693 3927 fuerit,

405 3957 550 4011 cium
588 3965 770 4011 autem
803 3958 935 4012 dicit
964 3957 1263 4030 Unigeniti,
1309 3961 1455 4030 quod
1490 3961 1544 4015 in
1579 3962 1702 4018 oleo
1741 3980 1998 4035 consper-
2101 3966 2158 4021 id
2202 3971 2290 4019 est
2343 3963 2562 4019 actione
2621 3960 2966 4027 conﬁrmata,
3026 3967 3083 4015 et
3139 3958 3356 4031 signata
3412 3956 3690 4026 operibus.

406 4066 527 4105 sum
559 4057 661 4116 est,
697 4050 825 4120 quia
882 4051 953 4105 ob
997 4053 1436 4122 compassionem
1493 4067 1738 4111 nostram
1786 4068 2000 4129 gestum
2102 4057 2267 4112 Mittit
2296 4064 2479 4111 autem
2505 4055 2688 4109 oleum
2718 4054 2773 4108 in
2805 4053 3086 4108 sinistram
3115 4065 3366 4115 manum,
3395 4058 3453 4105 et
3474 4047 3701 4118 intingit

406 4151 508 4196 est.
545 4143 654 4198 Sed
680 4144 956 4214 quomodo
987 4144 1293 4202 dicimusin
1333 4162 1400 4203 eo
1426 4156 1539 4204 tres
1569 4150 1759 4205 oﬂ‘erri
1810 4150 2002 4204 similae
2103 4142 2332 4221 digitum
2359 4148 2612 4204 dextrum
2648 4146 2705 4201 in
2731 4147 2855 4201 oleo
2884 4146 3031 4201 sicut
3059 4145 3134 4199 ait
3156 4144 3389 4199 Paulus:
3417 4141 3523 4197 Per
3542 4157 3701 4195 arma

407 4233 439 4288 d
479 4235 683 4289 cimas?
719 4235 831 4289 Aut
866 4236 993 4306 quia
1024 4237 1129 4291 etsi
1196 4238 1477 4311 Unigeniti
1506 4242 1785 4309 passione,
1818 4250 2003 4295 tamen
2097 4238 2324 4310 justitiw
2393 4256 2428 4293 a
2466 4238 2667 4292 dextris
2724 4245 2775 4291 et
2821 4254 2856 4290 a
2906 4236 3173 4298 sinistris,
3221 4244 3559 4288 conversatus
3608 4248 3704 4303 per

410 4327 578 4381 totius
603 4327 911 4394 Trinitatis,
950 4330 1056 4385 hoc
1095 4332 1240 4401 quod
1267 4348 1331 4387 ex
1380 4333 1474 4388 illo
1501 4334 1773 4389 sacriﬁcio
1818 4343 2004 4389 actum
2105 4331 2333 4402 gloriam
2381 4340 2431 4385 et
2484 4330 2898 4401 ignobilitatem,
2947 4344 3042 4398 per
3094 4326 3379 4397 infamiam
3415 4333 3463 4379 et
3508 4325 3701 4378 bonum

408 4420 516 4476 est,
539 4417 873 4488 mysterium
913 4420 1036 4475 fuit.
1079 4420 1139 4475 In
1169 4422 1394 4477 nomine
1424 4423 1569 4476 enim
1600 4423 1798 4487 Patris,
1840 4433 2005 4494 atque
2108 4425 2313 4494 famam
2331 4420 2378 4455 ⁸⁵⁸
2400 4460 2417 4486 .
2457 4431 2515 4477 et
2538 4437 2662 4492 quae
2691 4420 2781 4476 his
2817 4420 3021 4475 similia
3050 4429 3200 4474 sunt.

412 4508 581 4577 ipsius
617 4511 881 4582 unigeniti
915 4510 1035 4567 Filii
1084 4522 1138 4568 et
1190 4517 1364 4569 sancti
1398 4515 1636 4585 Spiritus
1667 4517 1833 4571 etiam
1865 4518 2002 4586 bap-
2074 4560 2077 4563 .
2181 4516 2324 4570 Tum:
2353 4525 2595 4588 aspergat
2622 4516 2813 4585 septies
2842 4523 3027 4568 contra
3067 4512 3374 4567 Dominam.
3415 4509 3703 4565 Praesumit

412 4602 572 4656 tisma
630 4602 830 4674 agitur,
861 4603 915 4657 in
947 4620 1057 4675 quo
1088 4605 1145 4659 in
1173 4615 1348 4660 morte
1378 4606 1584 4661 Christi
1633 4608 1998 4677 baptizamur,
2034 4616 2079 4671 ι)
2108 4607 2258 4662 enim
2291 4605 2416 4661 talis
2444 4605 2701 4661 sacerdos
2750 4604 2893 4673 apud
2951 4603 3145 4666 Deum,
3177 4601 3398 4672 quando
3435 4598 3703 4653 mundare

413 4702 467 4747 et
507 4702 681 4749 totum
740 4697 917 4767 ipsum
979 4699 1295 4770 mysterium
1366 4699 1422 4752 in
1477 4716 1543 4754 eo
1594 4702 1997 4755 sanctiﬁcatum
2105 4714 2199 4754 eos
2219 4697 2313 4767 qui
2343 4694 2733 4759 necessitatem
2755 4693 3058 4762 patiuntur,
3081 4699 3140 4746 et
3163 4690 3439 4745 dimittere
3461 4687 3545 4742 eis
3568 4699 3704 4756 pec-

416 4785 680 4857 Praecepit
710 4797 893 4844 autem
934 4800 989 4845 ct
1042 4793 1340 4846 sextarium
1372 4793 1481 4848 olei
1518 4793 1684 4860 sumi,
1713 4793 1842 4862 quia
1897 4792 2005 4847 ﬁde
2105 4801 2227 4846 cata
2273 4789 2538 4859 potuerit.
2586 4784 2819 4855 Propter
2848 4784 2994 4855 quod
3037 4781 3243 4853 septies
3272 4779 3531 4851 aspergit,
3575 4776 3704 4847 quia

412 4876 759 4950 intelligitur,
794 4895 848 4941 et
906 4885 1086 4954 agitur
1153 4885 1587 4956 unumquodque
1640 4901 1831 4940 eorum
1883 4900 2006 4955 qua:
2107 4894 2375 4934 nutuerus
2401 4879 2504 4931 iste
2543 4875 2799 4930 remissio
2830 4882 3187 4944 peccatorum
3213 4885 3338 4925 esse
3368 4869 3713 4924 demonstra-

413 4970 672 5038 przedicta
704 4980 852 5027 sunt.
880 4972 1013 5040 Quae
1035 4976 1185 5045 juste
1215 4977 1488 5032 sextarius
1512 4977 1855 5040 nominatur,
1878 4978 2006 5048 quia
2110 4983 2200 5030 tus
2221 4982 2326 5027 est.
2364 4971 2472 5026 Sed
2511 4977 2799 5040 postquam
2855 4967 3060 5022 fuderit
3101 4980 3269 5035 super
3297 4971 3542 5019 extrema
3572 4961 3710 5015 des.-

412 5062 872 5131 quemadmodum
900 5068 1172 5123 sextarius
1226 5084 1484 5124 mensura
1521 5078 1627 5129 est,
1660 5069 1744 5124 vel
1769 5070 1814 5125 si
1856 5078 2009 5141 coty-
2112 5076 2320 5122 trarum
2371 5063 2767 5128 auricularum,
2800 5068 2858 5117 ct
2898 5075 3064 5131 super
3114 5057 3342 5128 pollices
3398 5069 3620 5118 manus,
3648 5067 3711 5108 ac

415 5156 520 5212 lam
596 5161 901 5216 secundum
964 5162 1109 5218 LXX
1161 5164 1429 5227 dicamus,
1496 5165 1688 5220 eadem
1750 5179 2007 5220 mensura
2114 5155 2480 5229 pedisdextri,
2501 5154 2804 5209 secundum
2822 5152 2968 5223 quod
2983 5149 3417 5221 supradiximus,
3437 5146 3710 5215 reliquum

417 5252 850 5324 uniuscujusque
889 5255 1072 5311 minus
1104 5267 1160 5312 et
1192 5257 1312 5328 plus
1335 5273 1443 5311 non
1472 5258 1635 5329 capit.
1675 5258 1831 5323 Quod
1860 5258 1993 5313 enitr

2136 5247 2219 5302 ,ιρι
2259 5248 2315 5302 in
2350 5256 2516 5318 caput
2545 5246 2726 5301 fundit
2749 5246 2871 5313 ejus
2891 5244 2987 5315 qui
3008 5253 3237 5299 vocatus
3266 5251 3353 5297 est
3394 5249 3456 5294 ut
3481 5238 3712 5294 munda-

417 5342 541 5413 plus
570 5353 676 5408 est,
724 5345 1046 5413 effunditur,
1077 5349 1262 5403 minus
1306 5355 1492 5404 autem
1552 5356 1846 5419 propterea
1897 5363 2009 5402 non
2116 5352 2297 5400 retur:
2336 5358 2434 5413 per
2480 5349 2647 5412 caput
2694 5338 3189 5395 sanctiﬁcationem
3237 5335 3390 5392 omni
3443 5341 3712 5404 praestans

418 5437 669 5506 suscipit,
705 5439 833 5507 quia
867 5439 972 5493 hoc
999 5440 1146 5509 quod
1178 5440 1452 5496 minuitur
1501 5457 1848 5513 nequaquam
1896 5442 2010 5513 jam
2118 5434 2368 5505 corpori,
2425 5432 2809 5502 christumque
2868 5427 3084 5485 Domini
3114 5442 3240 5483 eum
3280 5426 3372 5496 qui
3414 5423 3711 5479 mundatus

420 5528 712 5595 sextarius,
739 5532 825 5587 vel
857 5532 1033 5604 cotyla
1085 5532 1286 5603 poterit
1317 5533 1601 5605 appellari.
1650 5532 1741 5589 Sic
1770 5544 1826 5590 et
1878 5534 2014 5589 ﬁdes
2120 5537 2228 5594 est,
2260 5525 2531 5597 perllanc
2578 5523 2899 5578 ImCliODem
2951 5520 3221 5576 θηὶοίθηεο
3274 5517 3453 5584 Tune,
3509 5516 3709 5586 inquit.

423 5619 491 5674 ad
532 5624 734 5678 mentis
762 5635 965 5679 nostrae
998 5641 1314 5681 mensuram
1343 5628 1524 5689 datur,
1566 5643 1689 5698 qua:
1721 5643 1828 5682 non
1869 5629 1999 5698 capit

2132 5634 2226 5689 pro
2268 5625 2493 5686 peccato
2528 5614 2857 5670 sacrificium
2895 5613 3126 5668 oﬁ‘ertur
3161 5630 3174 5665 :
3231 5611 3465 5681 qualiter
3503 5618 3708 5671 autem,

424 5713 659 5783 amplius
689 5724 783 5770 aut
831 5698 1013 5771 minus
1043 5733 1204 5788 quam
1237 5718 1536 5788 unicuique
1562 5733 1590 5772 a
1634 5716 1745 5772 Deo
1773 5727 1856 5773 est
1904 5716 2017 5772 dis-
2126 5725 2239 5765 non
2270 5708 2426 5772 dicit,
2462 5722 2527 5761 ei.
2569 5707 2653 5761 his
2668 5706 2817 5761 enim
2847 5721 2968 5775 quae
2999 5706 3067 5761 de
3092 5703 3310 5758 deliCliS
3366 5701 3510 5757 ἀίεῑυ
3564 5706 3708 5763 sum.

499 5888 546 5921 “
572 5888 707 5945 Gen.
750 5908 940 5957 xxxiii,
973 5893 1026 5945 :2.
1107 5892 1150 5926 ‘3
1181 5893 1311 5948 Luc.
1344 5874 1463 5962 xui,
1496 5892 1585 5949 2i.
1672 5893 1713 5926 't"
1742 5891 1903 5947 Rom.
1938 5905 2020 5958 ιιι,
2048 5888 2075 5944 Ξ

1812 5907 1903 5946 im.
1938 5905 2020 5958 ιιι,
2048 5886 2237 5944 20-22.
2330 5886 2371 5917 ⁸⁸
2405 5885 2562 5939 llom.
2593 5900 2664 5948 ιιι,
2695 5884 2747 5939 6.
2825 5883 2868 5917 δε
2907 5881 2950 5938 ll
2982 5882 3107 5939 Cor.
3141 5897 3215 5948 vt,
3259 5880 3313 5948 7,
3337 5879 3388 5936 8.
