3992 6444
364 402 474 467 95⁸1

1516 402 1600 463 ΙΝ
1637 403 2083 464 LEVITICUM.
2124 427 2195 439 ·-
2228 403 2375 463 LIB.
2408 403 2506 464 IV.

3545 404 3651 469 958

369 511 607 576 possunt
635 503 802 558 etlam
859 517 923 559 ea
957 520 1081 575 qua:
1107 520 1210 576 pro
1256 513 1484 576 peccato
1527 516 1678 575 sunt,
1725 509 1956 578 conjici:
1987 513 2034 568 Α
2064 508 2586 578 contemplationem
2625 507 2896 578 intendat,
2956 520 3012 566 et
3064 511 3131 566 ad
3176 511 3391 567 occulta
3421 510 3651 582 spiritus

370 593 555 648 vicina
581 593 730 648 enim
759 603 907 659 sunt,
938 605 996 649 et
1022 596 1334 651 communia
1362 605 1553 666 utpote
1597 598 1653 651 in
1686 600 1963 654 communi

372 685 629 739 materia.
659 684 791 740 Post
837 685 943 740 hoc
987 686 1232 742 immolat
1259 689 1664 753 holocaustum,
1695 699 1753 744 et
1806 692 1965 761 ponit

373 776 512 831 illud
541 776 598 830 in
628 776 822 841 altare,
844 786 952 831 tam
988 794 1087 848 pro
1112 779 1308 834 ordine
1347 780 1764 844 sacriﬁciorum,
1798 797 1964 851 quam

373 884 481 937 pro
503 883 569 923 eo
593 869 686 937 qui
711 870 992 939 paulisper
1021 872 1275 939 provenit
1301 873 1435 943 legis
1481 873 1753 942 profectu.
1806 874 1963 929 Prius

374 960 529 1014 enim
560 961 891 1015 sacriﬁcium
925 964 1139 1031 peccati
1189 971 1245 1017 ct
1272 964 1455 1019 delicti
1487 966 1690 1035 posuit,
1744 975 1800 1020 et
1830 975 1964 1022 tunc

376 1048 784 1104 holocaustum.
839 1050 981 1122 Ergo
1009 1052 1163 1122 prius
1191 1068 1294 1109 nos
1325 1053 1529 1108 Christi
1572 1054 1897 1110 sacriﬁcium
1930 1070 1961 1110 a

376 1142 602 1197 delictis
629 1151 685 1196 et
707 1144 951 1211 peccatis
977 1144 1228 1208 mundat,
1259 1154 1315 1199 et
1343 1154 1479 1200 tunc
1516 1156 1765 1201 nostrum
1788 1148 1965 1202 conﬁ-

377 1222 528 1288 citur
549 1234 951 1290 holocaustum.
984 1233 1048 1289 Et
1072 1244 1359 1306 propterea
1411 1238 1645 1305 primum
1685 1254 1716 1293 a
1765 1239 1957 1297 delictc

377 1324 608 1392 dicens,
654 1326 855 1381 deinde
903 1326 1023 1382 haec
1060 1327 1326 1394 subdidit,
1356 1329 1484 1399 quia
1514 1329 1583 1383 de
1636 1328 1858 1386 Christo
1908 1340 1967 1386 et

380 1417 505 1472 haec
538 1429 594 1473 et
623 1418 710 1473 illa
749 1419 989 1487 dicebat,
1022 1431 1080 1476 et
1124 1421 1192 1475 ad
1216 1437 1385 1476 unum
1417 1423 1775 1491 sacriﬁcium,
1817 1426 1965 1495 quod

379 1525 450 1564 ex
487 1510 662 1566 hostia
691 1510 853 1566 nobis
882 1513 1375 1568 sanctiﬁcationem
1402 1516 1632 1586 praebet,
1683 1519 1831 1587 quod
1865 1533 1967 1574 nos

376 1600 454 1653 ad
482 1599 652 1654 altare
673 1601 972 1655 ascendere
1000 1600 1148 1656 facit.
1177 1600 1407 1667 Quando
1424 1602 1572 1656 enim
1602 1603 1966 1675 intelligibilis

374 1689 775 1745 ettiundatione
822 1692 1051 1761 spiritus
1109 1699 1283 1746 totum
1345 1702 1594 1747 nostrum
1652 1709 1852 1763 corpus
1910 1705 1967 1749 et

378 1779 622 1832 animam
687 1779 1113 1845 sanctiﬁcantes,
1167 1782 1443 1851 spiritales
1485 1782 1614 1836 facti
1659 1782 1960 1848 fuerimus,

378 1878 519 1924 tunc
547 1871 695 1941 digni
718 1872 786 1926 ad
831 1873 1212 1927 ascensionem
1259 1875 1445 1929 altaris
1494 1874 1795 1930 eﬁicimur:
1833 1884 1963 1931 tunc
1996 1852 2034 1906 Β

378 1962 758 2032 plenissimam
824 1965 1125 2035 accipimus
1185 1967 1619 2033 mundationem,
1674 1978 1961 2037 postquam

374 2048 493 2119 jam
519 2051 678 2104 aliam
710 2054 1076 2108 necessariam
1103 2069 1211 2108 non
1244 2055 1531 2110 habemus.
1569 2056 1783 2111 Audisti
1816 2057 1963 2111 enim

378 2154 535 2195 nunc
555 2143 1014 2198 emundationum
1044 2144 1373 2213 profectum,
1419 2162 1646 2216 quarum
1683 2146 1798 2201 haec
1842 2147 1966 2215 qui~

371 2232 507 2285 dem
541 2247 691 2313 nosa
718 2234 1025 2303 pollutione
1051 2236 1219 2304 lcprat
1248 2236 1467 2300 liberat,
1512 2236 1615 2289 alia
1673 2244 1855 2291 autem
1906 2237 1963 2292 in

374 2324 582 2380 Castris
605 2324 905 2381 introducit
940 2327 1066 2393 Dei;
1108 2328 1227 2382 hinc
1256 2337 1440 2382 autem
1488 2328 1553 2383 ad
1587 2329 1756 2382 altare
1786 2329 1964 2400 ipsum

377 2414 675 2480 deducere,
705 2424 892 2486 utpote
920 2417 1238 2486 plenissime
1266 2418 1579 2483 mundatos,
1603 2426 1764 2488 atque
1785 2420 1967 2475 suble-

379 2519 514 2558 vare
558 2514 758 2574 potest.
810 2506 946 2561 Cum
999 2515 1181 2561 autem
1234 2523 1495 2562 vocemur
1537 2508 1603 2563 ad
1641 2512 1966 2580 sequentia,

377 2609 612 2650 necesse
644 2606 729 2650 est
758 2605 814 2650 ut
847 2597 926 2665 ad_
948 2612 1011 2651 ea
1034 2613 1157 2652 cum
1185 2598 1335 2652 omni
1362 2599 1542 2653 studio
1578 2608 1937 2655 transeamus.

455 2687 620 2741 Vens.
650 2687 839 2742 21-32.
882 2708 901 2740 ‹
933 2687 1088 2755 Quod
1113 2689 1156 2744 si
1190 2705 1398 2760 panper
1420 2700 1524 2754 est,
1573 2704 1759 2747 etnon
1791 2701 1970 2763 potest

379 2792 581 2832 manus
611 2779 732 2848 ejus
767 2779 1017 2833 invenire
1043 2795 1165 2850 quae
1196 2782 1340 2836 dicta
1376 2791 1527 2847 sunt,
1556 2794 1740 2839 sumet
1769 2801 1967 2855 agnum

379 2883 485 2940 pro
517 2869 718 2925 delicto
748 2870 815 2925 ad
845 2871 1198 2938 oblationem,
1223 2881 1285 2927 ut
1313 2882 1577 2944 rogetpro
1602 2889 1668 2929 eo
1696 2876 1969 2942 sacerdos,

378 2958 763 3029 decimamque
788 2968 999 3030 partem
1027 2962 1217 3017 simila:
1238 2977 1598 3033 conspersam
1630 2966 1752 3020 oleo
1799 2966 1854 3020 in
1884 2982 1972 3021 sa-

380 3050 677 3112 criﬁcium,
703 3060 759 3106 et
786 3053 890 3106 olei
913 3054 1235 3120 sextarium,
1273 3055 1522 3126 duosque
1561 3065 1804 3112 turtures
1855 3060 1972 3115 sive

379 3141 524 3194 duos
547 3141 727 3211 pullos
746 3142 1035 3208 columbae,
1070 3157 1304 3213 quorum
1332 3145 1402 3199 sit
1427 3161 1570 3200 unus
1596 3162 1696 3216 pro
1725 3157 1969 3215 peccato,
1999 3187 2043 3246 C

379 3244 441 3288 et
477 3235 617 3289 alter
645 3234 702 3288 in
745 3235 1163 3300 holocaustum,
1217 3237 1487 3307 oﬁ'ertque
1530 3253 1595 3293 ea
1642 3239 1732 3294 die
1780 3248 1974 3296 octavo

382 3324 790 3394 puriﬁcationis
820 3340 933 3380 sua:
961 3325 1231 3380 sacerdoti
1279 3326 1345 3380 ad
1380 3327 1582 3382 ostium
1643 3328 1975 3383 tabernaculi

382 3418 689 3472 testimonii
709 3433 893 3473 coram
923 3416 1170 3473 Domino.
1190 3419 1293 3485 Qui
1321 3419 1634 3490 suscipiens
1655 3436 1854 3491 agnum
1875 3437 1976 3492 pro

382 3510 625 3572 delicto,
654 3522 711 3564 et
739 3511 1037 3566 sextarium
1077 3512 1215 3574 olei,
1247 3513 1452 3568 levabit
1482 3513 1677 3578 simul;
1726 3515 1976 3570 immola-

384 3609 556 3668 toque
577 3614 736 3669 agno,
761 3600 829 3655 de
857 3601 1122 3671 sanguine
1146 3602 1265 3671 ejus
1293 3610 1642 3673 ponetsuper
1671 3613 1976 3659 extremum

383 3691 649 3744 auriculae
675 3690 903 3759 dextrtc,
932 3691 1052 3760 ejus
1081 3691 1174 3760 qui
1200 3691 1555 3756 emundatur,
1586 3700 1641 3745 et
1667 3707 1833 3761 super
1862 3693 1980 3761 pol-

384 3784 526 3837 lices
556 3798 750 3839 manus
774 3783 895 3853 ejus
928 3798 993 3837 ac
1022 3784 1178 3853 pedis
1203 3784 1398 3837 dextri.
1424 3782 1549 3838 'Olei
1580 3798 1712 3837 vero
1765 3793 1975 3853 partem

388 3877 574 3931 mittet
597 3877 649 3929 in
682 3891 903 3930 manum
934 3892 1089 3931 suam
1119 3876 1423 3940 sinistram,
1452 3874 1506 3928 in
1533 3891 1643 3945 quo
1699 3876 1978 3945 intiugens

386 3967 621 4036 digitum
683 3966 888 4021 dextra:
944 3981 1171 4032 manus,
1230 3975 1485 4037 asperget
1529 3966 1977 4035 septies‘contra

390 4059 709 4113 Dontinum.
747 4056 1066 4129 Tangctque
1122 4066 1431 4112 extremum
1461 4057 1666 4111 dextra:
1720 4058 1979 4112 auricula:

387 4153 541 4207 illius
581 4151 675 4222 qui
709 4152 1009 4206 mundatur
1064 4158 1121 4205 et
1170 4150 1398 4220 pollices
1453 4165 1672 4214 manus,
1705 4165 1769 4205 ac
1826 4150 1981 4220 pedis

389 4241 572 4297 dextri
606 4241 663 4295 in
693 4240 813 4295 loco
835 4239 1121 4311 sanguinis
1155 4239 1484 4309 qui'eﬁ'usus
1505 4250 1588 4294 est
1618 4254 1719 4310 pro
1759 4238 1976 4294 delicto.

390 4330 680 4400 Reliquam
708 4338 891 4385 autem
942 4338 1151 4400 partem
1182 4328 1311 4394 olei,
1358 4343 1480 4398 qua:
1533 4336 1617 4383 est
1651 4329 1708 4382 in
1758 4327 1980 4383 sinistra

390 4438 560 4478 manu
596 4423 777 4477 mittet
800 4438 970 4493 super
1017 4429 1182 4492 caput
1221 4419 1514 4491 puriﬁcati,
1567 4429 1628 4474 ut
1656 4420 1835 4491 placet
1881 4436 1982 4490 pro

2069 599 2302 657 deducat
2333 615 2459 654 eum
2499 600 2594 669 qui
2624 600 2739 655 vult
2773 601 2980 672 ingredi
3010 604 3078 659 ad
3102 604 3390 658 thesauros
3416 604 3651 659 abscon-

2063 689 2210 744 ditos
2250 690 2517 745 scientiae.
2546 690 2682 744 Cum
2715 691 2905 746 liceret
2923 693 3069 746 enim
3097 693 3148 747 ei
3181 701 3462 746 coarctare
3484 693 3654 746 sacri.

2064 781 2313 835 liciorum
2338 797 2651 845 numerum,
2676 791 2905 853 propter
2936 794 3312 854 paupertatem
3344 784 3649 847 oﬁ‘erentis,

2066 870 2171 925 hoc
2196 871 2474 936 omittens,
2502 872 2626 927 vilia
2657 875 2904 944 quaedam
2933 876 3003 939 ei,
3032 885 3088 930 ct
3124 890 3232 929 non
3283 874 3461 945 magni
3490 873 3650 944 pretii

2064 962 2323 1030 exquirit,
2347 966 2493 1034 quod
2512 965 2768 1020 facittam
2799 967 3105 1036 paupertati
3144 967 3432 1037 ignoscetis
3486 979 3650 1034 quam

2063 1052 2230 1105 etiam
2259 1054 2413 1108 lucro
2446 1055 2863 1123 sacriﬁciorum,
2906 1056 3097 1112 volens
3145 1058 3237 1111 dat
3262 1055 3567 1133 intelligere
3620 1071 3650 1109 a

2062 1155 2170 1209 qua
2199 1140 2348 1211 lepra
2377 1144 2637 1198 malitiam
2658 1145 2957 1215 signiﬁcat,
2997 1145 3200 1201 deinde
3238 1146 3404 1215 hujus
3458 1158 3651 1199 emun-

2061 1235 2212 1289 datio
2235 1244 2321 1290 est
2350 1235 2693 1306 poenitentia.
2730 1234 2855 1290 llaec
2897 1245 3082 1291 autem
3125 1233 3652 1307 opera-necessaria

2067 1332 2247 1397 balet,
2308 1332 2431 1403 quae
2474 1333 2770 1387 virtutibus
2822 1342 2880 1387 et
2932 1333 3166 1388 actionis
3211 1333 3392 1388 studio
3438 1332 3654 1387 valeant

2064 1421 2248 1476 delere
2304 1429 2567 1501 peccata,
2624 1430 2853 1491 propter
2905 1421 3049 1489 quod
3116 1421 3355 1475 Joannes
3413 1419 3652 1488 Baptista

2066 1513 2269 1584 populo
2292 1511 2608 1568 Iudaeorum
2652 1512 2904 1567 dicebat:
2949 1511 3130 1566 Facite
3172 1512 3401 1581 fructum
3434 1514 3653 1582 dignum

2064 1601 2480 1671 pmnitentiw".
2542 1601 2926 1657 Consideravit
2997 1601 3180 1665 enim,
3229 1600 3371 1654 sicut
3437 1600 3654 1655 subtilis

2065 1695 2363 1765 legislator,
2386 1709 2484 1749 eos
2518 1693 2612 1764 qni
2635 1709 2745 1747 non
2763 1694 2949 1747 omnia
2979 1690 3211 1763 possint,
3235 1708 3355 1760 qua:
3379 1690 3656 1761 pertinent

2068 1789 2132 1843 ad
2164 1789 2469 1843 districtam
2499 1786 2769 1840 rationem
2801 1784 3142 1856 paenitentia:
3186 1783 3472 1847 exhibere,
3518 1795 3658 1851 opus

2066 1877 2216 1932 enim
2242 1877 2409 1931 habet
2437 1875 2766 1946 paenitentia
2806 1873 3113 1928 orationem
3165 1872 3456 1934 intentam,
3506 1870 3652 1924 elec-

2067 1982 2368 2039 mosynam,
2425 1966 2659 2035 vigilias,
2727 1979 2969 2029 saccum,
3019 1961 3330 2031 jejunium;
3380 1967 3657 2029 postremo

2066 2061 2228 2115 etiam
2267 2061 2353 2114 illa
2404 2075 2526 2127 quae
2573 2057 2741 2112 David
2782 2056 2953 2112 dicit:
3006 2054 3187 2109 Facta:
3221 2061 3341 2105 sunt
3398 2053 3528 2105 mihi
3573 2051 3660 2105 la-

2065 2168 2257 2221 cryma:
2288 2166 2413 2205 mea:
2449 2166 2610 2219 panes
2644 2149 2730 2202 die
2776 2164 2840 2200 ac
2875 2145 3086 2199 nocte“
3110 2184 3124 2199 .
3159 2144 3267 2198 Et:
3303 2142 3516 2197 Lavabo
3566 2157 3661 2210 per

2064 2243 2300 2314 singulm
2317 2228 2491 2295 noctes
2516 2240 2707 2294 lectum
2730 2254 2904 2292 meum
2925 2254 2943 2302 ;
2965 2236 3214 2306 lacrymis
3231 2243 3459 2288 stratum
3486 2249 3659 2287 meum

2066 2336 2248 2405 rigabo
2266 2334 2310 2365 “
2332 2373 2346 2387 .
2382 2333 2491 2387 Sed
2523 2339 2608 2386 et:
2652 2331 2895 2386 Cincrem
2941 2330 3078 2382 sicut
3110 2342 3302 2396 panem
3359 2326 3646 2379 manduca-

2068 2425 2210 2482 bam.
2256 2433 2306 2478 et
2333 2433 2515 2492 potum
2540 2439 2712 2477 meum
2757 2437 2876 2474 cum
2903 2421 3030 2489 ﬂetu
3079 2417 3458 2472 miscebant".
3519 2413 3660 2469 Sunt

2068 2518 2270 2574 etenim
2298 2516 2392 2586 qui
2432 2516 2551 2570 haec
2605 2513 2791 2569 omnia
2844 2511 3068 2566 forsitan
3125 2516 3351 2579 propter
3401 2515 3660 2560 senectu-

2067 2619 2201 2673 tem,
2226 2617 2321 2663 aut
2359 2616 2583 2677 propter
2615 2606 2843 2660 nimiam
2872 2602 3119 2673 corporis
3154 2599 3550 2663 inﬁrmitatem,
3575 2598 3659 2651 vel

2070 2701 2227 2755 aliam
2256 2699 2664 2761 necessitatem,
2692 2710 2854 2766 agere
2885 2710 2995 2749 non
3026 2700 3281 2763 poSsunt,
3308 2691 3449 2745 sicut
3476 2691 3532 2743 in
3555 2689 3663 2742 alio

2068 2790 2292 2861 negotio
2323 2788 2614 2859 praesentis
2644 2787 2767 2841 libri
2794 2782 3134 2854 interpretati
3168 2796 3395 2836 sumus:
3432 2776 3665 2849 ignoscit

2073 2882 2176 2947 bis,
2212 2880 2335 2951 quia
2376 2880 2567 2934 volunt
2593 2877 2835 2949 quidem,
2868 2892 2977 2929 non
3005 2872 3221 2928 invenit
3251 2880 3438 2926 autem
3469 2884 3665 2924 manus

2073 2967 2426 3025 eorum.Non
2456 2978 2690 3038 possunt
2722 2966 2893 3033 enim,
2940 2972 2993 3019 et
3031 2971 3221 3032 utpote
3247 2960 3463 3016 veniam
3504 2959 3661 3023 dans,

2074 3062 2303 3116 alteram
2336 3060 2418 3114 eis
2456 3060 2601 3114 viam
2645 3056 3007 3129 paenitentiae,
3051 3054 3157 3109 alia
3203 3068 3404 3124 genera
3456 3049 3666 3105 sacriﬁ-

2074 3154 2283 3207 ciorum
2345 3151 2603 3221 exquirit,
2665 3157 2722 3204 et
2783 3156 2912 3202 ante
2963 3146 3148 3202 omnia
3201 3144 3420 3215 quidem
3466 3157 3666 3213 agnum

2076 3243 2250 3299 dicit:
2310 3249 2529 3312 oportet
2571 3240 2717 3295 enim
2767 3250 3218 3307 unumquemque
3272 3231 3654 3304 paenitentiam

2076 3342 2329 3407 agentem
2377 3333 2445 3388 ad
2490 3329 2885 3401 benignitatem
2932 3336 3060 3382 ante
3089 3325 3271 3380 omnia
3329 3323 3565 3392 migrare
3612 3329 3668 3374 ct

2079 3426 2223 3480 hanc
2284 3422 2526 3487 studere,
2561 3419 2688 3490 quia
2736 3419 2856 3473 haec
2906 3416 3073 3472 etiam
3104 3414 3333 3469 cuilibet
3372 3411 3551 3466 facilis
3598 3410 3668 3464 ad
3760 3407 3765 3412 ’

2077 3515 2493 3586 adipiscendum
2521 3521 2603 3568 est
2634 3526 2799 3581 quam
2836 3525 2867 3564 a
2913 3508 3070 3564 malis
3107 3504 3452 3585 abstinuerit.

2152 3608 2422 3661 Decimam
2452 3614 2656 3676 partem
2683 3601 2876 3657 similae
2928 3614 3259 3669 conspersum
3288 3598 3421 3649 oleo.
3477 3595 3534 3651 Id
3587 3600 3674 3650 cst

2078 3699 2282 3754 Christi
2316 3696 2644 3766 theologiam
2670 3692 2915 3763 assequi,
2945 3690 3040 3761 qui
3065 3689 3189 3745 oleo
3227 3703 3323 3743 seu
3358 3686 3673 3742 misericor-

2077 3789 2164 3843 dia
2196 3786 2367 3843 nostri
2393 3783 2793 3855 contemperari
2829 3796 3021 3852 passus
3054 3789 3141 3834 est
3161 3777 3321 3832 carni
3343 3816 3357 3830 .
3391 3776 3460 3830 Et
3488 3783 3671 3830 sexta-

2079 3878 2242 3943 rium,
2276 3891 2377 3932 seu
2402 3875 2704 3931 secundum
2729 3871 2894 3939 LXX,
2929 3870 3159 3941 cotylam
3178 3867 3281 3921 olei
3314 3880 3508 3929 unam;
3530 3864 3673 3918 hanc

2079 3980 2262 4024 autem
2288 3983 2411 4024 esse
2462 3964 2915 4021 manifestissime
2970 3961 3135 4016 ﬁdem
3188 3959 3248 4013 in
3307 3955 3674 4011 anterioribus

2080 4057 2602 4116 demonstravimus.
2631 4055 2741 4121 Sed
2757 4054 2889 4124 quid
2923 4051 3107 4107 oﬁerri
3134 4064 3261 4104 cum
3286 4048 3374 4103 bis
3399 4045 3676 4117 legislator

2080 4152 2342 4224 przccepit
2356 4151 2381 4205 ?
2835 4222 2841 4227 .

2156 4245 2573 4306 Duosturturcs,
2628 4241 2710 4296 vel
2734 4241 2867 4295 duos
2908 4238 3081 4309 pullos
3121 4234 3506 4299 columbarum.
3548 4228 3677 4285 Ηωο

2083 4347 2265 4391 autem
2313 4335 2474 4391 facile
2503 4333 2859 4404 reperiuntur
2902 4346 2934 4385 a
2962 4328 3231 4399 quolibet,
3265 4325 3322 4380 id
3363 4333 3449 4378 est
3495 4322 3673 4377 conti-

2083 4444 2254 4492 nuam
2284 4427 2420 4498 legis
2475 4424 2916 4483 meditationem.
2953 4435 3075 4491 quae
3102 4433 3213 4472 non
3257 4417 3431 4472 solum
3466 4429 3533 4468 ex
3585 4413 3679 4467 le-

389 4530 463 4570 eo
501 4514 813 4569 Dominum.
854 4513 922 4569 Et
953 4522 1245 4579 turturem.
1284 4511 1400 4567 sive
1450 4512 1660 4582 pullum
1712 4513 1980 4567 columbae
2013 4522 2056 4575 D
2086 4519 2292 4579 ctione,
2323 4532 2393 4569 ne
2427 4514 2569 4569 forte
2597 4522 2654 4569 et
2680 4514 2826 4568 hanc
2853 4511 3004 4566 dicas
3031 4522 3154 4564 esse
3182 4504 3509 4576 quibusdam
3534 4500 3677 4557 ditii-

388 4605 607 4672 oﬁ‘eret,
647 4621 816 4661 unum
849 4620 948 4675 pro
980 4604 1198 4669 delicto,
1249 4613 1305 4658 et
1334 4602 1567 4658 alterum
1614 4603 1669 4657 in
1720 4604 1981 4659 holocau-

390 4705 541 4753 stum
559 4711 683 4752 cum
701 4694 1017 4750 libamentis
1040 4694 1173 4749 suis.
1196 4694 1312 4750 Hoc
1331 4702 1417 4767 est
1437 4693 1764 4748 sacriﬁcium
1782 4694 1980 4764 Ieprosi

387 4790 488 4861 qui
513 4789 715 4844 habere
742 4803 854 4844 non
884 4796 1068 4858 potest
1098 4787 1279 4842 omnia
1306 4787 1362 4840 in
1392 4786 1783 4841 emundatione
1811 4788 1917 4841 sui.
1956 4807 1975 4838 ι

467 4879 794 4935 Admirabili
821 4894 949 4950 erga
974 4894 1070 4934 eos
1102 4879 1194 4947 qui
1216 4879 1389 4949 legem
1410 4877 1982 4949 accipiuntlegislator

388 4972 866 5028 condescensione
897 4971 1090 5025 utitur.
1124 4970 1264 5025 Ecce
1292 4972 1438 5025 enim
1494 4969 1710 5023 veniam
1742 4984 1980 5040 pauper-

390 5063 627 5126 tatidat.
661 5062 1025 5118 et'moderata
1060 5061 1286 5132 pauperi
1327 5060 1593 5116 sacriﬁcia
1627 5076 1749 5116 esse
1776 5075 1982 5130 praece-

390 5156 494 5227 pit,
523 5171 592 5211 ne
644 5154 788 5210 forte
829 5155 1203 5225 Obstupescat,
1255 5138 1384 5209 dum
1436 5155 1641 5225 majora
1695 5154 1766 5219 ei,
1816 5168 1982 5225 quam

390 5250 570 5306 virtus
594 5258 701 5312 est,
733 5248 1150 5319 prtecipiuntur.
1173 5245 1282 5303 Sed
1312 5247 1437 5317 quia
1467 5262 1573 5302 nec
1616 5262 1807 5302 eorum
1860 5261 1980 5316 quat
2009 5287 2052 5331 ι

390 5343 543 5413 dicta
592 5351 722 5398 sunt
763 5342 1044 5413 quidpiam
1097 5340 1259 5397 facile
1306 5340 1362 5394 in
1421 5347 1631 5411 quaestu
1682 5353 1982 5410 pauperum

394 5433 749 5500 invenimus,
808 5432 901 5502 qui
960 5431 1111 5487 enim
1163 5447 1273 5486 non
1340 5430 1507 5486 habet
1550 5444 1778 5501 panem,
1837 5429 1983 5484 unde

394 5527 631 5598 agnum?
661 5525 755 5596 qui
784 5534 967 5580 autem
998 5524 1228 5595 pecunia
1258 5532 1399 5596 eget,
1428 5523 1573 5578 unde
1599 5530 1744 5577 emat
1772 5522 1984 5577 colum-

396 5620 523 5677 bam
557 5619 642 5673 vel
686 5624 953 5672 turturem
985 5617 1009 5670 ?
1039 5604 1390 5671 manifestum
1425 5623 1509 5670 est
1548 5613 1691 5684 quod
1744 5612 1979 5683 aliquam

470 5816 518 5865 ιτ
552 5815 741 5872 Matth.
780 5833 862 5886 ut,
900 5818 952 5872 8.
1032 5815 1074 5853 "~"
1113 5816 1254 5871 Psal.
1282 5832 1390 5883 stt,
1422 5816 1475 5871 4.

1554 5816 1596 5846 δ’
1628 5813 1770 5870 Psal.
1802 5828 1878 5881 vt,
1911 5814 1962 5868 7.
2041 5812 2086 5847 ⁸ο
2117 5811 2259 5869 Psal.
2290 5828 2362 5879 Cl,
2402 5813 2485 5869 lO.

2082 4610 2264 4672 citem,
2288 4608 2383 4661 sed
2405 4616 2461 4662 et
2501 4621 2566 4661 ex
2600 4602 3088 4673 contemplatione,
3125 4614 3247 4669 quae
3282 4605 3368 4652 cst
3398 4596 3453 4649 in
3493 4594 3678 4648 animo

2081 4703 2139 4749 et
2185 4702 2391 4757 mente,
2452 4693 2762 4748 conﬁcitur.
2804 4690 2939 4757 Qua:
2984 4697 3219 4757 utraque
3273 4702 3374 4757 pro
3421 4699 3583 4739 sacco
3624 4692 3682 4737 ct

2077 4785 2287 4856 jejunio
2333 4795 2388 4840 et
2434 4785 2718 4856 lacrymis,
2776 4792 2831 4838 et
2872 4783 3095 4845 cinere,
3138 4780 3265 4835 cibo
3312 4785 3479 4845 sunt,
3516 4787 3723 4851 atque.

2082 4876 2375 4942 similibus,
2406 4876 2450 4930 si
2477 4876 2566 4929 illa
2615 4875 2683 4930 ad
2713 4872 3111 4928 humiliandam
3139 4884 3362 4926 carnem
3394 4878 3452 4923 et
3503 4866 3681 4921 refre-

2083 4969 2322 5023 nandam
2352 4968 2589 5022 animam
2619 4982 2649 5021 a
2695 4964 2930 5022 terrenis
2964 4962 3228 5034 operibus
3259 4962 3493 5033 agimus.
3530 4957 3682 5013 Facit

2083 5070 2266 5117 autem
2299 5061 2414 5115 haec
2444 5059 2607 5114 etiam
2630 5058 2766 5131 legis
2791 5056 3099 5118 meditatio,
3124 5063 3181 5109 et
3220 5052 3542 5108 continuum
3574 5048 3681 5102 hoc

2085 5154 2330 5210 studium
2357 5153 2713 5223 districtaque
2742 5150 3052 5207 divinorum
3090 5146 3475 5203 mandatorum
3515 5150 3680 5209 atque

2084 5244 2479 5302 beneﬁciorum
2515 5242 2924 5312 contemplatio,
2957 5250 3013 5294 et
3071 5234 3438 5309 perscrutatio
3487 5247 3681 5287 neces-

2085 5337 2229 5394 sarie
2256 5337 2375 5393 hinc
2401 5336 2667 5392 sacriﬁcia
2704 5350 2802 5406 pro
2841 5333 2950 5388 illis
2994 5328 3320 5390 introduxit,
3357 5339 3478 5395 qua:
3510 5323 3675 5377 etiam

2086 5428 2256 5484 David
2301 5428 2531 5500 exponit
2565 5427 2790 5482 dicens:
2836 5421 3037 5476 Beatus
3074 5419 3156 5473 uir
3190 5419 3282 5489 qui
3323 5431 3425 5469 non
3459 5414 3587 5467 abiit
3621 5414 3678 5464 in

2088 5520 2305 5576 consilio
2329 5520 2634 5591 impiorum,
2669 5526 2718 5571 et
2745 5517 2799 5569 in
2819 5516 2904 5569 via
2945 5519 3277 5583 peccatorum
3308 5524 3408 5562 non
3440 5506 3602 5569 stetit,
3628 5513 3678 5558 ct

2090 5614 2147 5667 in
2177 5614 2426 5667 cathedra
2454 5606 2759 5681 pestilentia:
2782 5622 2886 5660 non
2917 5604 3106 5659 δειιίιδι
3132 5646 3142 5655 .
3178 5600 3335 5670 Quod
3362 5597 3680 5655 muniit-stat

2565 5812 2608 5845 ⁸¹
2642 5808 2784 5866 Psal.
2822 5824 2862 5876 ι,
2900 5807 2945 5861 l.
