3992 6446
457 382 562 445 959

1643 379 1998 439 IlESYClllE
2044 378 2511 437 PRESBYTERI

3608 380 3699 445 96")

456 494 581 566 agni
615 494 939 549 sacriﬁcium
972 495 1120 551 omni
1151 493 1386 549 carentis
1410 492 1643 551 macula,
1670 499 1833 559 atque
1867 504 2031 558 prop-
2064 500 2106 550 Α
2207 484 2505 554 Quijuvari
2532 484 2822 549 desiderat,
2862 494 3047 539 sancta
3078 486 3344 554 spiritalia
3383 488 3698 559 negligentq

460 596 610 638 terea
643 584 1013 639 innocentium
1055 588 1299 657 signans.
1331 583 1433 637 Sed
1456 584 1510 635 in
1540 580 1650 653 lege
1693 578 1905 633 Domini
1934 578 2034 648 {ait

430 670 703 729 .v-iluntas
734 671 847 741 ejus
863 673 937 725 li’:
976 673 1119 727 illius
1166 671 1418 725 videlicet
1444 669 1534 738 qui
1567 667 1822 721 mundam
1870 664 2034 717 habet

458 762 768 823 scientiam,
810 778 905 831 per
936 762 1453 832 contemplationem
1485 757 1854 814 innocentium
1886 755 2036 824 cogi-

460 850 725 905 tationum
761 853 949 920 quales
973 856 1234 921 quosdam
1274 849 1471 903 Paulus
1514 848 1682 902 dicit:
1715 844 1907 916 Legem
1933 859 2037 896 non

461 937 728 1003 habentes,
752 948 799 991 et
826 954 982 1007 opera
1004 937 1130 1007 legis
1155 938 1351 1005 scripta
1383 937 1436 988 in
1454 935 1692 989 cordibus
1711 934 1820 987 suis
1836 933 1910 997 ⁸³ς
1938 945 2037 1001 per

463 1030 833 1099 disciplinatas
883 1039 1171 1098 castusque
1201 1028 1555 1098 cogitationes
1574 1027 2035 1088 demonstrantes,

458 1120 634 1190 qualis
695 1120 1096 1189 quodammodo
1168 1129 1254 1173 est
1303 1118 1528 1172 turturis
1594 1115 1818 1171 oblatio.
1885 1114 2038 1169 Unde

460 1212 827 1283 cognitionem
853 1212 1071 1267 animali
1098 1212 1213 1281 ipse
1244 1211 1340 1265 Dei
1372 1210 1595 1280 spiritus
1623 1224 1719 1278 per
1746 1206 2036 1262 Jeremiam

456 1301 783 1372 prophetam
815 1301 994 1356 inesse
1022 1311 1255 1357 testatus
1284 1309 1368 1357 est
1401 1320 1414 1354 :
1447 1301 1644 1355 Turtur
1664 1341 1679 1367 ,
1710 1308 1758 1354 et
1789 1300 2036 1373 hirundo,

460 1402 509 1446 et
542 1394 768 1456 ciconia,
808 1394 1164 1447 custodierunt
1216 1404 1417 1463 tempus
1445 1393 1697 1446 adventus
1747 1392 1850 1453 sui;
1880 1406 2042 1461 popu-

461 1480 542 1534 lus
567 1491 745 1534 autem
766 1498 907 1535 meus
926 1498 1027 1535 non
1055 1484 1294 1553 cognovit
1312 1483 1575 1552 judicium
1606 1467 1874 1535 Dbmini”
1892 1521 1907 1534 .
1933 1480 2038 1534 Sed

459 1574 591 1642 quid
624 1573 791 1627 David
838 1574 1171 1640 supradictis
1197 1572 1439 1628 addidit?
1488 1572 1553 1626 Et
1586 1574 1641 1625 in
1688 1572 1796 1641 lege
1830 1570 2041 1624 Domini

462 1660 565 1726 [ait
600 1659 843 1713 voluntas
871 1660 1010 1729 ejus,
1042 1672 1089 1714 et
1120 1662 1174 1714 in
1218 1661 1326 1729 lege
1348 1661 1462 1730 ejus
1492 1661 1830 1714 meditabitur
1873 1661 1955 1713 die
1977 1675 2041 1712 ac

462 1752 711 1805 nocte".
744 1750 885 1804 Huic
920 1766 1301 1821 comparamus
1330 1752 1657 1814 columbam,
1691 1765 1850 1819 quam
1882 1749 2038 1819 quasi

2138 578 2388 630 meditari
2412 593 2520 630 non
2553 577 2733 639 debet,
2767 592 2829 629 ea
2852 592 2975 646 qure
3020 578 3255 631 maxime
3297 578 3702 649 circumspicere

2136 671 2183 722 ei
2217 683 2442 723 necesse
2468 678 2572 731 est,
2608 668 2660 721 in
2690 669 2890 737 quibus
2930 668 3135 722 inimici
3194 668 3515 739 indoctique
3542 673 3702 727 oll‘en-

2135 760 2293 815 dunt.
2334 760 2470 812 Nam
2503 774 2632 813 ecce
2664 758 2884 828 quidam
2931 758 2986 811 in
3042 774 3216 829 nuper
3238 759 3385 813 lecta
3440 760 3558 831 lege
3613 763 3702 819 hoc

2139 850 2570 919 reprehendunt,
2594 848 2741 917 quia,
2774 848 3074 903 secundum
3100 848 3245 918 quod
3276 848 3426 903 LXX
3449 860 3700 914 asserunt,

2134 940 2307 995 Deum
2340 940 2612 995 dicentem
2654 939 2863 1010 Moyses
2889 940 3221 994 introduxit:
3255 939 3414 993 Dabo
3458 941 3703 995 maculam

2139 1027 2299 1095 lepra:
2324 1029 2380 1081 iu
2399 1029 2635 1082 domibus
2654 1029 2856 1093 vestris,
2889 1029 2943 1081 in
2970 1039 3110 1081 terra
3133 1031 3502 1099 prpmissionis
3520 1041 3701 1087 vestra.

2140 1120 2400 1185 Putasne,
2424 1119 2585 1184 Deus,
2618 1120 2891 1190 inquiunt,
2925 1121 3132 1175 inducit
3161 1121 3347 1175 mala?
3378 1121 3588 1186 Quibus
3630 1139 3704 1178 re-

2142 1212 2498 1282 spondemus,
2524 1208 2700 1268 Etiam
2727 1230 2741 1266 :
2766 1214 2859 1266 sed
2885 1229 2987 1267 nec
3011 1214 3189 1283 tut-pia
3206 1223 3343 1267 sunt
3358 1228 3465 1267 nec
3484 1215 3635 1279 mala,
3650 1231 3705 1269 ea

2138 1318 2262 1373 qua:
2279 1303 2523 1373 allligunt
2557 1304 2622 1356 ad
2670 1305 3056 1360 eruditionem.
3088 1320 3187 1360 seu
3227 1319 3399 1372 paena
3430 1317 3530 1372 pro
3569 1303 3706 1373 jura-

2141 1396 2287 1449 mine
2316 1396 2628 1461 constituta,
2668 1397 2833 1450 veluti
2874 1396 3064 1461 fames,
3100 1407 3260 1451 terra:
3283 1406 3493 1459 motus,
3544 1396 3705 1451 hiatus

2143 1495 2321 1551 terrae,
2363 1494 2659 1555 tempestas
2701 1488 2887 1549 maris,
2907 1488 3107 1541 bellum
3134 1496 3301 1556 atque
3332 1486 3551 1550 similia,
3583 1487 3707 1541 sicut

2139 1586 2197 1631 et
2230 1577 2346 1646 ipse
2378 1593 2476 1647 per
2496 1578 2815 1647 prophetam
2866 1579 3032 1632 dicit:
3066 1578 3178 1649 Ego
3210 1577 3498 1641 Dominus,
3531 1585 3579 1630 et
3615 1593 3704 1630 non

2141 1667 2393 1732 estalius,
2425 1668 2661 1738 formans
2700 1668 2962 1732 lucent,“
2991 1683 3176 1720 creans
3213 1666 3481 1729 tenebras,
3530 1664 3707 1733 faciens

2142 1773 2345 1825 pacem,
2373 1770 2420 1811 et
2448 1775 2629 1812 creans
2666 1759 2898 1812 mala".
2956 1758 3168 1822 Quibus
3219 1756 3425 1810 similia
3480 1764 3538 1808 et
3585 1754 3706 1808 alter

465 1843 767 1897 meditandi
819 1843 927 1896 vim
983 1844 1186 1897 habere
1235 1842 1404 1896 Isaias
1459 1843 1721 1911 propheta
1773 1842 1929 1905 dicit,
1960 1841 2036 1894 ait

2147 1849 2406 1916 propheta
2431 1849 2596 1902 dicit:
2644 1847 2781 1912 Quia
2833 1846 3383 1902 descenderuntmala
3419 1862 3453 1898 a
3501 1845 3706 1898 Domino

460 1930 642 1985 enim:
673 1931 819 1985 Sicut
839 1931 1015 2000 pullus
1042 1932 1359 1995 hirundinis,
1407 1932 1483 1984 sic
1510 1930 1778 1994 clamabo;
1808 1931 2036 1984 medita-

463 2022 558 2076 bor
577 2032 632 2076 ut
654 2023 892 2077 columba
911 2024 955 2056 ⁸³
973 2063 987 2076 .
1020 2021 1232 2077 Invenit
1261 2038 1386 2093 ergo
1439 2023 1711 2092 legislator
1739 2022 1901 2087 viam,
1940 2037 2040 2092 per

462 2128 626 2182 quam
659 2123 715 2169 et
743 2113 1019 2167 inﬁrmum
1049 2114 1311 2167 mundare
1338 2113 1447 2167 Deo
1467 2129 1587 2183 qua:
1612 2112 1783 2182 possit
1814 2112 2035 2167 oll‘erre.

461 2203 532 2259 Et
560 2214 845 2274 propterea
881 2206 1015 2276 legis
1060 2206 1221 2276 bujus
1259 2205 1647 2275 subsequentia
1696 2220 1807 2257 non
1839 2204 2037 2258 immu-

463 2296 618 2362 tavit,
650 2295 945 2350 ostendens
983 2295 1129 2363 quia,
1186 2296 1289 2350 etsi
1329 2309 1523 2357 manus
1557 2295 1877 2365 cujusquam
1926 2310 2037 2348 non

462 2385 709 2442 inveniat
745 2385 850 2441 hoc
891 2386 1036 2455 quod
1074 2385 1405 2455 poenitentia:
1453 2385 1685 2440 intentio
1736 2387 2039 2441 secundum

460 2477 691 2548 primam
727 2477 991 2534 rationem
1016 2478 1201 2547 exigit,
1231 2477 1529 2545 ignoscitur
1557 2476 1775 2545 quidem
1796 2477 1869 2539 ei,
1900 2476 2042 2530 sicut

460 2584 528 2623 ex
578 2569 895 2623 inﬁrmitate
954 2568 1215 2639 patienti:
1280 2568 1539 2639 prmccpit
1585 2576 1763 2621 tamen
1804 2583 1925 2636 quas
1966 2568 2042 2622 illi

459 2660 709 2714 eamdem
732 2661 1202 2722 emundationem,
1229 2663 1588 2731 eamdemque
1622 2660 1950 2717 oblationem
1975 2660 2042 2713 ad

462 2750 634 2806 Deum
667 2751 959 2823 proﬂigare
1010 2752 1243 2822 possint.
1301 2752 1429 2807 Post
1466 2754 1582 2807 haec
1622 2753 1687 2807 ad
1718 2752 1879 2807 aliam
1932 2752 2043 2808 dis-

461 2842 868 2910 pensationem,
906 2842 1083 2895 eidem
1117 2841 1357 2895 materiae
1389 2843 1778 2908 cohaerentem,
1827 2842 2039 2896 transit.

543 2927 702 2983 Vens.
732 2929 925 2984 55-47.
976 2948 994 2982 ι
1033 2930 1275 2987 Locutus
1298 2940 1389 2999 est
1428 2931 1689 2985 Dominus
1718 2932 1784 2987 ad
1823 2933 2042 3002 Moysen

460 3028 518 3074 et
551 3024 728 3076 Aaron
758 3021 982 3077 dicens:
1024 3022 1161 3077 Cum
1206 3023 1434 3093 ingressi
1491 3022 1708 3077 fueritis
1739 3023 1792 3076 in
1843 3031 2042 3076 terram

461 3110 747 3180 Chanaan,
767 3130 932 3183 quam
958 3130 1059 3186 ego
1080 3115 1223 3169 dabo
1242 3115 1398 3169 vobis
1429 3114 1483 3167 in
1520 3114 1961 3184 possessionem:
1998 3116 2041 3168 si

462 3207 628 3262 fuerit
657 3209 810 3280 plaga
852 3210 1016 3279 lepra;
1050 3211 1104 3264 in
1127 3210 1354 3275 aedibus,
1388 3209 1489 3265 ibit
1520 3210 1676 3279 cujus
1704 3217 1788 3264 est
1821 3209 2035 3272 domus,

462 3298 726 3353 nuntians
766 3300 1059 3359 sacerdoti.
1114 3310 1171 3355 et
1220 3301 1366 3356 dicet
1404 3318 1417 3353 :
1453 3299 1618 3365 Quasi
1665 3299 1820 3371 plaga
1879 3299 2044 3369 lepra:

462 3389 680 3445 videtur
709 3391 838 3445 mihi
870 3407 994 3447 esse
1024 3392 1080 3446 in
1103 3393 1268 3448 domo
1295 3408 1437 3447 mea.
1462 3394 1533 3447 At
1564 3391 1655 3446 ille
1680 3390 1960 3461 praecipiet
1986 3401 2046 3445 ut

462 3482 698 3537 eli'erant
745 3484 993 3540 universa
1017 3486 1087 3541 de
1133 3485 1297 3540 domo
1342 3484 1661 3555 priusquam
1708 3483 2045 3554 ingrediatur

464 3591 613 3639 eam,
653 3585 713 3631 ut
743 3577 923 3632 videat
959 3588 1141 3633 utrum
1178 3579 1328 3649 lepra
1362 3578 1452 3643 sit,
1472 3593 1546 3632 ne
1581 3576 1860 3632 immunda
1913 3577 2046 3631 ﬁant

465 3667 646 3722 omnia
687 3684 808 3737 qua:
847 3668 903 3723 in
954 3670 1119 3726 domo
1159 3678 1307 3725 sunt.
1350 3667 1688 3740 lntrabitque
1730 3678 1949 3740 postea,
1984 3678 2046 3724 ut

462 3757 775 3813 consideret
813 3760 1031 3814 domum
1058 3760 1240 3829 lepus.
1278 3761 1347 3816 Et
1384 3777 1512 3816 cum
1556 3761 1753 3818 viderit
1782 3762 1837 3816 in
1866 3764 2045 3833 parie-

466 3850 613 3905 tibus
667 3849 813 3904 illius
842 3851 996 3920 quasi
1053 3851 1354 3916 vallieulas,
1414 3852 1642 3923 pallore,
1684 3854 1800 3910 sive
1847 3855 2046 3910 rubore

463 3940 758 4003 deformes,
780 3948 837 3993 et
860 3941 1182 3995 humiliores
1220 3941 1508 4011 superﬁcie
1530 3944 1756 4014 reliqua,
1796 3944 2046 4015 egredie-

467 4044 556 4087 tur
583 4034 784 4089 ostium
819 4033 1035 4099 domus,
1091 4042 1147 4089 et
1193 4035 1373 4109 statin
1420 4035 1637 4093 claudet
1670 4052 1790 4093 eam
1836 4046 2046 4106 septem

465 4125 676 4179 diebus.
712 4124 1095 4196 Reversusque
1122 4128 1210 4182 die
1230 4128 1484 4198 septimo,
1510 4129 1881 4185 considerabit
1903 4143 2044 4182 eam:

466 4216 510 4271 si
555 4217 830 4273 invenerit
856 4218 1097 4274 crevisse
1153 4218 1385 4289 lepram,
1411 4219 1629 4289 jubebit
1664 4218 1785 4273 erui
1815 4217 2046 4287 lapides,

466 4307 524 4362 in
560 4308 759 4378 quibus
782 4308 931 4377 lepra
965 4319 1066 4376 est,
1097 4322 1153 4365 et
1182 4311 1374 4382 projici
1400 4326 1499 4366 eos
1555 4319 1709 4366 extra
1741 4308 2044 4374 civitatem,

468 4397 528 4455 in
550 4399 670 4454 loco
697 4400 996 4467 immunda,
1026 4402 1246 4459 domum
1284 4411 1468 4458 autem
1496 4402 1671 4472 ipsam
1703 4402 1817 4456 radi
1850 4401 2048 4456 intrin-

2140 1934 2195 1985 in
2219 1945 2431 2003 portam
2476 1934 2793 2000 Jerusalem,
2827 1934 3105 1998 tumultus,
3149 1933 3430 2004 quadriga
3474 1932 3703 2000 stuporis,

2141 2023 2404 2077 habitanti
2434 2024 2714 2079 Lac/tis”.
2767 2024 2875 2080 Sed
2902 2033 2958 2079 et
2993 2025 3261 2094 propheta
3312 2024 3486 2077 Amos
3523 2022 3622 2076 ait:
3652 2021 3703 2078 Si

2142 2125 2216 2168 est
2241 2114 2441 2168 malum
2459 2116 2515 2168 in
2540 2117 2767 2181 civitate,
2793 2117 2930 2186 quod
2954 2116 3208 2170 Dominus
3232 2130 3342 2169 non
3364 2114 3487 2185 fecit
3501 2112 3703 2180 "iQute

2141 2207 2362 2276 quidem
2395 2206 2558 2271 Deus,
2587 2223 2696 2262 non
2723 2217 2780 2264 ut
2817 2217 3032 2272 noceat,
3065 2207 3284 2279 ingerit,
3345 2206 3446 2260 sed
3477 2213 3538 2258 ut
3566 2203 3704 2258 valde

2137 2297 2293 2365 juvet
2324 2298 2634 2356 hominem:
2660 2300 2893 2354 alllictus
2918 2300 3118 2369 quippe
3166 2298 3511 2362 humilialur,
3541 2294 3702 2348 humi-

2143 2390 2306 2445 liatus
2349 2401 2533 2446 autem
2591 2393 2763 2445 currit
2814 2392 2882 2446 ad
2928 2405 3051 2444 eum
3102 2390 3193 2459 qui
3241 2390 3457 2459 erigere
3510 2394 3700 2456 potest,

2145 2481 2386 2551 dicitque
2416 2497 2541 2536 cum
2575 2480 2778 2535 David:
2821 2480 3029 2534 Bonum
3054 2481 3204 2545 mihi,
3241 2480 3385 2549 quod
3436 2476 3703 2531 humiliasti

2146 2590 2248 2637 me,
2296 2583 2353 2627 ut
2380 2573 2628 2627 discerem
2647 2572 3049 2640 justifcclioncs
3079 2580 3199 2644 tuas
3213 2570 3291 2632 °°,
3325 2577 3383 2622 et
3408 2566 3621 2623 featiuat
3645 2565 3704 2619 ad

2147 2665 2444 2725 medicum,
2473 2662 2561 2732 qui
2590 2676 2716 2716 eum
2744 2662 2941 2715 liberet
2972 2677 3004 2715 a
3036 2661 3285 2715 vulnere.
3329 2660 3402 2713 Et
3444 2659 3558 2713 haec
3595 2656 3701 2725 qui—

2150 2758 2272 2812 dem
2296 2755 2368 2809 ita
2390 2770 2449 2811 se
2494 2754 2718 2809 habent.
2779 2752 2886 2808 Sed
2922 2768 3024 2807 nos
3066 2753 3135 2806 ad
3183 2749 3703 2820 contemplationem,

2150 2862 2272 2917 qua:
2293 2845 2563 2909 imminet,
2610 2860 2986 2908 recurramus,
3018 2859 3086 2897 ne
3116 2842 3303 2897 forsan
3360 2841 3706 2912 legislaturem

2148 2939 2304 3008 quasi
2331 2938 2399 2992 de
2432 2937 2616 3008 lignis,
2635 2948 2690 2991 et
2716 2937 3006 3004 lapidibus,
3037 2945 3090 2989 et
3114 2935 3419 3003 parietibus
3441 2931 3707 2987 insensatis

2149 3028 2514 3091 sancientem,
2571 3026 2791 3095 quidam
2831 3042 3020 3079 eorum
3066 3026 3158 3093 qui
3207 3026 3356 3079 circa
3402 3023 3705 3078 exteriorem

2072 3148 2117 3207 ο
2151 3116 2473 3188 sapientiam
2505 3124 2710 3181 errant,
2751 3115 3155 3184 reprehendere
3180 3115 3451 3176 nitantur,
3480 3128 3510 3166 a
3530 3111 3706 3181 quibus

2150 3210 2277 3280 quia
2299 3209 2425 3263 mali
2448 3215 2598 3271 sunt,
2630 3208 2770 3262 mala
2800 3207 2962 3262 etiam
3012 3207 3153 3261 bona
3176 3207 3516 3275 iudicantur.
3572 3202 3705 3256 Nunc

2148 3298 2657 3370 enimlegislatoris
2711 3298 2946 3352 intentio
2999 3306 3103 3362 est,
3156 3298 3226 3351 de
3268 3297 3417 3351 veris
3478 3293 3706 3348 domibus

2153 3389 2404 3445 videlicet
2448 3404 2511 3442 ea
2548 3388 2693 3443 laesis
2733 3388 2967 3451 sancire,
3002 3386 3056 3441 id
3085 3393 3167 3439 est
3202 3401 3329 3454 quae
3375 3385 3428 3459 in
3456 3383 3559 3461 illis
3597 3394 3706 3450 pas-

2150 3481 2335 3536 siones
2363 3480 2653 3545 curabiles,
2683 3477 2934 3532 lacilesve
2957 3477 3023 3532 ad
3045 3468 3515 3537 emundationem,
3540 3484 3705 3542 quaeve

2148 3575 2260 3630 sint
2318 3571 2687 3635 incurabiles,
2741 3569 3279 3637 destruetionemqne
3347 3564 3696 3638 plenissimam

2151 3667 2486 3738 ingerentes.
2537 3662 2645 3718 Sed
2680 3664 2874 3717 horum
2917 3660 3138 3716 modum
3178 3660 3465 3724 discimus,
3493 3670 3607 3711 cum
3647 3650 3706 3706 ad

2151 3774 2215 3814 ea
2237 3773 2359 3827 qua:
2396 3755 2543 3811 dicta
2570 3763 2722 3819 sunt,
2759 3753 3092 3808 venerimus.
3129 3748 3510 3807 Possessionis
3527 3748 3705 3799 nostra:

2153 3859 2300 3905 terra
2357 3856 2461 3913 est,
2501 3861 2665 3918 quam
2698 3860 2800 3900 nos
2851 3843 3221 3915 possidemus,
3262 3840 3551 3897 haereditas
3592 3846 3705 3903 gett‘

2155 3942 2314 3996 tium.
2378 3939 2498 4009 Ipsa
2545 3946 2631 3992 est
2681 3937 2826 3991 enim
2872 3944 3061 3990 nostra
3120 3933 3419 4004 possessio,
3467 3926 3565 3984 etsi
3596 3932 3708 3978 tunc

2153 4034 2394 4090 hostium
2436 4040 2750 4087 nostrorum
2794 4028 2903 4083 fuit
2936 4047 2949 4082 :
2983 4029 3039 4081 in
3082 4027 3188 4081 hac
3240 4026 3393 4081 enim
3439 4037 3538 4078 nos
3579 4018 3704 4072 Deus

2152 4125 2460 4196 acquisivit,
2488 4132 2546 4178 et
2577 4137 2673 4177 eos
2697 4120 2789 4191 qui
2818 4118 3092 4189 quondam
3115 4132 3232 4172 non
3266 4123 3429 4172 erant
3471 4108 3699 4196 populus.

2153 4195 2302 4270 nunc
2333 4214 2592 4285 populum
2634 4212 2796 4266 habet
2821 4210 2945 4274 Dei,
2999 4218 3222 4280 propter
3270 4206 3419 4277 quod
3464 4195 3708 4274 possessio

2158 4316 2303 4358 recte
2331 4300 2724 4357 nominabitur.
2760 4297 2835 4351 De
2856 4298 2959 4352 hac
2992 4307 3135 4352 terra
3170 4296 3434 4351 Dominus
3483 4288 3706 4346 dicebat:

2155 4398 2257 4463 Qui
2285 4411 2405 4449 vero
2438 4396 2494 4446 iu
2526 4404 2722 4446 terram
2743 4391 2934 4444 bonam
2964 4391 3254 4443 seminatus
3280 4396 3380 4452 est,
3407 4385 3490 4437 hic
3520 4388 3587 4435 est
3629 4373 3704 4445 qui

469 4507 630 4548 secus
658 4509 755 4562 per
791 4493 1107 4561 circuitum,
1157 4503 1213 4549 et
1260 4493 1441 4565 spargi
1501 4493 1781 4564 pulverem
1845 4508 2047 4548 rasura:
2076 4500 2122 4556 Β
2150 4491 2301 4549 audit
2322 4487 2529 4541 verbum
2546 4494 2594 4538 et
2616 4480 3164 4551 intelligit“.Domus
3180 4478 3325 4533 enim
3345 4482 3541 4531 nostra:
3555 4465 3710 4524 Eccle-

465 4593 622 4641 extra
651 4586 862 4651 urbem,
906 4587 959 4640 in
992 4587 1111 4642 loco
1134 4586 1435 4652 immundo,
1466 4585 1779 4655 lapidesque
1812 4584 1947 4640 alios
1966 4600 2053 4639 re-

470 4677 601 4748 poni
627 4694 726 4748 pro
754 4678 840 4733 his
862 4680 952 4748 qui
1004 4678 1172 4732 ablati
1208 4678 1434 4742 fuerint,
1467 4683 1523 4732 et
1573 4676 1689 4730 luto
1740 4675 1850 4730 alio
1903 4674 2051 4729 liniri

470 4769 715 4825 domum.
741 4771 838 4825 Sin
862 4781 1045 4826 autem
1071 4778 1356 4841 postquam
1401 4770 1542 4824 eruti
1576 4778 1705 4824 sunt
1744 4768 1974 4838 lapides,
1999 4774 2056 4823 et

471 4860 652 4931 pulvis
692 4861 887 4925 elatus,
920 4872 977 4915 et
1000 4861 1106 4915 alia
1128 4870 1287 4916 terra
1317 4861 1434 4928 lita,
1472 4860 1748 4931 ingressus
1799 4859 2056 4915 sacerdos

472 4952 670 5009 viderit
700 4969 972 5009 reversam
996 4952 1242 5024 lepram,‘
1255 4960 1313 5007 et
1341 4953 1579 5024 parietes
1595 4966 1848 5022 aspersas
1873 4967 2054 5008 macu-

474 5046 560 5112 lis,
598 5046 747 5115 lepra
776 5056 861 5101 est
885 5052 1264 5116 perseverans,
1282 5052 1350 5099 .et
1371 5044 1652 5100 immunda
1675 5043 1870 5099 domus
1894 5056 2058 5113 quam

474 5140 662 5197 statim
706 5138 1027 5194 destruent:
1085 5146 1145 5192 et
1172 5135 1383 5206 lapides
1433 5136 1550 5203 ejus
1581 5151 1645 5189 ac
1695 5135 1859 5207 ligna,
1896 5144 2061 5205 atque

475 5230 792 5286 universum
836 5229 1119 5300 pulverem
1161 5227 1448 5298 projicient
1489 5236 1638 5282 extra
1667 5226 1947 5297 oppidum,
2005 5226 2061 5279 in

476 5325 597 5379 loco
618 5323 924 5378 immundo.
949 5322 1054 5388 Qui
1074 5321 1355 5376 intraverit
1370 5321 1614 5385 domum,
1633 5320 1854 5390 quando
1876 5319 2060 5374 clausa
2102 5362 2119 5374 ,

478 5425 581 5481 est,
626 5417 941 5472 immundus
990 5417 1097 5471 erit
1127 5430 1299 5485 usque
1354 5416 1420 5469 ad
1474 5430 1787 5484 vesperum.
1849 5414 1917 5466 lit
1967 5412 2060 5481 qui

479 5506 763 5560 dormierit
792 5508 845 5561 in
911 5523 997 5571 ea,
1045 5516 1101 5562 et
1148 5506 1448 5562 comederit
1493 5505 1791 5577 quidpiam,
1860 5505 2065 5559 lavabit

481 5596 803 5651 vestimenta
844 5614 962 5652 sua.
1003 5616 1021 5648 ι

555 5732 600 5761 ⁵³
632 5730 772 5783 l‘sal.
810 5747 847 5791 ι,
873 5731 927 5783 ‘2.
1004 5732 1048 5763 ⁵³
1080 5732 1235 5786 Rom.
1269 5748 1328 5793 tt,
1361 5733 1446 5787 l5.

484 5799 532 5831 σε
562 5800 725 5854 Mielt.
751 5816 788 5866 ι,
825 5802 903 5866 1-2,
946 5801 1025 5855 ιδ.

1545 5731 1590 5762 ⁸⁵
1620 5730 1820 5784 iorem.
1862 5744 1986 5793 viti,
2020 5726 2072 5781 7.

1104 5804 1148 5834 δν
1186 5807 1350 5858 Amos
1380 5820 1463 5868 Ill,
1495 5800 1545 5857 6.
1625 5803 1669 5833 ⁵ο
1693 5802 1834 5856 l’sal.
1869 5814 2058 5864 cum,
2094 5796 2180 5852 7i.

2155 4586 2252 4642 site
2277 4592 2425 4648 sunt,
2456 4581 2525 4635 de
2551 4577 2750 4648 quibus
2775 4573 2977 4628 Paulus
3005 4571 3221 4628 dicebat
3238 4588 3250 4623 :
3269 4568 3329 4625 Si
3360 4566 3708 4624 tardavero,ut

2154 4677 2295 4730 scias
2315 4672 2569 4745 quomodo
2591 4682 2639 4724 te
2658 4677 2897 4745 oporteat
2916 4668 2971 4721 in
2992 4667 3145 4721 domo
3160 4664 3258 4719 Dei
3284 4654 3593 4725 conversari,
3610 4661 3710 4745 qui?

2156 4777 2230 4823 est
2262 4740 2480 4822 ecclesia
2512 4762 2607 4817 Dei
2635 4740 2737 4817 vivi
2763 4763 2831 4818 ".
2859 4761 2921 4816 In
2943 4760 3049 4826 bis,
3081 4755 3384 4813 secundum
3413 4746 3571 4809 LXX,
3599 4741 3710 4797 dare

2156 4876 2217 4916 se
2247 4857 2514 4913 maculam
2540 4856 2704 4923 lepra:
2732 4852 2872 4908 Deus
2886 4849 3177 4922 promittit.
3204 4845 3360 4914 Quod
3391 4834 3711 4923 manifestat“

2159 4953 2277 5022 ipsa
2299 4947 2621 5019 legislatoris
2661 4944 2856 5010 verba;
2881 4957 3004 4998 cum
3032 4941 3179 4995 ettim
3215 4938 3445 4993 dixisset
3470 4950 3482 4986 :
3506 4928 3569 4984 Et
3597 4922 3710 4977 dabo

2160 5041 2426 5098 maculam
2453 5040 2611 5107 lepra;
2631 5039 2687 5090 in
2710 5034 2970 5098 domibus,
3004 5041 3145 5086 terra
3170 5024 3504 5101 possessionis
3531 5022 3706 5072 vestra.

2161 5137 2231 5191 Et
2264 5136 2431 5189 veniet
2459 5133 2612 5203 cujus
2657 5141 2731 5186 est
2761 5132 2949 5184 domus
2972 5168 2988 5193 ,
3027 5127 3171 5182 illico
3217 5119 3538 5194 subiunxit:
3581 5107 3713 5203 Nil-1P

2165 5225 2305 5279 tians
2326 5194 2612 5287 sacerdoti,
2646 5230 2695 5276 et
2733 5220 2908 5273 dicet:
2958 5215 3126 5281 Quasi
3174 5212 3386 5269 macula
3415 5209 3565 5277 lepra:
3585 5194 3710 5291 vide-

2165 5323 2251 5368 tur
2280 5312 2409 5368 mihi
2432 5328 2541 5367 esse
2562 5312 2620 5364 iu
2675 5311 2829 5363 domo
2867 5323 3007 5362 mea.
3059 5305 3176 5361 Hoc
3225 5312 3409 5358 autem
3460 5290 3711 5352 sentientis

2170 5406 2477 5476 passionem
2502 5413 2606 5469 est,
2638 5400 2783 5471 quod
2820 5414 2931 5455 non
2957 5407 3043 5454 est
3063 5398 3354 5468 cujuslibt
3379 5388 3521 5453 doni,
3546 5389 3596 5434 et
3623 5371 3710 5430 tale

2168 5497 2327 5568 quale
2358 5497 2525 5550 Deum
2553 5494 2821 5548 condecet
2841 5488 3129 5561 impertiri.
3169 5487 3225 5542 Si
3266 5486 3410 5542 enim
3434 5478 3709 5571 decet

2170 5557 2372 5654 dicam,
2409 5601 2469 5642 ut
2499 5601 2610 5640 non
2632 5584 2898 5640 concedat
2923 5592 3184 5652 aegrotum
3209 5579 3451 5650 quaedam
3470 5557 3709 5624 mortifera

2148 5726 2191 5757 ⁵⁸
2222 5722 2361 5777 Psal.
2398 5739 2433 5781 ι,
2468 5720 2523 5772 ‘2.
2600 5720 2645 5749 ⁵⁸
2675 5718 2780 5771 lsa.
2819 5731 3053 5781 xxxvm,
3084 5711 3168 5767 H.
3248 5712 3293 5743 ⁸⁷
3323 5710 3423 5781 lsa.
3456 5713 3567 5760 xtv,
3594 5681 3708 5752 697'

2260 5795 2301 5824 “
2337 5779 2525 5846 Matth.
2575 5805 2692 5846 xui.
2723 5789 2813 5841 εὖ.
2891 5788 2934 5819 ⁵³
2974 5779 3156 5840 l'l'im.
3195 5799 3277 5848 ιιι,
3310 5779 3395 5834 15.
