3992 6402
244 376 347 440 961

1390 379 1475 441 IN
1516 380 1962 441 LEVITICUM.
1993 405 2055 412 --
2094 378 2240 439 LIB.
2278 378 2374 440 ιν.

3413 388 3515 452 902

243 501 432 556 agere,
458 486 618 542 decet
642 495 699 542 et
716 486 888 541 Deum
914 501 1024 542 non
1078 485 1380 541 concedere
1408 487 1706 557 peccatori,
1751 487 1835 541 in-
1864 494 1905 550 Α
1938 502 2102 556 super
2152 502 2274 552 nos,
2302 487 2540 544 liberans
2567 503 2670 545 nos
2696 490 2765 546 ab
2815 491 2901 546 his
2952 493 3151 562 quibus
3175 493 3380 565 dudum
3407 509 3524 549 ser-

243 578 628 633 sensihilitatis
652 579 845 633 morbo
885 577 1095 633 diutius
1143 576 1395 643 detineri,
1423 592 1496 632 ne
1523 579 1579 632 in
1606 577 1833 647 profun-

241 669 377 723 dum
400 669 602 724 inferni
634 685 869 739 peccans
905 670 962 723 in
993 678 1260 725 aeternum
1310 677 1452 732 ruat,
1487 671 1636 740 quod
1662 669 1831 724 David

239 778 408 815 orans
434 762 649 816 dicebat
685 779 699 815 :
737 761 817 816 Ne
841 769 1051 816 avertas
1074 763 1267 833 faciem
1293 772 1440 818 tuam
1468 780 1501 817 a
1524 779 1626 829 me,
1654 772 1704 816 et
1743 778 1831 816 ero

140 883 149 890 ς
236 851 438 903 similis
470 852 899 905 descendentibus
922 852 978 905 in
1006 851 1185 905 lacum
1233 852 1300 905 “.
1324 850 1440 907 Hoc
1470 853 1675 907 donum
1706 865 1833 905 sen-

234 958 335 994 sus
368 943 625 997 Ecclesiae
646 943 837 998 datur:
865 941 1160 1016 Synagogae
1182 954 1363 1000 autem
1393 945 1707 1001 Iudaeorum
1719 959 1828 1000 non

232 1040 425 1098 tatur,
455 1034 602 1103 quod
626 1032 975 1088 manifestum
996 1041 1081 1089 est
1110 1050 1178 1089 ex
1205 1050 1274 1090 eo
1314 1036 1460 1106 quod
1521 1036 1636 1105 ipse
1686 1035 1832 1089 Deus

234 1145 246 1191 ι
275 1143 338 1177 ςξι·
371 1125 515 1179 Osee
546 1127 869 1195 prophetam
896 1127 1005 1181 ait:
1040 1124 1311 1192 Quoniam
1355 1128 1458 1181 nisi
1498 1143 1618 1181 cum
1663 1144 1831 1181 mere-

232 1218 461 1270 tricibus
494 1216 859 1283 versabantur,
879 1230 925 1271 et
949 1234 1069 1272 cum
1084 1219 1395 1289 eﬁeminatis
1430 1219 1827 1288 sacriﬁcabant.

234 1308 303 1360 ιτι
336 1309 564 1378 populus
586 1324 690 1361 non
719 1308 1014 1380 intelligens
1063 1310 1433 1381 vapulabit“.
1465 1311 1533 1365 Et
1578 1326 1771 1367 rursus
1809 1326 1826 1365 :

233 1402 393 1453 Dedit
429 1402 506 1455 eis
529 1400 670 1455 Deus
696 1402 943 1470 spiritum
973 1403 1403 1471 compunctionis,
1436 1403 1611 1457 oculos
1642 1412 1698 1457 ut
1728 1419 1830 1457 non

234 1494 475 1561 rideant,
500 1505 546 1548 et
577 1509 734 1548 aures
761 1502 819 1548 ut
840 1510 944 1548 non
960 1495 1185 1548 audiant
1210 1496 1277 1549 ⁸⁸.
1300 1495 1479 1550 Alium
1508 1496 1671 1550 etiam
1703 1512 1830 1567 pro-

235 1589 465 1654 phetam
540 1586 869 1652 audivimus,
945 1586 1221 1642 dicentem
1253 1605 1266 1640 :
1305 1586 1621 1642 Clauserunt
1654 1587 1829 1641 oculos

236 1694 383 1738 suos,
413 1686 473 1730 ut
507 1693 610 1731 non
634 1679 889 1742 uiderent,
914 1685 964 1731 et
991 1693 1148 1731 aures
1172 1694 1297 1731 suos
1324 1687 1705 1748 aggravarunt,
1766 1694 1831 1732 ne

234 1767 599 1819 audirent“:
662 1773 854 1837 utpote
903 1782 934 1821 a
978 1767 1127 1838 justo
1141 1768 1327 1838 judice
1360 1783 1426 1823 ex
1451 1783 1551 1823 suo
1603 1776 1828 1838 peccato

1878 648 1891 656 υ
1933 579 2236 645 viebamus,
2264 588 2404 635 utet
2434 580 2490 634 hi
2516 580 2608 651 qui
2651 596 2717 635 ex
2769 583 3063 652 generibus
3114 594 3262 650 sunt,
3311 586 3524 654 possint

1933 669 2088 724 Isaiae
2114 670 2401 726 Canticum
2416 670 2605 727 dicere
2631 687 2645 724 :
2676 672 2902 728 Domine
2926 674 3085 729 Deus;
3104 684 3299 742 noster,
3343 692 3521 746 posse-

1932 762 2118 815 derunt
2147 778 2239 816 nos
2264 763 2465 817 domini
2497 764 2691 834 absque
2710 773 2778 827 te,
2807 775 3017 820 tantum
3040 768 3094 820 in
3117 769 3523 822 te-recordemur

1932 854 2159 906 nominis
2183 856 2260 907 tui
2285 857 2350 907 ⁷ο.
2374 853 2726 926 ριιωειιιιιιιιε
2757 867 2940 913 autem
2969 858 3090 929 ejus
3115 861 3395 929 possessio
3409 867 3516 926 est,

1930 943 2403 1000 etiamservorum
2450 947 2939 1019 ministrorumque
2962 952 3083 1020 ejus
3112 952 3302 1020 procul
3346 952 3518 1008 dubio

1930 1041 2034 1086 est.
2062 1033 2203 1105 Ergo
2228 1037 2447 1105 quando
2469 1039 2753 1109 propheta;
2799 1050 2855 1095 et-
2874 1039 2958 1095 lex
2986 1041 3045 1095 in
3070 1041 3313 1112 gentium
3338 1042 3514 1097 haere-

1930 1124 2156 1179 ditatem
2204 1127 2437 1196 ingressi
2492 1127 2714 1193 fuerint,
2765 1130 3141 1186 ministrantes
3189 1132 3515 1203 evangelica

1928 1216 2327 1288 pradieationi,
2380 1227 2438 1274 et
2486 1234 2552 1274 ea
2600 1236 2725 1290 quae
2768 1237 2916 1278 nunc
2964 1224 3033 1278 de
3083 1223 3531 1295 intelligibilibus-

1929 1309 2186 1365 domibus
2211 1311 2356 1367 dicta
2384 1320 2534 1378 sunt,
2564 1328 2833 1383 apparere
2853 1316 3155 1384 potuerint.

2002 1423 2105 1478 Ibit
2134 1424 2285 1494 cujus
2308 1434 2385 1478 est
2413 1426 2619 1490 domus,
2654 1426 2906 1481 nuntians
2922 1430 3208 1496 sacerdoti,
3245 1439 3296 1484 et
3325 1430 3464 1486 dicet
3492 1446 3514 1487 :

1929 1515 2096 1580 Quasi
2121 1515 2283 1588 plaga
2320 1516 2479 1587 lepra:
2503 1518 2717 1571 videtur
2773 1517 2904 1570 mihi
2954 1535 3061 1572 esse
3078 1520 3131 1573 in
3169 1521 3324 1574 domo
3369 1537 3513 1577 mea.

1928 1609 2060 1675 Quae
2087 1609 2233 1664 enim
2262 1619 2392 1665 sunt
2416 1610 2730 1696 domestica:
2769 1610 3048 1677 Ecclesia),
3110 1620 3170 1665 ut
3226 1621 3516 1682 propterea

1928 1700 2070 1756 dicat
2103 1717 2118 1754 :

234 1859 567 1928 puniuntur.
615 1830 860 1914 Ecclesia
902 1830 1086 1935 autem
1128 1830 1238 1914 non
1296 1860 1372 1915 ita
1401 1900 1415 1924 ,
1468 1862 1564 1917 sed
1604 1830 1827 1932 quoties
1860 1834 1901 1888 Β
1935 1931 1944 1935 _
2003 1830 2112 1886 Ib“
2140 1833 2303 1935 fui“
2330 1835 2644 1935 “‘f‘imm'
2692 1835 2994 1935 Audiam}?
3040 1836 3269 1935 paul‘fm
3322 1834 3517 1935 ἀφίδω

234 1960 453 2019 peccat,
481 1950 757 2006 iaciteam
784 1952 926 2007 Deus
967 1952 1171 2007 sentire
1217 1962 1522 2024 peccatum.
1569 1955 1727 2011 Unde
1770 1964 1827 2011 et

229 2040 472 2108 eutnqui
494 2039 548 2093 in
578 2039 842 2094 Corintho
879 2039 1181 2096 fornicatus
1211 2050 1314 2107 est,
1350 2042 1551 2100 Paulus
1610 2046 1826 2100 Satanae

231 2131 483 2195 tradidit,
512 2140 579 2186 ut-
596 2130 829 2187 aﬁiictus
857 2132 926 2186 ab
952 2146 1040 2199 eo,
1080 2143 1367 2203 peccatum
1393 2136 1657 2191 sentiret:
1692 2136 1822 2191 Tra-

227 2224 361 2282 didi,
386 2223 669 2292 inquiens,
704 2238 825 2277 eum
867 2225 957 2294 qui
991 2224 1295 2294 hujusmodi
1356 2236 1451 2294 est,
1479 2228 1667 2298 angelo
1717 2226 1821 2283 Sa-

228 2327 371 2367 tanae
422 2314 479 2366 in
518 2315 794 2369 interitum
839 2317 1017 2370 carnis
1041 2317 1086 2349 ⁶¹¹
1136 2333 1150 2370 :
1215 2317 1416 2372 similia
1455 2320 1819 2389 pnnsentibus

227 2405 565 2474 legislatoris
586 2405 769 2461 verbis
789 2406 999 2461 dicens.
1032 2406 1100 2462 Et
1121 2408 1213 2462 hic
1233 2409 1475 2477 quidem,
1512 2410 1817 2466 secundum

229 2497 371 2550 LXX
396 2538 412 2560 ,
451 2496 619 2563 Dabo,
646 2497 845 2569 inquit,
868 2501 1139 2554 maculam
1174 2502 1351 2570 lepra,
1384 2518 1493 2558 non
1528 2505 1683 2574 quasi
1731 2506 1817 2560 in-

222 2601 457 2660 gerente
480 2591 594 2646 Deo
623 2591 855 2662 lepram,
889 2592 985 2648 sed
1024 2594 1174 2650 velut
1225 2606 1514 2651 exercente
1544 2607 1708 2667 atque
1728 2613 1817 2653 ar-

220 2693 453 2751 gue-nte.
485 2682 582 2737 Ille
614 2694 798 2738 autem
845 2683 921 2739 ait
955 2699 971 2742 :
1027 2684 1245 2740 Tradidi
1292 2688 1595 2758 hujusntodi
1632 2691 1819 2761 angelo

221 2778 485 2839 Satanae;
506 2777 658 2846 atqui
682 2788 969 2848 acceperat
999 2793 1125 2833 eum
1161 2780 1293 2835 olim
1313 2796 1413 2851 per
1434 2781 1679 2838 illicitam
1706 2783 1819 2839 for—-

222 2872 587 2937 nicationem,
607 2872 704 2927 sed
743 2881 804 2928 ut
830 2872 1025 2944 majori
1083 2884 1355 2945 potestate
1387 2877 1457 2932 ab
1481 2893 1549 2933 eo
1583 2879 1817 2950 castiga-

179 2966 185 2972 ’
224 2974 337 3027 tus,
369 2963 451 3017 ait
480 2964 629 3018 enim
663 2965 768 3019 :In
795 2966 1072 3021 interitum
1126 2970 1324 3034 carnis,
1362 2978 1421 3024 ut
1458 2971 1676 3041 spiritus
1702 2972 1816 3026 sal-

221 3071 316 3107 vus
346 3054 468 3123 fiat,
493 3070 715 3110 sensum
737 3057 950 3126 peccati
978 3059 1308 3129 perciperet,
1331 3060 1589 3132 ﬁeretque
1624 3078 1813 3119 emen-

222 3148 410 3201 «latior
442 3163 456 3199 :
490 3147 654 3203 simul
682 3151 847 3204 etiam
887 3160 949 3206 ut
995 3152 1445 3209 manifestaretur
1491 3155 1637 3221 aliis,
1675 3172 1813 3227 qua-
1845 3174 1887 3233 ε

231 3250 395 3294 tenus
422 3255 550 3294 eum
578 3240 803 3297 minime
832 3243 1073 3299 debeant
1107 3245 1334 3300 imitari.
1370 3246 1478 3302 Sed
1507 3256 1590 3302 est
1621 3248 1817 3303 dernus

226 3333 342 3385 haec
383 3339 548 3386 terra:
577 3333 967 3401 possessionis,
1010 3335 1064 3390 id
1088 3345 1171 3390 est
1202 3336 1817 3394 Ecclesiishaereditatis

224 3424 500 3494 gentium.
529 3424 657 3481 Cum
682 3427 906 3498 ingressi
928 3428 1158 3499 fueritis,
1202 3428 1404 3498 Moyses
1427 3438 1474 3483 et
1496 3431 1679 3484 Aaron
1707 3473 1723 3496 ,
1758 3431 1817 3484 in

224 3527 426 3569 terram
455 3516 901 3573 Chananteorum.
931 3518 1194 3585 Quanam
1231 3530 1316 3576 est
1344 3520 1503 3575 haec?
1535 3519 1708 3586 Quam
1724 3539 1817 3593 ego

224 3608 362 3662 dabo
388 3609 535 3663 vobis
569 3611 627 3662 in
665 3612 1065 3680 possessionem.
1116 3613 1253 3679 Quia
1277 3628 1407 3684 ergo
1450 3623 1661 3683 septem
1710 3630 1817 3668 nu-

224 3715 379 3755 mero
398 3708 613 3770 gentes,
645 3702 697 3756 id
728 3711 813 3758 est
836 3703 1153 3771 Chananaei,
1178 3704 1473 3771 Pherezwi,
1519 3704 1811 3777 Gergeseei,

224 3792 556 3861 Amorrhaei,
613 3791 885 3861 Gebusaei,
934 3795 1164 3862 Cethtei,
1212 3806 1269 3852 et
1296 3796 1559 3863 Haradaei,
1611 3806 1812 3853 terram

227 3884 560 3953 promissam
599 3884 834 3941 Abrahae
866 3887 1241 3957 possidebant.
1288 3889 1584 3959 Imaginem
1629 3900 1812 3947 autem

223 3975 494 4043 gerebant
522 3976 602 4032 har
631 3986 845 4048 septem
894 3978 1207 4048 iniquorum
1232 3981 1544 4050 spirituum,
1579 3984 1647 4039 de
1688 3984 1812 4054 qui-

223 4066 327 4122 bus
354 4061 628 4123 Dominus
653 4069 710 4123 in
736 4071 1045 4143 Evangeliis
1069 4073 1238 4128 dicit:
1295 4073 1425 4129 Cum
1463 4077 1684 4146 spiritus
1706 4079 1812 4131 im-

224 4162 454 4215 mundus
498 4162 682 4216 exierit
709 4162 777 4216 ab
801 4164 1029 4230 homine,
1065 4175 1295 4219 assumet
1319 4166 1451 4221 alios
1479 4179 1675 4238 septem
1699 4172 1802 4239 spi-

120 4271 127 4277 -
223 4252 382 4317 ritus,
415 4254 688 4323 nequiores
707 4269 783 4320 se,
813 4262 862 4307 et
885 4253 1095 4307 habitat
1119 4256 1176 4309 in
1204 4257 1429 4323 homine,
1465 4261 1615 4329 cujus
1640 4262 1813 4315 novis-

219 4344 359 4398 sima
419 4353 544 4398 sunt
581 4346 843 4399 deteriora
889 4347 1154 4417 prioribus
1179 4348 1243 4403 ⁸⁸.
1286 4347 1350 4403 Hi
1383 4359 1563 4404 autem
1587 4350 1811 4422 spiritus

222 4451 411 4490 veram
470 4445 674 4490 terram
699 4437 1028 4506 promissam
1078 4438 1181 4507 ipsi
1213 4441 1467 4510 Abrahae,
1498 4443 1551 4498 id
1579 4453 1812 4515 estgen-

220 4528 359 4582 tium
415 4505 787 4583 basrcditattnn
846 4505 1218 4600 possidebant,
1270 4532 1372 4603 ipsi
1421 4505 1565 4590 enim
1603 4505 1809 4593 dictum
1842 4505 1885 4560 θ

216 4629 306 4673 εει
358 4635 375 4672 :
434 4619 575 4685 Quia
627 4630 835 4689 patrem
886 4621 1177 4677 multarum
1227 4626 1461 4696 gentium
1487 4628 1639 4696 posui
1664 4637 1714 4683 te
1740 4630 1808 4683 “.

217 4710 457 4778 Quando
474 4710 687 4784 Moyses
707 4722 764 4768 ct
787 4714 989 4779 Aaron,
1017 4716 1100 4769 lex
1125 4715 1381 4772 videlicet
1425 4727 1480 4773 et
1505 4720 1807 4789 prophetae,

221 4804 423 4857 horum
453 4804 599 4858 enim
627 4804 853 4876 ﬁguram
902 4807 955 4861 hi
1007 4817 1223 4880 gerunt,
1275 4809 1402 4880 quia
1427 4811 1609 4865 Aaron
1664 4812 1814 4884 Moy-

220 4910 367 4960 seos,
409 4895 502 4965 qui
553 4895 780 4967 ﬁguram
833 4898 965 4970 legis
989 4900 1127 4971 gerit
1176 4902 1441 4972 propheta
1462 4917 1589 4957 esse
1632 4904 1811 4960 dictus

221 4997 325 5053 est,
354 4988 589 5058 ingressi
618 4989 824 5044 iuerint
847 4989 990 5046 inter
1029 5001 1242 5063 gentes,
1270 5001 1403 5048 tunc
1429 5009 1528 5064 per
1552 5009 1649 5051 eos
1663 4995 1814 5050 Deus

226 5077 570 5146 tyrannidem
597 5080 908 5136 obtinentes
935 5083 988 5136 in
1014 5082 1291 5153 gentibus,
1320 5084 1414 5153 qui
1443 5092 1577 5139 sunt
1609 5084 1814 5139 intelli-

226 5168 436 5237 gibiles,
465 5166 807 5225 Chananaeos
830 5172 1120 5241 praedictos
1141 5174 1359 5243 expellit
1389 5175 1618 5244 spiritus
1646 5191 1659 5227 :
1688 5190 1815 5246 pos-

226 5260 527 5341 sessionem
551 5263 897 5334 autem’legis
920 5273 977 5319 et
1000 5266 1417 5336 prophetarum,
1446 5275 1501 5322 et
1530 5266 1649 5323 haec
1672 5282 1815 5338 prae-

226 5350 524 5406 dicantium
552 5352 672 5423 ipse
691 5368 811 5410 esse
837 5356 1086 5412 concedit
1111 5366 1320 5428 gentes,
1356 5357 1448 5427 qui
1472 5373 1566 5413 eas
1593 5358 1815 5429 proprio

228 5442 513 5514 sanguine,
540 5451 653 5498 tam
684 5459 783 5515 per
809 5438 1139 5503 oblationem
1169 5449 1621 5521 regenerationis,
1646 5466 1809 5521 quam

232 5535 645 5590 renovationem
672 5538 846 5592 sancti
883 5538 1140 5608 Spiritus,
1165 5555 1328 5609 quem
1365 5539 1562 5595 cﬁ‘udit
1593 5541 1809 5596 abunde

289 5731 334 5761 ⁸³
370 5728 514 5783 Psal.
547 5746 710 5795 CXLII,
740 5734 791 5785 '7.
889 5732 934 5763 "‘
960 5732 1097 5786 Osce
1122 5749 1195 5796 tv,
1221 5734 1305 5787 ιι.

233 5796 313 5865 45,
346 5802 435 5854 Η.
514 5801 560 5830 ⁶⁹
595 5802 730 5855 Gen.
766 5819 900 5867 xv“,
934 5807 982 5858 4.

1405 5734 1450 5765 ⁸⁵
1491 5732 1647 5787 Rom.
1689 5747 1764 5787 xl.
1802 5732 1855 5785 8.

1063 5803 1107 5833 ⁷ο
1138 5803 1241 5858 lsa.
1286 5820 1432 5867 xxvi,
1465 5804 1551 5857 15.
1630 5804 1672 5834 τι
1708 5803 1864 5856 ltum.
1897 5818 2008 5867 3m,
2048 5802 2129 5854 i9.

1931 1931 2041 1978 tem
2069 1941 2083 1977 :
2132 1922 2379 1980 Salutate
2406 1923 2672 1993 Priscam,
2700 1936 2752 1981 et
2796 1927 3067 1998 Aquilam,
3097 1936 3146 1981 et
3171 1927 3518 1987 domesticam

1927 2031 2108 2070 eorum
2159 2016 2433 2072 ecclesiam
2453 2018 2520 2073 ⁷⁸.
2550 2017 2653 2085 Qui
2706 2034 2837 2090 ergo
2864 2020 2993 2074 huic
3032 2028 3250 2089 prmest,
3272 2019 3319 2073 si
3346 2018 3518 2075 sentit

1918 2103 2132 2174 lepram
2155 2106 2571 2178 intelligibilem,
2625 2108 2680 2163 id
2717 2115 2820 2170 est,
2848 2109 2894 2163 si
2920 2108 3076 2163 mala:
3101 2117 3155 2163 et
3180 2108 3363 2179 impiae
3412 2108 3513 2164 do-

1924 2199 2114 2255 ctrina).
2166 2214 2391 2255 sensum
2426 2201 2753 2271 quempiam
2778 2200 3514 2272 comprehenderitztimens

1923 2310 1993 2350 ne
2020 2295 2123 2350 hoc
2146 2295 2291 2364 quod
2311 2296 2523 2351 studuit
2547 2295 2615 2351 ad
2634 2295 2923 2366 justitiam,
2943 2294 3036 2349 ﬁat
3059 2293 3196 2349 eiad
3216 2292 3509 2364 judicium:

1922 2388 2106 2443 veniat
2124 2388 2194 2443 ad
2221 2388 2582 2454 sacerdotem,
2635 2386 2730 2456 qui
2780 2386 3092 2441 discernere
3142 2392 3342 2456 potest,
3389 2383 3513 2453 ipse

1920 2479 2068 2534 cuim
2095 2493 2208 2534 non
2236 2478 2489 2534 absolute
2522 2470 2778 2534 sacerdos
2818 2485 2921 2543 est,
2957 2476 3102 2546 quod
3153 2473 3511 2537 manifestum

1919 2579 2005 2625 est
2031 2586 2099 2626 ex
2126 2570 2214 2626 his
2240 2586 2362 2641 quae
2397 2586 2592 2627 rursus
2618 2570 2817 2625 Paulus
2854 2569 2923 2624 ad
2949 2569 3301 2624 Colossenses
3331 2568 3511 2639 scrip-

1920 2663 1993 2719 sit
2020 2679 2035 2717 :
2064 2662 2307 2718 Salutate
2329 2662 2652 2732 Nympham,
2707 2671 2756 2716 et
2801 2663 3140 2716 domesticam
3183 2661 3298 2731 ejus
3347 2660 3515 2715 ecclo-

1918 2756 2057 2808 siam
2080 2755 2153 2807 ⁷³.
2214 2751 2355 2819 Quia
2407 2753 2565 2807 multi
2628 2762 2855 2823 propter
2904 2754 3079 2807 zelum
3147 2760 3204 2808 et
3249 2752 3513 2822 pietatem

1921 2847 2184 2903 ecclesias
2211 2845 2542 2902 domesticas
2568 2845 2989 2910 constituentes,
3037 2844 3094 2899 in
3123 2845 3205 2900 eis
3255 2844 3512 2901 doctores

1919 2939 2252 3005 divinorum,
2281 2937 2690 3007 ministrosque,
2715 2952 2932 2993 necnon
2959 2936 3026 2991 ad
3061 2936 3513 2993 communionem

1921 3041 2089 3102 atque
2117 3030 2539 3088 exsultationem
2580 3045 2773 3085 eorum
2797 3031 3212 3094 convenientes,
3242 3027 3513 3099 suscipie—

1919 3122 2073 3179 bant.
2113 3123 2166 3178 ls
2210 3137 2340 3194 ergo
2390 3121 2485 3192 qui
2512 3120 2958 3191 hujusmodiest,
3003 3120 3109 3176 ibit
3129 3119 3201 3176 ad
3256 3120 3507 3190 eumqui

1922 3216 2037 3269 veri
2064 3213 2357 3271 sacerdotii
2380 3214 2606 3285 ﬁguram
2630 3212 2790 3284 gerit,
2817 3211 3008 3282 quales
3034 3212 3259 3271 (uerum
3282 3210 3508 3278 Petrus,

1920 3308 2006 3365 vel
2048 3308 2272 3373 Paulus,
2302 3306 2395 3362 vel
2430 3304 2772 3372 Timotheus,
2834 3305 3131 3376 canorique
3179 3305 3273 3376 qui
3313 3320 3512 3363 eorum

1919 3400 2226 3456 doctrinam
2272 3398 2617 3467 virtutesque
2647 3397 3050 3462 custodierunt,
3105 3396 3512 3468 irreprehensi‘

1917 3493 2056 3547 biles
2086 3498 2494 3562 permanentes.
2517 3487 2733 3559 Oportet
2764 3489 2921 3542 enim.
2950 3489 3513 3558 episcopum‘irreprsu

1916 3581 2217 3637 hensibilem
2247 3597 2356 3637 esse
2381 3581 2450 3644 ".,
2484 3588 2555 3635 ut
2582 3589 2873 3651 propterea
2900 3579 3083 3649 possit.
3125 3579 3313 3634 aliena
3356 3577 3513 3648 indis

1918 3690 2044 3731 care
2065 3682 2311 3744 peccata.
2360 3672 2428 3729 Et
2456 3673 2651 3729 dicet:
2685 3670 2853 3737 Quasi
2897 3671 3253 3742 plagaleprte
3297 3672 3510 3727 videtur

1917 3766 2046 3821 mihi
2070 3781 2181 3819 esse
2200 3765 2265 3817 in
2286 3764 2462 3829 domo,
2498 3762 2553 3818 id
2580 3768 2685 3826 εει,
2709 3776 2904 3816 sensus
2934 3759 3407 3830 impieedoetﬂnse
3444 3757 3505 3813 in

1916 3873 2037 3913 mea
2067 3857 2369 3913 domestica
2403 3862 2629 3924 apparet
2675 3852 2961 3909 Ecclesia..
2985 3852 3053 3907 At
3088 3850 3177 3907 ille
3207 3849 3503 3919 pra'cipiet,

1914 3948 2505 4021 utauferantuniuersa
2539 3948 2604 4001 de
2636 3946 2828 4011 domo;
2861 3944 2975 4000 sive
3022 3952 3091 3999 ut
3135 3942 3279 3998 LXX
3306 3942 3504 4009 edunt,

1916 4040 1987 4095 Et
2010 4041 2279 4111 praecipiet
2307 4038 2554 4094 sacerdos
2579 4038 2813 4107 detegere
2832 4037 3085 4097 domum,
3101 4043 3149 4088 et
3168 4050 3274 4088 non
3295 4032 3504 4103 ﬂorebit

1915 4136 1971 4190 iu
2001 4149 2208 4188 omnem
2263 4132 2511 4195 domum;
2563 4129 2619 4185 id
2673 4135 2760 4184 est
2800 4146 2815 4183 :
2876 4126 3162 4196 Praecipiet
3242 4125 3507 4181 recedere

1912 4237 2133 4283 omnem
2167 4220 2429 4292 populum
2451 4219 2544 4289 qui
2588 4219 2643 4272 in
2678 4232 2745 4273 ea
2772 4216 3146 4287 colligebatur.
3176 4213 3275 4269 Hic
3303 4223 3387 4269 cst
3421 4224 3505 4269 te-

1914 4324 2063 4370 ctum
2095 4313 2308 4376 domus,
2343 4310 2458 4365 sive
2487 4309 2844 4372 instructura,
2878 4308 3181 4364 secundum
3209 4306 3353 4377 quod
3372 4305 3504 4360 ,ἴνεσ-

1913 4414 2145 4477 quenter
2172 4404 2531 4459 ostendimus.
2566 4400 2855 4457 Discedere
2883 4408 3066 4454 autem
3100 4413 3197 4454 eos
3220 4396 3500 4468 praecepit,

1890 4498 1977 4552 ‘id
2020 4505 2105 4552 est
2170 4511 2339 4566 opere
2379 4494 2694 4559 ostendere,
2750 4491 2895 4563 quod
2952 4491 3119 4547 alieni
3150 4488 3500 4552 sintamalo,

1918 4589 2065 4661 quod
2096 4588 2348 4658 apparuit
2388 4588 2445 4643 in
2478 4585 2742 4650 Ecclesia,
2812 4591 2868 4639 et
2921 4597 3034 4638 non
3095 4581 3508 4637 communicent

1919 4697 2117 4752 poenae,
2148 4695 2271 4750 quae
2301 4688 2389 4734 est
2409 4677 2590 4747 impiis
2638 4676 2957 4747 ingerenda.
2996 4672 3229 4744 Propter
3250 4673 3399 4743 quod
3447 4681 3505 4728 et

1918 4775 2148 4844 Moyses,
2177 4771 2396 4842 quando
2443 4770 2652 4825 Dathan
2682 4778 2741 4824 et
2792 4769 3005 4824 Abiron-
3044 4768 3112 4823 ad
3164 4768 3525 4837 puniendum.

1918 4877 2083 4937 atque
2105 4863 2531 4921 discernendum
2551 4862 2889 4919 deducturus
2918 4870 3056 4925 erat,
3080 4861 3341 4916 recedere
3378 4859 3507 4915 reli-

1918 4973 2081 5029 quam
2112 4955 2539 5019 multitudinem,
2576 4962 2638 5008 ut
2682 4957 2789 5010 non
2822 4951 3120 5022 participes
3155 4950 3508 5007 edicerentur

1914 5064 2110 5120 poenae,
2153 5048 2415 5118 praecepit
2446 5062 2460 5099 :
2494 5046 2599 5103 hoc
2624 5045 2889 5102 est‘enim
2920 5044 3069 5114 quod
3100 5045 3178 5098 ait
3219 5059 3232 5095 :

1986 5160 2360 5217 Neimmunda
2395 5159 2531 5229 ﬁant
2558 5159 2736 5212 omnia
2800 5173 2919 5229 qua:
2951 5158 3004 5211 in
3026 5158 3181 5211 domo
3208 5164 3350 5212 sunt.
3406 5153 3503 5208 ln-

1918 5254 2184 5326 lrabitque
2215 5261 2393 5322 postea
2429 5252 2567 5305 idem
2588 5251 2855 5317 sacerdos,
2886 5258 2945 5304 ut
2993 5250 3284 5303 consideret
3317 5248 3501 5301 domus

1922 5349 2147 5418 lepram.
2180 5347 2246 5401 Et
2265 5362 2383 5401 cum
2403 5345 2594 5399 viderit
2625 5346 2681 5398 in
2702 5344 2995 5415 parietibus
3021 5343 3187 5409 illius,
3210 5341 3366 5412 quasi
3387 5337 3501 5393 val-

1922 5441 2131 5504 liculas,
2162 5440 2368 5510 pallore
2389 5440 2493 5495 sive
2511 5440 2705 5494 rubore
2719 5438 3000 5507 deformes.
3032 5434 3274 5490 Parietes
3308 5433 3502 5489 domus

1922 5541 2071 5587 recte
2101 5532 2359 5587 dicuntur
2384 5531 2439 5586 hi
2463 5532 2554 5602 qui
2583 5545 2702 5586 eam
2738 5528 3045 5591 continent,
3070 5527 3122 5581 id
3156 5534 3261 5592 est,
3282 5524 3503 5580 ordines

2602 5726 2645 5758 ⁵⁷
2672 5725 2690 5779 l
2722 5724 2853 5778 Cor.
2887 5741 2941 5785 v.
3100 5724 3146 5756 ⁸⁸
3179 5723 3367 5780 Matth.
3399 5739 3497 5791 xu,

2888 5795 2973 5847 "l
3015 5794 3154 5849 Tim.
3188 5810 3275 5855 ιιι.
3303 5797 3359 5851 2.

1964 5732 2008 5761 ⁸⁸
2044 5730 2272 5783 Zachar.
2303 5746 2398 5791 vn,
2435 5727 2521 5781 il.

2242 5800 2288 5831 ⁷²
2322 5799 2528 5852 tjuloss.
2570 5813 2643 5859 Iv,
2686 5796 2770 5849 15.
