  <div class='ocr_page' id='page_1' title='image "/cluster/home/n/w/nwhite01/storage/ocr_20150623/93/coo.31924054869973/493.png"; bbox 0 0 3992 6406; ppageno 0'>
   <div class='ocr_carea' id='block_1_1' title="bbox 463 373 568 437">
    <p class='ocr_par' dir='ltr' id='par_1_1' title="bbox 463 373 568 437">
     <span class='ocr_line' id='line_1_1' title="bbox 463 373 568 437; baseline -0.01 0"><span class='ocrx_word' id='word_1_1' title='bbox 463 373 568 437; x_wconf 82' lang='lat'><strong>963</strong></span> 
     </span>
    </p>
   </div>
   <div class='ocr_carea' id='block_1_2' title="bbox 1667 351 2547 429">
    <p class='ocr_par' dir='ltr' id='par_1_2' title="bbox 1667 351 2547 429">
     <span class='ocr_line' id='line_1_2' title="bbox 1667 351 2547 429; baseline -0.003 0"><span class='ocrx_word' id='word_1_2' title='bbox 1667 367 2029 429; x_wconf 82' lang='lat' dir='ltr'><strong>IlESYCHlI</strong></span> <span class='ocrx_word' id='word_1_3' title='bbox 2072 351 2547 427; x_wconf 71' lang='lat' dir='ltr'><strong>PRESBYTERI&#39;</strong></span> 
     </span>
    </p>
   </div>
   <div class='ocr_carea' id='block_1_3' title="bbox 3642 361 3746 426">
    <p class='ocr_par' dir='ltr' id='par_1_3' title="bbox 3642 361 3746 426">
     <span class='ocr_line' id='line_1_3' title="bbox 3642 361 3746 426; baseline 0.019 -2"><span class='ocrx_word' id='word_1_4' title='bbox 3642 361 3746 426; x_wconf 72' lang='grc' dir='ltr'><strong>9ὕὶ</strong></span> 
     </span>
    </p>
   </div>
   <div class='ocr_carea' id='block_1_4' title="bbox 463 467 3745 544">
    <p class='ocr_par' dir='ltr' id='par_1_4' title="bbox 463 467 3745 544">
     <span class='ocr_line' id='line_1_4' title="bbox 463 467 3745 544; baseline -0.002 -13"><span class='ocrx_word' id='word_1_5' title='bbox 463 475 647 532; x_wconf 84' lang='lat' dir='ltr'><strong>divina</strong></span> <span class='ocrx_word' id='word_1_6' title='bbox 676 473 977 531; x_wconf 86' lang='lat' dir='ltr'><strong>dicentium</strong></span> <span class='ocrx_word' id='word_1_7' title='bbox 997 483 1160 544; x_wconf 87' lang='lat' dir='ltr'><strong>atque</strong></span> <span class='ocrx_word' id='word_1_8' title='bbox 1189 471 1522 528; x_wconf 76' lang='lat' dir='ltr'><strong>docentium.</strong></span> <span class='ocrx_word' id='word_1_9' title='bbox 1594 468 1670 523; x_wconf 81' lang='lat' dir='ltr'><strong>Ex</strong></span> <span class='ocrx_word' id='word_1_10' title='bbox 1709 471 1796 525; x_wconf 79' lang='lat' dir='ltr'><strong>liis</strong></span> <span class='ocrx_word' id='word_1_11' title='bbox 1846 470 2048 540; x_wconf 87' lang='lat' dir='ltr'><strong>quippe</strong></span> <span class='ocrx_word' id='word_1_12' title='bbox 2077 474 2122 530; x_wconf 78' lang='grc' dir='ltr'>Α</span> <span class='ocrx_word' id='word_1_13' title='bbox 2151 470 2350 539; x_wconf 86' lang='lat' dir='ltr'><strong>quibus</strong></span> <span class='ocrx_word' id='word_1_14' title='bbox 2378 469 2598 540; x_wconf 89' lang='lat' dir='ltr'><strong>quando</strong></span> <span class='ocrx_word' id='word_1_15' title='bbox 2637 482 2806 524; x_wconf 64' lang='lat' dir='ltr'><strong>saera:</strong></span> <span class='ocrx_word' id='word_1_16' title='bbox 2828 467 3090 525; x_wconf 72' lang='lat' dir='ltr'><strong>doctrina:</strong></span> <span class='ocrx_word' id='word_1_17' title='bbox 3107 481 3259 537; x_wconf 86' lang='lat' dir='ltr'><strong>sunt,</strong></span> <span class='ocrx_word' id='word_1_18' title='bbox 3299 486 3409 526; x_wconf 91' lang='lat' dir='ltr'><strong>non</strong></span> <span class='ocrx_word' id='word_1_19' title='bbox 3442 471 3745 542; x_wconf 82' lang='lat' dir='ltr'><strong>incongrue</strong></span> 
     </span>
    </p>
   </div>
   <div class='ocr_carea' id='block_1_5' title="bbox 465 561 2050 631">
    <p class='ocr_par' dir='ltr' id='par_1_5' title="bbox 465 561 2050 631">
     <span class='ocr_line' id='line_1_5' title="bbox 465 561 2050 631; baseline -0.005 -9"><span class='ocrx_word' id='word_1_20' title='bbox 465 582 595 622; x_wconf 87' lang='lat' dir='ltr'><strong>vere</strong></span> <span class='ocrx_word' id='word_1_21' title='bbox 622 567 876 622; x_wconf 89' lang='lat' dir='ltr'><strong>consistit</strong></span> <span class='ocrx_word' id='word_1_22' title='bbox 941 565 1205 629; x_wconf 84' lang='lat' dir='ltr'><strong>Ecclesia,</strong></span> <span class='ocrx_word' id='word_1_23' title='bbox 1249 573 1305 618; x_wconf 91' lang='lat' dir='ltr'><strong>et</strong></span> <span class='ocrx_word' id='word_1_24' title='bbox 1354 578 1462 617; x_wconf 89' lang='lat' dir='ltr'><strong>non</strong></span> <span class='ocrx_word' id='word_1_25' title='bbox 1498 563 1642 618; x_wconf 86' lang='lat' dir='ltr'><strong>sicut</strong></span> <span class='ocrx_word' id='word_1_26' title='bbox 1674 561 1898 631; x_wconf 92' lang='lat' dir='ltr'><strong>quidam</strong></span> <span class='ocrx_word' id='word_1_27' title='bbox 1945 576 2050 630; x_wconf 85' lang='lat' dir='ltr'><strong>pu-</strong></span> 
     </span>
    </p>
   </div>
   <div class='ocr_carea' id='block_1_6' title="bbox 467 653 2048 728">
    <p class='ocr_par' dir='ltr' id='par_1_6' title="bbox 467 653 2048 728">
     <span class='ocr_line' id='line_1_6' title="bbox 467 653 2048 728; baseline -0.004 -15"><span class='ocrx_word' id='word_1_28' title='bbox 467 668 605 725; x_wconf 89' lang='lat' dir='ltr'><strong>tant,</strong></span> <span class='ocrx_word' id='word_1_29' title='bbox 639 675 706 714; x_wconf 84' lang='lat' dir='ltr'><strong>ex</strong></span> <span class='ocrx_word' id='word_1_30' title='bbox 747 658 905 727; x_wconf 78' lang='lat' dir='ltr'><strong>lignis</strong></span> <span class='ocrx_word' id='word_1_31' title='bbox 945 667 1109 728; x_wconf 87' lang='lat' dir='ltr'><strong>atque</strong></span> <span class='ocrx_word' id='word_1_32' title='bbox 1139 657 1432 727; x_wconf 85' lang='lat' dir='ltr'><strong>lapidibus.</strong></span> <span class='ocrx_word' id='word_1_33' title='bbox 1485 655 1641 711; x_wconf 87' lang='lat' dir='ltr'><strong>Unde</strong></span> <span class='ocrx_word' id='word_1_34' title='bbox 1704 663 1761 708; x_wconf 85' lang='lat' dir='ltr'><strong>et</strong></span> <span class='ocrx_word' id='word_1_35' title='bbox 1816 653 2048 724; x_wconf 81' lang='lat' dir='ltr'><strong>Moyses,</strong></span> 
     </span>
    </p>
   </div>
   <div class='ocr_carea' id='block_1_7' title="bbox 465 746 2049 820">
    <p class='ocr_par' dir='ltr' id='par_1_7' title="bbox 465 746 2049 820">
     <span class='ocr_line' id='line_1_7' title="bbox 465 746 2049 820; baseline -0.004 -16"><span class='ocrx_word' id='word_1_36' title='bbox 465 751 686 820; x_wconf 90' lang='lat' dir='ltr'><strong>quando</strong></span> <span class='ocrx_word' id='word_1_37' title='bbox 713 750 969 820; x_wconf 73' lang='lat' dir='ltr'><strong>colligere</strong></span> <span class='ocrx_word' id='word_1_38' title='bbox 1025 749 1321 819; x_wconf 85' lang='lat' dir='ltr'><strong>jubebatur</strong></span> <span class='ocrx_word' id='word_1_39' title='bbox 1376 747 1700 811; x_wconf 78' lang='lat' dir='ltr'><strong>Ecclesium,</strong></span> <span class='ocrx_word' id='word_1_40' title='bbox 1742 761 1853 800; x_wconf 88' lang='lat' dir='ltr'><strong>non</strong></span> <span class='ocrx_word' id='word_1_41' title='bbox 1884 746 2049 816; x_wconf 84' lang='lat' dir='ltr'><strong>ligna,</strong></span> 
     </span>
    </p>
   </div>
   <div class='ocr_carea' id='block_1_8' title="bbox 465 836 2055 910">
    <p class='ocr_par' dir='ltr' id='par_1_8' title="bbox 465 836 2055 910">
     <span class='ocr_line' id='line_1_8' title="bbox 465 836 2055 910; baseline -0.004 -16"><span class='ocrx_word' id='word_1_42' title='bbox 465 851 520 894; x_wconf 92' lang='lat' dir='ltr'><strong>et</strong></span> <span class='ocrx_word' id='word_1_43' title='bbox 556 841 784 910; x_wconf 86' lang='lat' dir='ltr'><strong>lapides,</strong></span> <span class='ocrx_word' id='word_1_44' title='bbox 809 847 1115 908; x_wconf 62' lang='lat' dir='ltr'><strong>ceteraque</strong></span> <span class='ocrx_word' id='word_1_45' title='bbox 1144 838 1364 900; x_wconf 89' lang='lat' dir='ltr'><strong>similia,</strong></span> <span class='ocrx_word' id='word_1_46' title='bbox 1393 838 1488 894; x_wconf 85' lang='lat' dir='ltr'><strong>sed</strong></span> <span class='ocrx_word' id='word_1_47' title='bbox 1518 837 1754 907; x_wconf 88' lang='lat' dir='ltr'><strong>plebem,</strong></span> <span class='ocrx_word' id='word_1_48' title='bbox 1784 836 2055 900; x_wconf 77' lang='lat' dir='ltr'><strong>seniores,</strong></span> 
     </span>
    </p>
   </div>
   <div class='ocr_carea' id='block_1_9' title="bbox 467 928 2055 1000">
    <p class='ocr_par' dir='ltr' id='par_1_9' title="bbox 467 928 2055 1000">
     <span class='ocr_line' id='line_1_9' title="bbox 467 928 2055 1000; baseline -0.003 -16"><span class='ocrx_word' id='word_1_49' title='bbox 467 931 794 1000; x_wconf 86' lang='lat' dir='ltr'><strong>Levitasque</strong></span> <span class='ocrx_word' id='word_1_50' title='bbox 821 931 1180 984; x_wconf 69' lang='lat' dir='ltr'><strong>convocabat.</strong></span> <span class='ocrx_word' id='word_1_51' title='bbox 1211 929 1525 984; x_wconf 77' lang='lat' dir='ltr'><strong>Secundum</strong></span> <span class='ocrx_word' id='word_1_52' title='bbox 1561 944 1725 998; x_wconf 91' lang='lat' dir='ltr'><strong>quam</strong></span> <span class='ocrx_word' id='word_1_53' title='bbox 1764 928 1928 982; x_wconf 89' lang='lat' dir='ltr'><strong>etiam</strong></span> <span class='ocrx_word' id='word_1_54' title='bbox 1965 942 2055 980; x_wconf 86' lang='lat' dir='ltr'><strong>ra-</strong></span> 
     </span>
    </p>
   </div>
   <div class='ocr_carea' id='block_1_10' title="bbox 469 1018 2057 1089">
    <p class='ocr_par' dir='ltr' id='par_1_10' title="bbox 469 1018 2057 1089">
     <span class='ocr_line' id='line_1_10' title="bbox 469 1018 2057 1089; baseline -0.002 -15"><span class='ocrx_word' id='word_1_55' title='bbox 469 1022 696 1083; x_wconf 91' lang='lat' dir='ltr'><strong>tionem,</strong></span> <span class='ocrx_word' id='word_1_56' title='bbox 725 1020 989 1085; x_wconf 84' lang='lat' dir='ltr'><strong>Jacobus,</strong></span> <span class='ocrx_word' id='word_1_57' title='bbox 1035 1030 1092 1074; x_wconf 92' lang='lat' dir='ltr'><strong>et</strong></span> <span class='ocrx_word' id='word_1_58' title='bbox 1124 1020 1359 1089; x_wconf 80' lang='lat' dir='ltr'><strong>Ceplias,</strong></span> <span class='ocrx_word' id='word_1_59' title='bbox 1391 1029 1444 1074; x_wconf 94' lang='lat' dir='ltr'><strong>et</strong></span> <span class='ocrx_word' id='word_1_60' title='bbox 1497 1018 1739 1074; x_wconf 82' lang='lat' dir='ltr'><strong>Joannes</strong></span> <span class='ocrx_word' id='word_1_61' title='bbox 1789 1019 2057 1073; x_wconf 67' lang='lat' dir='ltr'><strong>columna:</strong></span> 
     </span>
    </p>
   </div>
   <div class='ocr_carea' id='block_1_11' title="bbox 468 1110 2053 1182">
    <p class='ocr_par' dir='ltr' id='par_1_11' title="bbox 468 1110 2053 1182">
     <span class='ocr_line' id='line_1_11' title="bbox 468 1110 2053 1182; baseline -0.002 -16"><span class='ocrx_word' id='word_1_62' title='bbox 468 1113 725 1167; x_wconf 69' lang='lat' dir='ltr'><strong>Ecclesite</strong></span> <span class='ocrx_word' id='word_1_63' title='bbox 756 1113 1108 1167; x_wconf 89' lang='lat' dir='ltr'><strong>dicebantur.</strong></span> <span class='ocrx_word' id='word_1_64' title='bbox 1161 1111 1303 1182; x_wconf 88' lang='lat' dir='ltr'><strong>Ergo</strong></span> <span class='ocrx_word' id='word_1_65' title='bbox 1333 1111 1576 1182; x_wconf 81' lang='lat' dir='ltr'><strong>parietes</strong></span> <span class='ocrx_word' id='word_1_66' title='bbox 1616 1119 1767 1166; x_wconf 88' lang='lat' dir='ltr'><strong>recte</strong></span> <span class='ocrx_word' id='word_1_67' title='bbox 1820 1110 2053 1164; x_wconf 78' lang='lat' dir='ltr'><strong>ministri</strong></span> 
     </span>
    </p>
   </div>
   <div class='ocr_carea' id='block_1_12' title="bbox 467 1204 2057 1274">
    <p class='ocr_par' dir='ltr' id='par_1_12' title="bbox 467 1204 2057 1274">
     <span class='ocr_line' id='line_1_12' title="bbox 467 1204 2057 1274; baseline 0 -16"><span class='ocrx_word' id='word_1_68' title='bbox 467 1221 768 1270; x_wconf 88' lang='lat' dir='ltr'><strong>sacrorum,</strong></span> <span class='ocrx_word' id='word_1_69' title='bbox 799 1206 1213 1274; x_wconf 88' lang='lat' dir='ltr'><strong>doctoresque:</strong></span> <span class='ocrx_word' id='word_1_70' title='bbox 1281 1213 1473 1274; x_wconf 88' lang='lat' dir='ltr'><strong>utpote</strong></span> <span class='ocrx_word' id='word_1_71' title='bbox 1542 1205 1646 1274; x_wconf 85' lang='lat' dir='ltr'><strong>ipsi</strong></span> <span class='ocrx_word' id='word_1_72' title='bbox 1701 1204 2057 1259; x_wconf 74' lang='lat' dir='ltr'><strong>stabilitatem</strong></span> 
     </span>
    </p>
   </div>
   <div class='ocr_carea' id='block_1_13' title="bbox 469 1295 2058 1365">
    <p class='ocr_par' dir='ltr' id='par_1_13' title="bbox 469 1295 2058 1365">
     <span class='ocr_line' id='line_1_13' title="bbox 469 1295 2058 1365; baseline -0.001 -16"><span class='ocrx_word' id='word_1_73' title='bbox 469 1296 727 1351; x_wconf 72' lang='lat' dir='ltr'><strong>Ecclesia:</strong></span> <span class='ocrx_word' id='word_1_74' title='bbox 749 1295 1042 1351; x_wconf 79' lang='lat' dir='ltr'><strong>fulcientes</strong></span> <span class='ocrx_word' id='word_1_75' title='bbox 1103 1305 1160 1350; x_wconf 89' lang='lat' dir='ltr'><strong>ut</strong></span> <span class='ocrx_word' id='word_1_76' title='bbox 1194 1296 1408 1365; x_wconf 88' lang='lat' dir='ltr'><strong>plebem</strong></span> <span class='ocrx_word' id='word_1_77' title='bbox 1460 1295 1864 1364; x_wconf 90' lang='lat' dir='ltr'><strong>quodammodo</strong></span> <span class='ocrx_word' id='word_1_78' title='bbox 1916 1295 2058 1348; x_wconf 87' lang='lat' dir='ltr'><strong>intra</strong></span> 
     </span>
    </p>
   </div>
   <div class='ocr_carea' id='block_1_14' title="bbox 469 1386 2056 1461">
    <p class='ocr_par' dir='ltr' id='par_1_14' title="bbox 469 1386 2056 1461">
     <span class='ocr_line' id='line_1_14' title="bbox 469 1386 2056 1461; baseline -0.003 -17"><span class='ocrx_word' id='word_1_79' title='bbox 469 1391 795 1461; x_wconf 91' lang='lat' dir='ltr'><strong>semetipsos</strong></span> <span class='ocrx_word' id='word_1_80' title='bbox 831 1391 1171 1461; x_wconf 79' lang='lat' dir='ltr'><strong>colligentes.</strong></span> <span class='ocrx_word' id='word_1_81' title='bbox 1201 1389 1638 1453; x_wconf 84' lang='lat' dir='ltr'><strong>Pallensautem,</strong></span> <span class='ocrx_word' id='word_1_82' title='bbox 1677 1403 1772 1442; x_wconf 90' lang='lat' dir='ltr'><strong>seu</strong></span> <span class='ocrx_word' id='word_1_83' title='bbox 1808 1397 1866 1442; x_wconf 91' lang='lat' dir='ltr'><strong>ut</strong></span> <span class='ocrx_word' id='word_1_84' title='bbox 1893 1386 2056 1450; x_wconf 82' lang='lat' dir='ltr'><strong>LXX,</strong></span> 
     </span>
    </p>
   </div>
   <div class='ocr_carea' id='block_1_15' title="bbox 467 1477 2060 1549">
    <p class='ocr_par' dir='ltr' id='par_1_15' title="bbox 467 1477 2060 1549">
     <span class='ocr_line' id='line_1_15' title="bbox 467 1477 2060 1549; baseline 0 -19"><span class='ocrx_word' id='word_1_85' title='bbox 467 1481 732 1545; x_wconf 77' lang='lat' dir='ltr'><strong>viridans,</strong></span> <span class='ocrx_word' id='word_1_86' title='bbox 757 1490 812 1536; x_wconf 90' lang='lat' dir='ltr'><strong>et</strong></span> <span class='ocrx_word' id='word_1_87' title='bbox 838 1481 1147 1535; x_wconf 89' lang='lat' dir='ltr'><strong>rubicunda</strong></span> <span class='ocrx_word' id='word_1_88' title='bbox 1174 1481 1388 1534; x_wconf 85' lang='lat' dir='ltr'><strong>macula</strong></span> <span class='ocrx_word' id='word_1_89' title='bbox 1412 1481 1590 1549; x_wconf 88' lang='lat' dir='ltr'><strong>qualis</strong></span> <span class='ocrx_word' id='word_1_90' title='bbox 1611 1495 1799 1549; x_wconf 77' lang='lat' dir='ltr'><strong>quaeve</strong></span> <span class='ocrx_word' id='word_1_91' title='bbox 1819 1479 1908 1544; x_wconf 88' lang='lat' dir='ltr'><strong>sit,</strong></span> <span class='ocrx_word' id='word_1_92' title='bbox 1929 1477 2060 1533; x_wconf 86' lang='lat' dir='ltr'><strong>satis</strong></span> 
     </span>
    </p>
   </div>
   <div class='ocr_carea' id='block_1_16' title="bbox 471 1568 2060 1641">
    <p class='ocr_par' dir='ltr' id='par_1_16' title="bbox 471 1568 2060 1641">
     <span class='ocr_line' id='line_1_16' title="bbox 471 1568 2060 1641; baseline -0.004 -15"><span class='ocrx_word' id='word_1_93' title='bbox 471 1572 863 1641; x_wconf 85' lang='lat' dir='ltr'><strong>interpretatio</strong></span> <span class='ocrx_word' id='word_1_94' title='bbox 899 1572 1264 1641; x_wconf 61' lang='lat' dir='ltr'><strong>prmeedentis</strong></span> <span class='ocrx_word' id='word_1_95' title='bbox 1285 1570 1586 1625; x_wconf 88' lang='lat' dir='ltr'><strong>sanetionis</strong></span> <span class='ocrx_word' id='word_1_96' title='bbox 1617 1569 1878 1624; x_wconf 89' lang='lat' dir='ltr'><strong>ostendit.</strong></span> <span class='ocrx_word' id='word_1_97' title='bbox 1925 1568 2060 1621; x_wconf 87' lang='lat' dir='ltr'><strong>Esse</strong></span> 
     </span>
    </p>
   </div>
   <div class='ocr_carea' id='block_1_17' title="bbox 467 1661 2059 1734">
    <p class='ocr_par' dir='ltr' id='par_1_17' title="bbox 467 1661 2059 1734">
     <span class='ocr_line' id='line_1_17' title="bbox 467 1661 2059 1734; baseline -0.002 -16"><span class='ocrx_word' id='word_1_98' title='bbox 467 1664 615 1718; x_wconf 90' lang='lat' dir='ltr'><strong>enim</strong></span> <span class='ocrx_word' id='word_1_99' title='bbox 657 1664 801 1717; x_wconf 86' lang='lat' dir='ltr'><strong>illam</strong></span> <span class='ocrx_word' id='word_1_100' title='bbox 835 1680 1026 1718; x_wconf 88' lang='lat' dir='ltr'><strong>vanam</strong></span> <span class='ocrx_word' id='word_1_101' title='bbox 1080 1665 1309 1734; x_wconf 82' lang='lat' dir='ltr'><strong>gloriam</strong></span> <span class='ocrx_word' id='word_1_102' title='bbox 1372 1670 1536 1732; x_wconf 85' lang='lat' dir='ltr'><strong>atque</strong></span> <span class='ocrx_word' id='word_1_103' title='bbox 1593 1662 1908 1732; x_wconf 86' lang='lat' dir='ltr'><strong>superbiam</strong></span> <span class='ocrx_word' id='word_1_104' title='bbox 1965 1661 2059 1715; x_wconf 86' lang='lat' dir='ltr'><strong>de-</strong></span> 
     </span>
    </p>
   </div>
   <div class='ocr_carea' id='block_1_18' title="bbox 469 1750 2060 1822">
    <p class='ocr_par' dir='ltr' id='par_1_18' title="bbox 469 1750 2060 1822">
     <span class='ocr_line' id='line_1_18' title="bbox 469 1750 2060 1822; baseline -0.001 -16"><span class='ocrx_word' id='word_1_105' title='bbox 469 1755 818 1806; x_wconf 76' lang='lat' dir='ltr'><strong>monstravit.</strong></span> <span class='ocrx_word' id='word_1_106' title='bbox 854 1753 928 1806; x_wconf 78' lang='lat' dir='ltr'><strong>Ex</strong></span> <span class='ocrx_word' id='word_1_107' title='bbox 957 1753 1157 1822; x_wconf 90' lang='lat' dir='ltr'><strong>quibus</strong></span> <span class='ocrx_word' id='word_1_108' title='bbox 1225 1752 1459 1806; x_wconf 77' lang='lat' dir='ltr'><strong>rnaxime</strong></span> <span class='ocrx_word' id='word_1_109' title='bbox 1526 1751 1768 1822; x_wconf 87' lang='lat' dir='ltr'><strong>parietes</strong></span> <span class='ocrx_word' id='word_1_110' title='bbox 1802 1750 2060 1805; x_wconf 76' lang='lat' dir='ltr'><strong>Ecclesia:</strong></span> 
     </span>
    </p>
   </div>
   <div class='ocr_carea' id='block_1_19' title="bbox 469 1842 2061 1915">
    <p class='ocr_par' dir='ltr' id='par_1_19' title="bbox 469 1842 2061 1915">
     <span class='ocr_line' id='line_1_19' title="bbox 469 1842 2061 1915; baseline -0.001 -17"><span class='ocrx_word' id='word_1_111' title='bbox 469 1859 775 1915; x_wconf 84' lang='lat' dir='ltr'><strong>corpusque.</strong></span> <span class='ocrx_word' id='word_1_112' title='bbox 830 1861 986 1899; x_wconf 86' lang='lat' dir='ltr'><strong>sacra</strong></span> <span class='ocrx_word' id='word_1_113' title='bbox 1055 1845 1485 1900; x_wconf 87' lang='lat' dir='ltr'><strong>ministrantium</strong></span> <span class='ocrx_word' id='word_1_114' title='bbox 1539 1845 1936 1912; x_wconf 86' lang='lat' dir='ltr'><strong>doctorumque</strong></span> <span class='ocrx_word' id='word_1_115' title='bbox 1991 1842 2061 1897; x_wconf 88' lang='lat' dir='ltr'><strong>ad</strong></span> 
     </span>
    </p>
   </div>
   <div class='ocr_carea' id='block_1_20' title="bbox 468 1934 2063 2006">
    <p class='ocr_par' dir='ltr' id='par_1_20' title="bbox 468 1934 2063 2006">
     <span class='ocr_line' id='line_1_20' title="bbox 468 1934 2063 2006; baseline -0.002 -16"><span class='ocrx_word' id='word_1_116' title='bbox 468 1937 642 1990; x_wconf 88' lang='lat' dir='ltr'><strong>tnalas</strong></span> <span class='ocrx_word' id='word_1_117' title='bbox 702 1953 768 1991; x_wconf 89' lang='lat' dir='ltr'><strong>ac</strong></span> <span class='ocrx_word' id='word_1_118' title='bbox 818 1936 1074 2001; x_wconf 76' lang='lat' dir='ltr'><strong>nefarias,</strong></span> <span class='ocrx_word' id='word_1_119' title='bbox 1107 1936 1414 2006; x_wconf 89' lang='lat' dir='ltr'><strong>impiasque</strong></span> <span class='ocrx_word' id='word_1_120' title='bbox 1466 1934 1746 1990; x_wconf 83' lang='lat' dir='ltr'><strong>doctrinas</strong></span> <span class='ocrx_word' id='word_1_121' title='bbox 1809 1948 2063 2004; x_wconf 86' lang='lat' dir='ltr'><strong>prorum-</strong></span> 
     </span>
    </p>
   </div>
   <div class='ocr_carea' id='block_1_21' title="bbox 469 2027 2062 2100">
    <p class='ocr_par' dir='ltr' id='par_1_21' title="bbox 469 2027 2062 2100">
     <span class='ocr_line' id='line_1_21' title="bbox 469 2027 2062 2100; baseline 0 -20"><span class='ocrx_word' id='word_1_122' title='bbox 469 2039 630 2099; x_wconf 89' lang='lat' dir='ltr'><strong>punt.</strong></span> <span class='ocrx_word' id='word_1_123' title='bbox 684 2029 739 2083; x_wconf 90' lang='lat' dir='ltr'><strong>Si</strong></span> <span class='ocrx_word' id='word_1_124' title='bbox 769 2045 900 2100; x_wconf 84' lang='lat' dir='ltr'><strong>ergo</strong></span> <span class='ocrx_word' id='word_1_125' title='bbox 959 2039 1240 2099; x_wconf 88' lang='lat' dir='ltr'><strong>aspectum</strong></span> <span class='ocrx_word' id='word_1_126' title='bbox 1284 2029 1574 2098; x_wconf 90' lang='lat' dir='ltr'><strong>parietum,</strong></span> <span class='ocrx_word' id='word_1_127' title='bbox 1637 2027 1914 2082; x_wconf 80' lang='lat' dir='ltr'><strong>vallirulss</strong></span> <span class='ocrx_word' id='word_1_128' title='bbox 1964 2041 2062 2082; x_wconf 90' lang='lat' dir='ltr'><strong>seu</strong></span> 
     </span>
    </p>
   </div>
   <div class='ocr_carea' id='block_1_22' title="bbox 469 2119 2060 2188">
    <p class='ocr_par' dir='ltr' id='par_1_22' title="bbox 469 2119 2060 2188">
     <span class='ocr_line' id='line_1_22' title="bbox 469 2119 2060 2188; baseline -0.002 -14"><span class='ocrx_word' id='word_1_129' title='bbox 469 2120 643 2176; x_wconf 78' lang='lat' dir='ltr'><strong>fossas</strong></span> <span class='ocrx_word' id='word_1_130' title='bbox 675 2122 988 2187; x_wconf 87' lang='lat' dir='ltr'><strong>habentem,</strong></span> <span class='ocrx_word' id='word_1_131' title='bbox 1024 2123 1076 2176; x_wconf 92' lang='lat' dir='ltr'><strong>id</strong></span> <span class='ocrx_word' id='word_1_132' title='bbox 1107 2133 1210 2188; x_wconf 88' lang='lat' dir='ltr'><strong>est,</strong></span> <span class='ocrx_word' id='word_1_133' title='bbox 1245 2123 1289 2176; x_wconf 88' lang='lat' dir='ltr'><strong>si</strong></span> <span class='ocrx_word' id='word_1_134' title='bbox 1352 2122 1642 2176; x_wconf 85' lang='lat' dir='ltr'><strong>humiliora</strong></span> <span class='ocrx_word' id='word_1_135' title='bbox 1701 2135 1856 2175; x_wconf 89' lang='lat' dir='ltr'><strong>sacra</strong></span> <span class='ocrx_word' id='word_1_136' title='bbox 1897 2119 2060 2172; x_wconf 90' lang='lat' dir='ltr'><strong>mini-</strong></span> 
     </span>
    </p>
   </div>
   <div class='ocr_carea' id='block_1_23' title="bbox 469 2195 2061 2285">
    <p class='ocr_par' dir='ltr' id='par_1_23' title="bbox 469 2195 2061 2285">
     <span class='ocr_line' id='line_1_23' title="bbox 469 2195 2061 2285; baseline 0 -19"><span class='ocrx_word' id='word_1_137' title='bbox 469 2213 781 2278; x_wconf 89' lang='lat' dir='ltr'><strong>strantium,</strong></span> <span class='ocrx_word' id='word_1_138' title='bbox 812 2215 891 2267; x_wconf 85' lang='lat' dir='ltr'><strong>vel</strong></span> <span class='ocrx_word' id='word_1_139' title='bbox 930 2215 1314 2285; x_wconf 87' lang='lat' dir='ltr'><strong>magistrorum</strong></span> <span class='ocrx_word' id='word_1_140' title='bbox 1369 2195 1713 2284; x_wconf 72' lang='lat' dir='ltr'><strong>opinionem,</strong></span> <span class='ocrx_word' id='word_1_141' title='bbox 1770 2212 2061 2268; x_wconf 85' lang='lat' dir='ltr'><strong>valescen-</strong></span> 
     </span>
    </p>
   </div>
   <div class='ocr_carea' id='block_1_24' title="bbox 466 2302 2058 2373">
    <p class='ocr_par' dir='ltr' id='par_1_24' title="bbox 466 2302 2058 2373">
     <span class='ocr_line' id='line_1_24' title="bbox 466 2302 2058 2373; baseline 0 -19"><span class='ocrx_word' id='word_1_142' title='bbox 466 2311 689 2370; x_wconf 83' lang='lat' dir='ltr'><strong>temque</strong></span> <span class='ocrx_word' id='word_1_143' title='bbox 721 2302 1123 2370; x_wconf 55' lang='lat' dir='ltr'><strong>quodan‘nnodo</strong></span> <span class='ocrx_word' id='word_1_144' title='bbox 1151 2318 1216 2357; x_wconf 80' lang='lat' dir='ltr'><strong>ex</strong></span> <span class='ocrx_word' id='word_1_145' title='bbox 1251 2305 1654 2373; x_wconf 86' lang='lat' dir='ltr'><strong>comprehenso</strong></span> <span class='ocrx_word' id='word_1_146' title='bbox 1679 2311 1908 2371; x_wconf 85' lang='lat' dir='ltr'><strong>peccato</strong></span> <span class='ocrx_word' id='word_1_147' title='bbox 1931 2317 2058 2370; x_wconf 89' lang='lat' dir='ltr'><strong>per-</strong></span> 
     </span>
    </p>
   </div>
   <div class='ocr_carea' id='block_1_25' title="bbox 460 2392 2063 2463">
    <p class='ocr_par' dir='ltr' id='par_1_25' title="bbox 460 2392 2063 2463">
     <span class='ocr_line' id='line_1_25' title="bbox 460 2392 2063 2463; baseline -0.002 -15"><span class='ocrx_word' id='word_1_148' title='bbox 460 2395 730 2463; x_wconf 79' lang='lat' dir='ltr'><strong>spexerit,</strong></span> <span class='ocrx_word' id='word_1_149' title='bbox 769 2394 1088 2463; x_wconf 81' lang='lat' dir='ltr'><strong>Egredietur</strong></span> <span class='ocrx_word' id='word_1_150' title='bbox 1113 2396 1306 2448; x_wconf 89' lang='lat' dir='ltr'><strong>ostium</strong></span> <span class='ocrx_word' id='word_1_151' title='bbox 1363 2397 1570 2460; x_wconf 89' lang='lat' dir='ltr'><strong>domus,</strong></span> <span class='ocrx_word' id='word_1_152' title='bbox 1611 2403 1659 2447; x_wconf 90' lang='lat' dir='ltr'><strong>et</strong></span> <span class='ocrx_word' id='word_1_153' title='bbox 1694 2393 1878 2446; x_wconf 80' lang='lat' dir='ltr'><strong>statim</strong></span> <span class='ocrx_word' id='word_1_154' title='bbox 1909 2392 2063 2446; x_wconf 61' lang='lat' dir='ltr'><strong>claua»</strong></span> 
     </span>
    </p>
   </div>
   <div class='ocr_carea' id='block_1_26' title="bbox 463 2485 2065 2557">
    <p class='ocr_par' dir='ltr' id='par_1_26' title="bbox 463 2485 2065 2557">
     <span class='ocr_line' id='line_1_26' title="bbox 463 2485 2065 2557; baseline 0.002 -19"><span class='ocrx_word' id='word_1_155' title='bbox 463 2486 554 2539; x_wconf 84' lang='lat' dir='ltr'><strong>det</strong></span> <span class='ocrx_word' id='word_1_156' title='bbox 583 2503 700 2539; x_wconf 82' lang='lat' dir='ltr'><strong>eam</strong></span> <span class='ocrx_word' id='word_1_157' title='bbox 722 2497 917 2553; x_wconf 87' lang='lat' dir='ltr'><strong>septem</strong></span> <span class='ocrx_word' id='word_1_158' title='bbox 943 2486 1145 2541; x_wconf 85' lang='lat' dir='ltr'><strong>diebus.</strong></span> <span class='ocrx_word' id='word_1_159' title='bbox 1201 2487 1463 2541; x_wconf 77' lang='lat' dir='ltr'><strong>Ecclesia:</strong></span> <span class='ocrx_word' id='word_1_160' title='bbox 1511 2487 1853 2541; x_wconf 82' lang='lat' dir='ltr'><strong>moderatam</strong></span> <span class='ocrx_word' id='word_1_161' title='bbox 1912 2485 2065 2557; x_wconf 84' lang='lat' dir='ltr'><strong>inge-</strong></span> 
     </span>
    </p>
   </div>
   <div class='ocr_carea' id='block_1_27' title="bbox 467 2579 2066 2648">
    <p class='ocr_par' dir='ltr' id='par_1_27' title="bbox 467 2579 2066 2648">
     <span class='ocr_line' id='line_1_27' title="bbox 467 2579 2066 2648; baseline 0.002 -17"><span class='ocrx_word' id='word_1_162' title='bbox 467 2593 595 2632; x_wconf 88' lang='lat' dir='ltr'><strong>rens</strong></span> <span class='ocrx_word' id='word_1_163' title='bbox 620 2579 1086 2648; x_wconf 89' lang='lat' dir='ltr'><strong>increpationem,</strong></span> <span class='ocrx_word' id='word_1_164' title='bbox 1121 2596 1226 2648; x_wconf 87' lang='lat' dir='ltr'><strong>qua</strong></span> <span class='ocrx_word' id='word_1_165' title='bbox 1273 2580 1626 2648; x_wconf 74' lang='lat' dir='ltr'><strong>poenitentia:</strong></span> <span class='ocrx_word' id='word_1_166' title='bbox 1683 2579 1913 2648; x_wconf 89' lang='lat' dir='ltr'><strong>percipit</strong></span> <span class='ocrx_word' id='word_1_167' title='bbox 1973 2595 2066 2634; x_wconf 81' lang='lat' dir='ltr'><strong>ve-</strong></span> 
     </span>
    </p>
   </div>
   <div class='ocr_carea' id='block_1_28' title="bbox 468 2667 2069 2740">
    <p class='ocr_par' dir='ltr' id='par_1_28' title="bbox 468 2667 2069 2740">
     <span class='ocr_line' id='line_1_28' title="bbox 468 2667 2069 2740; baseline 0.002 -20"><span class='ocrx_word' id='word_1_168' title='bbox 468 2667 636 2733; x_wconf 86' lang='lat' dir='ltr'><strong>niam,</strong></span> <span class='ocrx_word' id='word_1_169' title='bbox 673 2679 726 2722; x_wconf 92' lang='lat' dir='ltr'><strong>et</strong></span> <span class='ocrx_word' id='word_1_170' title='bbox 752 2670 1077 2724; x_wconf 78' lang='lat' dir='ltr'><strong>absolvitur.</strong></span> <span class='ocrx_word' id='word_1_171' title='bbox 1105 2669 1465 2738; x_wconf 86' lang='lat' dir='ltr'><strong>Septenarius</strong></span> <span class='ocrx_word' id='word_1_172' title='bbox 1495 2685 1627 2740; x_wconf 84' lang='lat' dir='ltr'><strong>ergo</strong></span> <span class='ocrx_word' id='word_1_173' title='bbox 1666 2685 1928 2724; x_wconf 89' lang='lat' dir='ltr'><strong>numerus</strong></span> <span class='ocrx_word' id='word_1_174' title='bbox 1947 2684 2069 2740; x_wconf 83' lang='lat' dir='ltr'><strong>pec-</strong></span> 
     </span>
    </p>
   </div>
   <div class='ocr_carea' id='block_1_29' title="bbox 466 2759 1168 2830">
    <p class='ocr_par' dir='ltr' id='par_1_29' title="bbox 466 2759 1168 2830">
     <span class='ocr_line' id='line_1_29' title="bbox 466 2759 1168 2830; baseline 0.001 -18"><span class='ocrx_word' id='word_1_175' title='bbox 466 2759 577 2812; x_wconf 81' lang='lat' dir='ltr'><strong>cati</strong></span> <span class='ocrx_word' id='word_1_176' title='bbox 617 2761 832 2812; x_wconf 87' lang='lat' dir='ltr'><strong>veniam</strong></span> <span class='ocrx_word' id='word_1_177' title='bbox 874 2760 1168 2830; x_wconf 89' lang='lat' dir='ltr'><strong>signiﬁcat.</strong></span> 
     </span>
    </p>
   </div>
   <div class='ocr_carea' id='block_1_30' title="bbox 539 2849 2068 2920">
    <p class='ocr_par' dir='ltr' id='par_1_30' title="bbox 539 2849 2068 2920">
     <span class='ocr_line' id='line_1_30' title="bbox 539 2849 2068 2920; baseline 0.005 -18"><span class='ocrx_word' id='word_1_178' title='bbox 539 2849 898 2920; x_wconf 80' lang='lat' dir='ltr'><strong>Reversusquc</strong></span> <span class='ocrx_word' id='word_1_179' title='bbox 925 2852 1007 2904; x_wconf 85' lang='lat' dir='ltr'><strong>die</strong></span> <span class='ocrx_word' id='word_1_180' title='bbox 1047 2852 1269 2920; x_wconf 85' lang='lat' dir='ltr'><strong>septima</strong></span> <span class='ocrx_word' id='word_1_181' title='bbox 1301 2852 1652 2905; x_wconf 79' lang='lat' dir='ltr'><strong>considerabit</strong></span> <span class='ocrx_word' id='word_1_182' title='bbox 1687 2871 1804 2907; x_wconf 81' lang='lat' dir='ltr'><strong>eam</strong></span> <span class='ocrx_word' id='word_1_183' title='bbox 1851 2857 1935 2908; x_wconf 86' lang='lat' dir='ltr'><strong>:si</strong></span> <span class='ocrx_word' id='word_1_184' title='bbox 1985 2856 2068 2908; x_wconf 88' lang='lat' dir='ltr'><strong>in-</strong></span> 
     </span>
    </p>
   </div>
   <div class='ocr_carea' id='block_1_31' title="bbox 471 2941 2066 3016">
    <p class='ocr_par' dir='ltr' id='par_1_31' title="bbox 471 2941 2066 3016">
     <span class='ocr_line' id='line_1_31' title="bbox 471 2941 2066 3016; baseline 0.004 -24"><span class='ocrx_word' id='word_1_185' title='bbox 471 2941 667 2994; x_wconf 88' lang='lat' dir='ltr'><strong>venerit</strong></span> <span class='ocrx_word' id='word_1_186' title='bbox 686 2943 906 2995; x_wconf 85' lang='lat' dir='ltr'><strong>crevisse</strong></span> <span class='ocrx_word' id='word_1_187' title='bbox 932 2942 1156 3010; x_wconf 76' lang='lat' dir='ltr'><strong>lepram,</strong></span> <span class='ocrx_word' id='word_1_188' title='bbox 1177 2943 1379 3012; x_wconf 86' lang='lat' dir='ltr'><strong>jubebit</strong></span> <span class='ocrx_word' id='word_1_189' title='bbox 1411 2945 1522 2997; x_wconf 80' lang='lat' dir='ltr'><strong>erui</strong></span> <span class='ocrx_word' id='word_1_190' title='bbox 1543 2945 1767 3012; x_wconf 86' lang='lat' dir='ltr'><strong>lapides,</strong></span> <span class='ocrx_word' id='word_1_191' title='bbox 1799 2947 1852 2998; x_wconf 90' lang='lat' dir='ltr'><strong>in</strong></span> <span class='ocrx_word' id='word_1_192' title='bbox 1877 2947 2066 3016; x_wconf 86' lang='lat' dir='ltr'><strong>quibus</strong></span> 
     </span>
    </p>
   </div>
   <div class='ocr_carea' id='block_1_32' title="bbox 469 3029 2066 3102">
    <p class='ocr_par' dir='ltr' id='par_1_32' title="bbox 469 3029 2066 3102">
     <span class='ocr_line' id='line_1_32' title="bbox 469 3029 2066 3102; baseline 0.004 -19"><span class='ocrx_word' id='word_1_193' title='bbox 469 3029 619 3102; x_wconf 82' lang='lat' dir='ltr'><strong>lepra</strong></span> <span class='ocrx_word' id='word_1_194' title='bbox 639 3043 739 3099; x_wconf 87' lang='lat' dir='ltr'><strong>est,</strong></span> <span class='ocrx_word' id='word_1_195' title='bbox 761 3042 810 3086; x_wconf 87' lang='lat' dir='ltr'><strong>et</strong></span> <span class='ocrx_word' id='word_1_196' title='bbox 831 3033 1024 3102; x_wconf 85' lang='lat' dir='ltr'><strong>projici</strong></span> <span class='ocrx_word' id='word_1_197' title='bbox 1045 3050 1133 3087; x_wconf 86' lang='lat' dir='ltr'><strong>eos</strong></span> <span class='ocrx_word' id='word_1_198' title='bbox 1161 3045 1312 3088; x_wconf 76' lang='lat' dir='ltr'><strong>extra</strong></span> <span class='ocrx_word' id='word_1_199' title='bbox 1339 3037 1602 3088; x_wconf 89' lang='lat' dir='ltr'><strong>civitatem</strong></span> <span class='ocrx_word' id='word_1_200' title='bbox 1632 3036 1815 3090; x_wconf 79' lang='lat' dir='ltr'><strong>inloco</strong></span> <span class='ocrx_word' id='word_1_201' title='bbox 1832 3037 2066 3090; x_wconf 85' lang='lat' dir='ltr'><strong>immun-</strong></span> 
     </span>
    </p>
   </div>
   <div class='ocr_carea' id='block_1_33' title="bbox 2092 1799 2136 1858">
    <p class='ocr_par' dir='ltr' id='par_1_33' title="bbox 2092 1799 2136 1858">
     <span class='ocr_line' id='line_1_33' title="bbox 2092 1799 2136 1858; baseline 0 0"><span class='ocrx_word' id='word_1_202' title='bbox 2092 1799 2136 1858; x_wconf 85' lang='grc' dir='ltr'><strong>Β</strong></span> 
     </span>
    </p>
   </div>
   <div class='ocr_carea' id='block_1_34' title="bbox 2153 559 3744 632">
    <p class='ocr_par' dir='ltr' id='par_1_34' title="bbox 2153 559 3744 632">
     <span class='ocr_line' id='line_1_34' title="bbox 2153 559 3744 632; baseline 0.003 -18"><span class='ocrx_word' id='word_1_203' title='bbox 2153 559 2356 614; x_wconf 91' lang='lat' dir='ltr'><strong>dicitur</strong></span> <span class='ocrx_word' id='word_1_204' title='bbox 2399 579 2410 613; x_wconf 91' lang='lat'><strong>:</strong></span> <span class='ocrx_word' id='word_1_205' title='bbox 2452 559 2678 631; x_wconf 88' lang='lat' dir='ltr'><strong>Lapides</strong></span> <span class='ocrx_word' id='word_1_206' title='bbox 2702 561 2874 614; x_wconf 88' lang='lat' dir='ltr'><strong>sancti</strong></span> <span class='ocrx_word' id='word_1_207' title='bbox 2910 562 3189 616; x_wconf 84' lang='lat' dir='ltr'><strong>volvuntur</strong></span> <span class='ocrx_word' id='word_1_208' title='bbox 3238 579 3395 632; x_wconf 84' lang='lat' dir='ltr'><strong>super</strong></span> <span class='ocrx_word' id='word_1_209' title='bbox 3451 564 3744 621; x_wconf 83' lang='lat' dir='ltr'><strong>terram&quot;.</strong></span> 
     </span>
    </p>
   </div>
   <div class='ocr_carea' id='block_1_35' title="bbox 2155 649 3746 726">
    <p class='ocr_par' dir='ltr' id='par_1_35' title="bbox 2155 649 3746 726">
     <span class='ocr_line' id='line_1_35' title="bbox 2155 649 3746 726; baseline 0.003 -23"><span class='ocrx_word' id='word_1_210' title='bbox 2155 649 2221 705; x_wconf 89' lang='lat' dir='ltr'><strong>Et</strong></span> <span class='ocrx_word' id='word_1_211' title='bbox 2248 668 2437 706; x_wconf 90' lang='lat' dir='ltr'><strong>rursus</strong></span> <span class='ocrx_word' id='word_1_212' title='bbox 2475 669 2488 705; x_wconf 91' lang='lat'><strong>:</strong></span> <span class='ocrx_word' id='word_1_213' title='bbox 2518 652 2826 723; x_wconf 80' lang='lat' dir='ltr'><strong>Quicunque</strong></span> <span class='ocrx_word' id='word_1_214' title='bbox 2859 655 3199 722; x_wconf 65' lang='lat' dir='ltr'><strong>ludificaverit</strong></span> <span class='ocrx_word' id='word_1_215' title='bbox 3230 671 3388 723; x_wconf 89' lang='lat' dir='ltr'><strong>super</strong></span> <span class='ocrx_word' id='word_1_216' title='bbox 3424 656 3746 726; x_wconf 63' lang='lat' dir='ltr'><strong>fundantem</strong></span> 
     </span>
    </p>
   </div>
   <div class='ocr_carea' id='block_1_36' title="bbox 2156 730 3747 816">
    <p class='ocr_par' dir='ltr' id='par_1_36' title="bbox 2156 730 3747 816">
     <span class='ocr_line' id='line_1_36' title="bbox 2156 730 3747 816; baseline 0.003 -21"><span class='ocrx_word' id='word_1_217' title='bbox 2156 752 2267 796; x_wconf 90' lang='lat' dir='ltr'><strong>tum</strong></span> <span class='ocrx_word' id='word_1_218' title='bbox 2293 745 2388 797; x_wconf 82' lang='lat' dir='ltr'><strong>hoc</strong></span> <span class='ocrx_word' id='word_1_219' title='bbox 2415 761 2632 809; x_wconf 88' lang='lat' dir='ltr'><strong>aurum,</strong></span> <span class='ocrx_word' id='word_1_220' title='bbox 2653 755 2955 816; x_wconf 84' lang='lat' dir='ltr'><strong>argentum,</strong></span> <span class='ocrx_word' id='word_1_221' title='bbox 2993 745 3195 814; x_wconf 85' lang='lat' dir='ltr'><strong>lapides</strong></span> <span class='ocrx_word' id='word_1_222' title='bbox 3223 730 3554 815; x_wconf 66' lang='lat' dir='ltr'><strong>pretiosos.ia</strong></span> <span class='ocrx_word' id='word_1_223' title='bbox 3577 750 3592 767; x_wconf 81' lang='lat'><strong><em>‘</em></strong></span> <span class='ocrx_word' id='word_1_224' title='bbox 3616 747 3747 803; x_wconf 67' lang='grc' dir='ltr'><strong>Ρυιο</strong></span> 
     </span>
    </p>
   </div>
   <div class='ocr_carea' id='block_1_37' title="bbox 2157 838 3748 910">
    <p class='ocr_par' dir='ltr' id='par_1_37' title="bbox 2157 838 3748 910">
     <span class='ocr_line' id='line_1_37' title="bbox 2157 838 3748 910; baseline 0.003 -22"><span class='ocrx_word' id='word_1_225' title='bbox 2157 852 2340 889; x_wconf 78' lang='lat' dir='ltr'><strong>verem</strong></span> <span class='ocrx_word' id='word_1_226' title='bbox 2362 852 2492 891; x_wconf 89' lang='lat' dir='ltr'><strong>vero</strong></span> <span class='ocrx_word' id='word_1_227' title='bbox 2519 852 2639 891; x_wconf 89' lang='lat' dir='ltr'><strong>eam</strong></span> <span class='ocrx_word' id='word_1_228' title='bbox 2672 853 2794 907; x_wconf 71' lang='lat' dir='ltr'><strong>quae</strong></span> <span class='ocrx_word' id='word_1_229' title='bbox 2834 838 3168 908; x_wconf 77' lang='lat' dir='ltr'><strong>participalis</strong></span> <span class='ocrx_word' id='word_1_230' title='bbox 3197 850 3304 903; x_wconf 87' lang='lat' dir='ltr'><strong>est,</strong></span> <span class='ocrx_word' id='word_1_231' title='bbox 3337 839 3748 910; x_wconf 82' lang='lat' dir='ltr'><strong>interpretatio-</strong></span> 
     </span>
    </p>
   </div>
   <div class='ocr_carea' id='block_1_38' title="bbox 2158 929 3749 1000">
    <p class='ocr_par' dir='ltr' id='par_1_38' title="bbox 2158 929 3749 1000">
     <span class='ocr_line' id='line_1_38' title="bbox 2158 929 3749 1000; baseline 0.003 -22"><span class='ocrx_word' id='word_1_232' title='bbox 2158 942 2281 982; x_wconf 88' lang='lat' dir='ltr'><strong>nem</strong></span> <span class='ocrx_word' id='word_1_233' title='bbox 2323 936 2485 997; x_wconf 89' lang='lat' dir='ltr'><strong>atque</strong></span> <span class='ocrx_word' id='word_1_234' title='bbox 2518 929 2846 993; x_wconf 86' lang='lat' dir='ltr'><strong>doctrinam,</strong></span> <span class='ocrx_word' id='word_1_235' title='bbox 2877 929 2994 998; x_wconf 89' lang='lat' dir='ltr'><strong>ipse</strong></span> <span class='ocrx_word' id='word_1_236' title='bbox 3026 929 3236 998; x_wconf 81' lang='lat' dir='ltr'><strong>Moyses</strong></span> <span class='ocrx_word' id='word_1_237' title='bbox 3267 931 3544 1000; x_wconf 83' lang='lat' dir='ltr'><strong>legislator</strong></span> <span class='ocrx_word' id='word_1_238' title='bbox 3573 931 3749 1000; x_wconf 80' lang='lat' dir='ltr'><strong>signi-</strong></span> 
     </span>
    </p>
   </div>
   <div class='ocr_carea' id='block_1_39' title="bbox 2160 1019 3747 1092">
    <p class='ocr_par' dir='ltr' id='par_1_39' title="bbox 2160 1019 3747 1092">
     <span class='ocr_line' id='line_1_39' title="bbox 2160 1019 3747 1092; baseline 0.003 -20"><span class='ocrx_word' id='word_1_239' title='bbox 2160 1020 2304 1085; x_wconf 72' lang='lat' dir='ltr'><strong>ﬁcat,</strong></span> <span class='ocrx_word' id='word_1_240' title='bbox 2336 1021 2635 1074; x_wconf 90' lang='lat' dir='ltr'><strong>secundum</strong></span> <span class='ocrx_word' id='word_1_241' title='bbox 2654 1019 2814 1074; x_wconf 76' lang='lat' dir='ltr'><strong>LXX.</strong></span> <span class='ocrx_word' id='word_1_242' title='bbox 2845 1021 3076 1086; x_wconf 82' lang='lat' dir='ltr'><strong>Quando</strong></span> <span class='ocrx_word' id='word_1_243' title='bbox 3105 1039 3233 1092; x_wconf 80' lang='lat' dir='ltr'><strong>ergo</strong></span> <span class='ocrx_word' id='word_1_244' title='bbox 3266 1023 3747 1078; x_wconf 85' lang='lat' dir='ltr'><strong>Deuteronomium</strong></span> 
     </span>
    </p>
   </div>
   <div class='ocr_carea' id='block_1_40' title="bbox 2159 1111 3749 1173">
    <p class='ocr_par' dir='ltr' id='par_1_40' title="bbox 2159 1111 3749 1173">
     <span class='ocr_line' id='line_1_40' title="bbox 2159 1111 3749 1173; baseline 0.003 -10"><span class='ocrx_word' id='word_1_245' title='bbox 2159 1111 2284 1165; x_wconf 90' lang='lat' dir='ltr'><strong>ﬁliis</strong></span> <span class='ocrx_word' id='word_1_246' title='bbox 2317 1111 2485 1166; x_wconf 83' lang='lat' dir='ltr'><strong>lsrael</strong></span> <span class='ocrx_word' id='word_1_247' title='bbox 2515 1111 2732 1173; x_wconf 88' lang='lat' dir='ltr'><strong>edebat,</strong></span> <span class='ocrx_word' id='word_1_248' title='bbox 2770 1112 2889 1167; x_wconf 59' lang='lat' dir='ltr'><strong>haec</strong></span> <span class='ocrx_word' id='word_1_249' title='bbox 2918 1113 2986 1166; x_wconf 92' lang='lat' dir='ltr'><strong>ad</strong></span> <span class='ocrx_word' id='word_1_250' title='bbox 3035 1129 3135 1167; x_wconf 86' lang='lat' dir='ltr'><strong>nos</strong></span> <span class='ocrx_word' id='word_1_251' title='bbox 3182 1115 3399 1169; x_wconf 90' lang='lat' dir='ltr'><strong>dicebat</strong></span> <span class='ocrx_word' id='word_1_252' title='bbox 3448 1130 3460 1164; x_wconf 93' lang='lat'><strong>:</strong></span> <span class='ocrx_word' id='word_1_253' title='bbox 3516 1114 3583 1168; x_wconf 83' lang='lat' dir='ltr'><strong>Et</strong></span> <span class='ocrx_word' id='word_1_254' title='bbox 3651 1117 3749 1168; x_wconf 80' lang='lat' dir='ltr'><strong>erit</strong></span> 
     </span>
    </p>
   </div>
   <div class='ocr_carea' id='block_1_41' title="bbox 2159 1202 3748 1272">
    <p class='ocr_par' dir='ltr' id='par_1_41' title="bbox 2159 1202 3748 1272">
     <span class='ocr_line' id='line_1_41' title="bbox 2159 1202 3748 1272; baseline 0.003 -19"><span class='ocrx_word' id='word_1_255' title='bbox 2159 1217 2472 1271; x_wconf 87' lang='lat' dir='ltr'><strong>quacunque</strong></span> <span class='ocrx_word' id='word_1_256' title='bbox 2516 1202 2947 1272; x_wconf 87' lang='lat' dir='ltr'><strong>dietransgressi</strong></span> <span class='ocrx_word' id='word_1_257' title='bbox 2985 1204 3197 1272; x_wconf 70' lang='lat' dir='ltr'><strong>fueritis</strong></span> <span class='ocrx_word' id='word_1_258' title='bbox 3249 1203 3498 1258; x_wconf 82' lang='lat' dir='ltr'><strong>Jordauis</strong></span> <span class='ocrx_word' id='word_1_259' title='bbox 3526 1215 3748 1270; x_wconf 89' lang='lat' dir='ltr'><strong>terram,</strong></span> 
     </span>
    </p>
   </div>
   <div class='ocr_carea' id='block_1_42' title="bbox 2160 1292 3752 1365">
    <p class='ocr_par' dir='ltr' id='par_1_42' title="bbox 2160 1292 3752 1365">
     <span class='ocr_line' id='line_1_42' title="bbox 2160 1292 3752 1365; baseline 0.004 -21"><span class='ocrx_word' id='word_1_260' title='bbox 2160 1309 2320 1362; x_wconf 88' lang='lat' dir='ltr'><strong>quam</strong></span> <span class='ocrx_word' id='word_1_261' title='bbox 2349 1292 2606 1346; x_wconf 80' lang='lat' dir='ltr'><strong>Dominus</strong></span> <span class='ocrx_word' id='word_1_262' title='bbox 2637 1292 2773 1347; x_wconf 81' lang='lat' dir='ltr'><strong>Deus</strong></span> <span class='ocrx_word' id='word_1_263' title='bbox 2803 1303 2922 1347; x_wconf 88' lang='lat' dir='ltr'><strong>tuus</strong></span> <span class='ocrx_word' id='word_1_264' title='bbox 2943 1296 3110 1361; x_wconf 84' lang='lat' dir='ltr'><strong>dabit,</strong></span> <span class='ocrx_word' id='word_1_265' title='bbox 3134 1305 3334 1349; x_wconf 84' lang='lat' dir='ltr'><strong>statues</strong></span> <span class='ocrx_word' id='word_1_266' title='bbox 3365 1295 3752 1365; x_wconf 79' lang='lat' dir='ltr'><strong>lupidcsgran-</strong></span> 
     </span>
    </p>
   </div>
   <div class='ocr_carea' id='block_1_43' title="bbox 2160 1386 3753 1458">
    <p class='ocr_par' dir='ltr' id='par_1_43' title="bbox 2160 1386 3753 1458">
     <span class='ocr_line' id='line_1_43' title="bbox 2160 1386 3753 1458; baseline 0.003 -20"><span class='ocrx_word' id='word_1_267' title='bbox 2160 1387 2370 1448; x_wconf 84' lang='lat' dir='ltr'><strong>des,-et</strong></span> <span class='ocrx_word' id='word_1_268' title='bbox 2403 1386 2554 1440; x_wconf 82' lang='lat' dir='ltr'><strong>linies</strong></span> <span class='ocrx_word' id='word_1_269' title='bbox 2590 1403 2675 1440; x_wconf 89' lang='lat' dir='ltr'><strong>eos</strong></span> <span class='ocrx_word' id='word_1_270' title='bbox 2709 1386 2921 1455; x_wconf 82' lang='lat' dir='ltr'><strong>pulvere</strong></span> <span class='ocrx_word' id='word_1_271' title='bbox 2943 1427 2956 1452; x_wconf 92' lang='lat'><strong>,</strong></span> <span class='ocrx_word' id='word_1_272' title='bbox 2999 1396 3046 1440; x_wconf 84' lang='lat' dir='ltr'><strong>et</strong></span> <span class='ocrx_word' id='word_1_273' title='bbox 3097 1388 3287 1441; x_wconf 78' lang='lat' dir='ltr'><strong>scribes</strong></span> <span class='ocrx_word' id='word_1_274' title='bbox 3339 1405 3498 1456; x_wconf 85' lang='lat' dir='ltr'><strong>super</strong></span> <span class='ocrx_word' id='word_1_275' title='bbox 3550 1388 3753 1458; x_wconf 84' lang='lat' dir='ltr'><strong>lapides</strong></span> 
     </span>
    </p>
   </div>
   <div class='ocr_carea' id='block_1_44' title="bbox 2162 1475 3752 1547">
    <p class='ocr_par' dir='ltr' id='par_1_44' title="bbox 2162 1475 3752 1547">
     <span class='ocr_line' id='line_1_44' title="bbox 2162 1475 3752 1547; baseline 0.003 -20"><span class='ocrx_word' id='word_1_276' title='bbox 2162 1493 2340 1529; x_wconf 86' lang='lat' dir='ltr'><strong>omnes</strong></span> <span class='ocrx_word' id='word_1_277' title='bbox 2361 1493 2624 1530; x_wconf 86' lang='lat' dir='ltr'><strong>sermones</strong></span> <span class='ocrx_word' id='word_1_278' title='bbox 2647 1476 2782 1547; x_wconf 86' lang='lat' dir='ltr'><strong>legis</strong></span> <span class='ocrx_word' id='word_1_279' title='bbox 2819 1477 2979 1546; x_wconf 83' lang='lat' dir='ltr'><strong>hujus</strong></span> <span class='ocrx_word' id='word_1_280' title='bbox 3009 1478 3072 1529; x_wconf 83' lang='grc'><strong>⁷⁸.</strong></span> <span class='ocrx_word' id='word_1_281' title='bbox 3110 1475 3316 1531; x_wconf 83' lang='lat' dir='ltr'><strong>Deinde</strong></span> <span class='ocrx_word' id='word_1_282' title='bbox 3363 1477 3606 1546; x_wconf 85' lang='lat' dir='ltr'><strong>lapidum</strong></span> <span class='ocrx_word' id='word_1_283' title='bbox 3645 1478 3752 1532; x_wconf 92' lang='lat' dir='ltr'><strong>vim</strong></span> 
     </span>
    </p>
   </div>
   <div class='ocr_carea' id='block_1_45' title="bbox 2163 1566 3755 1638">
    <p class='ocr_par' dir='ltr' id='par_1_45' title="bbox 2163 1566 3755 1638">
     <span class='ocr_line' id='line_1_45' title="bbox 2163 1566 3755 1638; baseline 0 -17"><span class='ocrx_word' id='word_1_284' title='bbox 2163 1569 2406 1631; x_wconf 85' lang='lat' dir='ltr'><strong>tradens,</strong></span> <span class='ocrx_word' id='word_1_285' title='bbox 2447 1568 2692 1637; x_wconf 84' lang='lat' dir='ltr'><strong>apertius</strong></span> <span class='ocrx_word' id='word_1_286' title='bbox 2715 1567 2928 1622; x_wconf 86' lang='lat' dir='ltr'><strong>addidit</strong></span> <span class='ocrx_word' id='word_1_287' title='bbox 2969 1585 2982 1621; x_wconf 92' lang='lat'><strong>:</strong></span> <span class='ocrx_word' id='word_1_288' title='bbox 3041 1566 3110 1620; x_wconf 86' lang='lat' dir='ltr'><strong>Et</strong></span> <span class='ocrx_word' id='word_1_289' title='bbox 3132 1569 3323 1622; x_wconf 88' lang='lat' dir='ltr'><strong>scribes</strong></span> <span class='ocrx_word' id='word_1_290' title='bbox 3351 1585 3508 1636; x_wconf 81' lang='lat' dir='ltr'><strong>super</strong></span> <span class='ocrx_word' id='word_1_291' title='bbox 3552 1568 3755 1638; x_wconf 77' lang='lat' dir='ltr'><strong>lapides</strong></span> 
     </span>
    </p>
   </div>
   <div class='ocr_carea' id='block_1_46' title="bbox 2161 1658 3754 1731">
    <p class='ocr_par' dir='ltr' id='par_1_46' title="bbox 2161 1658 3754 1731">
     <span class='ocr_line' id='line_1_46' title="bbox 2161 1658 3754 1731; baseline 0.003 -21"><span class='ocrx_word' id='word_1_292' title='bbox 2161 1674 2366 1711; x_wconf 66' lang='lat' dir='ltr'><strong>onmem</strong></span> <span class='ocrx_word' id='word_1_293' title='bbox 2399 1658 2563 1728; x_wconf 84' lang='lat' dir='ltr'><strong>legem</strong></span> <span class='ocrx_word' id='word_1_294' title='bbox 2601 1660 2734 1712; x_wconf 86' lang='lat' dir='ltr'><strong>hanc</strong></span> <span class='ocrx_word' id='word_1_295' title='bbox 2765 1671 2890 1727; x_wconf 87' lang='lat' dir='ltr'><strong>apte</strong></span> <span class='ocrx_word' id='word_1_296' title='bbox 2949 1660 3125 1712; x_wconf 88' lang='lat' dir='ltr'><strong>nimis.</strong></span> <span class='ocrx_word' id='word_1_297' title='bbox 3163 1659 3325 1730; x_wconf 90' lang='lat' dir='ltr'><strong>Lapis</strong></span> <span class='ocrx_word' id='word_1_298' title='bbox 3353 1671 3534 1714; x_wconf 89' lang='lat' dir='ltr'><strong>autem</strong></span> <span class='ocrx_word' id='word_1_299' title='bbox 3581 1661 3754 1731; x_wconf 82' lang='lat' dir='ltr'><strong>legem</strong></span> 
     </span>
    </p>
   </div>
   <div class='ocr_carea' id='block_1_47' title="bbox 2165 1750 3754 1823">
    <p class='ocr_par' dir='ltr' id='par_1_47' title="bbox 2165 1750 3754 1823">
     <span class='ocr_line' id='line_1_47' title="bbox 2165 1750 3754 1823; baseline 0.001 -19"><span class='ocrx_word' id='word_1_300' title='bbox 2165 1765 2273 1804; x_wconf 89' lang='lat' dir='ltr'><strong>non</strong></span> <span class='ocrx_word' id='word_1_301' title='bbox 2303 1750 2577 1820; x_wconf 78' lang='lat' dir='ltr'><strong>explanat,</strong></span> <span class='ocrx_word' id='word_1_302' title='bbox 2603 1751 2696 1806; x_wconf 86' lang='lat' dir='ltr'><strong>sed</strong></span> <span class='ocrx_word' id='word_1_303' title='bbox 2726 1751 3024 1820; x_wconf 72' lang='lat' dir='ltr'><strong>explanant</strong></span> <span class='ocrx_word' id='word_1_304' title='bbox 3056 1766 3176 1805; x_wconf 90' lang='lat' dir='ltr'><strong>eam</strong></span> <span class='ocrx_word' id='word_1_305' title='bbox 3204 1752 3596 1820; x_wconf 80' lang='lat' dir='ltr'><strong>exponentium</strong></span> <span class='ocrx_word' id='word_1_306' title='bbox 3619 1753 3754 1823; x_wconf 82' lang='lat' dir='ltr'><strong>dog-</strong></span> 
     </span>
    </p>
   </div>
   <div class='ocr_carea' id='block_1_48' title="bbox 2163 1846 3754 1915">
    <p class='ocr_par' dir='ltr' id='par_1_48' title="bbox 2163 1846 3754 1915">
     <span class='ocr_line' id='line_1_48' title="bbox 2163 1846 3754 1915; baseline 0.002 -18"><span class='ocrx_word' id='word_1_307' title='bbox 2163 1853 2308 1898; x_wconf 88' lang='lat' dir='ltr'><strong>mata</strong></span> <span class='ocrx_word' id='word_1_308' title='bbox 2341 1855 2508 1915; x_wconf 89' lang='lat' dir='ltr'><strong>atque</strong></span> <span class='ocrx_word' id='word_1_309' title='bbox 2552 1854 2954 1915; x_wconf 78' lang='lat' dir='ltr'><strong>syngrammata</strong></span> <span class='ocrx_word' id='word_1_310' title='bbox 3005 1860 3071 1899; x_wconf 88' lang='lat' dir='ltr'><strong>ac</strong></span> <span class='ocrx_word' id='word_1_311' title='bbox 3111 1846 3446 1914; x_wconf 85' lang='lat' dir='ltr'><strong>partieipalis</strong></span> <span class='ocrx_word' id='word_1_312' title='bbox 3479 1846 3754 1915; x_wconf 85' lang='lat' dir='ltr'><strong>interpre-</strong></span> 
     </span>
    </p>
   </div>
   <div class='ocr_carea' id='block_1_49' title="bbox 2163 1937 3754 2008">
    <p class='ocr_par' dir='ltr' id='par_1_49' title="bbox 2163 1937 3754 2008">
     <span class='ocr_line' id='line_1_49' title="bbox 2163 1937 3754 2008; baseline 0.002 -19"><span class='ocrx_word' id='word_1_313' title='bbox 2163 1937 2298 1990; x_wconf 87' lang='lat' dir='ltr'><strong>tatio</strong></span> <span class='ocrx_word' id='word_1_314' title='bbox 2322 1953 2334 1989; x_wconf 93' lang='lat'><strong>:</strong></span> <span class='ocrx_word' id='word_1_315' title='bbox 2365 1952 2598 2006; x_wconf 86' lang='lat' dir='ltr'><strong>quorum</strong></span> <span class='ocrx_word' id='word_1_316' title='bbox 2635 1937 2737 1992; x_wconf 86' lang='lat' dir='ltr'><strong>hoc</strong></span> <span class='ocrx_word' id='word_1_317' title='bbox 2761 1938 2983 2006; x_wconf 84' lang='lat' dir='ltr'><strong>quidem</strong></span> <span class='ocrx_word' id='word_1_318' title='bbox 3016 1954 3112 2008; x_wconf 87' lang='lat' dir='ltr'><strong>per</strong></span> <span class='ocrx_word' id='word_1_319' title='bbox 3137 1939 3366 2007; x_wconf 84' lang='lat' dir='ltr'><strong>lapides,</strong></span> <span class='ocrx_word' id='word_1_320' title='bbox 3395 1938 3542 1992; x_wconf 82' lang='lat' dir='ltr'><strong>aliud</strong></span> <span class='ocrx_word' id='word_1_321' title='bbox 3571 1950 3754 1993; x_wconf 89' lang='lat' dir='ltr'><strong>autem</strong></span> 
     </span>
    </p>
   </div>
   <div class='ocr_carea' id='block_1_50' title="bbox 2163 2027 3755 2099">
    <p class='ocr_par' dir='ltr' id='par_1_50' title="bbox 2163 2027 3755 2099">
     <span class='ocr_line' id='line_1_50' title="bbox 2163 2027 3755 2099; baseline 0.001 -18"><span class='ocrx_word' id='word_1_322' title='bbox 2163 2042 2262 2097; x_wconf 89' lang='lat' dir='ltr'><strong>per</strong></span> <span class='ocrx_word' id='word_1_323' title='bbox 2282 2027 2561 2097; x_wconf 84' lang='lat' dir='ltr'><strong>pulverem</strong></span> <span class='ocrx_word' id='word_1_324' title='bbox 2594 2027 2938 2099; x_wconf 80' lang='lat' dir='ltr'><strong>signiﬁcavit.</strong></span> <span class='ocrx_word' id='word_1_325' title='bbox 2971 2029 3122 2084; x_wconf 86' lang='lat' dir='ltr'><strong>Unde</strong></span> <span class='ocrx_word' id='word_1_326' title='bbox 3148 2038 3203 2083; x_wconf 85' lang='lat' dir='ltr'><strong>et</strong></span> <span class='ocrx_word' id='word_1_327' title='bbox 3236 2030 3500 2084; x_wconf 86' lang='lat' dir='ltr'><strong>Dominus</strong></span> <span class='ocrx_word' id='word_1_328' title='bbox 3532 2039 3755 2098; x_wconf 81' lang='lat' dir='ltr'><strong>aposto-</strong></span> 
     </span>
    </p>
   </div>
   <div class='ocr_carea' id='block_1_51' title="bbox 2169 2119 3757 2190">
    <p class='ocr_par' dir='ltr' id='par_1_51' title="bbox 2169 2119 3757 2190">
     <span class='ocr_line' id='line_1_51' title="bbox 2169 2119 3757 2190; baseline 0.002 -19"><span class='ocrx_word' id='word_1_329' title='bbox 2169 2119 2238 2172; x_wconf 90' lang='lat' dir='ltr'><strong>lis</strong></span> <span class='ocrx_word' id='word_1_330' title='bbox 2266 2119 2546 2188; x_wconf 72' lang='lat' dir='ltr'><strong>praecepit,</strong></span> <span class='ocrx_word' id='word_1_331' title='bbox 2580 2129 2640 2174; x_wconf 95' lang='lat' dir='ltr'><strong>ut</strong></span> <span class='ocrx_word' id='word_1_332' title='bbox 2668 2129 2858 2174; x_wconf 90' lang='lat' dir='ltr'><strong>contra</strong></span> <span class='ocrx_word' id='word_1_333' title='bbox 2883 2135 2977 2174; x_wconf 93' lang='lat' dir='ltr'><strong>eos</strong></span> <span class='ocrx_word' id='word_1_334' title='bbox 3006 2121 3099 2190; x_wconf 89' lang='lat' dir='ltr'><strong>qui</strong></span> <span class='ocrx_word' id='word_1_335' title='bbox 3121 2136 3232 2175; x_wconf 90' lang='lat' dir='ltr'><strong>non</strong></span> <span class='ocrx_word' id='word_1_336' title='bbox 3266 2122 3610 2190; x_wconf 88' lang='lat' dir='ltr'><strong>susciperent</strong></span> <span class='ocrx_word' id='word_1_337' title='bbox 3633 2137 3757 2176; x_wconf 84' lang='lat' dir='ltr'><strong>ver-</strong></span> 
     </span>
    </p>
   </div>
   <div class='ocr_carea' id='block_1_52' title="bbox 2164 2211 3757 2284">
    <p class='ocr_par' dir='ltr' id='par_1_52' title="bbox 2164 2211 3757 2284">
     <span class='ocr_line' id='line_1_52' title="bbox 2164 2211 3757 2284; baseline 0.001 -18"><span class='ocrx_word' id='word_1_338' title='bbox 2164 2211 2298 2266; x_wconf 90' lang='lat' dir='ltr'><strong>bum</strong></span> <span class='ocrx_word' id='word_1_339' title='bbox 2321 2227 2509 2266; x_wconf 91' lang='lat' dir='ltr'><strong>eorum</strong></span> <span class='ocrx_word' id='word_1_340' title='bbox 2541 2222 2703 2283; x_wconf 88' lang='lat' dir='ltr'><strong>atque</strong></span> <span class='ocrx_word' id='word_1_341' title='bbox 2731 2213 3058 2279; x_wconf 91' lang='lat' dir='ltr'><strong>doctrinam,</strong></span> <span class='ocrx_word' id='word_1_342' title='bbox 3081 2214 3245 2268; x_wconf 85' lang='lat' dir='ltr'><strong>etiam</strong></span> <span class='ocrx_word' id='word_1_343' title='bbox 3278 2214 3559 2284; x_wconf 91' lang='lat' dir='ltr'><strong>pulverem</strong></span> <span class='ocrx_word' id='word_1_344' title='bbox 3589 2229 3757 2268; x_wconf 81' lang='lat' dir='ltr'><strong>exeu-</strong></span> 
     </span>
    </p>
   </div>
   <div class='ocr_carea' id='block_1_53' title="bbox 2168 2303 3758 2375">
    <p class='ocr_par' dir='ltr' id='par_1_53' title="bbox 2168 2303 3758 2375">
     <span class='ocr_line' id='line_1_53' title="bbox 2168 2303 3758 2375; baseline 0 -18"><span class='ocrx_word' id='word_1_345' title='bbox 2168 2311 2346 2358; x_wconf 72' lang='lat' dir='ltr'><strong>tcrent</strong></span> <span class='ocrx_word' id='word_1_346' title='bbox 2377 2305 2575 2374; x_wconf 89' lang='lat' dir='ltr'><strong>pedum</strong></span> <span class='ocrx_word' id='word_1_347' title='bbox 2610 2323 2624 2358; x_wconf 90' lang='lat'><strong>:</strong></span> <span class='ocrx_word' id='word_1_348' title='bbox 2660 2303 2968 2375; x_wconf 82' lang='lat' dir='ltr'><strong>Quicunque</strong></span> <span class='ocrx_word' id='word_1_349' title='bbox 2991 2321 3094 2358; x_wconf 83' lang='lat' dir='ltr'><strong>non</strong></span> <span class='ocrx_word' id='word_1_350' title='bbox 3149 2306 3438 2374; x_wconf 83' lang='lat' dir='ltr'><strong>receperint</strong></span> <span class='ocrx_word' id='word_1_351' title='bbox 3492 2320 3603 2369; x_wconf 89' lang='lat' dir='ltr'><strong>vos,</strong></span> <span class='ocrx_word' id='word_1_352' title='bbox 3666 2321 3758 2358; x_wconf 71' lang='lat' dir='ltr'><strong>nec</strong></span> 
     </span>
    </p>
   </div>
   <div class='ocr_carea' id='block_1_54' title="bbox 2166 2397 3758 2466">
    <p class='ocr_par' dir='ltr' id='par_1_54' title="bbox 2166 2397 3758 2466">
     <span class='ocr_line' id='line_1_54' title="bbox 2166 2397 3758 2466; baseline 0.002 -19"><span class='ocrx_word' id='word_1_353' title='bbox 2166 2397 2454 2463; x_wconf 83' lang='lat' dir='ltr'><strong>audierint,</strong></span> <span class='ocrx_word' id='word_1_354' title='bbox 2488 2407 2732 2451; x_wconf 75' lang='lat' dir='ltr'><strong>exeuntes</strong></span> <span class='ocrx_word' id='word_1_355' title='bbox 2761 2398 2879 2451; x_wconf 83' lang='lat' dir='ltr'><strong>inde</strong></span> <span class='ocrx_word' id='word_1_356' title='bbox 2900 2398 3126 2451; x_wconf 76' lang='lat' dir='ltr'><strong>excutite</strong></span> <span class='ocrx_word' id='word_1_357' title='bbox 3148 2397 3409 2466; x_wconf 88' lang='lat' dir='ltr'><strong>pulverem</strong></span> <span class='ocrx_word' id='word_1_358' title='bbox 3448 2398 3510 2450; x_wconf 90' lang='lat' dir='ltr'><strong>de</strong></span> <span class='ocrx_word' id='word_1_359' title='bbox 3539 2397 3758 2465; x_wconf 84' lang='lat' dir='ltr'><strong>pedibus</strong></span> 
     </span>
    </p>
   </div>
   <div class='ocr_carea' id='block_1_55' title="bbox 2166 2489 3760 2554">
    <p class='ocr_par' dir='ltr' id='par_1_55' title="bbox 2166 2489 3760 2554">
     <span class='ocr_line' id='line_1_55' title="bbox 2166 2489 3760 2554; baseline 0.003 -12"><span class='ocrx_word' id='word_1_360' title='bbox 2166 2489 2373 2554; x_wconf 81' lang='lat' dir='ltr'><strong>vestris,</strong></span> <span class='ocrx_word' id='word_1_361' title='bbox 2409 2491 2466 2542; x_wconf 85' lang='lat' dir='ltr'><strong>iu</strong></span> <span class='ocrx_word' id='word_1_362' title='bbox 2501 2489 2856 2544; x_wconf 84' lang='lat' dir='ltr'><strong>testimonium</strong></span> <span class='ocrx_word' id='word_1_363' title='bbox 2887 2489 2994 2544; x_wconf 76' lang='lat' dir='ltr'><strong>illis</strong></span> <span class='ocrx_word' id='word_1_364' title='bbox 3022 2490 3090 2544; x_wconf 79' lang='grc'><strong>⁷⁷.</strong></span> <span class='ocrx_word' id='word_1_365' title='bbox 3156 2489 3312 2554; x_wconf 84' lang='lat' dir='ltr'><strong>Quod</strong></span> <span class='ocrx_word' id='word_1_366' title='bbox 3344 2489 3400 2544; x_wconf 90' lang='lat' dir='ltr'><strong>in</strong></span> <span class='ocrx_word' id='word_1_367' title='bbox 3449 2489 3536 2544; x_wconf 78' lang='lat' dir='ltr'><strong>liis</strong></span> <span class='ocrx_word' id='word_1_368' title='bbox 3574 2490 3760 2546; x_wconf 81' lang='lat' dir='ltr'><strong>verbis</strong></span> 
     </span>
    </p>
   </div>
   <div class='ocr_carea' id='block_1_56' title="bbox 2167 2579 3759 2651">
    <p class='ocr_par' dir='ltr' id='par_1_56' title="bbox 2167 2579 3759 2651">
     <span class='ocr_line' id='line_1_56' title="bbox 2167 2579 3759 2651; baseline 0.001 -17"><span class='ocrx_word' id='word_1_369' title='bbox 2167 2581 2578 2651; x_wconf 65' lang='lat' dir='ltr'><strong>praecipientem</strong></span> <span class='ocrx_word' id='word_1_370' title='bbox 2609 2579 2900 2636; x_wconf 91' lang='lat' dir='ltr'><strong>Dominum</strong></span> <span class='ocrx_word' id='word_1_371' title='bbox 2929 2581 3144 2636; x_wconf 72' lang='lat' dir='ltr'><strong>Marcus</strong></span> <span class='ocrx_word' id='word_1_372' title='bbox 3180 2581 3368 2647; x_wconf 80' lang='lat' dir='ltr'><strong>refert,</strong></span> <span class='ocrx_word' id='word_1_373' title='bbox 3416 2581 3544 2651; x_wconf 89' lang='lat' dir='ltr'><strong>quia</strong></span> <span class='ocrx_word' id='word_1_374' title='bbox 3609 2582 3759 2636; x_wconf 89' lang='lat' dir='ltr'><strong>enim</strong></span> 
     </span>
    </p>
   </div>
   <div class='ocr_carea' id='block_1_57' title="bbox 2166 2674 3760 2747">
    <p class='ocr_par' dir='ltr' id='par_1_57' title="bbox 2166 2674 3760 2747">
     <span class='ocr_line' id='line_1_57' title="bbox 2166 2674 3760 2747; baseline 0.001 -20"><span class='ocrx_word' id='word_1_375' title='bbox 2166 2674 2357 2742; x_wconf 87' lang='lat' dir='ltr'><strong>pedes,-</strong></span> <span class='ocrx_word' id='word_1_376' title='bbox 2399 2675 2747 2747; x_wconf 82' lang='lat' dir='ltr'><strong>evangelicos</strong></span> <span class='ocrx_word' id='word_1_377' title='bbox 2785 2675 2953 2729; x_wconf 90' lang='lat' dir='ltr'><strong>libros</strong></span> <span class='ocrx_word' id='word_1_378' title='bbox 2979 2690 3098 2740; x_wconf 87' lang='lat' dir='ltr'><strong>eos,</strong></span> <span class='ocrx_word' id='word_1_379' title='bbox 3143 2675 3292 2744; x_wconf 88' lang='lat' dir='ltr'><strong>quod</strong></span> <span class='ocrx_word' id='word_1_380' title='bbox 3350 2675 3405 2729; x_wconf 89' lang='lat' dir='ltr'><strong>in</strong></span> <span class='ocrx_word' id='word_1_381' title='bbox 3465 2675 3596 2745; x_wconf 90' lang='lat' dir='ltr'><strong>ipsis</strong></span> <span class='ocrx_word' id='word_1_382' title='bbox 3656 2675 3760 2730; x_wconf 90' lang='lat' dir='ltr'><strong>iter</strong></span> 
     </span>
    </p>
   </div>
   <div class='ocr_carea' id='block_1_58' title="bbox 2167 2763 3757 2835">
    <p class='ocr_par' dir='ltr' id='par_1_58' title="bbox 2167 2763 3757 2835">
     <span class='ocr_line' id='line_1_58' title="bbox 2167 2763 3757 2835; baseline 0.003 -19"><span class='ocrx_word' id='word_1_383' title='bbox 2167 2763 2420 2818; x_wconf 89' lang='lat' dir='ltr'><strong>doctores</strong></span> <span class='ocrx_word' id='word_1_384' title='bbox 2443 2774 2628 2834; x_wconf 85' lang='lat' dir='ltr'><strong>agant,</strong></span> <span class='ocrx_word' id='word_1_385' title='bbox 2652 2763 2836 2819; x_wconf 88' lang='lat' dir='ltr'><strong>divina</strong></span> <span class='ocrx_word' id='word_1_386' title='bbox 2860 2764 3111 2835; x_wconf 83' lang='lat' dir='ltr'><strong>intelligit</strong></span> <span class='ocrx_word' id='word_1_387' title='bbox 3141 2764 3444 2834; x_wconf 75' lang='lat' dir='ltr'><strong>Scriptura,</strong></span> <span class='ocrx_word' id='word_1_388' title='bbox 3479 2767 3628 2820; x_wconf 91' lang='lat' dir='ltr'><strong>unde</strong></span> <span class='ocrx_word' id='word_1_389' title='bbox 3653 2768 3757 2820; x_wconf 89' lang='lat' dir='ltr'><strong>ait:</strong></span> 
     </span>
    </p>
   </div>
   <div class='ocr_carea' id='block_1_59' title="bbox 2168 2855 3761 2929">
    <p class='ocr_par' dir='ltr' id='par_1_59' title="bbox 2168 2855 3761 2929">
     <span class='ocr_line' id='line_1_59' title="bbox 2168 2855 3761 2929; baseline 0.004 -21"><span class='ocrx_word' id='word_1_390' title='bbox 2168 2855 2339 2920; x_wconf 83' lang='lat' dir='ltr'><strong>Quam</strong></span> <span class='ocrx_word' id='word_1_391' title='bbox 2365 2857 2585 2927; x_wconf 84' lang='lat' dir='ltr'><strong>speciosi</strong></span> <span class='ocrx_word' id='word_1_392' title='bbox 2617 2860 2769 2927; x_wconf 88' lang='lat' dir='ltr'><strong>pedes</strong></span> <span class='ocrx_word' id='word_1_393' title='bbox 2797 2858 3275 2929; x_wconf 76' lang='lat' dir='ltr'><strong>euangelizantium</strong></span> <span class='ocrx_word' id='word_1_394' title='bbox 3304 2875 3489 2928; x_wconf 88' lang='lat' dir='ltr'><strong>pacem</strong></span> <span class='ocrx_word' id='word_1_395' title='bbox 3507 2860 3572 2913; x_wconf 87' lang='grc'><strong>⁷⁸.</strong></span> <span class='ocrx_word' id='word_1_396' title='bbox 3593 2859 3761 2916; x_wconf 75' lang='lat' dir='ltr'><strong>[lecte</strong></span> 
     </span>
    </p>
   </div>
   <div class='ocr_carea' id='block_1_60' title="bbox 2167 2950 3760 3022">
    <p class='ocr_par' dir='ltr' id='par_1_60' title="bbox 2167 2950 3760 3022">
     <span class='ocr_line' id='line_1_60' title="bbox 2167 2950 3760 3022; baseline 0.003 -20"><span class='ocrx_word' id='word_1_397' title='bbox 2167 2950 2453 3019; x_wconf 85' lang='lat' dir='ltr'><strong>pulverem</strong></span> <span class='ocrx_word' id='word_1_398' title='bbox 2480 2952 2582 3006; x_wconf 92' lang='lat' dir='ltr'><strong>sub</strong></span> <span class='ocrx_word' id='word_1_399' title='bbox 2610 2951 2778 3022; x_wconf 89' lang='lat' dir='ltr'><strong>pedes</strong></span> <span class='ocrx_word' id='word_1_400' title='bbox 2791 2967 3006 3019; x_wconf 89' lang='lat' dir='ltr'><strong>eorum,</strong></span> <span class='ocrx_word' id='word_1_401' title='bbox 3025 2952 3468 3022; x_wconf 88' lang='lat' dir='ltr'><strong>evangelicorum</strong></span> <span class='ocrx_word' id='word_1_402' title='bbox 3493 2953 3760 3007; x_wconf 89' lang='lat' dir='ltr'><strong>librorum</strong></span> 
     </span>
    </p>
   </div>
   <div class='ocr_carea' id='block_1_61' title="bbox 2170 3041 3760 3113">
    <p class='ocr_par' dir='ltr' id='par_1_61' title="bbox 2170 3041 3760 3113">
     <span class='ocr_line' id='line_1_61' title="bbox 2170 3041 3760 3113; baseline 0.001 -17"><span class='ocrx_word' id='word_1_403' title='bbox 2170 3041 2422 3096; x_wconf 85' lang='lat' dir='ltr'><strong>videlicet</strong></span> <span class='ocrx_word' id='word_1_404' title='bbox 2461 3041 2991 3111; x_wconf 87' lang='lat' dir='ltr'><strong>interpretationem,</strong></span> <span class='ocrx_word' id='word_1_405' title='bbox 3024 3053 3250 3113; x_wconf 87' lang='lat' dir='ltr'><strong>pr0pter</strong></span> <span class='ocrx_word' id='word_1_406' title='bbox 3278 3043 3504 3097; x_wconf 91' lang='lat' dir='ltr'><strong>nimiam</strong></span> <span class='ocrx_word' id='word_1_407' title='bbox 3533 3047 3760 3112; x_wconf 86' lang='lat' dir='ltr'><strong>accepit</strong></span> 
     </span>
    </p>
   </div>
   <div class='ocr_carea' id='block_1_62' title="bbox 471 3121 3762 3207">
    <p class='ocr_par' dir='ltr' id='par_1_62' title="bbox 471 3121 3762 3207">
     <span class='ocr_line' id='line_1_62' title="bbox 471 3121 3762 3207; baseline 0.003 -28"><span class='ocrx_word' id='word_1_408' title='bbox 471 3123 558 3175; x_wconf 88' lang='lat' dir='ltr'><strong>do.</strong></span> <span class='ocrx_word' id='word_1_409' title='bbox 628 3123 698 3176; x_wconf 90' lang='lat' dir='ltr'><strong>Et</strong></span> <span class='ocrx_word' id='word_1_410' title='bbox 732 3121 856 3186; x_wconf 86' lang='lat' dir='ltr'><strong>hoc,</strong></span> <span class='ocrx_word' id='word_1_411' title='bbox 913 3123 1039 3192; x_wconf 84' lang='lat' dir='ltr'><strong>quia</strong></span> <span class='ocrx_word' id='word_1_412' title='bbox 1069 3122 1321 3177; x_wconf 74' lang='lat' dir='ltr'><strong>diffusam</strong></span> <span class='ocrx_word' id='word_1_413' title='bbox 1356 3124 1624 3178; x_wconf 81' lang='lat' dir='ltr'><strong>maculam</strong></span> <span class='ocrx_word' id='word_1_414' title='bbox 1672 3141 1784 3181; x_wconf 89' lang='lat' dir='ltr'><strong>non</strong></span> <span class='ocrx_word' id='word_1_415' title='bbox 1838 3126 2064 3192; x_wconf 73' lang='lat' dir='ltr'><strong>invenit,</strong></span> <span class='ocrx_word' id='word_1_416' title='bbox 2095 3141 2138 3198; x_wconf 71' lang='grc' dir='ltr'>ο</span> <span class='ocrx_word' id='word_1_417' title='bbox 2171 3136 2550 3190; x_wconf 88' lang='lat' dir='ltr'><strong>subtilitatem.</strong></span> <span class='ocrx_word' id='word_1_418' title='bbox 2576 3135 2808 3206; x_wconf 87' lang='lat' dir='ltr'><strong>Lapides</strong></span> <span class='ocrx_word' id='word_1_419' title='bbox 2837 3152 2970 3207; x_wconf 78' lang='lat' dir='ltr'><strong>ergo</strong></span> <span class='ocrx_word' id='word_1_420' title='bbox 2995 3137 3166 3200; x_wconf 88' lang='lat' dir='ltr'><strong>eradi,</strong></span> <span class='ocrx_word' id='word_1_421' title='bbox 3200 3145 3256 3190; x_wconf 91' lang='lat' dir='ltr'><strong>et</strong></span> <span class='ocrx_word' id='word_1_422' title='bbox 3280 3136 3559 3205; x_wconf 80' lang='lat' dir='ltr'><strong>pulverem</strong></span> <span class='ocrx_word' id='word_1_423' title='bbox 3591 3136 3762 3190; x_wconf 88' lang='lat' dir='ltr'><strong>alium</strong></span> 
     </span>
    </p>
   </div>
   <div class='ocr_carea' id='block_1_63' title="bbox 473 3213 2060 3288">
    <p class='ocr_par' dir='ltr' id='par_1_63' title="bbox 473 3213 2060 3288">
     <span class='ocr_line' id='line_1_63' title="bbox 473 3213 2060 3288; baseline 0.004 -22"><span class='ocrx_word' id='word_1_424' title='bbox 473 3229 578 3268; x_wconf 88' lang='lat' dir='ltr'><strong>nec</strong></span> <span class='ocrx_word' id='word_1_425' title='bbox 605 3213 1001 3268; x_wconf 75' lang='lat' dir='ltr'><strong>exuberantem</strong></span> <span class='ocrx_word' id='word_1_426' title='bbox 1072 3214 1436 3285; x_wconf 77' lang='lat' dir='ltr'><strong>impietatem,</strong></span> <span class='ocrx_word' id='word_1_427' title='bbox 1474 3216 1527 3270; x_wconf 92' lang='lat' dir='ltr'><strong>id</strong></span> <span class='ocrx_word' id='word_1_428' title='bbox 1573 3225 1680 3283; x_wconf 91' lang='lat' dir='ltr'><strong>est,</strong></span> <span class='ocrx_word' id='word_1_429' title='bbox 1716 3218 1804 3272; x_wconf 87' lang='lat' dir='ltr'><strong>bis</strong></span> <span class='ocrx_word' id='word_1_430' title='bbox 1839 3218 2060 3288; x_wconf 92' lang='lat' dir='ltr'><strong>quidem</strong></span> 
     </span>
    </p>
   </div>
   <div class='ocr_carea' id='block_1_64' title="bbox 472 3305 2065 3380">
    <p class='ocr_par' dir='ltr' id='par_1_64' title="bbox 472 3305 2065 3380">
     <span class='ocr_line' id='line_1_64' title="bbox 472 3305 2065 3380; baseline 0.005 -22"><span class='ocrx_word' id='word_1_431' title='bbox 472 3305 566 3375; x_wconf 90' lang='lat' dir='ltr'><strong>qui</strong></span> <span class='ocrx_word' id='word_1_432' title='bbox 591 3313 981 3374; x_wconf 85' lang='lat' dir='ltr'><strong>peccaverunt,</strong></span> <span class='ocrx_word' id='word_1_433' title='bbox 999 3305 1187 3376; x_wconf 90' lang='lat' dir='ltr'><strong>utpote</strong></span> <span class='ocrx_word' id='word_1_434' title='bbox 1221 3307 1641 3377; x_wconf 57' lang='lat' dir='ltr'><strong>paenitentibus,</strong></span> <span class='ocrx_word' id='word_1_435' title='bbox 1665 3309 1900 3380; x_wconf 86' lang='lat' dir='ltr'><strong>ignoscit</strong></span> <span class='ocrx_word' id='word_1_436' title='bbox 1924 3318 1979 3366; x_wconf 90' lang='lat' dir='ltr'><strong>et</strong></span> <span class='ocrx_word' id='word_1_437' title='bbox 2007 3319 2065 3366; x_wconf 93' lang='lat' dir='ltr'><strong>ut</strong></span> 
     </span>
    </p>
   </div>
   <div class='ocr_carea' id='block_1_65' title="bbox 474 3396 2066 3474">
    <p class='ocr_par' dir='ltr' id='par_1_65' title="bbox 474 3396 2066 3474">
     <span class='ocr_line' id='line_1_65' title="bbox 474 3396 2066 3474; baseline 0.004 -24"><span class='ocrx_word' id='word_1_438' title='bbox 474 3411 540 3450; x_wconf 81' lang='lat' dir='ltr'><strong>ex</strong></span> <span class='ocrx_word' id='word_1_439' title='bbox 568 3396 883 3451; x_wconf 89' lang='lat' dir='ltr'><strong>inﬁrmitate</strong></span> <span class='ocrx_word' id='word_1_440' title='bbox 912 3399 1290 3468; x_wconf 89' lang='lat' dir='ltr'><strong>peccantibus.</strong></span> <span class='ocrx_word' id='word_1_441' title='bbox 1353 3403 1608 3471; x_wconf 84' lang='lat' dir='ltr'><strong>Dogmata</strong></span> <span class='ocrx_word' id='word_1_442' title='bbox 1654 3411 1836 3456; x_wconf 87' lang='lat' dir='ltr'><strong>autem</strong></span> <span class='ocrx_word' id='word_1_443' title='bbox 1865 3410 1921 3456; x_wconf 90' lang='lat' dir='ltr'><strong>et</strong></span> <span class='ocrx_word' id='word_1_444' title='bbox 1946 3419 2066 3474; x_wconf 79' lang='lat' dir='ltr'><strong>syn-</strong></span> 
     </span>
    </p>
   </div>
   <div class='ocr_carea' id='block_1_66' title="bbox 474 3488 2067 3563">
    <p class='ocr_par' dir='ltr' id='par_1_66' title="bbox 474 3488 2067 3563">
     <span class='ocr_line' id='line_1_66' title="bbox 474 3488 2067 3563; baseline 0.005 -24"><span class='ocrx_word' id='word_1_445' title='bbox 474 3495 796 3558; x_wconf 86' lang='lat' dir='ltr'><strong>grammata,</strong></span> <span class='ocrx_word' id='word_1_446' title='bbox 831 3488 886 3542; x_wconf 91' lang='lat' dir='ltr'><strong>in</strong></span> <span class='ocrx_word' id='word_1_447' title='bbox 915 3489 1112 3558; x_wconf 90' lang='lat' dir='ltr'><strong>quibus</strong></span> <span class='ocrx_word' id='word_1_448' title='bbox 1141 3500 1225 3544; x_wconf 90' lang='lat' dir='ltr'><strong>est</strong></span> <span class='ocrx_word' id='word_1_449' title='bbox 1265 3491 1621 3562; x_wconf 82' lang='lat' dir='ltr'><strong>intelligibilis</strong></span> <span class='ocrx_word' id='word_1_450' title='bbox 1672 3493 1854 3563; x_wconf 68' lang='lat' dir='ltr'><strong>lepraz,</strong></span> <span class='ocrx_word' id='word_1_451' title='bbox 1875 3493 2067 3548; x_wconf 90' lang='lat' dir='ltr'><strong>videli-</strong></span> 
     </span>
    </p>
   </div>
   <div class='ocr_carea' id='block_1_67' title="bbox 475 3579 2066 3654">
    <p class='ocr_par' dir='ltr' id='par_1_67' title="bbox 475 3579 2066 3654">
     <span class='ocr_line' id='line_1_67' title="bbox 475 3579 2066 3654; baseline 0.006 -23"><span class='ocrx_word' id='word_1_452' title='bbox 475 3588 564 3632; x_wconf 89' lang='lat' dir='ltr'><strong>cet</strong></span> <span class='ocrx_word' id='word_1_453' title='bbox 593 3579 889 3648; x_wconf 89' lang='lat' dir='ltr'><strong>impietatis</strong></span> <span class='ocrx_word' id='word_1_454' title='bbox 919 3580 1152 3646; x_wconf 89' lang='lat' dir='ltr'><strong>macula,</strong></span> <span class='ocrx_word' id='word_1_455' title='bbox 1207 3583 1326 3637; x_wconf 81' lang='lat' dir='ltr'><strong>haec</strong></span> <span class='ocrx_word' id='word_1_456' title='bbox 1370 3598 1484 3636; x_wconf 90' lang='lat' dir='ltr'><strong>non</strong></span> <span class='ocrx_word' id='word_1_457' title='bbox 1533 3585 1711 3638; x_wconf 91' lang='lat' dir='ltr'><strong>solum</strong></span> <span class='ocrx_word' id='word_1_458' title='bbox 1769 3595 1923 3639; x_wconf 80' lang='lat' dir='ltr'><strong>extra</strong></span> <span class='ocrx_word' id='word_1_459' title='bbox 1965 3586 2066 3654; x_wconf 87' lang='lat' dir='ltr'><strong>do-</strong></span> 
     </span>
    </p>
   </div>
   <div class='ocr_carea' id='block_1_68' title="bbox 474 3672 2066 3746">
    <p class='ocr_par' dir='ltr' id='par_1_68' title="bbox 474 3672 2066 3746">
     <span class='ocr_line' id='line_1_68' title="bbox 474 3672 2066 3746; baseline 0.005 -24"><span class='ocrx_word' id='word_1_460' title='bbox 474 3684 647 3736; x_wconf 87' lang='lat' dir='ltr'><strong>mum,</strong></span> <span class='ocrx_word' id='word_1_461' title='bbox 689 3672 783 3724; x_wconf 85' lang='lat' dir='ltr'><strong>sed</strong></span> <span class='ocrx_word' id='word_1_462' title='bbox 813 3680 963 3726; x_wconf 79' lang='lat' dir='ltr'><strong>extra</strong></span> <span class='ocrx_word' id='word_1_463' title='bbox 999 3672 1276 3728; x_wconf 74' lang='lat' dir='ltr'><strong>civitatem</strong></span> <span class='ocrx_word' id='word_1_464' title='bbox 1301 3683 1446 3728; x_wconf 83' lang='lat' dir='ltr'><strong>recte</strong></span> <span class='ocrx_word' id='word_1_465' title='bbox 1473 3676 1788 3746; x_wconf 82' lang='lat' dir='ltr'><strong>projiciunt,</strong></span> <span class='ocrx_word' id='word_1_466' title='bbox 1825 3693 1936 3731; x_wconf 90' lang='lat' dir='ltr'><strong>non</strong></span> <span class='ocrx_word' id='word_1_467' title='bbox 1973 3692 2066 3730; x_wconf 88' lang='lat' dir='ltr'><strong>so-</strong></span> 
     </span>
    </p>
   </div>
   <div class='ocr_carea' id='block_1_69' title="bbox 474 3760 2062 3838">
    <p class='ocr_par' dir='ltr' id='par_1_69' title="bbox 474 3760 2062 3838">
     <span class='ocr_line' id='line_1_69' title="bbox 474 3760 2062 3838; baseline 0.006 -25"><span class='ocrx_word' id='word_1_468' title='bbox 474 3760 586 3814; x_wconf 88' lang='lat' dir='ltr'><strong>lum</strong></span> <span class='ocrx_word' id='word_1_469' title='bbox 614 3761 680 3815; x_wconf 91' lang='lat' dir='ltr'><strong>de</strong></span> <span class='ocrx_word' id='word_1_470' title='bbox 705 3778 811 3816; x_wconf 89' lang='lat' dir='ltr'><strong>una</strong></span> <span class='ocrx_word' id='word_1_471' title='bbox 846 3761 1108 3828; x_wconf 88' lang='lat' dir='ltr'><strong>Ecclesia,</strong></span> <span class='ocrx_word' id='word_1_472' title='bbox 1135 3766 1232 3819; x_wconf 90' lang='lat' dir='ltr'><strong>sed</strong></span> <span class='ocrx_word' id='word_1_473' title='bbox 1269 3766 1337 3820; x_wconf 92' lang='lat' dir='ltr'><strong>de</strong></span> <span class='ocrx_word' id='word_1_474' title='bbox 1397 3767 1694 3822; x_wconf 86' lang='lat' dir='ltr'><strong>universali</strong></span> <span class='ocrx_word' id='word_1_475' title='bbox 1758 3769 2062 3838; x_wconf 83' lang='lat' dir='ltr'><strong>ejicientes.</strong></span> 
     </span>
    </p>
   </div>
   <div class='ocr_carea' id='block_1_70' title="bbox 482 3851 2068 3924">
    <p class='ocr_par' dir='ltr' id='par_1_70' title="bbox 482 3851 2068 3924">
     <span class='ocr_line' id='line_1_70' title="bbox 482 3851 2068 3924; baseline 0.006 -18"><span class='ocrx_word' id='word_1_476' title='bbox 482 3851 822 3908; x_wconf 88' lang='lat' dir='ltr'><strong>Universalis</strong></span> <span class='ocrx_word' id='word_1_477' title='bbox 866 3855 1013 3909; x_wconf 90' lang='lat' dir='ltr'><strong>enim</strong></span> <span class='ocrx_word' id='word_1_478' title='bbox 1060 3855 1302 3910; x_wconf 84' lang='lat' dir='ltr'><strong>Ecclesia</strong></span> <span class='ocrx_word' id='word_1_479' title='bbox 1350 3857 1656 3913; x_wconf 80' lang='lat' dir='ltr'><strong>Jerusalem</strong></span> <span class='ocrx_word' id='word_1_480' title='bbox 1713 3871 1818 3924; x_wconf 90' lang='lat' dir='ltr'><strong>est,</strong></span> <span class='ocrx_word' id='word_1_481' title='bbox 1875 3862 2068 3916; x_wconf 81' lang='lat' dir='ltr'><strong>civitas</strong></span> 
     </span>
    </p>
   </div>
   <div class='ocr_carea' id='block_1_71' title="bbox 476 3943 2066 4022">
    <p class='ocr_par' dir='ltr' id='par_1_71' title="bbox 476 3943 2066 4022">
     <span class='ocr_line' id='line_1_71' title="bbox 476 3943 2066 4022; baseline 0.008 -25"><span class='ocrx_word' id='word_1_482' title='bbox 476 3943 570 3998; x_wconf 86' lang='lat' dir='ltr'><strong>Dei</strong></span> <span class='ocrx_word' id='word_1_483' title='bbox 597 3946 725 4010; x_wconf 87' lang='lat' dir='ltr'><strong>vivi,</strong></span> <span class='ocrx_word' id='word_1_484' title='bbox 767 3961 889 4014; x_wconf 62' lang='lat' dir='ltr'><strong>quae</strong></span> <span class='ocrx_word' id='word_1_485' title='bbox 914 3949 1162 4003; x_wconf 90' lang='lat' dir='ltr'><strong>continet</strong></span> <span class='ocrx_word' id='word_1_486' title='bbox 1189 3950 1486 4004; x_wconf 88' lang='lat' dir='ltr'><strong>Ecclesiam</strong></span> <span class='ocrx_word' id='word_1_487' title='bbox 1516 3953 1915 4022; x_wconf 87' lang='lat' dir='ltr'><strong>primitivorum</strong></span> <span class='ocrx_word' id='word_1_488' title='bbox 1931 3972 2066 4009; x_wconf 90' lang='lat' dir='ltr'><strong>con-</strong></span> 
     </span>
    </p>
   </div>
   <div class='ocr_carea' id='block_1_72' title="bbox 475 4033 2064 4102">
    <p class='ocr_par' dir='ltr' id='par_1_72' title="bbox 475 4033 2064 4102">
     <span class='ocr_line' id='line_1_72' title="bbox 475 4033 2064 4102; baseline 0.008 -16"><span class='ocrx_word' id='word_1_489' title='bbox 475 4033 814 4102; x_wconf 81' lang='lat' dir='ltr'><strong>scriptamin</strong></span> <span class='ocrx_word' id='word_1_490' title='bbox 848 4036 1092 4090; x_wconf 62' lang='lat' dir='ltr'><strong>caelis“.</strong></span> <span class='ocrx_word' id='word_1_491' title='bbox 1146 4037 1515 4102; x_wconf 85' lang='lat' dir='ltr'><strong>Quamobrem</strong></span> <span class='ocrx_word' id='word_1_492' title='bbox 1563 4045 1731 4097; x_wconf 90' lang='lat' dir='ltr'><strong>etiam</strong></span> <span class='ocrx_word' id='word_1_493' title='bbox 1779 4044 1833 4096; x_wconf 91' lang='lat' dir='ltr'><strong>in</strong></span> <span class='ocrx_word' id='word_1_494' title='bbox 1886 4045 2064 4099; x_wconf 78' lang='lat' dir='ltr'><strong>lorum</strong></span> 
     </span>
    </p>
   </div>
   <div class='ocr_carea' id='block_1_73' title="bbox 477 4126 2068 4198">
    <p class='ocr_par' dir='ltr' id='par_1_73' title="bbox 477 4126 2068 4198">
     <span class='ocr_line' id='line_1_73' title="bbox 477 4126 2068 4198; baseline 0.008 -18"><span class='ocrx_word' id='word_1_495' title='bbox 477 4126 818 4181; x_wconf 89' lang='lat' dir='ltr'><strong>immundum</strong></span> <span class='ocrx_word' id='word_1_496' title='bbox 846 4129 1164 4198; x_wconf 86' lang='lat' dir='ltr'><strong>projiciunt,</strong></span> <span class='ocrx_word' id='word_1_497' title='bbox 1187 4130 1332 4186; x_wconf 89' lang='lat' dir='ltr'><strong>inter</strong></span> <span class='ocrx_word' id='word_1_498' title='bbox 1388 4133 1778 4189; x_wconf 74' lang='lat' dir='ltr'><strong>haereticorum</strong></span> <span class='ocrx_word' id='word_1_499' title='bbox 1809 4137 2068 4193; x_wconf 84' lang='lat' dir='ltr'><strong>videlicet</strong></span> 
     </span>
    </p>
   </div>
   <div class='ocr_carea' id='block_1_74' title="bbox 475 4218 2066 4298">
    <p class='ocr_par' dir='ltr' id='par_1_74' title="bbox 475 4218 2066 4298">
     <span class='ocr_line' id='line_1_74' title="bbox 475 4218 2066 4298; baseline 0.008 -27"><span class='ocrx_word' id='word_1_500' title='bbox 475 4218 856 4272; x_wconf 87' lang='lat' dir='ltr'><strong>conventicula</strong></span> <span class='ocrx_word' id='word_1_501' title='bbox 886 4235 899 4272; x_wconf 92' lang='lat'><strong>:</strong></span> <span class='ocrx_word' id='word_1_502' title='bbox 927 4219 1015 4275; x_wconf 89' lang='lat' dir='ltr'><strong>bic</strong></span> <span class='ocrx_word' id='word_1_503' title='bbox 1039 4231 1124 4275; x_wconf 87' lang='lat' dir='ltr'><strong>est</strong></span> <span class='ocrx_word' id='word_1_504' title='bbox 1145 4223 1291 4276; x_wconf 90' lang='lat' dir='ltr'><strong>enim</strong></span> <span class='ocrx_word' id='word_1_505' title='bbox 1350 4223 1523 4290; x_wconf 67' lang='lat' dir='ltr'><strong>locus,</strong></span> <span class='ocrx_word' id='word_1_506' title='bbox 1545 4225 1882 4292; x_wconf 93' lang='lat' dir='ltr'><strong>immundus,</strong></span> <span class='ocrx_word' id='word_1_507' title='bbox 1941 4229 2066 4298; x_wconf 89' lang='lat' dir='ltr'><strong>quia</strong></span> 
     </span>
    </p>
   </div>
   <div class='ocr_carea' id='block_1_75' title="bbox 475 4307 2067 4389">
    <p class='ocr_par' dir='ltr' id='par_1_75' title="bbox 475 4307 2067 4389">
     <span class='ocr_line' id='line_1_75' title="bbox 475 4307 2067 4389; baseline 0.009 -29"><span class='ocrx_word' id='word_1_508' title='bbox 475 4307 660 4361; x_wconf 90' lang='lat' dir='ltr'><strong>omnia</strong></span> <span class='ocrx_word' id='word_1_509' title='bbox 707 4308 903 4378; x_wconf 88' lang='lat' dir='ltr'><strong>recipit</strong></span> <span class='ocrx_word' id='word_1_510' title='bbox 969 4311 1221 4382; x_wconf 83' lang='lat' dir='ltr'><strong>dogmata</strong></span> <span class='ocrx_word' id='word_1_511' title='bbox 1285 4313 1605 4383; x_wconf 88' lang='lat' dir='ltr'><strong>impietatis.</strong></span> <span class='ocrx_word' id='word_1_512' title='bbox 1653 4315 1719 4369; x_wconf 88' lang='lat' dir='ltr'><strong>Et</strong></span> <span class='ocrx_word' id='word_1_513' title='bbox 1753 4316 1882 4385; x_wconf 89' lang='lat' dir='ltr'><strong>quid</strong></span> <span class='ocrx_word' id='word_1_514' title='bbox 1943 4329 2067 4389; x_wconf 93' lang='lat' dir='ltr'><strong>post</strong></span> 
     </span>
    </p>
   </div>
   <div class='ocr_carea' id='block_1_76' title="bbox 477 4397 630 4453">
    <p class='ocr_par' dir='ltr' id='par_1_76' title="bbox 477 4397 630 4453">
     <span class='ocr_line' id='line_1_76' title="bbox 477 4397 630 4453; baseline 0 -1"><span class='ocrx_word' id='word_1_515' title='bbox 477 4397 630 4453; x_wconf 81' lang='lat' dir='ltr'><strong>hzec?</strong></span> 
     </span>
    </p>
   </div>
   <div class='ocr_carea' id='block_1_77' title="bbox 547 4479 2141 4570">
    <p class='ocr_par' dir='ltr' id='par_1_77' title="bbox 547 4479 2141 4570">
     <span class='ocr_line' id='line_1_77' title="bbox 547 4479 2141 4570; baseline 0.01 -27"><span class='ocrx_word' id='word_1_516' title='bbox 547 4491 774 4546; x_wconf 87' lang='lat' dir='ltr'><strong>Domum</strong></span> <span class='ocrx_word' id='word_1_517' title='bbox 805 4503 984 4548; x_wconf 87' lang='lat' dir='ltr'><strong>autem</strong></span> <span class='ocrx_word' id='word_1_518' title='bbox 1015 4496 1185 4565; x_wconf 90' lang='lat' dir='ltr'><strong>ipsam</strong></span> <span class='ocrx_word' id='word_1_519' title='bbox 1233 4499 1354 4550; x_wconf 90' lang='lat' dir='ltr'><strong>radi</strong></span> <span class='ocrx_word' id='word_1_520' title='bbox 1382 4490 1703 4554; x_wconf 80' lang='lat' dir='ltr'><strong>intrinsecus</strong></span> <span class='ocrx_word' id='word_1_521' title='bbox 1737 4518 1832 4570; x_wconf 91' lang='lat' dir='ltr'><strong>per</strong></span> <span class='ocrx_word' id='word_1_522' title='bbox 1864 4505 2064 4558; x_wconf 84' lang='lat' dir='ltr'><strong>circui-</strong></span> <span class='ocrx_word' id='word_1_523' title='bbox 2097 4479 2141 4536; x_wconf 72' lang='grc' dir='ltr'><strong>θ</strong></span> 
     </span>
    </p>
   </div>
   <div class='ocr_carea' id='block_1_78' title="bbox 478 4586 2065 4660">
    <p class='ocr_par' dir='ltr' id='par_1_78' title="bbox 478 4586 2065 4660">
     <span class='ocr_line' id='line_1_78' title="bbox 478 4586 2065 4660; baseline 0.011 -28"><span class='ocrx_word' id='word_1_524' title='bbox 478 4589 610 4646; x_wconf 85' lang='lat' dir='ltr'><strong>tum,</strong></span> <span class='ocrx_word' id='word_1_525' title='bbox 643 4595 690 4634; x_wconf 85' lang='lat' dir='ltr'><strong>et</strong></span> <span class='ocrx_word' id='word_1_526' title='bbox 716 4586 898 4654; x_wconf 88' lang='lat' dir='ltr'><strong>spargi</strong></span> <span class='ocrx_word' id='word_1_527' title='bbox 922 4587 1187 4653; x_wconf 85' lang='lat' dir='ltr'><strong>pulverem</strong></span> <span class='ocrx_word' id='word_1_528' title='bbox 1222 4605 1425 4642; x_wconf 83' lang='lat' dir='ltr'><strong>rasura:</strong></span> <span class='ocrx_word' id='word_1_529' title='bbox 1459 4600 1610 4643; x_wconf 73' lang='lat' dir='ltr'><strong>extra</strong></span> <span class='ocrx_word' id='word_1_530' title='bbox 1648 4593 1850 4660; x_wconf 82' lang='lat' dir='ltr'><strong>urbem,</strong></span> <span class='ocrx_word' id='word_1_531' title='bbox 1875 4595 2065 4649; x_wconf 79' lang='lat' dir='ltr'><strong>inloco</strong></span> 
     </span>
    </p>
   </div>
   <div class='ocr_carea' id='block_1_79' title="bbox 475 4674 2067 4750">
    <p class='ocr_par' dir='ltr' id='par_1_79' title="bbox 475 4674 2067 4750">
     <span class='ocr_line' id='line_1_79' title="bbox 475 4674 2067 4750; baseline 0.013 -25"><span class='ocrx_word' id='word_1_532' title='bbox 475 4674 766 4728; x_wconf 85' lang='lat' dir='ltr'><strong>immundo.</strong></span> <span class='ocrx_word' id='word_1_533' title='bbox 803 4677 1020 4730; x_wconf 82' lang='lat' dir='ltr'><strong>lladunt</strong></span> <span class='ocrx_word' id='word_1_534' title='bbox 1052 4680 1294 4746; x_wconf 89' lang='lat' dir='ltr'><strong>domum,</strong></span> <span class='ocrx_word' id='word_1_535' title='bbox 1347 4682 1440 4750; x_wconf 85' lang='lat' dir='ltr'><strong>qui</strong></span> <span class='ocrx_word' id='word_1_536' title='bbox 1474 4683 1644 4738; x_wconf 89' lang='lat' dir='ltr'><strong>libros</strong></span> <span class='ocrx_word' id='word_1_537' title='bbox 1662 4687 2067 4745; x_wconf 85' lang='lat' dir='ltr'><strong>ecclesiasticos</strong></span> 
     </span>
    </p>
   </div>
   <div class='ocr_carea' id='block_1_80' title="bbox 478 4764 2068 4850">
    <p class='ocr_par' dir='ltr' id='par_1_80' title="bbox 478 4764 2068 4850">
     <span class='ocr_line' id='line_1_80' title="bbox 478 4764 2068 4850; baseline 0.013 -32"><span class='ocrx_word' id='word_1_538' title='bbox 478 4764 790 4837; x_wconf 85' lang='lat' dir='ltr'><strong>intelligere</strong></span> <span class='ocrx_word' id='word_1_539' title='bbox 825 4777 992 4838; x_wconf 89' lang='lat' dir='ltr'><strong>atque</strong></span> <span class='ocrx_word' id='word_1_540' title='bbox 1019 4771 1336 4827; x_wconf 89' lang='lat' dir='ltr'><strong>discernere</strong></span> <span class='ocrx_word' id='word_1_541' title='bbox 1379 4774 1654 4831; x_wconf 88' lang='lat' dir='ltr'><strong>subtiliter</strong></span> <span class='ocrx_word' id='word_1_542' title='bbox 1697 4781 1938 4850; x_wconf 92' lang='lat' dir='ltr'><strong>student,</strong></span> <span class='ocrx_word' id='word_1_543' title='bbox 2005 4793 2068 4838; x_wconf 89' lang='lat' dir='ltr'><strong>ut</strong></span> 
     </span>
    </p>
   </div>
   <div class='ocr_carea' id='block_1_81' title="bbox 477 4856 2066 4941">
    <p class='ocr_par' dir='ltr' id='par_1_81' title="bbox 477 4856 2066 4941">
     <span class='ocr_line' id='line_1_81' title="bbox 477 4856 2066 4941; baseline 0.014 -32"><span class='ocrx_word' id='word_1_544' title='bbox 477 4856 580 4926; x_wconf 89' lang='lat' dir='ltr'><strong>ipsi</strong></span> <span class='ocrx_word' id='word_1_545' title='bbox 611 4873 830 4913; x_wconf 90' lang='lat' dir='ltr'><strong>onmem</strong></span> <span class='ocrx_word' id='word_1_546' title='bbox 857 4862 1125 4916; x_wconf 87' lang='lat' dir='ltr'><strong>malitiam</strong></span> <span class='ocrx_word' id='word_1_547' title='bbox 1170 4864 1464 4934; x_wconf 81' lang='lat' dir='ltr'><strong>diligenter</strong></span> <span class='ocrx_word' id='word_1_548' title='bbox 1491 4881 1922 4941; x_wconf 86' lang='lat' dir='ltr'><strong>perscrutantes,</strong></span> <span class='ocrx_word' id='word_1_549' title='bbox 1979 4878 2066 4930; x_wconf 91' lang='lat' dir='ltr'><strong>in-</strong></span> 
     </span>
    </p>
   </div>
   <div class='ocr_carea' id='block_1_82' title="bbox 481 4947 2066 5036">
    <p class='ocr_par' dir='ltr' id='par_1_82' title="bbox 481 4947 2066 5036">
     <span class='ocr_line' id='line_1_82' title="bbox 481 4947 2066 5036; baseline 0.015 -36"><span class='ocrx_word' id='word_1_550' title='bbox 481 4947 822 5019; x_wconf 88' lang='lat' dir='ltr'><strong>sidentesque</strong></span> <span class='ocrx_word' id='word_1_551' title='bbox 851 4952 1178 5008; x_wconf 90' lang='lat' dir='ltr'><strong>doctoresin</strong></span> <span class='ocrx_word' id='word_1_552' title='bbox 1215 4953 1398 5024; x_wconf 82' lang='lat' dir='ltr'><strong>pravis</strong></span> <span class='ocrx_word' id='word_1_553' title='bbox 1423 4958 1596 5026; x_wconf 88' lang='lat' dir='ltr'><strong>libris,</strong></span> <span class='ocrx_word' id='word_1_554' title='bbox 1635 4965 1846 5022; x_wconf 82' lang='lat' dir='ltr'><strong>rosario</strong></span> <span class='ocrx_word' id='word_1_555' title='bbox 1865 4968 2066 5036; x_wconf 84' lang='lat' dir='ltr'><strong>dijudi-</strong></span> 
     </span>
    </p>
   </div>
   <div class='ocr_carea' id='block_1_83' title="bbox 478 5039 2068 5121">
    <p class='ocr_par' dir='ltr' id='par_1_83' title="bbox 478 5039 2068 5121">
     <span class='ocr_line' id='line_1_83' title="bbox 478 5039 2068 5121; baseline 0.014 -30"><span class='ocrx_word' id='word_1_556' title='bbox 478 5039 711 5095; x_wconf 85' lang='lat' dir='ltr'><strong>cationis</strong></span> <span class='ocrx_word' id='word_1_557' title='bbox 734 5043 1096 5110; x_wconf 82' lang='lat' dir='ltr'><strong>excutientes,</strong></span> <span class='ocrx_word' id='word_1_558' title='bbox 1131 5047 1312 5102; x_wconf 91' lang='lat' dir='ltr'><strong>nullas</strong></span> <span class='ocrx_word' id='word_1_559' title='bbox 1346 5047 1400 5101; x_wconf 93' lang='lat' dir='ltr'><strong>in</strong></span> <span class='ocrx_word' id='word_1_560' title='bbox 1427 5064 1492 5103; x_wconf 90' lang='lat' dir='ltr'><strong>ea</strong></span> <span class='ocrx_word' id='word_1_561' title='bbox 1532 5051 1831 5121; x_wconf 89' lang='lat' dir='ltr'><strong>impietatis</strong></span> <span class='ocrx_word' id='word_1_562' title='bbox 1883 5060 2068 5115; x_wconf 86' lang='lat' dir='ltr'><strong>sinant</strong></span> 
     </span>
    </p>
   </div>
   <div class='ocr_carea' id='block_1_84' title="bbox 480 5135 2067 5212">
    <p class='ocr_par' dir='ltr' id='par_1_84' title="bbox 480 5135 2067 5212">
     <span class='ocr_line' id='line_1_84' title="bbox 480 5135 2067 5212; baseline 0.013 -27"><span class='ocrx_word' id='word_1_563' title='bbox 480 5147 762 5187; x_wconf 87' lang='lat' dir='ltr'><strong>remanere</strong></span> <span class='ocrx_word' id='word_1_564' title='bbox 791 5135 1049 5204; x_wconf 87' lang='lat' dir='ltr'><strong>reliquias</strong></span> <span class='ocrx_word' id='word_1_565' title='bbox 1082 5153 1094 5190; x_wconf 94' lang='lat'>:</span> <span class='ocrx_word' id='word_1_566' title='bbox 1125 5138 1220 5192; x_wconf 90' lang='lat' dir='ltr'><strong>sed</strong></span> <span class='ocrx_word' id='word_1_567' title='bbox 1258 5147 1312 5192; x_wconf 92' lang='lat' dir='ltr'><strong>et</strong></span> <span class='ocrx_word' id='word_1_568' title='bbox 1341 5155 1462 5208; x_wconf 74' lang='lat' dir='ltr'><strong>quae</strong></span> <span class='ocrx_word' id='word_1_569' title='bbox 1491 5141 1817 5212; x_wconf 86' lang='lat' dir='ltr'><strong>abraserint,</strong></span> <span class='ocrx_word' id='word_1_570' title='bbox 1848 5149 1966 5204; x_wconf 80' lang='lat' dir='ltr'><strong>luee</strong></span> <span class='ocrx_word' id='word_1_571' title='bbox 2011 5152 2067 5204; x_wconf 90' lang='lat' dir='ltr'><strong>in</strong></span> 
     </span>
    </p>
   </div>
   <div class='ocr_carea' id='block_1_85' title="bbox 482 5223 2066 5297">
    <p class='ocr_par' dir='ltr' id='par_1_85' title="bbox 482 5223 2066 5297">
     <span class='ocr_line' id='line_1_85' title="bbox 482 5223 2066 5297; baseline 0.014 -22"><span class='ocrx_word' id='word_1_572' title='bbox 482 5223 799 5291; x_wconf 52' lang='lat' dir='ltr'><strong>praedictum</strong></span> <span class='ocrx_word' id='word_1_573' title='bbox 836 5227 1180 5282; x_wconf 89' lang='lat' dir='ltr'><strong>immundum</strong></span> <span class='ocrx_word' id='word_1_574' title='bbox 1211 5229 1414 5296; x_wconf 92' lang='lat' dir='ltr'><strong>locum,</strong></span> <span class='ocrx_word' id='word_1_575' title='bbox 1445 5233 1589 5287; x_wconf 91' lang='lat' dir='ltr'><strong>sicut</strong></span> <span class='ocrx_word' id='word_1_576' title='bbox 1619 5228 1898 5293; x_wconf 78' lang='lat' dir='ltr'><strong>immtinda</strong></span> <span class='ocrx_word' id='word_1_577' title='bbox 1930 5250 1985 5295; x_wconf 91' lang='lat' dir='ltr'><strong>et</strong></span> <span class='ocrx_word' id='word_1_578' title='bbox 2011 5243 2066 5297; x_wconf 92' lang='lat' dir='ltr'><strong>in</strong></span> 
     </span>
    </p>
   </div>
   <div class='ocr_carea' id='block_1_86' title="bbox 481 5310 2066 5398">
    <p class='ocr_par' dir='ltr' id='par_1_86' title="bbox 481 5310 2066 5398">
     <span class='ocr_line' id='line_1_86' title="bbox 481 5310 2066 5398; baseline 0.016 -35"><span class='ocrx_word' id='word_1_579' title='bbox 481 5310 774 5369; x_wconf 89' lang='lat' dir='ltr'><strong>immundis</strong></span> <span class='ocrx_word' id='word_1_580' title='bbox 797 5316 1018 5370; x_wconf 88' lang='lat' dir='ltr'><strong>inventa</strong></span> <span class='ocrx_word' id='word_1_581' title='bbox 1053 5329 1200 5373; x_wconf 89' lang='lat' dir='ltr'><strong>recte</strong></span> <span class='ocrx_word' id='word_1_582' title='bbox 1245 5321 1558 5391; x_wconf 89' lang='lat' dir='ltr'><strong>deportant,</strong></span> <span class='ocrx_word' id='word_1_583' title='bbox 1587 5325 1905 5398; x_wconf 86' lang='lat' dir='ltr'><strong>lapidesque</strong></span> <span class='ocrx_word' id='word_1_584' title='bbox 1931 5333 2066 5388; x_wconf 89' lang='lat' dir='ltr'><strong>alios</strong></span> 
     </span>
    </p>
   </div>
   <div class='ocr_carea' id='block_1_87' title="bbox 483 5408 2064 5483">
    <p class='ocr_par' dir='ltr' id='par_1_87' title="bbox 483 5408 2064 5483">
     <span class='ocr_line' id='line_1_87' title="bbox 483 5408 2064 5483; baseline 0.017 -28"><span class='ocrx_word' id='word_1_585' title='bbox 483 5408 669 5474; x_wconf 86' lang='lat' dir='ltr'><strong>reponi</strong></span> <span class='ocrx_word' id='word_1_586' title='bbox 705 5425 803 5478; x_wconf 90' lang='lat' dir='ltr'><strong>pro</strong></span> <span class='ocrx_word' id='word_1_587' title='bbox 836 5409 920 5465; x_wconf 86' lang='lat' dir='ltr'><strong>bis</strong></span> <span class='ocrx_word' id='word_1_588' title='bbox 948 5412 1040 5481; x_wconf 88' lang='lat' dir='ltr'><strong>qui</strong></span> <span class='ocrx_word' id='word_1_589' title='bbox 1076 5413 1239 5467; x_wconf 89' lang='lat' dir='ltr'><strong>ablati</strong></span> <span class='ocrx_word' id='word_1_590' title='bbox 1270 5414 1509 5481; x_wconf 83' lang='lat' dir='ltr'><strong>fuerant,</strong></span> <span class='ocrx_word' id='word_1_591' title='bbox 1551 5419 1738 5473; x_wconf 90' lang='lat' dir='ltr'><strong>etluto</strong></span> <span class='ocrx_word' id='word_1_592' title='bbox 1776 5422 1882 5478; x_wconf 91' lang='lat' dir='ltr'><strong>alio</strong></span> <span class='ocrx_word' id='word_1_593' title='bbox 1917 5425 2064 5483; x_wconf 90' lang='lat' dir='ltr'><strong>liniri</strong></span> 
     </span>
    </p>
   </div>
   <div class='ocr_carea' id='block_1_88' title="bbox 485 5497 2065 5590">
    <p class='ocr_par' dir='ltr' id='par_1_88' title="bbox 485 5497 2065 5590">
     <span class='ocr_line' id='line_1_88' title="bbox 485 5497 2065 5590; baseline 0.016 -40"><span class='ocrx_word' id='word_1_594' title='bbox 485 5497 900 5568; x_wconf 86' lang='lat' dir='ltr'><strong>domum.Quod</strong></span> <span class='ocrx_word' id='word_1_595' title='bbox 949 5506 1158 5576; x_wconf 89' lang='lat' dir='ltr'><strong>lapides</strong></span> <span class='ocrx_word' id='word_1_596' title='bbox 1219 5520 1470 5580; x_wconf 87' lang='lat' dir='ltr'><strong>oporteat</strong></span> <span class='ocrx_word' id='word_1_597' title='bbox 1536 5513 1762 5586; x_wconf 86' lang='lat' dir='ltr'><strong>intelligi</strong></span> <span class='ocrx_word' id='word_1_598' title='bbox 1811 5518 2065 5590; x_wconf 84' lang='lat' dir='ltr'><strong>dogmata</strong></span> 
     </span>
    </p>
   </div>
   <div class='ocr_carea' id='block_1_89' title="bbox 487 5595 2064 5676">
    <p class='ocr_par' dir='ltr' id='par_1_89' title="bbox 487 5595 2064 5676">
     <span class='ocr_line' id='line_1_89' title="bbox 487 5595 2064 5676; baseline 0.016 -34"><span class='ocrx_word' id='word_1_599' title='bbox 487 5595 874 5673; x_wconf 76' lang='lat' dir='ltr'><strong>exponentium</strong></span> <span class='ocrx_word' id='word_1_600' title='bbox 900 5595 1144 5654; x_wconf 88' lang='lat' dir='ltr'><strong>divinam</strong></span> <span class='ocrx_word' id='word_1_601' title='bbox 1200 5601 1375 5672; x_wconf 80' lang='lat' dir='ltr'><strong>legem</strong></span> <span class='ocrx_word' id='word_1_602' title='bbox 1411 5612 1466 5656; x_wconf 88' lang='lat' dir='ltr'><strong>et</strong></span> <span class='ocrx_word' id='word_1_603' title='bbox 1520 5617 1943 5676; x_wconf 81' lang='lat' dir='ltr'><strong>syngrammata,</strong></span> <span class='ocrx_word' id='word_1_604' title='bbox 1995 5612 2064 5667; x_wconf 88' lang='lat' dir='ltr'><strong>de</strong></span> 
     </span>
    </p>
   </div>
   <div class='ocr_carea' id='block_1_90' title="bbox 589 5732 1238 5803">
    <p class='ocr_par' dir='ltr' id='par_1_90' title="bbox 589 5732 1238 5803">
     <span class='ocr_line' id='line_1_90' title="bbox 589 5732 1238 5803; baseline 0.006 -17"><span class='ocrx_word' id='word_1_605' title='bbox 589 5732 633 5763; x_wconf 72' lang='lat'>&quot;</span> <span class='ocrx_word' id='word_1_606' title='bbox 663 5732 829 5788; x_wconf 87' lang='lat' dir='ltr'><strong>Hebr.</strong></span> <span class='ocrx_word' id='word_1_607' title='bbox 887 5753 985 5800; x_wconf 80' lang='lat' dir='ltr'><strong>xu,</strong></span> <span class='ocrx_word' id='word_1_608' title='bbox 1013 5737 1105 5803; x_wconf 67' lang='lat'><strong>22,</strong></span> <span class='ocrx_word' id='word_1_609' title='bbox 1147 5739 1238 5791; x_wconf 71' lang='lat'><strong>23.</strong></span> 
     </span>
    </p>
   </div>
   <div class='ocr_carea' id='block_1_91' title="bbox 498 5738 1864 5823">
    <p class='ocr_par' dir='ltr' id='par_1_91' title="bbox 498 5738 1864 5823">
     <span class='ocr_line' id='line_1_91' title="bbox 498 5738 1864 5823; baseline 0.002 -3"><span class='ocrx_word' id='word_1_610' title='bbox 498 5791 538 5823; x_wconf 75' lang='grc' dir='ltr'><strong>τ.</strong></span> <span class='ocrx_word' id='word_1_611' title='bbox 558 5799 570 5823; x_wconf 85' lang='grc'><em>.</em></span> <span class='ocrx_word' id='word_1_612' title='bbox 587 5738 633 5823; x_wconf 55' lang='lat' dir='ltr'><em>ff</em></span> <span class='ocrx_word' id='word_1_613' title='bbox 664 5738 839 5823; x_wconf 50' lang='lat' dir='ltr'><strong>‘19P”;</strong></span> <span class='ocrx_word' id='word_1_614' title='bbox 863 5753 985 5823; x_wconf 55' lang='grc' dir='ltr'><strong>ἕν’</strong></span> <span class='ocrx_word' id='word_1_615' title='bbox 1013 5738 1105 5803; x_wconf 57' lang='grc' dir='ltr'><strong>θεν</strong></span> <span class='ocrx_word' id='word_1_616' title='bbox 1147 5739 1256 5823; x_wconf 59' lang='grc' dir='ltr'><strong>εἷχ</strong></span> <span class='ocrx_word' id='word_1_617' title='bbox 1336 5738 1634 5823; x_wconf 61' lang='lat' dir='ltr'><strong>&quot;EaPhar-</strong></span> <span class='ocrx_word' id='word_1_618' title='bbox 1671 5758 1760 5823; x_wconf 65' lang='grc' dir='ltr'><strong>υςν-</strong></span> <span class='ocrx_word' id='word_1_619' title='bbox 1778 5745 1864 5800; x_wconf 68' lang='lat' dir='ltr'><strong>“i-</strong></span> 
     </span>
    </p>
   </div>
   <div class='ocr_carea' id='block_1_92' title="bbox 503 5799 1287 5873">
    <p class='ocr_par' dir='ltr' id='par_1_92' title="bbox 503 5799 1287 5873">
     <span class='ocr_line' id='line_1_92' title="bbox 503 5799 1287 5873; baseline 0.009 -19"><span class='ocrx_word' id='word_1_620' title='bbox 503 5799 656 5856; x_wconf 83' lang='lat' dir='ltr'><strong>&quot;lsa.</strong></span> <span class='ocrx_word' id='word_1_621' title='bbox 687 5819 780 5870; x_wconf 81' lang='grc' dir='ltr'><strong>ιιι,</strong></span> <span class='ocrx_word' id='word_1_622' title='bbox 810 5805 872 5871; x_wconf 86' lang='lat'><strong>7;</strong></span> <span class='ocrx_word' id='word_1_623' title='bbox 907 5799 1063 5861; x_wconf 75' lang='lat' dir='ltr'><strong>Item.</strong></span> <span class='ocrx_word' id='word_1_624' title='bbox 1092 5799 1166 5873; x_wconf 45' lang='lat' dir='ltr'><strong>&#39;x,</strong></span> <span class='ocrx_word' id='word_1_625' title='bbox 1197 5808 1287 5862; x_wconf 77' lang='grc'><strong>15.</strong></span> 
     </span>
    </p>
   </div>
   <div class='ocr_carea' id='block_1_93' title="bbox 1397 5813 1951 5886">
    <p class='ocr_par' dir='ltr' id='par_1_93' title="bbox 1397 5813 1951 5886">
     <span class='ocr_line' id='line_1_93' title="bbox 1397 5813 1951 5886; baseline 0.011 -21"><span class='ocrx_word' id='word_1_626' title='bbox 1397 5813 1582 5868; x_wconf 71' lang='lat' dir='ltr'><strong>79Act.</strong></span> <span class='ocrx_word' id='word_1_627' title='bbox 1613 5831 1702 5880; x_wconf 78' lang='lat' dir='ltr'><strong>xv,</strong></span> <span class='ocrx_word' id='word_1_628' title='bbox 1740 5816 1762 5868; x_wconf 85' lang='lat' dir='ltr'><strong>l</strong></span> <span class='ocrx_word' id='word_1_629' title='bbox 1800 5832 1951 5886; x_wconf 86' lang='lat' dir='ltr'><strong>seqq.</strong></span> 
     </span>
    </p>
   </div>
   <div class='ocr_carea' id='block_1_94' title="bbox 2169 3228 3764 3299">
    <p class='ocr_par' dir='ltr' id='par_1_94' title="bbox 2169 3228 3764 3299">
     <span class='ocr_line' id='line_1_94' title="bbox 2169 3228 3764 3299; baseline 0.001 -19"><span class='ocrx_word' id='word_1_630' title='bbox 2169 3228 2359 3281; x_wconf 79' lang='lat' dir='ltr'><strong>inferri</strong></span> <span class='ocrx_word' id='word_1_631' title='bbox 2395 3228 2603 3294; x_wconf 86' lang='lat' dir='ltr'><strong>dicens,</strong></span> <span class='ocrx_word' id='word_1_632' title='bbox 2635 3237 2861 3299; x_wconf 88' lang='lat' dir='ltr'><strong>purgata</strong></span> <span class='ocrx_word' id='word_1_633' title='bbox 2883 3230 2952 3283; x_wconf 90' lang='lat' dir='ltr'><strong>ab</strong></span> <span class='ocrx_word' id='word_1_634' title='bbox 2985 3229 3134 3283; x_wconf 92' lang='lat' dir='ltr'><strong>omni</strong></span> <span class='ocrx_word' id='word_1_635' title='bbox 3165 3229 3308 3283; x_wconf 90' lang='lat' dir='ltr'><strong>malo</strong></span> <span class='ocrx_word' id='word_1_636' title='bbox 3337 3229 3613 3299; x_wconf 84' lang='lat' dir='ltr'><strong>dogmata,</strong></span> <span class='ocrx_word' id='word_1_637' title='bbox 3677 3237 3764 3282; x_wconf 88' lang='lat' dir='ltr'><strong>at-</strong></span> 
     </span>
    </p>
   </div>
   <div class='ocr_carea' id='block_1_95' title="bbox 2166 3320 3762 3391">
    <p class='ocr_par' dir='ltr' id='par_1_95' title="bbox 2166 3320 3762 3391">
     <span class='ocr_line' id='line_1_95' title="bbox 2166 3320 3762 3391; baseline 0.001 -17"><span class='ocrx_word' id='word_1_638' title='bbox 2166 3336 2274 3389; x_wconf 92' lang='lat' dir='ltr'><strong>que</strong></span> <span class='ocrx_word' id='word_1_639' title='bbox 2305 3320 2612 3376; x_wconf 89' lang='lat' dir='ltr'><strong>doctrinam</strong></span> <span class='ocrx_word' id='word_1_640' title='bbox 2655 3337 2752 3391; x_wconf 91' lang='lat' dir='ltr'><strong>pro</strong></span> <span class='ocrx_word' id='word_1_641' title='bbox 2805 3323 2960 3378; x_wconf 86' lang='lat' dir='ltr'><strong>malis</strong></span> <span class='ocrx_word' id='word_1_642' title='bbox 2991 3323 3097 3376; x_wconf 91' lang='lat' dir='ltr'><strong>illis</strong></span> <span class='ocrx_word' id='word_1_643' title='bbox 3125 3322 3338 3388; x_wconf 78' lang='lat' dir='ltr'><strong>inferri,</strong></span> <span class='ocrx_word' id='word_1_644' title='bbox 3373 3333 3428 3376; x_wconf 85' lang='lat' dir='ltr'><strong>et</strong></span> <span class='ocrx_word' id='word_1_645' title='bbox 3457 3321 3762 3377; x_wconf 84' lang='lat' dir='ltr'><strong>Ecclesiam</strong></span> 
     </span>
    </p>
   </div>
   <div class='ocr_carea' id='block_1_96' title="bbox 2167 3413 3765 3470">
    <p class='ocr_par' dir='ltr' id='par_1_96' title="bbox 2167 3413 3765 3470">
     <span class='ocr_line' id='line_1_96' title="bbox 2167 3413 3765 3470; baseline 0.003 -5"><span class='ocrx_word' id='word_1_646' title='bbox 2167 3413 2311 3466; x_wconf 84' lang='lat' dir='ltr'><strong>liniri</strong></span> <span class='ocrx_word' id='word_1_647' title='bbox 2336 3414 2454 3467; x_wconf 91' lang='lat' dir='ltr'><strong>sine</strong></span> <span class='ocrx_word' id='word_1_648' title='bbox 2473 3413 2582 3470; x_wconf 91' lang='lat' dir='ltr'><strong>ulla</strong></span> <span class='ocrx_word' id='word_1_649' title='bbox 2611 3414 2892 3469; x_wconf 88' lang='lat' dir='ltr'><strong>dubietate</strong></span> <span class='ocrx_word' id='word_1_650' title='bbox 2923 3434 2935 3469; x_wconf 91' lang='lat'>:</span> <span class='ocrx_word' id='word_1_651' title='bbox 2990 3415 3094 3469; x_wconf 84' lang='lat' dir='ltr'><strong>hoc</strong></span> <span class='ocrx_word' id='word_1_652' title='bbox 3115 3415 3262 3469; x_wconf 90' lang='lat' dir='ltr'><strong>enim</strong></span> <span class='ocrx_word' id='word_1_653' title='bbox 3317 3415 3478 3469; x_wconf 91' lang='lat' dir='ltr'><strong>nobis</strong></span> <span class='ocrx_word' id='word_1_654' title='bbox 3503 3415 3765 3470; x_wconf 90' lang='lat' dir='ltr'><strong>conside-</strong></span> 
     </span>
    </p>
   </div>
   <div class='ocr_carea' id='block_1_97' title="bbox 2169 3505 3762 3575">
    <p class='ocr_par' dir='ltr' id='par_1_97' title="bbox 2169 3505 3762 3575">
     <span class='ocr_line' id='line_1_97' title="bbox 2169 3505 3762 3575; baseline 0.003 -18"><span class='ocrx_word' id='word_1_655' title='bbox 2169 3505 2306 3559; x_wconf 84' lang='lat' dir='ltr'><strong>ratio</strong></span> <span class='ocrx_word' id='word_1_656' title='bbox 2329 3505 2464 3575; x_wconf 87' lang='lat' dir='ltr'><strong>legis</strong></span> <span class='ocrx_word' id='word_1_657' title='bbox 2496 3505 2779 3560; x_wconf 88' lang='lat' dir='ltr'><strong>evidenter</strong></span> <span class='ocrx_word' id='word_1_658' title='bbox 2811 3507 3070 3562; x_wconf 88' lang='lat' dir='ltr'><strong>ostendit.</strong></span> <span class='ocrx_word' id='word_1_659' title='bbox 3113 3507 3310 3561; x_wconf 89' lang='lat' dir='ltr'><strong>Annon</strong></span> <span class='ocrx_word' id='word_1_660' title='bbox 3363 3516 3419 3562; x_wconf 92' lang='lat' dir='ltr'><strong>et</strong></span> <span class='ocrx_word' id='word_1_661' title='bbox 3448 3507 3654 3562; x_wconf 85' lang='lat' dir='ltr'><strong>Paulus</strong></span> <span class='ocrx_word' id='word_1_662' title='bbox 3685 3507 3762 3561; x_wconf 80' lang='lat' dir='ltr'><strong>le-</strong></span> 
     </span>
    </p>
   </div>
   <div class='ocr_carea' id='block_1_98' title="bbox 2169 3598 3760 3669">
    <p class='ocr_par' dir='ltr' id='par_1_98' title="bbox 2169 3598 3760 3669">
     <span class='ocr_line' id='line_1_98' title="bbox 2169 3598 3760 3669; baseline 0.003 -19"><span class='ocrx_word' id='word_1_663' title='bbox 2169 3613 2319 3667; x_wconf 87' lang='lat' dir='ltr'><strong>pram</strong></span> <span class='ocrx_word' id='word_1_664' title='bbox 2343 3598 2657 3669; x_wconf 82' lang='lat' dir='ltr'><strong>dogmatum</strong></span> <span class='ocrx_word' id='word_1_665' title='bbox 2682 3601 2740 3652; x_wconf 92' lang='lat' dir='ltr'><strong>in</strong></span> <span class='ocrx_word' id='word_1_666' title='bbox 2780 3599 3096 3654; x_wconf 89' lang='lat' dir='ltr'><strong>doctoribus</strong></span> <span class='ocrx_word' id='word_1_667' title='bbox 3127 3600 3484 3654; x_wconf 66' lang='lat' dir='ltr'><strong>Antiochense</strong></span> <span class='ocrx_word' id='word_1_668' title='bbox 3501 3616 3760 3665; x_wconf 88' lang='lat' dir='ltr'><strong>cernens,</strong></span> 
     </span>
    </p>
   </div>
   <div class='ocr_carea' id='block_1_99' title="bbox 2165 3690 3761 3763">
    <p class='ocr_par' dir='ltr' id='par_1_99' title="bbox 2165 3690 3761 3763">
     <span class='ocr_line' id='line_1_99' title="bbox 2165 3690 3761 3763; baseline 0.003 -20"><span class='ocrx_word' id='word_1_669' title='bbox 2165 3690 2370 3745; x_wconf 83' lang='lat' dir='ltr'><strong>Jacobo</strong></span> <span class='ocrx_word' id='word_1_670' title='bbox 2410 3700 2599 3761; x_wconf 85' lang='lat' dir='ltr'><strong>utpote</strong></span> <span class='ocrx_word' id='word_1_671' title='bbox 2635 3693 2908 3746; x_wconf 89' lang='lat' dir='ltr'><strong>sacerdoti</strong></span> <span class='ocrx_word' id='word_1_672' title='bbox 2957 3708 3156 3763; x_wconf 88' lang='lat' dir='ltr'><strong>magno</strong></span> <span class='ocrx_word' id='word_1_673' title='bbox 3202 3693 3540 3748; x_wconf 82' lang='lat' dir='ltr'><strong>nuntiavit&quot;</strong></span> <span class='ocrx_word' id='word_1_674' title='bbox 3569 3694 3594 3747; x_wconf 89' lang='lat'><strong>?</strong></span> <span class='ocrx_word' id='word_1_675' title='bbox 3624 3693 3761 3758; x_wconf 86' lang='lat' dir='ltr'><strong>Quia</strong></span> 
     </span>
    </p>
   </div>
   <div class='ocr_carea' id='block_1_100' title="bbox 2166 3784 3756 3856">
    <p class='ocr_par' dir='ltr' id='par_1_100' title="bbox 2166 3784 3756 3856">
     <span class='ocr_line' id='line_1_100' title="bbox 2166 3784 3756 3856; baseline 0.003 -21"><span class='ocrx_word' id='word_1_676' title='bbox 2166 3784 2335 3837; x_wconf 81' lang='lat' dir='ltr'><strong>erasis</strong></span> <span class='ocrx_word' id='word_1_677' title='bbox 2358 3799 2650 3852; x_wconf 83' lang='lat' dir='ltr'><strong>pravorum</strong></span> <span class='ocrx_word' id='word_1_678' title='bbox 2684 3785 2971 3838; x_wconf 86' lang='lat' dir='ltr'><strong>doctorum</strong></span> <span class='ocrx_word' id='word_1_679' title='bbox 3006 3786 3151 3839; x_wconf 90' lang='lat' dir='ltr'><strong>notis</strong></span> <span class='ocrx_word' id='word_1_680' title='bbox 3190 3786 3560 3856; x_wconf 82' lang='lat' dir='ltr'><strong>dogmatibus,</strong></span> <span class='ocrx_word' id='word_1_681' title='bbox 3594 3787 3756 3840; x_wconf 77' lang='lat' dir='ltr'><strong>aule-</strong></span> 
     </span>
    </p>
   </div>
   <div class='ocr_carea' id='block_1_101' title="bbox 2170 3875 3760 3947">
    <p class='ocr_par' dir='ltr' id='par_1_101' title="bbox 2170 3875 3760 3947">
     <span class='ocr_line' id='line_1_101' title="bbox 2170 3875 3760 3947; baseline 0.001 -19"><span class='ocrx_word' id='word_1_682' title='bbox 2170 3890 2296 3928; x_wconf 89' lang='lat' dir='ltr'><strong>rens</strong></span> <span class='ocrx_word' id='word_1_683' title='bbox 2335 3875 2542 3944; x_wconf 86' lang='lat' dir='ltr'><strong>lapides</strong></span> <span class='ocrx_word' id='word_1_684' title='bbox 2569 3875 2622 3928; x_wconf 92' lang='lat' dir='ltr'><strong>in</strong></span> <span class='ocrx_word' id='word_1_685' title='bbox 2654 3875 2772 3930; x_wconf 85' lang='lat' dir='ltr'><strong>loco</strong></span> <span class='ocrx_word' id='word_1_686' title='bbox 2797 3891 2987 3929; x_wconf 74' lang='lat' dir='ltr'><strong>eorum</strong></span> <span class='ocrx_word' id='word_1_687' title='bbox 3023 3892 3035 3926; x_wconf 90' lang='lat'>:</span> <span class='ocrx_word' id='word_1_688' title='bbox 3067 3877 3403 3931; x_wconf 74' lang='lat' dir='ltr'><strong>rectissimus</strong></span> <span class='ocrx_word' id='word_1_689' title='bbox 3447 3877 3760 3947; x_wconf 72' lang='lat' dir='ltr'><strong>Hierosoly-</strong></span> 
     </span>
    </p>
   </div>
   <div class='ocr_carea' id='block_1_102' title="bbox 2169 3966 3760 4036">
    <p class='ocr_par' dir='ltr' id='par_1_102' title="bbox 2169 3966 3760 4036">
     <span class='ocr_line' id='line_1_102' title="bbox 2169 3966 3760 4036; baseline 0.003 -18"><span class='ocrx_word' id='word_1_690' title='bbox 2169 3966 2389 4020; x_wconf 80' lang='lat' dir='ltr'><strong>mitanae</strong></span> <span class='ocrx_word' id='word_1_691' title='bbox 2429 3968 2674 4022; x_wconf 67' lang='lat' dir='ltr'><strong>ecclesiae</strong></span> <span class='ocrx_word' id='word_1_692' title='bbox 2701 3968 2930 4032; x_wconf 88' lang='lat' dir='ltr'><strong>litteras,</strong></span> <span class='ocrx_word' id='word_1_693' title='bbox 2957 3977 3013 4021; x_wconf 92' lang='lat' dir='ltr'><strong>et</strong></span> <span class='ocrx_word' id='word_1_694' title='bbox 3047 3968 3326 4036; x_wconf 84' lang='lat' dir='ltr'><strong>pulverem</strong></span> <span class='ocrx_word' id='word_1_695' title='bbox 3365 3985 3378 4021; x_wconf 90' lang='lat'>:</span> <span class='ocrx_word' id='word_1_696' title='bbox 3421 3983 3574 4022; x_wconf 87' lang='lat' dir='ltr'><strong>suam</strong></span> <span class='ocrx_word' id='word_1_697' title='bbox 3606 3969 3760 4023; x_wconf 87' lang='lat' dir='ltr'><strong>vide-</strong></span> 
     </span>
    </p>
   </div>
   <div class='ocr_carea' id='block_1_103' title="bbox 2169 4056 3761 4130">
    <p class='ocr_par' dir='ltr' id='par_1_103' title="bbox 2169 4056 3761 4130">
     <span class='ocr_line' id='line_1_103' title="bbox 2169 4056 3761 4130; baseline 0.004 -22"><span class='ocrx_word' id='word_1_698' title='bbox 2169 4056 2292 4110; x_wconf 84' lang='lat' dir='ltr'><strong>licet</strong></span> <span class='ocrx_word' id='word_1_699' title='bbox 2319 4057 2625 4111; x_wconf 87' lang='lat' dir='ltr'><strong>doctrinam</strong></span> <span class='ocrx_word' id='word_1_700' title='bbox 2647 4058 2875 4122; x_wconf 82' lang='lat' dir='ltr'><strong>addcns,</strong></span> <span class='ocrx_word' id='word_1_701' title='bbox 2923 4059 3078 4112; x_wconf 77' lang='lat' dir='ltr'><strong>unxit</strong></span> <span class='ocrx_word' id='word_1_702' title='bbox 3108 4057 3407 4114; x_wconf 85' lang='lat' dir='ltr'><strong>Ecclesiam</strong></span> <span class='ocrx_word' id='word_1_703' title='bbox 3435 4061 3761 4130; x_wconf 89' lang='lat' dir='ltr'><strong>curavitque</strong></span> 
     </span>
    </p>
   </div>
   <div class='ocr_carea' id='block_1_104' title="bbox 2167 4149 3762 4222">
    <p class='ocr_par' dir='ltr' id='par_1_104' title="bbox 2167 4149 3762 4222">
     <span class='ocr_line' id='line_1_104' title="bbox 2167 4149 3762 4222; baseline 0.004 -20"><span class='ocrx_word' id='word_1_704' title='bbox 2167 4150 2310 4217; x_wconf 88' lang='lat' dir='ltr'><strong>quod</strong></span> <span class='ocrx_word' id='word_1_705' title='bbox 2337 4149 2631 4203; x_wconf 83' lang='lat' dir='ltr'><strong>acciderat.</strong></span> <span class='ocrx_word' id='word_1_706' title='bbox 2675 4149 2784 4204; x_wconf 81' lang='lat' dir='ltr'><strong>Sed</strong></span> <span class='ocrx_word' id='word_1_707' title='bbox 2817 4167 2918 4205; x_wconf 89' lang='lat' dir='ltr'><strong>nec</strong></span> <span class='ocrx_word' id='word_1_708' title='bbox 2960 4152 3041 4206; x_wconf 90' lang='lat' dir='ltr'><strong>sic</strong></span> <span class='ocrx_word' id='word_1_709' title='bbox 3064 4167 3182 4206; x_wconf 89' lang='lat' dir='ltr'><strong>eam</strong></span> <span class='ocrx_word' id='word_1_710' title='bbox 3216 4152 3452 4222; x_wconf 87' lang='lat' dir='ltr'><strong>relinqui</strong></span> <span class='ocrx_word' id='word_1_711' title='bbox 3481 4153 3762 4208; x_wconf 83' lang='lat' dir='ltr'><strong>indiscus-</strong></span> 
     </span>
    </p>
   </div>
   <div class='ocr_carea' id='block_1_105' title="bbox 2169 4241 3762 4316">
    <p class='ocr_par' dir='ltr' id='par_1_105' title="bbox 2169 4241 3762 4316">
     <span class='ocr_line' id='line_1_105' title="bbox 2169 4241 3762 4316; baseline 0.004 -23"><span class='ocrx_word' id='word_1_712' title='bbox 2169 4255 2282 4294; x_wconf 88' lang='lat' dir='ltr'><strong>sam</strong></span> <span class='ocrx_word' id='word_1_713' title='bbox 2309 4241 2362 4294; x_wconf 88' lang='lat' dir='ltr'><strong>in</strong></span> <span class='ocrx_word' id='word_1_714' title='bbox 2382 4241 2840 4311; x_wconf 88' lang='lat' dir='ltr'><strong>subsequentibus</strong></span> <span class='ocrx_word' id='word_1_715' title='bbox 2856 4244 3088 4298; x_wconf 87' lang='lat' dir='ltr'><strong>sancivit</strong></span> <span class='ocrx_word' id='word_1_716' title='bbox 3120 4261 3134 4298; x_wconf 93' lang='lat'><strong>:</strong></span> <span class='ocrx_word' id='word_1_717' title='bbox 3167 4244 3293 4314; x_wconf 92' lang='lat' dir='ltr'><strong>quia</strong></span> <span class='ocrx_word' id='word_1_718' title='bbox 3319 4245 3464 4298; x_wconf 91' lang='lat' dir='ltr'><strong>enim</strong></span> <span class='ocrx_word' id='word_1_719' title='bbox 3499 4245 3762 4316; x_wconf 82' lang='lat' dir='ltr'><strong>iniquitas</strong></span> 
     </span>
    </p>
   </div>
   <div class='ocr_carea' id='block_1_106' title="bbox 2170 4331 3758 4406">
    <p class='ocr_par' dir='ltr' id='par_1_106' title="bbox 2170 4331 3758 4406">
     <span class='ocr_line' id='line_1_106' title="bbox 2170 4331 3758 4406; baseline 0.004 -21"><span class='ocrx_word' id='word_1_720' title='bbox 2170 4331 2224 4385; x_wconf 91' lang='lat' dir='ltr'><strong>in</strong></span> <span class='ocrx_word' id='word_1_721' title='bbox 2251 4347 2366 4398; x_wconf 84' lang='lat' dir='ltr'><strong>eos,</strong></span> <span class='ocrx_word' id='word_1_722' title='bbox 2393 4335 2484 4403; x_wconf 91' lang='lat' dir='ltr'><strong>qui</strong></span> <span class='ocrx_word' id='word_1_723' title='bbox 2518 4350 2810 4404; x_wconf 91' lang='lat' dir='ltr'><strong>pravorum</strong></span> <span class='ocrx_word' id='word_1_724' title='bbox 2846 4336 3159 4406; x_wconf 85' lang='lat' dir='ltr'><strong>dogmatum</strong></span> <span class='ocrx_word' id='word_1_725' title='bbox 3191 4337 3384 4394; x_wconf 91' lang='lat' dir='ltr'><strong>morbo</strong></span> <span class='ocrx_word' id='word_1_726' title='bbox 3419 4337 3758 4405; x_wconf 68' lang='lat' dir='ltr'><strong>adiciuntur,</strong></span> 
     </span>
    </p>
   </div>
   <div class='ocr_carea' id='block_1_107' title="bbox 2169 4425 3165 4498">
    <p class='ocr_par' dir='ltr' id='par_1_107' title="bbox 2169 4425 3165 4498">
     <span class='ocr_line' id='line_1_107' title="bbox 2169 4425 3165 4498; baseline 0.002 -18"><span class='ocrx_word' id='word_1_727' title='bbox 2169 4425 2276 4480; x_wconf 89' lang='lat' dir='ltr'><strong>cito</strong></span> <span class='ocrx_word' id='word_1_728' title='bbox 2315 4427 2630 4493; x_wconf 90' lang='lat' dir='ltr'><strong>revertitur,</strong></span> <span class='ocrx_word' id='word_1_729' title='bbox 2668 4438 2724 4482; x_wconf 89' lang='lat' dir='ltr'><strong>et</strong></span> <span class='ocrx_word' id='word_1_730' title='bbox 2741 4438 3031 4498; x_wconf 80' lang='lat' dir='ltr'><strong>propterea</strong></span> <span class='ocrx_word' id='word_1_731' title='bbox 3049 4430 3122 4483; x_wconf 89' lang='lat' dir='ltr'><strong>ait</strong></span> <span class='ocrx_word' id='word_1_732' title='bbox 3153 4447 3165 4482; x_wconf 91' lang='lat'><strong>:</strong></span> 
     </span>
    </p>
   </div>
   <div class='ocr_carea' id='block_1_108' title="bbox 2244 4518 3761 4591">
    <p class='ocr_par' dir='ltr' id='par_1_108' title="bbox 2244 4518 3761 4591">
     <span class='ocr_line' id='line_1_108' title="bbox 2244 4518 3761 4591; baseline 0.002 -19"><span class='ocrx_word' id='word_1_733' title='bbox 2244 4518 2338 4572; x_wconf 86' lang='lat' dir='ltr'><strong>Sin</strong></span> <span class='ocrx_word' id='word_1_734' title='bbox 2366 4533 2543 4573; x_wconf 86' lang='lat' dir='ltr'><strong>autem</strong></span> <span class='ocrx_word' id='word_1_735' title='bbox 2580 4530 2858 4590; x_wconf 85' lang='lat' dir='ltr'><strong>postquam</strong></span> <span class='ocrx_word' id='word_1_736' title='bbox 2915 4523 3052 4574; x_wconf 83' lang='lat' dir='ltr'><strong>eruti</strong></span> <span class='ocrx_word' id='word_1_737' title='bbox 3087 4532 3207 4574; x_wconf 77' lang='lat' dir='ltr'><strong>sunt</strong></span> <span class='ocrx_word' id='word_1_738' title='bbox 3241 4521 3463 4591; x_wconf 84' lang='lat' dir='ltr'><strong>lapides,</strong></span> <span class='ocrx_word' id='word_1_739' title='bbox 3495 4531 3542 4574; x_wconf 89' lang='lat' dir='ltr'><strong>et</strong></span> <span class='ocrx_word' id='word_1_740' title='bbox 3591 4523 3761 4588; x_wconf 78' lang='lat' dir='ltr'><strong>pulvis</strong></span> 
     </span>
    </p>
   </div>
   <div class='ocr_carea' id='block_1_109' title="bbox 2171 4611 3759 4683">
    <p class='ocr_par' dir='ltr' id='par_1_109' title="bbox 2171 4611 3759 4683">
     <span class='ocr_line' id='line_1_109' title="bbox 2171 4611 3759 4683; baseline 0.001 -18"><span class='ocrx_word' id='word_1_741' title='bbox 2171 4611 2365 4678; x_wconf 86' lang='lat' dir='ltr'><strong>elatus,</strong></span> <span class='ocrx_word' id='word_1_742' title='bbox 2405 4621 2450 4664; x_wconf 91' lang='lat' dir='ltr'><strong>ct</strong></span> <span class='ocrx_word' id='word_1_743' title='bbox 2483 4613 2596 4664; x_wconf 90' lang='lat' dir='ltr'><strong>alia</strong></span> <span class='ocrx_word' id='word_1_744' title='bbox 2643 4622 2784 4665; x_wconf 86' lang='lat' dir='ltr'><strong>terra</strong></span> <span class='ocrx_word' id='word_1_745' title='bbox 2832 4613 2925 4665; x_wconf 90' lang='lat' dir='ltr'><strong>lita</strong></span> <span class='ocrx_word' id='word_1_746' title='bbox 2948 4655 2961 4677; x_wconf 90' lang='lat'><strong>,</strong></span> <span class='ocrx_word' id='word_1_747' title='bbox 2995 4614 3257 4683; x_wconf 78' lang='lat' dir='ltr'><strong>ingressus</strong></span> <span class='ocrx_word' id='word_1_748' title='bbox 3290 4615 3533 4666; x_wconf 85' lang='lat' dir='ltr'><strong>sacerdos</strong></span> <span class='ocrx_word' id='word_1_749' title='bbox 3575 4615 3759 4668; x_wconf 81' lang='lat' dir='ltr'><strong>viderit</strong></span> 
     </span>
    </p>
   </div>
   <div class='ocr_carea' id='block_1_110' title="bbox 2171 4703 3758 4776">
    <p class='ocr_par' dir='ltr' id='par_1_110' title="bbox 2171 4703 3758 4776">
     <span class='ocr_line' id='line_1_110' title="bbox 2171 4703 3758 4776; baseline 0.003 -21"><span class='ocrx_word' id='word_1_750' title='bbox 2171 4720 2436 4757; x_wconf 88' lang='lat' dir='ltr'><strong>reversam</strong></span> <span class='ocrx_word' id='word_1_751' title='bbox 2463 4703 2664 4770; x_wconf 89' lang='lat' dir='ltr'><strong>lepram</strong></span> <span class='ocrx_word' id='word_1_752' title='bbox 2690 4714 2739 4758; x_wconf 90' lang='lat' dir='ltr'><strong>et</strong></span> <span class='ocrx_word' id='word_1_753' title='bbox 2775 4705 3004 4773; x_wconf 86' lang='lat' dir='ltr'><strong>parietes</strong></span> <span class='ocrx_word' id='word_1_754' title='bbox 3063 4722 3303 4774; x_wconf 85' lang='lat' dir='ltr'><strong>aspersas</strong></span> <span class='ocrx_word' id='word_1_755' title='bbox 3333 4707 3577 4771; x_wconf 89' lang='lat' dir='ltr'><strong>maculis,</strong></span> <span class='ocrx_word' id='word_1_756' title='bbox 3613 4707 3758 4776; x_wconf 82' lang='lat' dir='ltr'><strong>lepra</strong></span> 
     </span>
    </p>
   </div>
   <div class='ocr_carea' id='block_1_111' title="bbox 2170 4797 3762 4868">
    <p class='ocr_par' dir='ltr' id='par_1_111' title="bbox 2170 4797 3762 4868">
     <span class='ocr_line' id='line_1_111' title="bbox 2170 4797 3762 4868; baseline 0.004 -20"><span class='ocrx_word' id='word_1_757' title='bbox 2170 4804 2248 4849; x_wconf 87' lang='lat' dir='ltr'><strong>est</strong></span> <span class='ocrx_word' id='word_1_758' title='bbox 2281 4812 2636 4864; x_wconf 84' lang='lat' dir='ltr'><strong>perseverans,</strong></span> <span class='ocrx_word' id='word_1_759' title='bbox 2673 4805 2722 4850; x_wconf 84' lang='lat' dir='ltr'><strong>et</strong></span> <span class='ocrx_word' id='word_1_760' title='bbox 2750 4797 3022 4850; x_wconf 87' lang='lat' dir='ltr'><strong>immunda</strong></span> <span class='ocrx_word' id='word_1_761' title='bbox 3054 4798 3256 4852; x_wconf 81' lang='lat' dir='ltr'><strong>domus.</strong></span> <span class='ocrx_word' id='word_1_762' title='bbox 3297 4797 3356 4851; x_wconf 86' lang='lat' dir='ltr'><strong>Si</strong></span> <span class='ocrx_word' id='word_1_763' title='bbox 3385 4797 3531 4852; x_wconf 89' lang='lat' dir='ltr'><strong>enim</strong></span> <span class='ocrx_word' id='word_1_764' title='bbox 3569 4798 3762 4868; x_wconf 84' lang='lat' dir='ltr'><strong>ejectis</strong></span> 
     </span>
    </p>
   </div>
   <div class='ocr_carea' id='block_1_112' title="bbox 2171 4886 3759 4956">
    <p class='ocr_par' dir='ltr' id='par_1_112' title="bbox 2171 4886 3759 4956">
     <span class='ocr_line' id='line_1_112' title="bbox 2171 4886 3759 4956; baseline 0.003 -17"><span class='ocrx_word' id='word_1_765' title='bbox 2171 4886 2329 4940; x_wconf 90' lang='lat' dir='ltr'><strong>malis</strong></span> <span class='ocrx_word' id='word_1_766' title='bbox 2355 4887 2722 4956; x_wconf 83' lang='lat' dir='ltr'><strong>dogmatibus,</strong></span> <span class='ocrx_word' id='word_1_767' title='bbox 2748 4895 2803 4941; x_wconf 90' lang='lat' dir='ltr'><strong>et</strong></span> <span class='ocrx_word' id='word_1_768' title='bbox 2817 4888 2936 4942; x_wconf 90' lang='lat' dir='ltr'><strong>aliis</strong></span> <span class='ocrx_word' id='word_1_769' title='bbox 2959 4903 3105 4942; x_wconf 74' lang='lat' dir='ltr'><strong>sana:</strong></span> <span class='ocrx_word' id='word_1_770' title='bbox 3125 4887 3384 4943; x_wconf 82' lang='lat' dir='ltr'><strong>doctrin-.e</strong></span> <span class='ocrx_word' id='word_1_771' title='bbox 3409 4889 3759 4953; x_wconf 87' lang='lat' dir='ltr'><strong>introductis,</strong></span> 
     </span>
    </p>
   </div>
   <div class='ocr_carea' id='block_1_113' title="bbox 2165 4977 3758 5050">
    <p class='ocr_par' dir='ltr' id='par_1_113' title="bbox 2165 4977 3758 5050">
     <span class='ocr_line' id='line_1_113' title="bbox 2165 4977 3758 5050; baseline 0.002 -20"><span class='ocrx_word' id='word_1_772' title='bbox 2165 4977 2280 5047; x_wconf 89' lang='lat' dir='ltr'><strong>ipsa</strong></span> <span class='ocrx_word' id='word_1_773' title='bbox 2315 4993 2503 5031; x_wconf 90' lang='lat' dir='ltr'><strong>rursus</strong></span> <span class='ocrx_word' id='word_1_774' title='bbox 2532 4979 2828 5048; x_wconf 85' lang='lat' dir='ltr'><strong>impietatis</strong></span> <span class='ocrx_word' id='word_1_775' title='bbox 2857 4980 3106 5035; x_wconf 89' lang='lat' dir='ltr'><strong>doctrina</strong></span> <span class='ocrx_word' id='word_1_776' title='bbox 3159 4982 3471 5037; x_wconf 88' lang='lat' dir='ltr'><strong>inveniatur</strong></span> <span class='ocrx_word' id='word_1_777' title='bbox 3514 4997 3758 5050; x_wconf 86' lang='lat' dir='ltr'><strong>aspersa,</strong></span> 
     </span>
    </p>
   </div>
   <div class='ocr_carea' id='block_1_114' title="bbox 2168 5068 3762 5136">
    <p class='ocr_par' dir='ltr' id='par_1_114' title="bbox 2168 5068 3762 5136">
     <span class='ocr_line' id='line_1_114' title="bbox 2168 5068 3762 5136; baseline 0.003 -16"><span class='ocrx_word' id='word_1_778' title='bbox 2168 5068 2220 5120; x_wconf 87' lang='lat' dir='ltr'><strong>id</strong></span> <span class='ocrx_word' id='word_1_779' title='bbox 2251 5077 2335 5121; x_wconf 85' lang='lat' dir='ltr'><strong>est</strong></span> <span class='ocrx_word' id='word_1_780' title='bbox 2369 5068 2589 5135; x_wconf 71' lang='lat' dir='ltr'><strong>diﬁ‘usa,</strong></span> <span class='ocrx_word' id='word_1_781' title='bbox 2618 5071 2733 5124; x_wconf 82' lang='lat' dir='ltr'><strong>sive</strong></span> <span class='ocrx_word' id='word_1_782' title='bbox 2757 5071 3090 5136; x_wconf 83' lang='lat' dir='ltr'><strong>exuberans,</strong></span> <span class='ocrx_word' id='word_1_783' title='bbox 3122 5082 3251 5126; x_wconf 90' lang='lat' dir='ltr'><strong>tunc</strong></span> <span class='ocrx_word' id='word_1_784' title='bbox 3278 5073 3535 5126; x_wconf 90' lang='lat' dir='ltr'><strong>sacerdos</strong></span> <span class='ocrx_word' id='word_1_785' title='bbox 3561 5088 3676 5126; x_wconf 90' lang='lat' dir='ltr'><strong>non</strong></span> <span class='ocrx_word' id='word_1_786' title='bbox 3701 5088 3762 5125; x_wconf 77' lang='lat' dir='ltr'><strong>ex</strong></span> 
     </span>
    </p>
   </div>
   <div class='ocr_carea' id='block_1_115' title="bbox 2168 5157 3759 5231">
    <p class='ocr_par' dir='ltr' id='par_1_115' title="bbox 2168 5157 3759 5231">
     <span class='ocr_line' id='line_1_115' title="bbox 2168 5157 3759 5231; baseline 0.004 -23"><span class='ocrx_word' id='word_1_787' title='bbox 2168 5157 2468 5226; x_wconf 83' lang='lat' dir='ltr'><strong>longinquo</strong></span> <span class='ocrx_word' id='word_1_788' title='bbox 2505 5158 2714 5223; x_wconf 89' lang='lat' dir='ltr'><strong>auditu,</strong></span> <span class='ocrx_word' id='word_1_789' title='bbox 2764 5161 2858 5215; x_wconf 85' lang='lat' dir='ltr'><strong>sed</strong></span> <span class='ocrx_word' id='word_1_790' title='bbox 2919 5161 3259 5228; x_wconf 84' lang='lat' dir='ltr'><strong>inspectione</strong></span> <span class='ocrx_word' id='word_1_791' title='bbox 3313 5178 3411 5216; x_wconf 85' lang='lat' dir='ltr'><strong>sua</strong></span> <span class='ocrx_word' id='word_1_792' title='bbox 3459 5162 3759 5231; x_wconf 78' lang='lat' dir='ltr'><strong>COgnoscit,</strong></span> 
     </span>
    </p>
   </div>
   <div class='ocr_carea' id='block_1_116' title="bbox 2168 5247 3763 5320">
    <p class='ocr_par' dir='ltr' id='par_1_116' title="bbox 2168 5247 3763 5320">
     <span class='ocr_line' id='line_1_116' title="bbox 2168 5247 3763 5320; baseline 0.003 -22"><span class='ocrx_word' id='word_1_793' title='bbox 2168 5247 2316 5313; x_wconf 89' lang='lat' dir='ltr'><strong>quod</strong></span> <span class='ocrx_word' id='word_1_794' title='bbox 2345 5262 2677 5316; x_wconf 90' lang='lat' dir='ltr'><strong>permanens</strong></span> <span class='ocrx_word' id='word_1_795' title='bbox 2694 5257 2777 5302; x_wconf 90' lang='lat' dir='ltr'><strong>est</strong></span> <span class='ocrx_word' id='word_1_796' title='bbox 2805 5248 3104 5318; x_wconf 87' lang='lat' dir='ltr'><strong>impietatis</strong></span> <span class='ocrx_word' id='word_1_797' title='bbox 3132 5251 3334 5320; x_wconf 88' lang='lat' dir='ltr'><strong>passio,</strong></span> <span class='ocrx_word' id='word_1_798' title='bbox 3370 5259 3426 5305; x_wconf 90' lang='lat' dir='ltr'><strong>et</strong></span> <span class='ocrx_word' id='word_1_799' title='bbox 3457 5251 3763 5305; x_wconf 83' lang='lat' dir='ltr'><strong>immundat</strong></span> 
     </span>
    </p>
   </div>
   <div class='ocr_carea' id='block_1_117' title="bbox 2174 5341 3763 5412">
    <p class='ocr_par' dir='ltr' id='par_1_117' title="bbox 2174 5341 3763 5412">
     <span class='ocr_line' id='line_1_117' title="bbox 2174 5341 3763 5412; baseline 0.003 -21"><span class='ocrx_word' id='word_1_800' title='bbox 2174 5341 2334 5394; x_wconf 88' lang='lat' dir='ltr'><strong>aliam</strong></span> <span class='ocrx_word' id='word_1_801' title='bbox 2377 5341 2754 5395; x_wconf 89' lang='lat' dir='ltr'><strong>ministrorum</strong></span> <span class='ocrx_word' id='word_1_802' title='bbox 2799 5342 3195 5412; x_wconf 88' lang='lat' dir='ltr'><strong>doctorumque</strong></span> <span class='ocrx_word' id='word_1_803' title='bbox 3233 5342 3534 5399; x_wconf 78' lang='lat' dir='ltr'><strong>Ecclesium</strong></span> <span class='ocrx_word' id='word_1_804' title='bbox 3568 5343 3624 5397; x_wconf 92' lang='lat' dir='ltr'><strong>in</strong></span> <span class='ocrx_word' id='word_1_805' title='bbox 3663 5359 3763 5412; x_wconf 89' lang='lat' dir='ltr'><strong>qua</strong></span> 
     </span>
    </p>
   </div>
   <div class='ocr_carea' id='block_1_118' title="bbox 2177 5430 3761 5503">
    <p class='ocr_par' dir='ltr' id='par_1_118' title="bbox 2177 5430 3761 5503">
     <span class='ocr_line' id='line_1_118' title="bbox 2177 5430 3761 5503; baseline 0.004 -21"><span class='ocrx_word' id='word_1_806' title='bbox 2177 5430 2342 5484; x_wconf 79' lang='lat' dir='ltr'><strong>fuerit</strong></span> <span class='ocrx_word' id='word_1_807' title='bbox 2363 5446 2585 5501; x_wconf 89' lang='lat' dir='ltr'><strong>aspersa</strong></span> <span class='ocrx_word' id='word_1_808' title='bbox 2604 5448 2700 5486; x_wconf 91' lang='lat' dir='ltr'><strong>seu</strong></span> <span class='ocrx_word' id='word_1_809' title='bbox 2719 5432 2938 5487; x_wconf 79' lang='lat' dir='ltr'><strong>diﬁ&#39;usa.</strong></span> <span class='ocrx_word' id='word_1_810' title='bbox 2961 5435 3216 5503; x_wconf 86' lang='lat' dir='ltr'><strong>impietas</strong></span> <span class='ocrx_word' id='word_1_811' title='bbox 3242 5445 3390 5490; x_wconf 90' lang='lat' dir='ltr'><strong>recte</strong></span> <span class='ocrx_word' id='word_1_812' title='bbox 3407 5435 3761 5499; x_wconf 86' lang='lat' dir='ltr'><strong>discernitur,</strong></span> 
     </span>
    </p>
   </div>
   <div class='ocr_carea' id='block_1_119' title="bbox 2173 5523 3302 5595">
    <p class='ocr_par' dir='ltr' id='par_1_119' title="bbox 2173 5523 3302 5595">
     <span class='ocr_line' id='line_1_119' title="bbox 2173 5523 3302 5595; baseline 0.004 -20"><span class='ocrx_word' id='word_1_813' title='bbox 2173 5523 2319 5591; x_wconf 89' lang='lat' dir='ltr'><strong>quod</strong></span> <span class='ocrx_word' id='word_1_814' title='bbox 2341 5524 2635 5579; x_wconf 85' lang='lat' dir='ltr'><strong>ostendent</strong></span> <span class='ocrx_word' id='word_1_815' title='bbox 2657 5525 2974 5595; x_wconf 86' lang='lat' dir='ltr'><strong>sequentia:</strong></span> <span class='ocrx_word' id='word_1_816' title='bbox 3011 5527 3086 5581; x_wconf 88' lang='lat' dir='ltr'><strong>ait</strong></span> <span class='ocrx_word' id='word_1_817' title='bbox 3112 5527 3260 5582; x_wconf 91' lang='lat' dir='ltr'><strong>enim</strong></span> <span class='ocrx_word' id='word_1_818' title='bbox 3291 5545 3302 5580; x_wconf 93' lang='lat'><strong>:</strong></span> 
     </span>
    </p>
   </div>
   <div class='ocr_carea' id='block_1_120' title="bbox 2246 5614 3759 5695">
    <p class='ocr_par' dir='ltr' id='par_1_120' title="bbox 2246 5614 3759 5695">
     <span class='ocr_line' id='line_1_120' title="bbox 2246 5614 3759 5695; baseline 0.005 -27"><span class='ocrx_word' id='word_1_819' title='bbox 2246 5614 2419 5680; x_wconf 83' lang='lat' dir='ltr'><strong>Quum</strong></span> <span class='ocrx_word' id='word_1_820' title='bbox 2438 5617 2623 5670; x_wconf 88' lang='lat' dir='ltr'><strong>statim</strong></span> <span class='ocrx_word' id='word_1_821' title='bbox 2653 5619 2944 5685; x_wconf 84' lang='lat' dir='ltr'><strong>destruent,</strong></span> <span class='ocrx_word' id='word_1_822' title='bbox 2982 5628 3029 5673; x_wconf 87' lang='lat' dir='ltr'><strong>et</strong></span> <span class='ocrx_word' id='word_1_823' title='bbox 3081 5620 3282 5688; x_wconf 83' lang='lat' dir='ltr'><strong>lapides</strong></span> <span class='ocrx_word' id='word_1_824' title='bbox 3335 5622 3450 5692; x_wconf 82' lang='lat' dir='ltr'><strong>ejus</strong></span> <span class='ocrx_word' id='word_1_825' title='bbox 3499 5639 3563 5675; x_wconf 89' lang='lat' dir='ltr'><strong>ac</strong></span> <span class='ocrx_word' id='word_1_826' title='bbox 3597 5623 3759 5695; x_wconf 75' lang='lat' dir='ltr'><strong>ligna,</strong></span> 
     </span>
    </p>
   </div>
   <div class='ocr_carea' id='block_1_121' title="bbox 1968 5729 3760 5832">
    <p class='ocr_par' dir='ltr' id='par_1_121' title="bbox 1968 5729 3760 5832">
     <span class='ocr_line' id='line_1_121' title="bbox 1968 5729 3760 5832; baseline 0.009 -30"><span class='ocrx_word' id='word_1_827' title='bbox 1968 5752 2029 5787; x_wconf 70' lang='grc'><strong>⁷³·</strong></span> <span class='ocrx_word' id='word_1_828' title='bbox 2069 5750 2085 5803; x_wconf 94' lang='lat' dir='ltr'><strong>l</strong></span> <span class='ocrx_word' id='word_1_829' title='bbox 2119 5751 2242 5807; x_wconf 83' lang='lat' dir='ltr'><strong>Cor.</strong></span> <span class='ocrx_word' id='word_1_830' title='bbox 2283 5768 2369 5813; x_wconf 82' lang='lat' dir='ltr'><strong>tu.</strong></span> <span class='ocrx_word' id='word_1_831' title='bbox 2405 5753 2493 5808; x_wconf 73' lang='lat' dir='ltr'><strong>l2.</strong></span> <span class='ocrx_word' id='word_1_832' title='bbox 2593 5756 2637 5787; x_wconf 72' lang='grc'>⁷⁸</span> <span class='ocrx_word' id='word_1_833' title='bbox 2671 5757 2830 5812; x_wconf 86' lang='lat' dir='ltr'><strong>Deut.</strong></span> <span class='ocrx_word' id='word_1_834' title='bbox 2877 5775 3047 5825; x_wconf 67' lang='lat' dir='ltr'><strong>xxvii,</strong></span> <span class='ocrx_word' id='word_1_835' title='bbox 3090 5729 3210 5817; x_wconf 39' lang='lat'><strong>4-8..</strong></span> <span class='ocrx_word' id='word_1_836' title='bbox 3291 5760 3529 5818; x_wconf 76' lang='lat' dir='ltr'><strong>&quot;Marc.</strong></span> <span class='ocrx_word' id='word_1_837' title='bbox 3562 5781 3639 5832; x_wconf 73' lang='lat' dir='ltr'><strong>vr,</strong></span> <span class='ocrx_word' id='word_1_838' title='bbox 3677 5765 3760 5819; x_wconf 65' lang='lat' dir='ltr'><strong>il.</strong></span> 
     </span>
    </p>
   </div>
  </div>
