3992 6404
268 343 377 407 9ὗῦ

1445 362 1531 424 ΙΝ
1571 364 2013 431 LEVITICUM.
2045 397 2115 408 -
2150 376 2297 439 LIB.
2332 375 2396 439 ν.

3432 394 3539 458 966

264 468 429 527 (“qua
454 457 757 515 “nimum
789 462 1059 531 mmmam
1094 459 1374 538 Ρτολῗίσίεηί
1404 485 1555 529 θπτνα
1586 479 1853 547 ορρίάυηι,
1887 489 1928 544 Δ
1962 502 2057 550 ιιι-ο
2080 489 2237 543 nobis
2269 501 2347 545 csv
2373 492 2710 561 incarnatus,
2750 497 3135 555 committitur.
3164 484 3541 575 EtprOptcrea
3643 489 3652 498 ’

265 549 322 575 ἱ..
361 549 525 575 In-..‘
555 552 882 575 2-_...--__Jc,c__
931 556 987 575 II
1032 567 1100 575 ,γι
1370 564 1384 575 ι
1553 568 1564 575 .

265 549 323 600 in
356 549 527 604 locum
553 552 908 610 immundum.
931 556 990 612 ld
1022 567 1127 624 est,
1161 575 1273 615 non
1305 564 1481 618 solum
1549 568 1657 637 jam
1716 586 1848 624 con—

263 638 819 711 deiunantdogmata,
844 645 940 699 sed
975 655 1031 701 et
1069 647 1217 716 ipsos
1268 651 1323 704 in
1374 654 1574 724 quibus
1625 656 1847 714 inventa

262 726 494 792 fuerint,
520 732 701 787 ethos
728 749 795 788 ex
822 750 1056 804 quorum
1100 739 1377 799 locutione
1419 744 1582 815 impia
1618 748 1846 804 ecclesia

262 819 613 886 constiterat,
630 837 961 896 omnemque
977 828 1152 899 ipsam
1204 833 1496 891 destruunt
1528 836 1846 895 Ecclesium.

261 910 420 965 Odivi
448 913 621 978 enim,
648 915 845 986 inquit,
882 924 1339 993 congregationem
1364 926 1742 999 malignorum,
1798 938 1847 983 et

265 1018 391 1056 cum
418 1005 596 1074 impiis
625 1023 728 1060 non
760 1011 966 1077 sedebo,
997 1013 1139 1068 sicut
1177 1015 1345 1070 David
1377 1017 1593 1074 dicebat
1613 1020 1682 1073 ⁸ο.
1707 1021 1847 1091 Ergo

260 1101 320 1145 et
339 1101 490 1147 extra
515 1109 656 1160 eain,
684 1112 806 1166 quae
836 1099 887 1152 in
918 1101 1071 1155 cmlis
1098 1112 1182 1157 est
1209 1105 1523 1174 constituta,
1554 1108 1675 1163 viva
1693 1111 1847 1164 vide-

260 1179 394 1236 licet
418 1198 483 1236 ac
514 1200 637 1239 vera
671 1187 980 1244 excluditur
1019 1192 1235 1248 civitate
1254 1204 1310 1249 et
1365 1210 1488 1252 cum
1553 1199 1847 1255 immundis

259 1284 550 1344 reputatur
580 1277 872 1334 haereticis.

335 1363 437 1429 Qui
463 1369 734 1422 intraverit
766 1370 823 1424 in
843 1371 1059 1426 domum
1093 1376 1274 1442 istam,
1306 1379 1516 1449 quando
1547 1380 1731 1436 clausa
1747 1391 1843 1438 est.

259 1457 321 1511 ld
349 1470 453 1523 eet,
481 1474 605 1528 quite
634 1462 817 1516 multa:
845 1479 943 1519 seu
975 1479 1150 1534 poenae
1183 1468 1430 1539 subjecta
1459 1480 1563 1526 est.

331 1548 432 1615 Qui
457 1553 717 1621 ingressus
740 1555 920 1624 fuerit.
979 1556 1036 1610 In
1065 1559 1311 1628 quolibet
1332 1563 1386 1616 ei
1434 1566 1848 1623 commnnicans

255 1644 648 1700 conventiculo
684 1644 1003 1703 immundus
1033 1650 1140 1704 erit
1180 1666 1357 1721 usque
1379 1653 1513 1709 dum
1558 1658 1842 1725 paeniteat.

257 1733 325 1787 Et
357 1735 531 1790 multo
559 1736 730 1807 magis
751 1739 926 1807 quiin
962 1755 1026 1795 ea
1063 1742 1286 1810 dormit,
1313 1745 1403 1800 hic
1434 1747 1704 1831 siquidem
1734 1765 1845 1804 non

1953 578 2004 630 in
2035 579 2257 634 domum
2288 584 2656 640 mundandam
2692 588 2809 643 haec
2839 591 3087 661 accipere
3111 595 3370 671 sacrificia
3395 612 3538 667 prae-

1949 669 2099 738 cipit,
2156 684 2279 741 quae
2334 676 2648 745 mysterium
2697 678 2817 747 ejus
2878 669 3254 753 passionisque
3276 684 3536 754 ﬁgurant.

1949 766 2141 826 utpote
2172 775 2294 829 quae
2315 762 2651 820 sufﬁcienter
2671 782 2768 836 per
2801 768 2921 835 has,
2955 788 3077 841 quae
3127 774 3197 827 de
3258 774 3344 829 his
3384 785 3534 843 sunt,

1974 849 2245 920 beologias
2266 856 2438 923 possit
2468 872 2660 914 sanare
2692 865 3033 930 peccantium
3064 866 3293 938 linguas,
3322 870 3538 925 omnia-

1948 952 2055 1008 que
2080 956 2269 996 eorum
2298 947 2566 1002 mundare
2607 962 2850 1019 peccata.

2020 1031 2181 1086 Vsus.
2204 1034 2396 1090 54-57.
2427 1056 2446 1088 ι
2483 1038 2589 1092 Ista
2622 1051 2708 1096 est
2740 1045 2919 1099 omnis
2970 1047 3055 1101 lex
3084 1048 3269 1119 lepraa,
3306 1060 3365 1107 et
3401 1068 3533 1123 pcr-

1948 1135 2193 1179 eussuraa
2221 1127 2406 1196 lepram,
2445 1133 2711 1198 vestium,
2746 1144 2801 1190 et
2829 1138 3116 1194 domorum
3147 1142 3435 1210 cicatricis,
3479 1154 3537 1200 et

1949 1218 2359 1285 erumpentium
2386 1223 2710 1291 papularum
2750 1226 2986 1284 lucentis
3041 1233 3291 1302 maculae,
3361 1245 3417 1290 et
3477 1238 3534 1291 in

1948 1308 2131 1362 varias
2162 1309 2375 1379 species
2409 1313 2686 1369 coloribus
2743 1317 3066 1386 immutatis,
3091 1331 3151 1376 ut
3179 1325 3352 1393 possit
3406 1326 3531 1381 sciri

1949 1411 2060 1465 quo
2100 1406 2348 1469 tempore
2387 1402 2517 1471 quid
2564 1405 2830 1460 mundum
2886 1409 2972 1462 vel
3012 1409 3353 1468 immundum
3385 1416 3475 1470 sit.
3508 1436 3527 1467 ι

2021 1488 2123 1542 Ista
2158 1498 2241 1543 est
2267 1490 2449 1546 omnis
2476 1490 2561 1546 lex
2602 1493 2804 1564 lepme:
2840 1496 2966 1565 quia
2998 1498 3161 1553 latius
3189 1504 3531 1559 sanctionem

1946 1578 2112 1649 lepra:
2144 1582 2419 1651 exposuit,
2451 1585 2819 1640 necessarium
2839 1586 3103 1656 judicavit
3126 1592 3246 1659 ejus
3272 1594 3532 1649 reiterarc

1947 1669 2223 1738 capitula,
2287 1681 2343 1725 et
2409 1668 2563 1741 prius
2624 1676 2844 1743 quidem
2917 1679 3255 1748 complexive
3317 1698 3525 1752 genus,

1950 1767 2071 1829 post
2119 1760 2236 1815 hac
2280 1769 2465 1817 autem
2512 1763 2723 1834 species
2755 1781 2855 1836 per
2900 1776 3086 1837 partes
3116 1773 3372 1841 exponit;
3405 1792 3529 1832 cum

255 1826 420 1881 aliter
448 1829 765 1898 suscipitur,
787 1831 894 1885 nisi
938 1832 1189 1905 lacrymis
1218 1836 1414 1893 laverit
1442 1825 1839 1912 intelligibilem
1877 1819 1920 1876 Β
1949 1819 2095 1906 enim
2127 1852 2264 1908 dixit
2298 1870 2317 1908 :

256 1919 479 1973 stolam.
507 1918 753 1976 Dormire
781 1931 964 1978 autem
995 1924 1053 1978 in
1099 1941 1162 1980 ea
1217 1927 1569 2000 intelligimus
1623 1932 1840 2001 requie-

257 2018 507 2063 scentem
525 2009 578 2062 in
603 2011 786 2066 verbis
805 2012 945 2082 ejus,
963 2024 1019 2068 et
1042 2029 1156 2069 non
1171 2018 1592 2074 consuetudinis
1610 2019 1842 2091 alicujus

256 2114 423 2156 causa
447 2100 505 2154 in
535 2100 653 2172 ejus
668 2103 910 2159 consiliis
933 2105 1318 2163 divertentem.

326 2190 436 2245 Sed
459 2200 509 2246 et
537 2192 627 2262 qui
652 2194 935 2249 comederit
967 2197 1022 2251 in
1052 2214 1137 2252 ea.
1173 2198 1370 2254 Cibum
1394 2201 1604 2256 scilicet
1650 2202 1840 2274 mysti—

254 2292 383 2331 cum
415 2277 650 2333 similem
681 2280 836 2352 legis,
867 2290 923 2337 et
958 2286 1212 2342 eumdem
1248 2287 1389 2357 juris
1418 2291 1611 2344 sortita
1634 2301 1719 2346 est
1755 2292 1840 2345 ef-

256 2366 650 2438 l‘cctumzquia
678 2369 827 2424 illius
880 2374 1138 2444 mysteria
1165 2376 1446 2449 percipere
1493 2380 1841 2450 praesumpsit
1892 2382 1901 2389 ’

256 2456 535 2527 Ecclesia,
565 2474 727 2528 quam
765 2461 1035 2518 destruxit
1063 2466 1337 2533 sacerdos,
1370 2469 1649 2538 reperiens
1674 2471 1839 2541 impie

252 2544 531 2618 agentem,
554 2559 610 2605 et
636 2551 915 2607 doctrinas
936 2555 1127 2622 malas,
1184 2556 1239 2611 id
1286 2566 1389 2624 est,
1427 2558 1595 2629 ligna,
1625 2559 1835 2627 fenum,

252 2638 515 2709 stipulam
534 2640 852 2699 habentem.
877 2643 1033 2700 Unde
1073 2662 1183 2701 non
1224 2648 1399 2703 solum
1441 2649 1652 2719 lapides
1695 2653 1834 2721 ejus,

252 2743 438 2797 neque
470 2723 808 2788 enim‘erant
842 2736 1090 2805 pretiosi,
1123 2739 1221 2793 sed
1245 2747 1301 2793 et
1322 2740 1470 2811 ligna
1497 2749 1686 2811 utpote
1703 2757 1838 2797 con-

248 2821 443 2890 juncta
472 2821 603 2879 leno
640 2841 706 2881 ac
730 2827 943 2898 stipula:
968 2830 1219 2901 projecit.

326 2937 493 2997 Vens.
519 2942 712 2998 48-55.
745 2962 763 2995 ι
789 2942 947 3010 Quod
984 2947 1029 3001 si
1053 2946 1327 3003 introierit
1353 2950 1609 3005 sacerdos
1632 2949 1685 3004 in
1737 2951 1838 3007 do-

250 3046 428 3099 mum,
456 3042 515 3088 et
542 3035 741 3091 viderit
766 3035 970 3107 lepram
1023 3052 1133 3094 non
1164 3040 1403 3096 crevisse
1431 3051 1714 3113 postquam
1739 3044 1840 3099 dea

246 3138 361 3178 nuo
389 3124 562 3180 lenita
579 3134 684 3194 est,
719 3127 1033 3198 purificabit
1071 3145 1193 3185 eam
1232 3133 1445 3187 reddita
1467 3135 1716 3190 sanitate.
1770 3136 1836 3191 Et

246 3213 302 3267 in
331 3215 721 3285 puriﬁcatione
742 3219 863 3289 ejus
884 3221 1051 3276 sumit
1071 3222 1211 3276 duos
1236 3238 1484 3293 passeres
1514 3226 1833 3296 lignumque

244 3309 561 3377 cedrinum,
584 3319 641 3365 et
667 3312 1047 3378 vermiculum,
1070 3323 1233 3385 atque
1253 3316 1570 3387 hyssopum.
1618 3318 1686 3371 Et
1740 3320 1835 3373 im-

242 3400 455 3456 molato
481 3417 595 3458 uno
622 3418 847 3473 passere
876 3404 932 3459 in
951 3421 1079 3460 vase
1114 3406 1262 3462 ﬁctili
1281 3422 1448 3478 super
1473 3424 1644 3479 aquas
1658 3409 1831 3477 vivas,

245 3492 390 3546 tollit
410 3493 622 3564 lignum
649 3495 933 3550 cedrinum
972 3506 1028 3553 et
1053 3498 1380 3570 hyssopum,
1413 3508 1467 3555 et
1492 3516 1743 3568 coccum,
1777 3512 1834 3558 et

239 3599 531 3653 passerem
572 3585 781 3654 vivum,
810 3596 867 3643 et
917 3589 1153 3661 intinget
1210 3592 1395 3647 omnia
1453 3593 1511 3647 in
1569 3594 1835 3665 sanguine

239 3677 486 3747 passeris
504 3678 788 3745 immolati,
805 3689 969 3752 atque
985 3681 1040 3735 in
1058 3683 1215 3752 aquis
1226 3683 1557 3752 viventibus,
1580 3693 1635 3740 et
1649 3700 1835 3755 asper-

239 3777 334 3839 get
352 3768 584 3825 domum
618 3772 840 3843 septies,
870 3772 1292 3844 purificabitque
1316 3783 1585 3839 eam,tam
1614 3774 1669 3829 in
1705 3791 1834 3831 san-

238 3861 417 3931 guine
431 3863 692 3931 passeris,
714 3880 877 3934 quam
905 3865 962 3919 in
987 3866 1142 3936 aquis
1168 3866 1502 3934 viventibus,
1538 3875 1595 3922 et
1627 3867 1680 3921 in
1708 3883 1835 3937 pas-

239 3967 368 4007 sere
397 3955 548 4020 vivo,
573 3955 833 4026 lignoque
864 3956 1113 4020 cedrino,
1139 3965 1197 4013 et
1226 3958 1486 4028 hyssopo,
1517 3966 1682 4028 atque
1712 3975 1834 4013 ver-

205 4045 477 4100 .miculo.
516 4048 766 4116 cumque
830 4049 1105 4104 dimiserit
1156 4065 1444 4120 passerem
1498 4052 1715 4106 avolare
1778 4051 1830 4105 in

238 4151 440 4206 agrum
472 4138 644 4194 libere
662 4182 677 4206 ,
703 4140 883 4195 orabit
902 4155 1003 4211 pro
1033 4140 1222 4201 domo.
1245 4150 1303 4196 et
1319 4143 1441 4210 jure
1456 4142 1830 4197 mundabitur.

318 4227 497 4297 Cujus
534 4228 829 4299 imaginem
871 4230 987 4284 haec
1015 4230 1301 4297 sacrificia,
1334 4230 1402 4285 de
1426 4231 1626 4300 quibus
1655 4230 1835 4301 loqui-

243 4328 336 4372 tur
383 4318 686 4389 legislator,
712 4330 926 4391 gerant,
973 4335 1075 4390 per
1121 4321 1512 4391 subsequentia
1562 4322 1836 4377 subtiliter

240 4423 595 4479 exponemus
632 4427 648 4464 :
679 4411 900 4480 quando
953 4426 1018 4466 ea
1047 4419 1119 4466 et-
1140 4411 1195 4465 in
1246 4426 1579 4482 unoquoque
1620 4413 1836 4483 leproso

2017 1943 2103 1998 Ita
2136 1954 2214 1998 est
2253 1947 2424 2001 onmis
2443 1947 2528 2001 lex
2559 1947 2716 2017 lepra:
2736 1992 2750 2011 .
2787 1953 3125 2023 complexive
3150 1971 3322 2027 genus
3347 1969 3527 2014 ostenr

1948 2031 2046 2087 dit.
2083 2034 2309 2104 Species
2339 2044 2522 2091 autem
2564 2049 2694 2093 sunt
2720 2043 3099 2110 apertissima,
3132 2063 3269 2116 quas
3306 2050 3359 2102 in
3394 2052 3526 2106 sub-

1947 2128 2301 2195 sequentibus
2355 2130 2581 2196 addidit,
2627 2147 2951 2203 prwponens
2977 2147 3125 2192 recte
3166 2154 3526 2209 percussum,

1948 2218 2092 2286 quod
2148 2234 2257 2273 non
2309 2229 2395 2275 est
2443 2222 2822 2294 qualecunque
2885 2238 3171 2296 peccatum
3212 2249 3227 2285 :
3280 2235 3527 2290 omnium

1947 2309 2148 2378 quippe
2177 2325 2298 2365 esse
2330 2312 2434 2367 hoc
2474 2313 2714 2370 deterius
2741 2317 2998 2373 diximus.
3039 2319 3135 2375 Est
3173 2332 3355 2378 autem
3392 2326 3529 2396 dog-

1947 2409 2151 2455 matum
2197 2403 2469 2473 impietas,
2501 2421 2622 2474 qua:
2664 2408 2936 2481 contingit
2959 2412 3283 2482 quibusdam
3311 2417 3381 2471 de
3425 2433 3529 2487 po-
3624 2434 3625 2437 ‘

1948 2494 2096 2562 pulo.
2155 2495 2222 2548 de
2273 2495 2474 2565 quibus
2532 2507 2588 2552 et
2651 2498 2930 2570 legislator
2969 2503 3223 2562 dicebat:
3288 2506 3398 2575 Vir,
3431 2518 3527 2564 aut

1948 2583 2159 2649 mulier,
2207 2585 2263 2637 in
2305 2602 2407 2655 quo
2457 2588 2614 2656 fuerit
2655 2590 2814 2659 plaga
2864 2591 3041 2661 leprw.
3088 2592 3147 2649 Si
3195 2606 3375 2650 autem
3408 2606 3530 2652 tan-

1946 2675 2224 2729 tummodo
2268 2678 2612 2733 sacerdotum
2652 2682 2973 2737 memoriam
3027 2684 3294 2753 fecisset,
3332 2690 3530 2744 mulie-

1946 2782 2061 2820 rem
2086 2767 2308 2822 minime
2339 2770 2696 2826 nominasset;
2725 2774 2858 2829 Post
2885 2776 2999 2830 haec
3027 2776 3257 2847 lepram,
3292 2776 3415 2849 quae
3443 2791 3529 2837 est

1945 2855 2000 2910 in
2034 2856 2350 2923 virtutibus,
2387 2861 2605 2930 posuit;
2643 2863 2758 2918 lucc
2802 2875 2930 2919 sunt
2952 2867 3100 2922 enim
3131 2869 3327 2925 animae
3358 2875 3529 2929 vesti—

1945 2957 2149 3014 menta,
2194 2950 2248 3006 id
2295 2961 2379 3007 est
2420 2968 2484 3007 ea
2511 2969 2631 3024 quae
2665 2966 2797 3011 sunt
2839 2957 2893 3011 in
2930 2959 3298 3017 Ecclesiarum
3332 2964 3529 3021 docto-

1945 3039 2098 3095 ribus
2125 3055 2191 3095 ac
2218 3043 2617 3099 sacerdotibus.
2670 3046 2735 3100 Hi
2770 3048 2916 3103 enim
2948 3051 3147 3107 domus
3185 3063 3242 3109 et
3285 3057 3527 3125 parietes

1947 3140 2107 3186 terra;
2145 3135 2510 3202 possessionis
2558 3139 2766 3192 ostensi
2809 3148 2954 3195 sunt.
2998 3142 3204 3200 Deinde
3251 3146 3527 3204 cicatricis

1936 3231 1991 3277 et
2016 3225 2421 3294 erumpentium
2449 3228 2770 3297 papularum
2793 3232 3108 3288 memoriam
3134 3234 3286 3300 facit,
3315 3237 3526 3308 lepram

1934 3329 2119 3368 veram
2161 3315 2497 3381 describens,
2541 3333 2661 3373 eam
2693 3335 2814 3389 quae
2851 3322 2909 3375 in
2962 3325 3225 3393 peccatis,
3260 3326 3378 3382 sive
3417 3329 3525 3384 du-

1933 3404 2061 3469 biis,
2089 3406 2204 3461 sive
2227 3408 2467 3478 probatis
2495 3411 2767 3473 omnibus.
2803 3413 2890 3468 bis
2918 3417 3157 3472 subdidit
3183 3435 3199 3472 :

2012 3497 2075 3553 Ut
2100 3499 2409 3567 possitsciri
2437 3516 2539 3570 quo
2569 3511 2800 3570 tempore
2849 3507 2976 3576 quid
3019 3510 3275 3565 mundum
3326 3512 3407 3566 vel
3427 3514 3525 3568 im-

1936 3589 2189 3642 mundum
2222 3590 2312 3643 sit.
2356 3588 2686 3658 Ostendens,
2737 3594 2863 3662 quia
2897 3604 3026 3651 tunc
3066 3597 3390 3669 delinquens
3415 3601 3524 3656 ini-

1934 3679 2173 3734 mundus
2224 3686 2310 3734 est
2363 3681 2583 3750 quando
2654 3682 2835 3739 sciens
2895 3690 3242 3757 peccaverit;
3303 3695 3524 3762 quando

1935 3779 2118 3825 autem
2169 3771 2446 3844 ignorans,
2492 3775 2707 3829 veniam
2758 3786 2981 3847 propter
3011 3781 3371 3861 ignorantiam
3407 3803 3525 3842 me-

1936 3870 2120 3926 retur,
2153 3865 2295 3918 sicut
2329 3872 2385 3919 et
2413 3880 2591 3920 ca-cus
2617 3866 2922 3930 offendens,
2955 3870 3030 3924 ita
3059 3881 3117 3925 ut
3156 3872 3421 3929 Dominus
3451 3879 3521 3931 de

1934 3954 2138 4009 ludatis
2163 3956 2370 4010 diceret
2417 3973 2432 4009 :
2463 3955 2522 4011 Si
2551 3959 2675 4012 arci
2695 3961 2889 4025 essetis,
2927 3977 3029 4015 non
3054 3964 3312 4020 haberetis
3333 3984 3523 4035 pecca-

1937 4057 2078 4112 tum;
2121 4062 2259 4100 nunc
2296 4058 2477 4102 autem
2540 4050 2733 4116 dicitis,
2766 4054 2894 4122 quia
2936 4055 3194 4123 videmus,
3246 4069 3522 4127 peccatum

1936 4148 2164 4192 vestrum
2228 4140 2488 4194 manet“.
2540 4142 2646 4195 Sed
2703 4158 2805 4199 nos
2849 4146 3023 4202 oculis
3059 4147 3302 4204 scientiae
3354 4151 3421 4205 ad
3457 4167 3523 4207 ea

1935 4244 2057 4298 quae
2085 4230 2382 4300 expediunt
2412 4240 2650 4300 utamur,
2697 4243 2758 4289 ut
2789 4252 2887 4306 per
2918 4238 3068 4308 ipsos
3098 4240 3368 4298 evitemus
3390 4259 3523 4313 pec-

1936 4329 2079 4384 cata,
2125 4323 2619 4394 conquiramusque
2672 4327 3021 4383 munditiam.
3076 4331 3327 4388 Sciamus
3374 4334 3525 4390 diem

1937 4414 1994 4469 in
2018 4429 2124 4484 qua
2145 4415 2536 4470 mundabimur
2573 4416 2921 4489 scientesque
2944 4437 3321 4492 occurramus,
3347 4434 3403 4480 et
3439 4436 3527 4482 to-

240 4499 420 4570 accipi
446 4499 732 4570 prmeepit.
773 4500 891 4556 Hoc
906 4510 1091 4556 autem
1125 4503 1439 4558 necessarie
1464 4503 1684 4569 dicitur,
1703 4504 1831 4574 quia
1865 4522 1909 4577 ι)
1941 4512 2051 4557 tam
2101 4502 2275 4574 legem
2320 4503 2488 4573 lepra:
2520 4506 2913 4564 custodiamus.
2974 4510 3160 4566 Mundi
3210 4513 3356 4567 enim
3417 4515 3527 4571 hoc

241 4589 537 4645 manifeste
562 4600 788 4661 apparet
814 4591 962 4662 quod
1025 4592 1297 4673 legislator
1359 4593 1506 4647 illam
1547 4593 1721 4665 magis
1778 4594 1837 4649 in

240 4676 548 4733 Ecclesiam
573 4678 888 4736 docentium
915 4681 1283 4752 iniquitatem,
1315 4698 1438 4753 quae
1481 4689 1568 4738 est
1604 4683 1661 4738 in
1705 4684 1841 4756 dog-

183 4761 189 4766 ’
243 4778 393 4823 mate
422 4770 829 4840 reprehendat,
860 4782 917 4828 et
945 4772 1001 4827 in
1042 4773 1514 4843 dispensatiOnem
1554 4775 1696 4845 ejus,
1745 4776 1836 4847 qui

1939 4595 2100 4650 modo
2119 4594 2173 4648 in
2190 4595 2480 4651 dominicis
2502 4598 2871 4656 tabernaculis
2887 4601 3273 4670 habitabimus,
3294 4605 3350 4659 in
3360 4605 3524 4660 Chri-

1939 4693 2022 4741 sto
2080 4683 2253 4753 Jesu,
2306 4702 2406 4757 per
2457 4703 2619 4759 quem
2702 4697 2759 4744 et
2818 4705 2944 4746 cum
2976 4708 3086 4762 quo
3132 4694 3302 4765 gloria
3352 4694 3522 4764 Patri,

1940 4792 2066 4832 curn
2117 4785 2310 4832 sancto
2356 4777 2586 4848 Spiritu,
2610 4779 2667 4833 in
2716 4780 2913 4835 saecula
2942 4783 3292 4838 satcnlorum.
3324 4785 3524 4840 Amen.

1385 5111 1740 5200 LIBER
1798 5114 2373 5220 QUINTUS.

824 5433 1244 5517 remulo.
1298 5466 1315 5471 -

308 5551 419 5620 Qui
444 5550 581 5623 legis
598 5550 941 5606 meditationi
959 5566 1180 5622 operam
1202 5552 1334 5607 dant
1360 5552 1428 5609 ad
1449 5569 1611 5624 quem
1640 5553 1828 5624 linem,

245 5651 584 5717 quantumve
641 5641 1049 5708 conscendant,
1114 5657 1387 5712 quamque
1432 5644 1829 5702 beatitudinem

349 5780 399 5813 ⁸⁹
426 5778 571 5834 Psal.
607 5794 695 5845 xv,
718 5778 771 5833 5.
881 5778 924 5811 ’ί
948 5775 1108 5832 Joan.
1143 5793 1218 5844 ix,
1247 5778 1334 5832 81⁴
1390 5848 1393 5849 ν

1940 5465 2165 5533 spiritus
2195 5474 2407 5537 gerant,
2445 5467 2610 5523 David
2635 5471 2898 5539 propheta
2923 5472 3082 5542 plane
3110 5475 3348 5544 exponit.
3382 5474 3520 5532 Ειιιιι

1937 5555 2084 5609 enim
2119 5556 2210 5627 qui
2242 5557 2407 5613 habet
2432 5559 2770 5616 voluntatem
2803 5563 2855 5617 in
2888 5564 3003 5635 lege
3034 5564 3267 5631 Domini,
3313 5577 3370 5623 et
3399 5568 3519 5623 δῖε-

1937 5646 2039 5702 bus
2085 5656 2141 5703 et
2190 5649 2445 5705 noctibus
2488 5650 2543 5705 in
2596 5666 2659 5707 ea
2713 5653 3002 5711 meditator
3028 5665 3132 5724 est,
3162 5657 3330 5715 dicit:
3367 5657 3528 5715 Sicut
