3992 6422
464 379 573 443 967

1662 374 2024 434 HESYCHII
2079 372 2555 434 PRESBYTERI

3630 373 3729 439 968

464 494 666 565 lignum
695 491 830 561 quod
862 491 1161 561 plantatum
1204 499 1277 544 est
1305 505 1451 544 secus
1475 487 1722 542 decursus
1756 503 2042 556 aquarum,
2075 490 2121 545 Α
2148 493 2256 540 tem
2284 485 2469 551 habet,
2507 486 2655 541 hunc
2681 497 2805 541 esse
2833 485 2958 557 jure
3002 485 3146 541 dixit
3173 485 3515 541 immundum
3543 494 3729 555 utpote

466 583 605 647 quod
634 592 683 637 et
714 584 859 637 dabit
904 585 1130 654 fructum
1178 599 1347 636 suum.
1371 583 1425 636 in
1453 590 1685 652 tempore
1733 596 1848 644 suo,
1881 587 1931 632 et
1966 579 2047 647 fo-

468 673 597 728 lium
628 675 742 742 eius
774 692 873 729 non
903 678 1094 730 decidit
1109 677 1176 730 ⁸³.
1202 676 1345 741 Quid
1387 683 1571 729 autem
1592 672 1902 728 faciendum
1931 685 2050 724 cre-

467 765 648 819 dimus
684 774 744 819 ut
788 766 960 834 possit
990 766 1187 836 aliquis
1226 765 1431 836 lignum
1463 764 1696 819 inveniri
1727 762 1896 817 vitae?
1940 761 2045 814 nisi

467 855 525 911 id
585 857 730 926 quod
776 857 1039 912 Dominus
1064 858 1281 912 dicebat
1317 874 1329 909 :
1365 856 1692 911 Scrutamiui
1719 851 2044 922 Scriptores,

467 950 594 1018 quia
652 950 708 1002 in
747 950 875 1018 ipsis
919 966 1004 1002 vos
1033 949 1234 1018 putatis
1260 949 1425 1002 vitam
1468 956 1724 1001 (sternam
1748 945 1956 999 habere.
1981 944 2050 997 Et

467 1042 592 1108 ἔρια)
617 1049 738 1092 sunt
769 1055 887 1109 qua:
938 1041 1294 1093 testimonium
1333 1039 1605 1108 perhibent
1651 1037 1715 1091 de
1743 1036 1906 1090 me”.
1939 1033 2049 1088 Sed

466 1140 520 1184 (ιι
540 1132 630 1184 illo
649 1132 767 1186 loco
786 1132 1117 1201 prophetica:
1129 1130 1445 1201 psalmodiae
1465 1148 1477 1184 :
1506 1129 1701 1183 Beatus
1722 1129 1877 1181 homo
1893 1142 2049 1196 quem

472 1237 532 1285 tu
581 1225 858 1290 erudieris,
917 1225 1154 1286 Domine,
1185 1233 1233 1278 et
1264 1224 1328 1277 de
1356 1223 1467 1293 lege
1502 1230 1594 1275 tua
1625 1219 1866 1275 docueris
1905 1233 2044 1281 eum,

464 1326 521 1368 ut
563 1318 765 1387 mitiges
792 1333 960 1371 euma
983 1317 1164 1371 diebus
1202 1316 1439 1371 malis”.
1468 1313 1864 1385 Coguoscimus
1896 1311 2046 1365 enim

461 1416 521 1461 et
556 1408 934 1462 liberationem
965 1407 1137 1463 nobis
1159 1416 1533 1477 peccatorum.
1567 1414 1623 1460 et
1652 1403 2047 1475 lasvigationem

464 1499 532 1552 ah
559 1497 643 1551 his
697 1512 821 1566 quae
858 1511 961 1551 nos
985 1503 1195 1551 terrent
1216 1496 1271 1550 in
1301 1495 1389 1550 die
1405 1494 1569 1556 mala,
1584 1494 1892 1549 doctrinam
1918 1507 2047 1547 san-

462 1600 673 1643 ctarum
708 1587 869 1643 nobis
895 1588 1185 1658 providere
1212 1588 1647 1658 Scripturarum.
1692 1586 1801 1641 Sed
1837 1593 1893 1642 et
1919 1600 2050 1655 pro-

466 1679 667 1734 fectum
717 1681 912 1734 animae
958 1694 1068 1734 non
1097 1680 1371 1735 modicum
1404 1694 1472 1734 ex
1497 1694 1561 1733 ea
1592 1677 1893 1748 carpimus,
1919 1692 2048 1746 pro-

463 1780 588 1838 pter
615 1771 759 1838 quod
811 1779 867 1825 et
901 1771 1103 1826 Paulus
1139 1771 1328 1826 scribit.
1356 1771 1426 1825 ad
1489 1768 1836 1824 Timotheum
1872 1786 1886 1822 :
1919 1765 2048 1820 Hac

469 1862 722 1913 meditare
750 1861 805 1913 in
827 1862 929 1922 his,
962 1869 1021 1914 ut
1060 1862 1320 1930 profectus
1351 1871 1473 1914 tuus
1506 1860 1816 1931 manifestus
1836 1860 1905 1913 sit
1938 1875 2047 1913 om.

465 1953 631 2006 nibus.
681 1952 897 2006 Intende
950 1952 1253 2022 tibimetipsi
1289 1961 1336 2006 et
1387 1952 1948 2020 doctrinae,permane
1988 1950 2045 2003 in

465 2044 561 2097 eis.
647 2042 755 2097 Hoc
806 2045 945 2097 enim
1008 2044 1226 2113 faciens,
1260 2052 1309 2098 et
1349 2044 1680 2112 temetipsum
1735 2043 1965 2098 salvabis
1996 2053 2045 2098 et

464 2146 549 2183 eos
577 2132 666 2199 qui
686 2139 737 2185 te
768 2132 990 2185 audiunt
1003 2132 1072 2187 ⁸⁵.
1126 2132 1262 2187 Cum
1314 2133 1594 2202 praedictis
1625 2132 1902 2196 omnibus,
1933 2140 2044 2187 tam

465 2230 707 2275 nostram
740 2221 978 2290 ipsorum
1009 2223 1239 2278 salutem
1268 2238 1431 2292 quam
1469 2224 1705 2278 aliorum
1739 2223 2044 2293 peritorum

466 2313 739 2367 lucremur
770 2314 1029 2377 studium,
1061 2323 1116 2369 et
1138 2324 1424 2385 propterea
1451 2315 1638 2370 nullus
1668 2316 1843 2379 labor,
1871 2328 2047 2384 neque

463 2406 651 2469 sudor,
693 2406 781 2461 vel
821 2421 917 2461 eos
956 2406 1050 2476 qui
1087 2421 1183 2485 eas
1207 2415 1508 2476 exponunt,
1555 2408 1643 2462 vel
1673 2406 1923 2462 indoctos
1969 2405 2048 2460 le-

461 2503 651 2562 gentes
678 2512 723 2550 a.
759 2510 1037 2551 sacrarum
1094 2495 1500 2566 Scripturarum
1557 2510 1842 2551 removere
1883 2495 2048 2551 debet

463 2590 917 2660 perscrutatione,
966 2589 1270 2660 prmsertim
1342 2604 1469 2645 cum
1498 2604 1694 2659 magna
1719 2587 1923 2642 utilitas
1944 2586 2067 2642 sub

461 2682 660 2752 spiritu
720 2681 854 2751 legis
912 2682 1074 2750 hujus
1130 2682 1241 2737 sit:
1287 2680 1365 2735 illi
1404 2696 1475 2735 ex
1498 2680 1580 2736 eis
1608 2689 1789 2735 autem
1821 2680 2047 2750 capiunt

460 2772 801 2842 margaritas,
830 2771 921 2841 qui
959 2770 1231 2839 frequenti
1256 2785 1350 2826 eas
1376 2770 1731 2826 meditatione
1750 2778 2046 2839 operantes

460 2862 748 2917 elIodiunt.
778 2861 886 2918 Sed
912 2877 974 2917 ea
1002 2876 1125 2931 quae
1150 2871 1452 2933 sequuntur
1482 2862 1646 2932 hujus
1663 2862 1885 2917 chitici
1918 2861 2044 2918 libri

458 2970 826 3025 exsequamur
860 2969 957 3025 per
997 2954 1267 3016 ordinem,
1307 2956 1805 3026 superaedilicantes
1850 2954 2045 3011 funda-

462 3056 730 3110 mentum,
762 3046 909 3116 quod
929 3047 1044 3116 jam
1075 3047 1346 3110 Christus,
1389 3047 1531 3103 sicut
1571 3047 1797 3117 quidam
1824 3047 2044 3117 sapiens

2151 576 2244 645 qui
2292 576 2596 631 doctrinam
2631 591 2741 630 non
2777 586 2945 641 caste,
2995 578 3092 632 sed
3132 585 3326 632 contra
3371 587 3650 641 naturam,
3678 575 3731 634 id

2151 676 2235 723 est
2262 677 2453 723 contra
2483 669 2604 738 ejus
2627 668 2754 739 jura
2799 678 2856 724 et
2888 670 3062 740 legem
3106 669 3416 724 inordinate
3439 675 3731 737 corrupte-

2151 771 2257 824 que
2305 756 2583 822 diﬂ'undit,
2646 767 2707 812 ut
2747 774 2812 814 ex
2853 774 2918 813 ea
2944 760 3111 813 etiam
3153 773 3334 813 mores
3354 764 3731 824 corrumperet

2152 849 2510 918 populorum:
2547 864 2670 918 quae
2701 850 3081 921 cognoscimus
3104 865 3203 921 per
3231 858 3436 919 partes,
3467 857 3530 902 ut
3555 856 3732 901 textus

2152 938 2351 992 seriem
2381 939 2743 994 disserentes.
2943 934 2946 937 ’

2221 1029 2550 1100 Locutusque
2562 1040 2639 1085 est
2659 1031 2913 1087 Dominus
2926 1035 2996 1087 ad
3016 1032 3232 1103 Moysen
3249 1042 3299 1087 et
3319 1036 3500 1089 Aaron
3520 1033 3696 1087 dicens
3713 1046 3732 1085 :

2154 1119 2457 1191 Loquimini
2508 1123 2639 1193 ﬁliis
2670 1124 2858 1190 Israel,
2903 1137 2952 1179 ct
2983 1127 3170 1181 dicetis
3219 1128 3315 1181 eis.
3367 1126 3536 1180 Recte
3564 1123 3730 1194 Koysi

2151 1211 2368 1280 quidem
2395 1222 2451 1268 et
2479 1215 2661 1268 Aaron
2696 1215 2911 1271 locutus
2939 1213 3045 1281 e'st,
3072 1217 3169 1271 sed
3203 1217 3344 1272 tradi
3385 1216 3511 1271 ﬁliis
3539 1217 3728 1282 Israel,

2152 1303 2206 1357 id
2242 1313 2325 1359 est
2350 1306 2495 1359 omni
2538 1308 2759 1376 populo,
2796 1309 3111 1363 mandatum
3154 1309 3358 1380 jubet:
3405 1310 3535 1380 quia
3585 1324 3735 1380 qua-

2150 1408 2365 1464 cunque
2408 1411 2505 1465 per
2540 1397 2842 1452 doctrinam
2875 1398 3116 1453 divinam
3156 1400 3368 1456 scilicet
3412 1401 3732 1455 sanciuntur

2150 1500 2245 1539 seu
2277 1484 2610 1553 scribuntur,
2648 1487 2886 1556 primum
2916 1488 3140 1557 quidem
3191 1489 3535 1559 principibus
3566 1497 3733 1560 egent

2149 1575 2355 1645 populi,
2388 1577 2515 1646 quia
2546 1577 2693 1648 ipsis
2709 1579 2940 1634 maxime
2964 1580 3263 1636 divinacst
3288 1579 3496 1635 credita
3518 1578 3731 1634 doctri-

2150 1682 2240 1731 na,
2302 1667 2514 1738 ipsique
2562 1670 3004 1735 demonstratur,
3068 1687 3192 1729 cum
3243 1673 3650 1742 quodammodo
3700 1687 3734 1727 ι

2150 1756 2438 1821 ministris,
2474 1760 2678 1819 autJtis
2702 1761 2903 1829 quibus
2925 1762 3151 1817 omnino
3174 1763 3381 1817 credita
3409 1769 3509 1817 est.
3530 1762 3735 1818 debeat

2148 1849 2389 1904 studere.
2421 1849 2560 1916 Quia
2586 1850 3055 1907 autemet'lectum
3083 1853 3204 1924 ejus
3248 1853 3486 1923 populus
3509 1852 3734 1922 respicit

2146 1940 2482 2001 audientem,
2512 1940 2639 1995 vide
2678 1942 2993 1996 mandatum
3018 1942 3141 2011 ejus
3167 1942 3222 1995 in
3249 1942 3494 1997 secundo
3528 1942 3733 1997 ordine

2149 2031 2271 2085 ﬁliis
2305 2031 2471 2086 lsrael
2502 2032 2663 2099 tradi,
2692 2032 2849 2102 quod
2885 2033 3026 2087 bene
3083 2032 3358 2103 legislator
3407 2041 3734 2103 competen-

2149 2131 2336 2193 terque
2368 2125 2681 2185 custodivit,
2707 2133 2764 2181 et
2799 2134 2922 2195 poet
2948 2125 3052 2180 hoc
3081 2125 3215 2180 dixit
3244 2143 3259 2179 :
3295 2125 3384 2181 Vir
3406 2127 3498 2196 qui
3526 2127 3736 2196 patitur

2145 2215 2351 2283 ﬂuxum
2379 2216 2613 2282 seminis,
2652 2217 2950 2271 immundus
2985 2219 3106 2273 erit.
3135 2217 3280 2275 LXX
3308 2227 3491 2273 autem
3532 2218 3619 2273 sic
3647 2217 3736 2273 di-

2146 2315 2318 2361 cunt:
2354 2307 2473 2361 Viro
2494 2309 2607 2361 viro
2629 2309 2714 2362 cui
2758 2312 2931 2378 tactus
2954 2310 3132 2381 fuerit,
3176 2319 3287 2365 etc.
3318 2308 3550 2376 Quoties
3582 2309 3731 2363 enim

2147 2398 2386 2469 duplicat
2417 2399 2539 2465 hoc,
2577 2400 2722 2456 unde
2774 2402 3092 2458 mandatum
3130 2404 3324 2467 ‘datur,
3363 2403 3733 2458 intentionem

2146 2489 2281 2560 legis
2309 2491 2462 2560 cupit
2500 2492 2790 2548 ostendere
2828 2494 3129 2549 secundum
3162 2494 3344 2557 LXX;
3389 2503 3444 2549 et
3469 2504 3733 2565 quantam

2146 2583 2563 2638 sollicitudinem
2593 2584 2791 2639 habeat
2840 2585 3138 2656 legislator.
3190 2595 3249 2639 ut
3283 2584 3425 2639 nihil
3472 2585 3595 2654 ejus
3632 2600 3733 2655 pe-

2145 2672 2292 2728 nitus
2336 2682 2672 2743 prmtereat':
2719 2674 2863 2729 sicut
2889 2675 3107 2743 quando
3158 2674 3337 2729 dicit:
3372 2673 3545 2727 Homo
3576 2675 3734 2729 homo

2144 2766 2208 2818 de
2249 2763 2373 2833 ﬁliis
2416 2763 2606 2828 Israel,
2649 2773 2699 2818 et
2742 2767 2809 2818 de
2836 2765 3074 2826 advenis,
3110 2773 3161 2818 et
3191 2765 3282 2835 qui
3314 2765 3584 2834 conjuncti
3607 2775 3733 2819 sunt

2143 2856 2239 2921 eis,
2288 2856 2377 2921 qui
2427 2857 2606 2926 fecerit
2658 2855 3043 2919 holocaustum,
3090 2865 3185 2907 aut
3212 2856 3556 2925 sacriﬁcium,
3581 2865 3632 2910 et
3661 2858 3735 2910 ad

2145 2946 2339 3001 ostium
2388 2945 2720 2999 tabernaculi
2773 2945 3058 2999 testimonii
3100 2959 3201 2998 non
3228 2945 3515 2999 adduxerit
3543 2946 3615 3000 ad
3642 2947 3733 3016 fa-

2146 3042 2389 3097 ciendum
2438 3043 2533 3096 hoc
2578 3043 2822 3108 Domino,
2874 3043 3317 3097 exterminabitur
3364 3043 3521 3097 homo
3549 3042 3642 3098 ille
3666 3045 3735 3098 de

458 3137 829 3199 architectus,
876 3153 973 3207 per
1025 3146 1272 3192 nostram
1321 3138 1505 3208 posuit
1560 3137 1802 3209 linguam
1833 3156 1847 3191 :
1891 3139 2035 3195 sicut
2064 3150 2106 3207 ο
2144 3133 2335 3204 populo
2360 3134 2553 3203 ejus".
2585 3135 2654 3190 Et
2693 3134 2781 3189 his
2813 3135 2917 3189 alia
2938 3135 3164 3200 similia,
3196 3134 3268 3191 de
3302 3149 3538 3207 quorum
3590 3150 3733 3192 eon-

456 3228 678 3296 quidam
719 3226 1013 3284 instructor
1056 3227 1278 3297 sapiens
1322 3243 1422 3299 per
1464 3228 1569 3284 vile
1611 3229 2039 3284 instrumentum

457 3317 694 3387 lapidem
743 3317 951 3385 poliens
994 3317 1329 3387 angularem,
1367 3328 1427 3373 ut
1474 3319 1910 3389 magnitudinem
1938 3320 2041 3374 do-

460 3424 582 3461 mus
632 3408 902 3473 ostendat,
958 3417 1014 3463 et
1048 3418 1108 3463 ut
1162 3408 1540 3465 instrumentis
1591 3411 1792 3466 vilibus
1844 3422 2039 3482 magna

459 3496 722 3565 perﬁciat.

588 3597 595 3604 -
1036 3584 1291 3659 ‘CAPUT
1324 3584 1438 3640 xv.

528 3673 693 3733 Vens.
728 3675 844 3732 1-5.
881 3694 896 3729 ε
926 3675 1275 3748 Locutusque
1305 3686 1390 3735 est
1427 3677 1689 3735 Dominus
1724 3680 1794 3738 ad
1821 3680 2038 3754 Moysen

455 3777 512 3824 ct
535 3769 715 3823 Aaron
752 3769 976 3824 dicens:
1026 3770 1339 3839 Loquimini
1392 3769 1516 3826 ﬁliis
1541 3771 1729 3841 lsrael,
1761 3785 1818 3830 et
1843 3774 2040 3831 dicetis

454 3861 572 3915 eis:
605 3859 699 3914 Vir
752 3861 847 3930 qui
896 3861 1100 3930 patitur
1148 3862 1353 3916 ﬂuxum
1394 3862 1662 3928 seminis,
1718 3864 2040 3921 immundus

453 3952 579 4017 erit,
621 3961 677 4006 et
700 3963 848 4006 tunc
875 3952 1213 4022 judicabitur
1248 3954 1380 4008 huic
1408 3954 1539 4009 vitio
1569 3957 1876 4026 subjacere,
1910 3972 2036 4013 cum

452 4057 551 4110 per
592 4050 869 4096 momenta
903 4042 1113 4113 singula
1160 4044 1456 4099 adhaeserit
1483 4047 1634 4101 carni
1665 4048 1833 4113 illius,
1874 4058 2038 4118 atque

451 4131 792 4187 concreverit
827 4131 1004 4201 fmdus
1033 4135 1247 4188 humor.
1288 4154 1307 4187 ι

521 4220 713 4276 Omnis
753 4222 973 4291 quidem
1019 4224 1414 4294 prophetaaDei
1443 4225 1783 4281 admirabilis
1808 4236 1913 4293 est,
1957 4237 2039 4283 ut~

448 4322 579 4384 pote
612 4315 699 4368 cui
741 4322 871 4369 sunt
901 4314 1107 4371 credita
1154 4316 1443 4386 spiritalia.
1499 4317 1609 4372 Sed
1658 4318 2039 4375 admirabilior

450 4405 678 4472 Moyses,
725 4404 868 4458 sicut
901 4404 992 4459 cui
1034 4407 1238 4474 majora
1285 4413 1416 4459 sunt
1458 4405 1687 4472 credita,
1743 4413 1907 4463 tantas
1945 4424 2036 4462 sa—

2143 3225 2453 3281 servatione
2498 3224 2793 3281 maximam
2835 3225 3114 3296 legislator
3156 3241 3343 3282 curam
3395 3228 3586 3299 gessit.
3629 3227 3733 3285 ilic

2141 3324 2323 3371 autem
2379 3316 2687 3371 secundum
2753 3318 3068 3387 praedictam
3131 3318 3547 3375 meditationem
3615 3333 3733 3376 non

2140 3406 2277 3461 dixit
2306 3406 2469 3461 homo
2493 3408 2681 3472 homo,
2706 3407 2800 3463 sed
2839 3407 2957 3464 viro
2987 3409 3126 3476 viro,
3159 3408 3451 3479 duplicans
3477 3409 3728 3480 quidem,

2140 3497 2603 3567 quemadmodum
2644 3506 2699 3553 et
2736 3497 2835 3552 ubi
2870 3514 3186 3568 personam.
3224 3498 3461 3571 Propter
3502 3500 3729 3556 fortitu-

2140 3589 2325 3644 dinem
2352 3604 2481 3644 vero
2508 3590 2590 3644 sic
2617 3588 2923 3659 appellatur
2947 3604 2985 3645 a
3007 3588 3178 3646 latore
3216 3590 3375 3663 legis,
3403 3591 3534 3662 quia
3568 3607 3734 3648 voca-

2140 3679 2330 3737 bulum
2381 3682 2489 3738 hoc
2507 3694 2627 3738 mos
2663 3690 2749 3738 est
2797 3681 3332 3751 geminam-innuero
3366 3683 3732 3756 signiﬁcatio-

2141 3789 2288 3829 nem.
2341 3773 2395 3827 ld
2453 3775 2621 3844 quod.
2648 3775 2890 3831 ostendit
2939 3774 3198 3830 Salomon
3245 3775 3489 3831 dicens:
3547 3776 3731 3831 Virum

2140 3866 2316 3920 autem
2343 3865 2552 3935 ﬁdelem
2572 3867 2693 3938 quis
2718 3868 2945 3921 inveniet
2965 3867 3046 3921 ‘7?
3066 3866 3173 3923 Sed
3192 3873 3255 3923 et
3283 3868 3488 3924 Paulus
3506 3887 3521 3922 :
3549 3868 3731 3923 Donec

2140 3972 2476 4011 occurramus
2498 3973 2676 4012 omnes
2690 3960 2754 4012 in
2778 3958 2954 4013 virum
2989 3960 3298 4030 perfectum,
3333 3960 3390 4012 in
3423 3975 3729 4014 mensuram

2138 4047 2314 4099 celatis
2337 4046 2677 4115 plenitudinis
2706 4045 2902 4102 Christi
2920 4046 2988 4103 ⁸⁸.
3022 4047 3164 4121 Ergo
3193 4049 3495 4119 duplicatio
3532 4050 3729 4119 appel-

2141 4137 2360 4191 lationis
2393 4147 2659 4207 quantum
2701 4138 2749 4194 ei
2798 4139 3091 4210 pertineat,
3136 4140 3207 4196 de
3256 4141 3515 4198 mandato
3550 4142 3730 4196 niani-

2140 4225 2378 4283 lestavit.
2413 4227 2568 4295 Quod
2603 4238 2783 4284 autem
2825 4230 2945 4287 viro
2977 4214 3136 4298 dixit,
3171 4243 3230 4287 et
3254 4248 3365 4288 non
3398 4232 3728 4303 simpliciter

2138 4318 2369 4386 homini,
2400 4320 2798 4376 demonstravit
2832 4322 2981 4392 quod
3012 4322 3258 4379 doctoris
3294 4324 3556 4380 innueret
3597 4340 3729 4394 per-

2141 4426 2365 4466 sonam:
2417 4413 2477 4467 in
2512 4411 2618 4468 hoc
2669 4413 2816 4468 enim
2876 4413 3188 4470 necessarie
3221 4414 3567 4471 demonstrat
3595 4431 3727 4487 per-

451 4495 667 4563 pientize
694 4496 952 4567 praecepit
975 4496 1395 4552 celsitudinem:
1448 4513 1591 4552 nam
1625 4498 1752 4566 quia
1782 4499 2033 4555 inﬁrmus
2070 4480 2268 4558 Dfecti
2318 4504 2569 4559 formam.
2625 4504 2733 4561 Sed
2792 4506 2925 4562 huic
2983 4506 3029 4561 si
3078 4505 3259 4562 factus
3300 4506 3469 4563 fuerit
3495 4480 3725 4564 seminis

447 4595 566 4642 erat
603 4586 694 4657 qui
728 4586 797 4642 ab
837 4603 903 4642 eo
949 4588 1122 4658 legem
1160 4589 1501 4659 percipiebat
1546 4590 1805 4659 populus,
1843 4593 2032 4662 et.qui

449 4679 771 4748 perfectiora
810 4679 1283 4752 dogmataraudire
1310 4696 1423 4735 non
1453 4688 1691 4751 poterat,
1727 4691 1838 4737 tam
1876 4682 2029 4737 inﬁr-

448 4771 620 4826 mitati
651 4772 1090 4828 condescendere
1119 4771 1311 4826 volens
1338 4771 1545 4842 populi,
1585 4787 1749 4842 quam
1773 4773 2026 4844 dignitati

448 4877 555 4915 non
589 4861 869 4931 injuriare,
894 4862 1029 4931 legis
1063 4861 1278 4917 invenit
1302 4863 1446 4917 viam
1482 4876 1579 4930 per
1605 4879 1769 4931 quam
1795 4871 1851 4918 et
1876 4865 2025 4919 cela-

447 4960 530 5005 ret
559 4951 831 5015 sublimia,
860 4968 963 5007 nec
987 4966 1052 5007 ea
1067 4960 1293 5022 propter
1319 4953 1632 5013 auditorum
1651 4954 2025 5011 inﬁrmitatem

443 5043 650 5098 directe
701 5042 949 5113 proferre
998 5044 1291 5114 potuisset.
1344 5043 1483 5099 Nam
1536 5060 1663 5100 ecce
1688 5046 2027 5102 etiamnunc

441 5151 566 5192 cum
603 5151 702 5205 per
752 5135 926 5206 legem
967 5135 1168 5207 leprosi
1225 5136 1424 5192 multas
1474 5146 1825 5207 peccatorum
1854 5152 2025 5208 expo-

440 5228 640 5282 suisset
668 5229 896 5298 species,
930 5243 1057 5284 eum
1090 5227 1183 5298 qui
1223 5226 1428 5283 ﬂuxum
1464 5228 1694 5285 seminis
1721 5238 2022 5300 pateretur,

439 5318 660 5390 adjecit.
708 5319 809 5373 i‘er
842 5335 1007 5389 quam
1038 5320 1264 5374 alteram
1301 5320 1539 5390 speciem
1575 5321 1785 5390 peccati
1837 5336 2025 5376 rursus

437 5406 683 5478 exponit,
731 5417 786 5463 et
833 5424 957 5463 eum
997 5408 1089 5479 qui
1129 5408 1454 5478 proﬂuvium
1485 5410 1692 5479 patitur
1736 5410 2020 5476 doctrinm,

437 5513 504 5555 ex
533 5514 637 5566 qua
685 5514 880 5569 corpus
920 5501 1090 5570 ipsius
1123 5502 1391 5567 subsistit,
1425 5504 1477 5558 id
1519 5511 1602 5558 est
1640 5520 1703 5560 ex
1737 5521 1844 5575 qua
1877 5506 2023 5561 salu-

1101 5721 1148 5753 ⁸³
1169 5720 1326 5777 Joan.
1358 5741 1436 5781 ut.
1475 5724 1563 5777 59.

998 5790 1042 5822 ⁸³
1073 5793 1271 5860 Epltcs.
1317 5811 1392 5857 tv,
1429 5795 1508 5849 15.

543 5718 589 5748 ⁸⁶²
617 5715 757 5772 Psal.
783 5736 821 5785 ι,
844 5723 900 5783 ‘32,
929 5722 980 5775 5.

448 5782 487 5812 ⁸⁸³
512 5784 671 5839 Prov.
706 5782 884 5850 “,6.

1676 5722 1894 5775 “*Psal.
1955 5739 2123 5790 xcm,
2181 5726 2268 5780 12.

1622 5794 1666 5824 ⁸⁵
1695 5794 1715 5847 1
1742 5792 1869 5846 Cor.
1896 5809 1971 5859 rx,
2005 5794 2094 5847 il.

2135 4595 2333 4661 ﬂuxus,
2378 4595 2694 4653 immundus
2716 4597 2851 4653 erit.
2889 4596 3009 4664 Quo
3035 4599 3439 4659 autemrmodo.
3470 4600 3604 4655 audi
3633 4616 3724 4656 se-

2134 4687 2359 4759 quentia
2381 4708 2395 4743 :

2204 4782 2273 4837 Et
2329 4791 2453 4837 tunc
2486 4781 2820 4851 judicabitur
2860 4782 2982 4836 huic
3020 4782 3372 4838 immunditiis
3421 4783 3720 4854 subjacere.

2132 4875 2189 4930 id
2245 4884 2351 4941 cst,
2392 4876 2513 4930 haec
2550 4875 2801 4944 probatio
2843 4874 3207 4929 immunditias
3257 4875 3413 4944 ejus;
3448 4875 3725 4944 judicium

2125 4973 2308 5019 autem
2350 4963 2710 5018 immunditiae
2747 4963 2888 5032 ejus,
2922 4963 2978 5017 in
3009 4964 3113 5017 hoc
3136 4964 3256 5018 loco
3271 4965 3407 5019 dixit
3442 4966 3621 5036 legem
3656 4968 3721 5021 il-

2123 5072 2252 5128 jam,
2271 5072 2393 5126 qua:
2410 5054 2810 5109 immunditiam
2830 5054 2950 5124 ejus
2970 5055 3185 5124 probat.
3206 5056 3270 5110 Et
3284 5056 3406 5125 quis
3421 5057 3611 5112 esthie
3630 5061 3718 5129 qui

2123 5145 2327 5199 ﬂuxum
2366 5145 2572 5214 patitur
2603 5144 2872 5198 seminis?
2906 5145 3109 5200 Semen
3155 5146 3479 5217 intelligitur
3509 5149 3716 5204 doctri-

2121 5253 2214 5302 na,
2237 5238 2311 5291 ait
2334 5231 2567 5292 Paulus:
2594 5235 2651 5290 Si
2681 5252 2775 5291 nos
2800 5237 2936 5291 vobis
2965 5237 3234 5306 spiritalia
3260 5239 3712 5295 seminavimus”.

2126 5328 2234 5381 Sed
2296 5336 2352 5382 et
2391 5327 2653 5382 Dominus
2683 5328 2799 5382 ait:
2859 5327 3043 5383 Omnis
3097 5330 3188 5399 qui
3217 5330 3369 5383 audit
3394 5332 3632 5400 verbum,
3669 5342 3714 5388 et

2126 5433 2227 5470 non
2255 5416 2539 5487 intelligit:
2570 5419 2710 5471 venit
2743 5417 3026 5488 malignus,
3065 5428 3114 5472 et
3144 5420 3287 5488 rapit
3310 5435 3427 5489 qua:
3452 5422 3712 5475 seminata

2122 5520 2242 5563 sunt
2263 5511 2315 5562 iu
2339 5511 2492 5564 corde
2514 5510 2629 5579 ejus
2646 5511 2715 5565 “.
2749 5510 2886 5576 Quia
2920 5520 3105 5565 autem
3136 5511 3329 5566 dicunt
3360 5510 3544 5569 LXX:
3589 5512 3712 5568 Viro

2382 5729 2470 5785 ιιι
2498 5730 2638 5786 Tim.
2674 5748 2749 5796 ιν,
2785 5733 2872 5799 ιδ,
2905 5733 2990 5788 l6.

3102 5735 3148 5767 ⁸⁸
3176 5735 3354 5789 Levit.
3403 5751 3539 5799 xvii,
3568 5736 3622 5801 3,
3649 5737 3699 5794 4.

2204 5796 2251 5829 ’⁸
2273 5796 2467 5853 Matth.
2495 5817 2615 5867 xui,
2648 5801 2736 5856 i9.
