  <div class='ocr_page' id='page_1' title='image "/cluster/home/n/w/nwhite01/storage/ocr_20150623/93/coo.31924054869973/496.png"; bbox 0 0 3992 6430; ppageno 0'>
   <div class='ocr_carea' id='block_1_1' title="bbox 272 368 382 436">
    <p class='ocr_par' dir='ltr' id='par_1_1' title="bbox 272 368 382 436">
     <span class='ocr_line' id='line_1_1' title="bbox 272 368 382 436; baseline -0.045 0"><span class='ocrx_word' id='word_1_1' title='bbox 272 368 382 436; x_wconf 81' lang='grc'><strong>909</strong></span> 
     </span>
    </p>
   </div>
   <div class='ocr_carea' id='block_1_2' title="bbox 1460 358 2392 422">
    <p class='ocr_par' dir='ltr' id='par_1_2' title="bbox 1460 358 2392 422">
     <span class='ocr_line' id='line_1_2' title="bbox 1460 358 2392 422; baseline -0.002 -1"><span class='ocrx_word' id='word_1_2' title='bbox 1460 360 1536 421; x_wconf 71' lang='grc' dir='ltr'><strong>ΙΝ</strong></span> <span class='ocrx_word' id='word_1_3' title='bbox 1574 358 2013 422; x_wconf 75' lang='lat' dir='ltr'><strong>LEVITICUM.</strong></span> <span class='ocrx_word' id='word_1_4' title='bbox 2046 384 2115 393; x_wconf 82' lang='grc'><strong>--</strong></span> <span class='ocrx_word' id='word_1_5' title='bbox 2150 360 2296 420; x_wconf 79' lang='lat' dir='ltr'><strong>LIB.</strong></span> <span class='ocrx_word' id='word_1_6' title='bbox 2324 360 2392 419; x_wconf 65' lang='grc' dir='ltr'><strong>γ.</strong></span> 
     </span>
    </p>
   </div>
   <div class='ocr_carea' id='block_1_3' title="bbox 3444 361 3551 426">
    <p class='ocr_par' dir='ltr' id='par_1_3' title="bbox 3444 361 3551 426">
     <span class='ocr_line' id='line_1_3' title="bbox 3444 361 3551 426; baseline -0.037 1"><span class='ocrx_word' id='word_1_7' title='bbox 3444 361 3551 426; x_wconf 81' lang='lat'><strong>970</strong></span> 
     </span>
    </p>
   </div>
   <div class='ocr_carea' id='block_1_4' title="bbox 270 469 3549 551">
    <p class='ocr_par' dir='ltr' id='par_1_4' title="bbox 270 469 3549 551">
     <span class='ocr_line' id='line_1_4' title="bbox 270 469 3549 551; baseline -0.002 -16"><span class='ocrx_word' id='word_1_8' title='bbox 270 481 321 536; x_wconf 83' lang='lat' dir='ltr'><strong>si</strong></span> <span class='ocrx_word' id='word_1_9' title='bbox 362 477 524 551; x_wconf 75' lang='lat' dir='ltr'><strong>fuerit</strong></span> <span class='ocrx_word' id='word_1_10' title='bbox 561 475 879 548; x_wconf 76' lang='lat' dir='ltr'><strong>proﬂuvium</strong></span> <span class='ocrx_word' id='word_1_11' title='bbox 906 473 1118 529; x_wconf 79' lang='lat' dir='ltr'><strong>seminis</strong></span> <span class='ocrx_word' id='word_1_12' title='bbox 1145 488 1209 527; x_wconf 75' lang='lat' dir='ltr'><strong><em>ex</em></strong></span> <span class='ocrx_word' id='word_1_13' title='bbox 1238 487 1455 542; x_wconf 87' lang='lat' dir='ltr'><strong>corpore</strong></span> <span class='ocrx_word' id='word_1_14' title='bbox 1505 469 1641 542; x_wconf 77' lang='lat' dir='ltr'><strong>ejus,</strong></span> <span class='ocrx_word' id='word_1_15' title='bbox 1675 487 1739 527; x_wconf 78' lang='lat' dir='ltr'><strong>ea:</strong></span> <span class='ocrx_word' id='word_1_16' title='bbox 1771 486 1870 540; x_wconf 83' lang='lat' dir='ltr'><strong>quo</strong></span> <span class='ocrx_word' id='word_1_17' title='bbox 1903 477 1944 532; x_wconf 82' lang='grc' dir='ltr'><strong>Α</strong></span> <span class='ocrx_word' id='word_1_18' title='bbox 1978 485 2204 542; x_wconf 88' lang='lat' dir='ltr'><strong>corpus,</strong></span> <span class='ocrx_word' id='word_1_19' title='bbox 2235 486 2298 525; x_wconf 81' lang='lat' dir='ltr'><strong>ex</strong></span> <span class='ocrx_word' id='word_1_20' title='bbox 2335 486 2444 542; x_wconf 94' lang='lat' dir='ltr'><strong>quo</strong></span> <span class='ocrx_word' id='word_1_21' title='bbox 2478 486 2679 541; x_wconf 83' lang='lat' dir='ltr'><strong>cmpos</strong></span> <span class='ocrx_word' id='word_1_22' title='bbox 2713 471 2965 527; x_wconf 74' lang='lat' dir='ltr'><strong>consistit</strong></span> <span class='ocrx_word' id='word_1_23' title='bbox 3003 472 3213 543; x_wconf 80' lang='lat' dir='ltr'><strong>populi,</strong></span> <span class='ocrx_word' id='word_1_24' title='bbox 3236 474 3549 531; x_wconf 81' lang='lat' dir='ltr'><strong>immundus</strong></span> 
     </span>
    </p>
   </div>
   <div class='ocr_carea' id='block_1_5' title="bbox 272 562 1868 635">
    <p class='ocr_par' dir='ltr' id='par_1_5' title="bbox 272 562 1868 635">
     <span class='ocr_line' id='line_1_5' title="bbox 272 562 1868 635; baseline -0.007 -10"><span class='ocrx_word' id='word_1_25' title='bbox 272 569 516 625; x_wconf 85' lang='lat' dir='ltr'><strong>consistit</strong></span> <span class='ocrx_word' id='word_1_26' title='bbox 558 583 747 635; x_wconf 67' lang='lat' dir='ltr'><strong>corpus</strong></span> <span class='ocrx_word' id='word_1_27' title='bbox 780 565 896 635; x_wconf 83' lang='lat' dir='ltr'><strong>ejus</strong></span> <span class='ocrx_word' id='word_1_28' title='bbox 939 564 1321 635; x_wconf 78' lang='lat' dir='ltr'><strong>segregandam</strong></span> <span class='ocrx_word' id='word_1_29' title='bbox 1364 571 1462 627; x_wconf 86' lang='lat' dir='ltr'><strong>est,</strong></span> <span class='ocrx_word' id='word_1_30' title='bbox 1493 562 1637 632; x_wconf 87' lang='lat' dir='ltr'><strong>quod</strong></span> <span class='ocrx_word' id='word_1_31' title='bbox 1669 576 1868 631; x_wconf 83' lang='lat' dir='ltr'><strong>corpus</strong></span> 
     </span>
    </p>
   </div>
   <div class='ocr_carea' id='block_1_6' title="bbox 270 654 1867 729">
    <p class='ocr_par' dir='ltr' id='par_1_6' title="bbox 270 654 1867 729">
     <span class='ocr_line' id='line_1_6' title="bbox 270 654 1867 729; baseline -0.005 -16"><span class='ocrx_word' id='word_1_32' title='bbox 270 658 476 729; x_wconf 79' lang='lat' dir='ltr'><strong>duplex</strong></span> <span class='ocrx_word' id='word_1_33' title='bbox 511 658 603 713; x_wconf 84' lang='lat' dir='ltr'><strong>hic</strong></span> <span class='ocrx_word' id='word_1_34' title='bbox 636 656 824 721; x_wconf 92' lang='lat' dir='ltr'><strong>tradit,</strong></span> <span class='ocrx_word' id='word_1_35' title='bbox 856 656 911 710; x_wconf 87' lang='lat' dir='ltr'><strong>id</strong></span> <span class='ocrx_word' id='word_1_36' title='bbox 941 665 1047 719; x_wconf 87' lang='lat' dir='ltr'><strong>est,</strong></span> <span class='ocrx_word' id='word_1_37' title='bbox 1084 655 1187 708; x_wconf 90' lang='lat' dir='ltr'><strong>hoc</strong></span> <span class='ocrx_word' id='word_1_38' title='bbox 1209 654 1428 724; x_wconf 84' lang='lat' dir='ltr'><strong>quidem</strong></span> <span class='ocrx_word' id='word_1_39' title='bbox 1449 669 1514 708; x_wconf 84' lang='lat' dir='ltr'><strong>cx</strong></span> <span class='ocrx_word' id='word_1_40' title='bbox 1552 668 1660 721; x_wconf 88' lang='lat' dir='ltr'><strong>quo</strong></span> <span class='ocrx_word' id='word_1_41' title='bbox 1680 666 1867 706; x_wconf 85' lang='lat' dir='ltr'><strong>semen</strong></span> 
     </span>
    </p>
   </div>
   <div class='ocr_carea' id='block_1_7' title="bbox 268 748 1870 822">
    <p class='ocr_par' dir='ltr' id='par_1_7' title="bbox 268 748 1870 822">
     <span class='ocr_line' id='line_1_7' title="bbox 268 748 1870 822; baseline -0.006 -13"><span class='ocrx_word' id='word_1_42' title='bbox 268 754 415 810; x_wconf 85' lang='lat' dir='ltr'><strong>ﬂuit.</strong></span> <span class='ocrx_word' id='word_1_43' title='bbox 474 752 622 807; x_wconf 84' lang='lat' dir='ltr'><strong>aliud</strong></span> <span class='ocrx_word' id='word_1_44' title='bbox 674 762 879 816; x_wconf 88' lang='lat' dir='ltr'><strong>autem,</strong></span> <span class='ocrx_word' id='word_1_45' title='bbox 909 752 1055 822; x_wconf 89' lang='lat' dir='ltr'><strong>quod</strong></span> <span class='ocrx_word' id='word_1_46' title='bbox 1108 766 1208 821; x_wconf 89' lang='lat' dir='ltr'><strong>per</strong></span> <span class='ocrx_word' id='word_1_47' title='bbox 1236 749 1444 805; x_wconf 74' lang='lat' dir='ltr'><strong>ﬂuxum</strong></span> <span class='ocrx_word' id='word_1_48' title='bbox 1481 748 1710 803; x_wconf 81' lang='lat' dir='ltr'><strong>seminis</strong></span> <span class='ocrx_word' id='word_1_49' title='bbox 1738 749 1870 802; x_wconf 75' lang='lat' dir='ltr'><strong>sub~</strong></span> 
     </span>
    </p>
   </div>
   <div class='ocr_carea' id='block_1_8' title="bbox 271 841 1871 916">
    <p class='ocr_par' dir='ltr' id='par_1_8' title="bbox 271 841 1871 916">
     <span class='ocr_line' id='line_1_8' title="bbox 271 841 1871 916; baseline -0.005 -15"><span class='ocrx_word' id='word_1_50' title='bbox 271 845 441 901; x_wconf 85' lang='lat' dir='ltr'><strong>sistit.</strong></span> <span class='ocrx_word' id='word_1_51' title='bbox 483 843 622 910; x_wconf 86' lang='lat' dir='ltr'><strong>Quia</strong></span> <span class='ocrx_word' id='word_1_52' title='bbox 657 858 788 916; x_wconf 82' lang='lat' dir='ltr'><strong>ergo</strong></span> <span class='ocrx_word' id='word_1_53' title='bbox 813 860 881 899; x_wconf 77' lang='lat' dir='ltr'><strong>ex</strong></span> <span class='ocrx_word' id='word_1_54' title='bbox 924 843 1238 899; x_wconf 88' lang='lat' dir='ltr'><strong>inordinate</strong></span> <span class='ocrx_word' id='word_1_55' title='bbox 1284 842 1619 912; x_wconf 71' lang='lat' dir='ltr'><strong>procedente</strong></span> <span class='ocrx_word' id='word_1_56' title='bbox 1661 841 1871 898; x_wconf 85' lang='lat' dir='ltr'><strong>semine</strong></span> 
     </span>
    </p>
   </div>
   <div class='ocr_carea' id='block_1_9' title="bbox 272 932 1869 1007">
    <p class='ocr_par' dir='ltr' id='par_1_9' title="bbox 272 932 1869 1007">
     <span class='ocr_line' id='line_1_9' title="bbox 272 932 1869 1007; baseline -0.003 -17"><span class='ocrx_word' id='word_1_57' title='bbox 272 936 652 1007; x_wconf 81' lang='lat' dir='ltr'><strong>generandum</strong></span> <span class='ocrx_word' id='word_1_58' title='bbox 681 936 859 990; x_wconf 87' lang='lat' dir='ltr'><strong>fuerat</strong></span> <span class='ocrx_word' id='word_1_59' title='bbox 885 934 1157 1004; x_wconf 81' lang='lat' dir='ltr'><strong>quoddam</strong></span> <span class='ocrx_word' id='word_1_60' title='bbox 1198 948 1420 1005; x_wconf 88' lang='lat' dir='ltr'><strong>corpus,</strong></span> <span class='ocrx_word' id='word_1_61' title='bbox 1454 932 1869 1002; x_wconf 85' lang='lat' dir='ltr'><strong>subsistereque</strong></span> 
     </span>
    </p>
   </div>
   <div class='ocr_carea' id='block_1_10' title="bbox 273 1022 1869 1098">
    <p class='ocr_par' dir='ltr' id='par_1_10' title="bbox 273 1022 1869 1098">
     <span class='ocr_line' id='line_1_10' title="bbox 273 1022 1869 1098; baseline -0.004 -15"><span class='ocrx_word' id='word_1_62' title='bbox 273 1035 516 1098; x_wconf 86' lang='lat' dir='ltr'><strong>poterat,</strong></span> <span class='ocrx_word' id='word_1_63' title='bbox 575 1029 887 1082; x_wconf 84' lang='lat' dir='ltr'><strong>necessario</strong></span> <span class='ocrx_word' id='word_1_64' title='bbox 939 1026 1176 1097; x_wconf 87' lang='lat' dir='ltr'><strong>primum</strong></span> <span class='ocrx_word' id='word_1_65' title='bbox 1207 1041 1432 1097; x_wconf 87' lang='lat' dir='ltr'><strong>corpus,</strong></span> <span class='ocrx_word' id='word_1_66' title='bbox 1458 1040 1525 1081; x_wconf 80' lang='lat' dir='ltr'><strong>ex</strong></span> <span class='ocrx_word' id='word_1_67' title='bbox 1553 1040 1664 1095; x_wconf 85' lang='lat' dir='ltr'><strong>quo</strong></span> <span class='ocrx_word' id='word_1_68' title='bbox 1690 1022 1869 1079; x_wconf 82' lang='lat' dir='ltr'><strong>ﬂuxus</strong></span> 
     </span>
    </p>
   </div>
   <div class='ocr_carea' id='block_1_11' title="bbox 276 1114 1874 1187">
    <p class='ocr_par' dir='ltr' id='par_1_11' title="bbox 276 1114 1874 1187">
     <span class='ocr_line' id='line_1_11' title="bbox 276 1114 1874 1187; baseline -0.003 -15"><span class='ocrx_word' id='word_1_69' title='bbox 276 1126 366 1172; x_wconf 90' lang='lat' dir='ltr'><strong>est</strong></span> <span class='ocrx_word' id='word_1_70' title='bbox 408 1114 550 1186; x_wconf 86' lang='lat' dir='ltr'><strong>ejus,</strong></span> <span class='ocrx_word' id='word_1_71' title='bbox 587 1117 681 1187; x_wconf 85' lang='lat' dir='ltr'><strong>qui</strong></span> <span class='ocrx_word' id='word_1_72' title='bbox 722 1117 948 1172; x_wconf 70' lang='lat' dir='ltr'><strong>seminis</strong></span> <span class='ocrx_word' id='word_1_73' title='bbox 992 1116 1197 1171; x_wconf 86' lang='lat' dir='ltr'><strong>ﬂuxum</strong></span> <span class='ocrx_word' id='word_1_74' title='bbox 1230 1117 1455 1187; x_wconf 85' lang='lat' dir='ltr'><strong>patitur,</strong></span> <span class='ocrx_word' id='word_1_75' title='bbox 1492 1116 1671 1171; x_wconf 84' lang='lat' dir='ltr'><strong>modis</strong></span> <span class='ocrx_word' id='word_1_76' title='bbox 1697 1114 1874 1171; x_wconf 61' lang='lat' dir='ltr'><strong>omni-</strong></span> 
     </span>
    </p>
   </div>
   <div class='ocr_carea' id='block_1_12' title="bbox 278 1206 1873 1280">
    <p class='ocr_par' dir='ltr' id='par_1_12' title="bbox 278 1206 1873 1280">
     <span class='ocr_line' id='line_1_12' title="bbox 278 1206 1873 1280; baseline -0.003 -16"><span class='ocrx_word' id='word_1_77' title='bbox 278 1210 386 1264; x_wconf 86' lang='lat' dir='ltr'><strong>bus</strong></span> <span class='ocrx_word' id='word_1_78' title='bbox 425 1209 770 1280; x_wconf 76' lang='lat' dir='ltr'><strong>intelligitur.</strong></span> <span class='ocrx_word' id='word_1_79' title='bbox 799 1209 958 1263; x_wconf 80' lang='lat' dir='ltr'><strong>Aliud</strong></span> <span class='ocrx_word' id='word_1_80' title='bbox 981 1217 1164 1263; x_wconf 86' lang='lat' dir='ltr'><strong>autem</strong></span> <span class='ocrx_word' id='word_1_81' title='bbox 1193 1208 1519 1272; x_wconf 86' lang='lat' dir='ltr'><strong>consistere,</strong></span> <span class='ocrx_word' id='word_1_82' title='bbox 1553 1206 1750 1277; x_wconf 88' lang='lat' dir='ltr'><strong>inquit,</strong></span> <span class='ocrx_word' id='word_1_83' title='bbox 1774 1222 1873 1275; x_wconf 89' lang='lat' dir='ltr'><strong>per</strong></span> 
     </span>
    </p>
   </div>
   <div class='ocr_carea' id='block_1_13' title="bbox 278 1298 1870 1371">
    <p class='ocr_par' dir='ltr' id='par_1_13' title="bbox 278 1298 1870 1371">
     <span class='ocr_line' id='line_1_13' title="bbox 278 1298 1870 1371; baseline -0.002 -18"><span class='ocrx_word' id='word_1_84' title='bbox 278 1298 518 1365; x_wconf 88' lang='lat' dir='ltr'><strong>ﬂuxum,</strong></span> <span class='ocrx_word' id='word_1_85' title='bbox 558 1299 613 1353; x_wconf 87' lang='lat' dir='ltr'><strong>id</strong></span> <span class='ocrx_word' id='word_1_86' title='bbox 637 1310 744 1363; x_wconf 91' lang='lat' dir='ltr'><strong>est,</strong></span> <span class='ocrx_word' id='word_1_87' title='bbox 783 1301 889 1355; x_wconf 89' lang='lat' dir='ltr'><strong>boc</strong></span> <span class='ocrx_word' id='word_1_88' title='bbox 931 1299 1076 1370; x_wconf 88' lang='lat' dir='ltr'><strong>quod</strong></span> <span class='ocrx_word' id='word_1_89' title='bbox 1102 1315 1168 1355; x_wconf 85' lang='lat' dir='ltr'><strong>ex</strong></span> <span class='ocrx_word' id='word_1_90' title='bbox 1198 1314 1265 1355; x_wconf 92' lang='lat' dir='ltr'><strong>eo</strong></span> <span class='ocrx_word' id='word_1_91' title='bbox 1299 1299 1550 1371; x_wconf 84' lang='lat' dir='ltr'><strong>generari</strong></span> <span class='ocrx_word' id='word_1_92' title='bbox 1584 1299 1870 1361; x_wconf 82' lang='lat' dir='ltr'><strong>debuerat,</strong></span> 
     </span>
    </p>
   </div>
   <div class='ocr_carea' id='block_1_14' title="bbox 276 1390 1871 1462">
    <p class='ocr_par' dir='ltr' id='par_1_14' title="bbox 276 1390 1871 1462">
     <span class='ocr_line' id='line_1_14' title="bbox 276 1390 1871 1462; baseline 0.001 -17"><span class='ocrx_word' id='word_1_93' title='bbox 276 1402 444 1462; x_wconf 87' lang='lat' dir='ltr'><strong>atque</strong></span> <span class='ocrx_word' id='word_1_94' title='bbox 464 1391 788 1457; x_wconf 82' lang='lat' dir='ltr'><strong>subsistere,</strong></span> <span class='ocrx_word' id='word_1_95' title='bbox 822 1392 950 1447; x_wconf 88' lang='lat' dir='ltr'><strong>licet</strong></span> <span class='ocrx_word' id='word_1_96' title='bbox 976 1407 1086 1447; x_wconf 90' lang='lat' dir='ltr'><strong>non</strong></span> <span class='ocrx_word' id='word_1_97' title='bbox 1127 1400 1442 1461; x_wconf 76' lang='lat' dir='ltr'><strong>generetur,</strong></span> <span class='ocrx_word' id='word_1_98' title='bbox 1479 1400 1706 1461; x_wconf 82' lang='lat' dir='ltr'><strong>propter</strong></span> <span class='ocrx_word' id='word_1_99' title='bbox 1725 1390 1871 1461; x_wconf 90' lang='lat' dir='ltr'><strong>quod</strong></span> 
     </span>
    </p>
   </div>
   <div class='ocr_carea' id='block_1_15' title="bbox 277 1481 1870 1554">
    <p class='ocr_par' dir='ltr' id='par_1_15' title="bbox 277 1481 1870 1554">
     <span class='ocr_line' id='line_1_15' title="bbox 277 1481 1870 1554; baseline -0.003 -16"><span class='ocrx_word' id='word_1_100' title='bbox 277 1493 337 1538; x_wconf 91' lang='lat' dir='ltr'><strong>et</strong></span> <span class='ocrx_word' id='word_1_101' title='bbox 376 1483 694 1538; x_wconf 88' lang='lat' dir='ltr'><strong>immundus</strong></span> <span class='ocrx_word' id='word_1_102' title='bbox 752 1492 857 1539; x_wconf 91' lang='lat' dir='ltr'><strong>est.</strong></span> <span class='ocrx_word' id='word_1_103' title='bbox 922 1483 1141 1554; x_wconf 87' lang='lat' dir='ltr'><strong>Corpus</strong></span> <span class='ocrx_word' id='word_1_104' title='bbox 1168 1491 1352 1538; x_wconf 87' lang='lat' dir='ltr'><strong>autem</strong></span> <span class='ocrx_word' id='word_1_105' title='bbox 1381 1484 1505 1553; x_wconf 79' lang='lat' dir='ltr'><strong>ejus</strong></span> <span class='ocrx_word' id='word_1_106' title='bbox 1540 1483 1706 1538; x_wconf 87' lang='lat' dir='ltr'><strong>etiam</strong></span> <span class='ocrx_word' id='word_1_107' title='bbox 1739 1481 1870 1536; x_wconf 88' lang='lat' dir='ltr'><strong>illud</strong></span> 
     </span>
    </p>
   </div>
   <div class='ocr_carea' id='block_1_16' title="bbox 275 1571 1872 1644">
    <p class='ocr_par' dir='ltr' id='par_1_16' title="bbox 275 1571 1872 1644">
     <span class='ocr_line' id='line_1_16' title="bbox 275 1571 1872 1644; baseline -0.001 -18"><span class='ocrx_word' id='word_1_108' title='bbox 275 1572 584 1629; x_wconf 86' lang='lat' dir='ltr'><strong>secundum</strong></span> <span class='ocrx_word' id='word_1_109' title='bbox 639 1573 899 1644; x_wconf 82' lang='lat' dir='ltr'><strong>appellat,</strong></span> <span class='ocrx_word' id='word_1_110' title='bbox 946 1573 1073 1643; x_wconf 84' lang='lat' dir='ltr'><strong>quia</strong></span> <span class='ocrx_word' id='word_1_111' title='bbox 1129 1586 1321 1628; x_wconf 85' lang='lat' dir='ltr'><strong>revera</strong></span> <span class='ocrx_word' id='word_1_112' title='bbox 1388 1587 1590 1643; x_wconf 89' lang='lat' dir='ltr'><strong>corpus</strong></span> <span class='ocrx_word' id='word_1_113' title='bbox 1636 1573 1758 1643; x_wconf 85' lang='lat' dir='ltr'><strong>ejus</strong></span> <span class='ocrx_word' id='word_1_114' title='bbox 1780 1571 1872 1642; x_wconf 87' lang='lat' dir='ltr'><strong>qui</strong></span> 
     </span>
    </p>
   </div>
   <div class='ocr_carea' id='block_1_17' title="bbox 276 1663 1876 1736">
    <p class='ocr_par' dir='ltr' id='par_1_17' title="bbox 276 1663 1876 1736">
     <span class='ocr_line' id='line_1_17' title="bbox 276 1663 1876 1736; baseline 0 -18"><span class='ocrx_word' id='word_1_115' title='bbox 276 1673 529 1736; x_wconf 81' lang='lat' dir='ltr'><strong>generat,</strong></span> <span class='ocrx_word' id='word_1_116' title='bbox 572 1672 659 1720; x_wconf 88' lang='lat' dir='ltr'><strong>est</strong></span> <span class='ocrx_word' id='word_1_117' title='bbox 705 1664 811 1720; x_wconf 86' lang='lat' dir='ltr'><strong>hoc</strong></span> <span class='ocrx_word' id='word_1_118' title='bbox 867 1665 1013 1735; x_wconf 88' lang='lat' dir='ltr'><strong>quod</strong></span> <span class='ocrx_word' id='word_1_119' title='bbox 1067 1679 1132 1719; x_wconf 81' lang='lat' dir='ltr'><strong>ex</strong></span> <span class='ocrx_word' id='word_1_120' title='bbox 1188 1681 1256 1720; x_wconf 85' lang='lat' dir='ltr'><strong>eo</strong></span> <span class='ocrx_word' id='word_1_121' title='bbox 1290 1676 1608 1735; x_wconf 77' lang='lat' dir='ltr'><strong>generetur.</strong></span> <span class='ocrx_word' id='word_1_122' title='bbox 1640 1663 1764 1719; x_wconf 81' lang='lat' dir='ltr'><strong>lltec</strong></span> <span class='ocrx_word' id='word_1_123' title='bbox 1792 1674 1876 1719; x_wconf 85' lang='lat' dir='ltr'><strong>est</strong></span> 
     </span>
    </p>
   </div>
   <div class='ocr_carea' id='block_1_18' title="bbox 274 1748 1872 1827">
    <p class='ocr_par' dir='ltr' id='par_1_18' title="bbox 274 1748 1872 1827">
     <span class='ocr_line' id='line_1_18' title="bbox 274 1748 1872 1827; baseline -0.002 -16"><span class='ocrx_word' id='word_1_124' title='bbox 274 1765 464 1811; x_wconf 81' lang='lat' dir='ltr'><strong>autem</strong></span> <span class='ocrx_word' id='word_1_125' title='bbox 494 1756 630 1827; x_wconf 81' lang='lat' dir='ltr'><strong>legis</strong></span> <span class='ocrx_word' id='word_1_126' title='bbox 658 1758 713 1810; x_wconf 91' lang='lat' dir='ltr'><strong>in</strong></span> <span class='ocrx_word' id='word_1_127' title='bbox 748 1756 1023 1827; x_wconf 91' lang='lat' dir='ltr'><strong>principio</strong></span> <span class='ocrx_word' id='word_1_128' title='bbox 1067 1763 1219 1820; x_wconf 87' lang='lat' dir='ltr'><strong>nota,</strong></span> <span class='ocrx_word' id='word_1_129' title='bbox 1248 1755 1377 1824; x_wconf 88' lang='lat' dir='ltr'><strong>quia</strong></span> <span class='ocrx_word' id='word_1_130' title='bbox 1408 1748 1872 1825; x_wconf 84' lang='lat' dir='ltr'><strong>quemadmodum</strong></span> 
     </span>
    </p>
   </div>
   <div class='ocr_carea' id='block_1_19' title="bbox 1973 562 3549 633">
    <p class='ocr_par' dir='ltr' id='par_1_19' title="bbox 1973 562 3549 633">
     <span class='ocr_line' id='line_1_19' title="bbox 1973 562 3549 633; baseline 0.003 -16"><span class='ocrx_word' id='word_1_131' title='bbox 1973 562 2137 618; x_wconf 90' lang='lat' dir='ltr'><strong>estin</strong></span> <span class='ocrx_word' id='word_1_132' title='bbox 2186 563 2501 633; x_wconf 87' lang='lat' dir='ltr'><strong>semetipso,</strong></span> <span class='ocrx_word' id='word_1_133' title='bbox 2530 563 2694 627; x_wconf 78' lang='lat' dir='ltr'><strong>sicut</strong></span> <span class='ocrx_word' id='word_1_134' title='bbox 2733 563 2829 627; x_wconf 86' lang='lat' dir='ltr'><strong>ait,</strong></span> <span class='ocrx_word' id='word_1_135' title='bbox 2874 563 3275 620; x_wconf 81' lang='lat' dir='ltr'><strong>immunditiam</strong></span> <span class='ocrx_word' id='word_1_136' title='bbox 3318 565 3549 630; x_wconf 80' lang='lat' dir='ltr'><strong>habens,</strong></span> 
     </span>
    </p>
   </div>
   <div class='ocr_carea' id='block_1_20' title="bbox 1976 652 3552 724">
    <p class='ocr_par' dir='ltr' id='par_1_20' title="bbox 1976 652 3552 724">
     <span class='ocr_line' id='line_1_20' title="bbox 1976 652 3552 724; baseline 0.004 -19"><span class='ocrx_word' id='word_1_137' title='bbox 1976 652 2231 708; x_wconf 83' lang='lat' dir='ltr'><strong>videlicet</strong></span> <span class='ocrx_word' id='word_1_138' title='bbox 2278 667 2587 708; x_wconf 87' lang='lat' dir='ltr'><strong>sermonem</strong></span> <span class='ocrx_word' id='word_1_139' title='bbox 2627 669 2788 723; x_wconf 86' lang='lat' dir='ltr'><strong>quem</strong></span> <span class='ocrx_word' id='word_1_140' title='bbox 2827 655 3039 724; x_wconf 78' lang='lat' dir='ltr'><strong>profert</strong></span> <span class='ocrx_word' id='word_1_141' title='bbox 3098 656 3417 717; x_wconf 87' lang='lat' dir='ltr'><strong>sordidum.</strong></span> <span class='ocrx_word' id='word_1_142' title='bbox 3447 658 3552 714; x_wconf 85' lang='lat' dir='ltr'><strong>im-</strong></span> 
     </span>
    </p>
   </div>
   <div class='ocr_carea' id='block_1_21' title="bbox 1973 744 3553 818">
    <p class='ocr_par' dir='ltr' id='par_1_21' title="bbox 1973 744 3553 818">
     <span class='ocr_line' id='line_1_21' title="bbox 1973 744 3553 818; baseline 0.005 -20"><span class='ocrx_word' id='word_1_143' title='bbox 1973 744 2228 814; x_wconf 88' lang='lat' dir='ltr'><strong>pudicum</strong></span> <span class='ocrx_word' id='word_1_144' title='bbox 2277 751 2334 798; x_wconf 88' lang='lat' dir='ltr'><strong>et</strong></span> <span class='ocrx_word' id='word_1_145' title='bbox 2366 745 2727 801; x_wconf 84' lang='lat' dir='ltr'><strong>immundum.</strong></span> <span class='ocrx_word' id='word_1_146' title='bbox 2774 744 3005 818; x_wconf 78' lang='lat' dir='ltr'><strong>Propter</strong></span> <span class='ocrx_word' id='word_1_147' title='bbox 3033 749 3177 817; x_wconf 90' lang='lat' dir='ltr'><strong>quod</strong></span> <span class='ocrx_word' id='word_1_148' title='bbox 3206 757 3263 805; x_wconf 89' lang='lat' dir='ltr'><strong>ct</strong></span> <span class='ocrx_word' id='word_1_149' title='bbox 3307 749 3471 806; x_wconf 88' lang='lat' dir='ltr'><strong>nimis</strong></span> <span class='ocrx_word' id='word_1_150' title='bbox 3500 750 3553 806; x_wconf 87' lang='lat' dir='ltr'><strong>ei</strong></span> 
     </span>
    </p>
   </div>
   <div class='ocr_carea' id='block_1_22' title="bbox 1972 837 2827 905">
    <p class='ocr_par' dir='ltr' id='par_1_22' title="bbox 1972 837 2827 905">
     <span class='ocr_line' id='line_1_22' title="bbox 1972 837 2827 905; baseline 0.001 -14"><span class='ocrx_word' id='word_1_151' title='bbox 1972 837 2328 900; x_wconf 81' lang='lat' dir='ltr'><strong>conveniunt,</strong></span> <span class='ocrx_word' id='word_1_152' title='bbox 2355 853 2476 905; x_wconf 75' lang='lat' dir='ltr'><strong>qua:</strong></span> <span class='ocrx_word' id='word_1_153' title='bbox 2505 848 2827 905; x_wconf 83' lang='lat' dir='ltr'><strong>sequuntur.</strong></span> 
     </span>
    </p>
   </div>
   <div class='ocr_carea' id='block_1_23' title="bbox 2045 925 3554 1019">
    <p class='ocr_par' dir='ltr' id='par_1_23' title="bbox 2045 925 3554 1019">
     <span class='ocr_line' id='line_1_23' title="bbox 2045 925 3554 1019; baseline 0.009 -42"><span class='ocrx_word' id='word_1_154' title='bbox 2045 925 2203 980; x_wconf 75' lang='lat' dir='ltr'><strong>Vens.</strong></span> <span class='ocrx_word' id='word_1_155' title='bbox 2227 926 2376 1019; x_wconf 40' lang='grc' dir='ltr'><strong>’ἐρ-5.</strong></span> <span class='ocrx_word' id='word_1_156' title='bbox 2423 945 2442 978; x_wconf 84' lang='grc'><em>‹</em></span> <span class='ocrx_word' id='word_1_157' title='bbox 2500 928 2675 983; x_wconf 85' lang='lat' dir='ltr'><strong>Omne</strong></span> <span class='ocrx_word' id='word_1_158' title='bbox 2708 937 2939 985; x_wconf 83' lang='lat' dir='ltr'><strong>stratum</strong></span> <span class='ocrx_word' id='word_1_159' title='bbox 2988 931 3046 986; x_wconf 90' lang='lat' dir='ltr'><strong>in</strong></span> <span class='ocrx_word' id='word_1_160' title='bbox 3093 947 3203 1002; x_wconf 87' lang='lat' dir='ltr'><strong>quo</strong></span> <span class='ocrx_word' id='word_1_161' title='bbox 3245 932 3554 1001; x_wconf 85' lang='lat' dir='ltr'><strong>dortnierit,</strong></span> 
     </span>
    </p>
   </div>
   <div class='ocr_carea' id='block_1_24' title="bbox 1974 1015 3557 1093">
    <p class='ocr_par' dir='ltr' id='par_1_24' title="bbox 1974 1015 3557 1093">
     <span class='ocr_line' id='line_1_24' title="bbox 1974 1015 3557 1093; baseline 0.006 -25"><span class='ocrx_word' id='word_1_162' title='bbox 1974 1015 2316 1071; x_wconf 78' lang='lat' dir='ltr'><strong>immundum</strong></span> <span class='ocrx_word' id='word_1_163' title='bbox 2357 1017 2482 1082; x_wconf 88' lang='lat' dir='ltr'><strong>erit,</strong></span> <span class='ocrx_word' id='word_1_164' title='bbox 2515 1027 2572 1073; x_wconf 90' lang='lat' dir='ltr'><strong>et</strong></span> <span class='ocrx_word' id='word_1_165' title='bbox 2602 1019 2919 1090; x_wconf 83' lang='lat' dir='ltr'><strong>ubicunque</strong></span> <span class='ocrx_word' id='word_1_166' title='bbox 2949 1022 3175 1078; x_wconf 88' lang='lat' dir='ltr'><strong>sederit.</strong></span> <span class='ocrx_word' id='word_1_167' title='bbox 3210 1023 3270 1080; x_wconf 79' lang='lat' dir='ltr'><strong>Si</strong></span> <span class='ocrx_word' id='word_1_168' title='bbox 3297 1024 3422 1093; x_wconf 87' lang='lat' dir='ltr'><strong>quis</strong></span> <span class='ocrx_word' id='word_1_169' title='bbox 3455 1025 3557 1081; x_wconf 83' lang='lat' dir='ltr'><strong>ltu—</strong></span> 
     </span>
    </p>
   </div>
   <div class='ocr_carea' id='block_1_25' title="bbox 1975 1107 3557 1182">
    <p class='ocr_par' dir='ltr' id='par_1_25' title="bbox 1975 1107 3557 1182">
     <span class='ocr_line' id='line_1_25' title="bbox 1975 1107 3557 1182; baseline 0.006 -22"><span class='ocrx_word' id='word_1_170' title='bbox 1975 1107 2182 1161; x_wconf 88' lang='lat' dir='ltr'><strong>minum</strong></span> <span class='ocrx_word' id='word_1_171' title='bbox 2228 1108 2468 1180; x_wconf 74' lang='lat' dir='ltr'><strong>tetigerit</strong></span> <span class='ocrx_word' id='word_1_172' title='bbox 2526 1110 2780 1167; x_wconf 86' lang='lat' dir='ltr'><strong>lectulum</strong></span> <span class='ocrx_word' id='word_1_173' title='bbox 2833 1114 2974 1182; x_wconf 84' lang='lat' dir='ltr'><strong>ejus,</strong></span> <span class='ocrx_word' id='word_1_174' title='bbox 3005 1116 3207 1171; x_wconf 69' lang='lat' dir='ltr'><strong>lat-abit</strong></span> <span class='ocrx_word' id='word_1_175' title='bbox 3231 1115 3557 1173; x_wconf 82' lang='lat' dir='ltr'><strong>vestimenta</strong></span> 
     </span>
    </p>
   </div>
   <div class='ocr_carea' id='block_1_26' title="bbox 1977 1198 3558 1274">
    <p class='ocr_par' dir='ltr' id='par_1_26' title="bbox 1977 1198 3558 1274">
     <span class='ocr_line' id='line_1_26' title="bbox 1977 1198 3558 1274; baseline 0.007 -25"><span class='ocrx_word' id='word_1_176' title='bbox 1977 1212 2100 1264; x_wconf 87' lang='lat' dir='ltr'><strong>sua,</strong></span> <span class='ocrx_word' id='word_1_177' title='bbox 2138 1208 2195 1253; x_wconf 89' lang='lat' dir='ltr'><strong>et</strong></span> <span class='ocrx_word' id='word_1_178' title='bbox 2252 1198 2370 1268; x_wconf 88' lang='lat' dir='ltr'><strong>ipse</strong></span> <span class='ocrx_word' id='word_1_179' title='bbox 2422 1199 2565 1254; x_wconf 90' lang='lat' dir='ltr'><strong>lotus</strong></span> <span class='ocrx_word' id='word_1_180' title='bbox 2615 1216 2754 1271; x_wconf 88' lang='lat' dir='ltr'><strong>aqua</strong></span> <span class='ocrx_word' id='word_1_181' title='bbox 2812 1202 3128 1261; x_wconf 80' lang='lat' dir='ltr'><strong>immundus</strong></span> <span class='ocrx_word' id='word_1_182' title='bbox 3147 1205 3253 1260; x_wconf 83' lang='lat' dir='ltr'><strong>erit</strong></span> <span class='ocrx_word' id='word_1_183' title='bbox 3282 1220 3456 1274; x_wconf 88' lang='lat' dir='ltr'><strong>usque</strong></span> <span class='ocrx_word' id='word_1_184' title='bbox 3487 1206 3558 1260; x_wconf 87' lang='lat' dir='ltr'><strong>ad</strong></span> 
     </span>
    </p>
   </div>
   <div class='ocr_carea' id='block_1_27' title="bbox 1976 1303 2350 1357">
    <p class='ocr_par' dir='ltr' id='par_1_27' title="bbox 1976 1303 2350 1357">
     <span class='ocr_line' id='line_1_27' title="bbox 1976 1303 2350 1357; baseline -0.003 -17"><span class='ocrx_word' id='word_1_185' title='bbox 1976 1303 2288 1357; x_wconf 83' lang='lat' dir='ltr'><strong>vesperum.</strong></span> <span class='ocrx_word' id='word_1_186' title='bbox 2331 1307 2350 1339; x_wconf 74' lang='grc' dir='ltr'>ι</span> 
     </span>
    </p>
   </div>
   <div class='ocr_carea' id='block_1_28' title="bbox 2050 1378 3558 1449">
    <p class='ocr_par' dir='ltr' id='par_1_28' title="bbox 2050 1378 3558 1449">
     <span class='ocr_line' id='line_1_28' title="bbox 2050 1378 3558 1449; baseline 0.001 -18"><span class='ocrx_word' id='word_1_187' title='bbox 2050 1378 2231 1434; x_wconf 65' lang='lat' dir='ltr'><strong>Multae</strong></span> <span class='ocrx_word' id='word_1_188' title='bbox 2274 1378 2450 1433; x_wconf 81' lang='lat' dir='ltr'><strong>aliena</strong></span> <span class='ocrx_word' id='word_1_189' title='bbox 2479 1378 2792 1435; x_wconf 78' lang='lat' dir='ltr'><strong>docentium</strong></span> <span class='ocrx_word' id='word_1_190' title='bbox 2847 1380 3059 1449; x_wconf 81' lang='lat' dir='ltr'><strong>species</strong></span> <span class='ocrx_word' id='word_1_191' title='bbox 3105 1389 3270 1444; x_wconf 84' lang='lat' dir='ltr'><strong>sunt;</strong></span> <span class='ocrx_word' id='word_1_192' title='bbox 3330 1380 3558 1446; x_wconf 79' lang='lat' dir='ltr'><strong>Quidam</strong></span> 
     </span>
    </p>
   </div>
   <div class='ocr_carea' id='block_1_29' title="bbox 1976 1471 3563 1545">
    <p class='ocr_par' dir='ltr' id='par_1_29' title="bbox 1976 1471 3563 1545">
     <span class='ocr_line' id='line_1_29' title="bbox 1976 1471 3563 1545; baseline 0.002 -22"><span class='ocrx_word' id='word_1_193' title='bbox 1976 1471 2136 1533; x_wconf 85' lang='lat' dir='ltr'><strong>enim,</strong></span> <span class='ocrx_word' id='word_1_194' title='bbox 2171 1471 2311 1525; x_wconf 85' lang='lat' dir='ltr'><strong>sicut</strong></span> <span class='ocrx_word' id='word_1_195' title='bbox 2335 1471 2407 1527; x_wconf 85' lang='lat' dir='ltr'><strong>ait</strong></span> <span class='ocrx_word' id='word_1_196' title='bbox 2439 1471 2662 1537; x_wconf 84' lang='lat' dir='ltr'><strong>Paulus,</strong></span> <span class='ocrx_word' id='word_1_197' title='bbox 2681 1489 2774 1543; x_wconf 84' lang='lat' dir='ltr'><strong>per</strong></span> <span class='ocrx_word' id='word_1_198' title='bbox 2799 1472 3054 1526; x_wconf 81' lang='lat' dir='ltr'><strong>inuidiam</strong></span> <span class='ocrx_word' id='word_1_199' title='bbox 3080 1489 3098 1536; x_wconf 79' lang='lat'><strong>,&#39;</strong></span> <span class='ocrx_word' id='word_1_200' title='bbox 3127 1473 3345 1545; x_wconf 81' lang='lat' dir='ltr'><strong>quidam</strong></span> <span class='ocrx_word' id='word_1_201' title='bbox 3381 1481 3563 1527; x_wconf 85' lang='lat' dir='ltr'><strong>autem</strong></span> 
     </span>
    </p>
   </div>
   <div class='ocr_carea' id='block_1_30' title="bbox 1976 1564 3561 1633">
    <p class='ocr_par' dir='ltr' id='par_1_30' title="bbox 1976 1564 3561 1633">
     <span class='ocr_line' id='line_1_30' title="bbox 1976 1564 3561 1633; baseline 0.001 -18"><span class='ocrx_word' id='word_1_202' title='bbox 1976 1576 2069 1630; x_wconf 80' lang='lat' dir='ltr'><strong>per</strong></span> <span class='ocrx_word' id='word_1_203' title='bbox 2112 1564 2495 1618; x_wconf 80' lang='lat' dir='ltr'><strong>contentionem</strong></span> <span class='ocrx_word' id='word_1_204' title='bbox 2530 1578 2549 1626; x_wconf 85' lang='lat'><strong>,&#39;</strong></span> <span class='ocrx_word' id='word_1_205' title='bbox 2592 1564 2806 1632; x_wconf 84' lang='lat' dir='ltr'><strong>quidam</strong></span> <span class='ocrx_word' id='word_1_206' title='bbox 2850 1580 2969 1617; x_wconf 76' lang='lat' dir='ltr'><strong>vero</strong></span> <span class='ocrx_word' id='word_1_207' title='bbox 3016 1580 3110 1633; x_wconf 82' lang='lat' dir='ltr'><strong>per</strong></span> <span class='ocrx_word' id='word_1_208' title='bbox 3168 1564 3561 1633; x_wconf 84' lang='lat' dir='ltr'><strong>ignorantiam;</strong></span> 
     </span>
    </p>
   </div>
   <div class='ocr_carea' id='block_1_31' title="bbox 1976 1652 3566 1727">
    <p class='ocr_par' dir='ltr' id='par_1_31' title="bbox 1976 1652 3566 1727">
     <span class='ocr_line' id='line_1_31' title="bbox 1976 1652 3566 1727; baseline 0.001 -21"><span class='ocrx_word' id='word_1_209' title='bbox 1976 1652 2191 1723; x_wconf 87' lang='lat' dir='ltr'><strong>quidam</strong></span> <span class='ocrx_word' id='word_1_210' title='bbox 2218 1669 2339 1708; x_wconf 83' lang='lat' dir='ltr'><strong>vero</strong></span> <span class='ocrx_word' id='word_1_211' title='bbox 2370 1670 2434 1708; x_wconf 78' lang='lat' dir='ltr'><strong>ea:</strong></span> <span class='ocrx_word' id='word_1_212' title='bbox 2464 1656 2745 1709; x_wconf 86' lang='lat' dir='ltr'><strong>temerario</strong></span> <span class='ocrx_word' id='word_1_213' title='bbox 2776 1654 3109 1727; x_wconf 85' lang='lat' dir='ltr'><strong>multiloquia</strong></span> <span class='ocrx_word' id='word_1_214' title='bbox 3143 1654 3250 1724; x_wconf 79' lang='lat' dir='ltr'><strong>(de</strong></span> <span class='ocrx_word' id='word_1_215' title='bbox 3294 1669 3402 1724; x_wconf 89' lang='lat' dir='ltr'><strong>quo</strong></span> <span class='ocrx_word' id='word_1_216' title='bbox 3430 1655 3566 1709; x_wconf 80' lang='lat' dir='ltr'><strong>dixit</strong></span> 
     </span>
    </p>
   </div>
   <div class='ocr_carea' id='block_1_32' title="bbox 1979 1745 3567 1820">
    <p class='ocr_par' dir='ltr' id='par_1_32' title="bbox 1979 1745 3567 1820">
     <span class='ocr_line' id='line_1_32' title="bbox 1979 1745 3567 1820; baseline -0.001 -19"><span class='ocrx_word' id='word_1_217' title='bbox 1979 1746 2068 1801; x_wconf 88' lang='lat' dir='ltr'><strong>ille</strong></span> <span class='ocrx_word' id='word_1_218' title='bbox 2118 1745 2400 1816; x_wconf 84' lang='lat' dir='ltr'><strong>Sapiens:</strong></span> <span class='ocrx_word' id='word_1_219' title='bbox 2450 1746 2515 1801; x_wconf 81' lang='lat' dir='ltr'><strong>In</strong></span> <span class='ocrx_word' id='word_1_220' title='bbox 2560 1746 2894 1818; x_wconf 87' lang='lat' dir='ltr'><strong>multiloquio</strong></span> <span class='ocrx_word' id='word_1_221' title='bbox 2951 1763 3056 1802; x_wconf 86' lang='lat' dir='ltr'><strong>non</strong></span> <span class='ocrx_word' id='word_1_222' title='bbox 3107 1748 3319 1820; x_wconf 73' lang='lat' dir='ltr'><strong>eﬂngies</strong></span> <span class='ocrx_word' id='word_1_223' title='bbox 3376 1764 3567 1818; x_wconf 81' lang='lat' dir='ltr'><strong>pecca-</strong></span> 
     </span>
    </p>
   </div>
   <div class='ocr_carea' id='block_1_33' title="bbox 277 1818 1882 1917">
    <p class='ocr_par' dir='ltr' id='par_1_33' title="bbox 277 1818 1875 1917">
     <span class='ocr_line' id='line_1_33' title="bbox 277 1818 1875 1917; baseline -0.001 -16"><span class='ocrx_word' id='word_1_224' title='bbox 277 1848 479 1902; x_wconf 68' lang='lat' dir='ltr'><strong>litteras</strong></span> <span class='ocrx_word' id='word_1_225' title='bbox 514 1818 834 1903; x_wconf 66' lang='lat' dir='ltr'><strong>mandatum</strong></span> <span class='ocrx_word' id='word_1_226' title='bbox 863 1818 1066 1917; x_wconf 68' lang='lat' dir='ltr'><strong>corpus</strong></span> <span class='ocrx_word' id='word_1_227' title='bbox 1102 1818 1289 1902; x_wconf 80' lang='lat' dir='ltr'><strong>semen</strong></span> <span class='ocrx_word' id='word_1_228' title='bbox 1335 1818 1680 1902; x_wconf 79' lang='lat' dir='ltr'><strong>eﬂ&#39;undentis</strong></span> <span class='ocrx_word' id='word_1_229' title='bbox 1710 1846 1875 1901; x_wconf 82' lang='lat' dir='ltr'><strong>intel-</strong></span> 
     </span>
    </p>
   </div>
   <div class='ocr_carea' id='block_1_34' title="bbox 1989 1818 3567 1917">
    <p class='ocr_par' dir='ltr' id='par_1_34' title="bbox 1989 1818 3567 1909">
     <span class='ocr_line' id='line_1_34' title="bbox 1989 1818 3567 1909; baseline 0.003 -20"><span class='ocrx_word' id='word_1_230' title='bbox 1989 1846 2091 1890; x_wconf 79' lang='lat' dir='ltr'><strong>tum</strong></span> <span class='ocrx_word' id='word_1_231' title='bbox 2108 1836 2177 1905; x_wconf 77' lang='lat'><strong>“)</strong></span> <span class='ocrx_word' id='word_1_232' title='bbox 2199 1854 2213 1890; x_wconf 93' lang='lat'><strong>:</strong></span> <span class='ocrx_word' id='word_1_233' title='bbox 2234 1838 2452 1907; x_wconf 87' lang='lat' dir='ltr'><strong>quidam</strong></span> <span class='ocrx_word' id='word_1_234' title='bbox 2475 1846 2650 1891; x_wconf 81' lang='lat' dir='ltr'><strong>autem</strong></span> <span class='ocrx_word' id='word_1_235' title='bbox 2673 1854 2739 1892; x_wconf 81' lang='lat' dir='ltr'><strong>ea:</strong></span> <span class='ocrx_word' id='word_1_236' title='bbox 2761 1854 2821 1894; x_wconf 89' lang='lat' dir='ltr'><strong>eo</strong></span> <span class='ocrx_word' id='word_1_237' title='bbox 2845 1839 2985 1909; x_wconf 83' lang='lat' dir='ltr'><strong>quod</strong></span> <span class='ocrx_word' id='word_1_238' title='bbox 3009 1818 3337 1893; x_wconf 81' lang='lat' dir='ltr'><strong>delectantur</strong></span> <span class='ocrx_word' id='word_1_239' title='bbox 3363 1838 3417 1891; x_wconf 88' lang='lat' dir='ltr'><strong>in</strong></span> <span class='ocrx_word' id='word_1_240' title='bbox 3436 1855 3567 1909; x_wconf 80' lang='lat' dir='ltr'><strong>qua-</strong></span> 
     </span>
    </p>
   </div>
   <div class='ocr_carea' id='block_1_35' title="bbox 278 1934 1877 2006">
    <p class='ocr_par' dir='ltr' id='par_1_35' title="bbox 278 1934 1877 2006">
     <span class='ocr_line' id='line_1_35' title="bbox 278 1934 1877 2006; baseline -0.003 -14"><span class='ocrx_word' id='word_1_241' title='bbox 278 1938 434 2003; x_wconf 87' lang='lat' dir='ltr'><strong>lexit,</strong></span> <span class='ocrx_word' id='word_1_242' title='bbox 459 1945 517 1991; x_wconf 90' lang='lat' dir='ltr'><strong>et</strong></span> <span class='ocrx_word' id='word_1_243' title='bbox 540 1934 829 2006; x_wconf 76' lang='lat' dir='ltr'><strong>propterea</strong></span> <span class='ocrx_word' id='word_1_244' title='bbox 882 1936 1053 1992; x_wconf 86' lang='lat' dir='ltr'><strong>dicit:</strong></span> <span class='ocrx_word' id='word_1_245' title='bbox 1111 1934 1311 1990; x_wconf 83' lang='lat' dir='ltr'><strong>Fluens</strong></span> <span class='ocrx_word' id='word_1_246' title='bbox 1358 1952 1536 1991; x_wconf 86' lang='lat' dir='ltr'><strong>semen</strong></span> <span class='ocrx_word' id='word_1_247' title='bbox 1562 1953 1628 1991; x_wconf 75' lang='lat' dir='ltr'><strong>ea:</strong></span> <span class='ocrx_word' id='word_1_248' title='bbox 1663 1952 1877 2006; x_wconf 85' lang='lat' dir='ltr'><strong>corpore</strong></span> 
     </span>
    </p>
   </div>
   <div class='ocr_carea' id='block_1_36' title="bbox 278 2028 1874 2101">
    <p class='ocr_par' dir='ltr' id='par_1_36' title="bbox 278 2028 1874 2101">
     <span class='ocr_line' id='line_1_36' title="bbox 278 2028 1874 2101; baseline -0.002 -17"><span class='ocrx_word' id='word_1_249' title='bbox 278 2029 436 2099; x_wconf 82' lang='lat' dir='ltr'><strong>ejus;</strong></span> <span class='ocrx_word' id='word_1_250' title='bbox 485 2028 727 2083; x_wconf 86' lang='lat' dir='ltr'><strong>secundo</strong></span> <span class='ocrx_word' id='word_1_251' title='bbox 774 2036 959 2083; x_wconf 88' lang='lat' dir='ltr'><strong>autem</strong></span> <span class='ocrx_word' id='word_1_252' title='bbox 1004 2028 1109 2083; x_wconf 82' lang='lat' dir='ltr'><strong>hoc</strong></span> <span class='ocrx_word' id='word_1_253' title='bbox 1144 2028 1291 2097; x_wconf 89' lang='lat' dir='ltr'><strong>quod</strong></span> <span class='ocrx_word' id='word_1_254' title='bbox 1341 2043 1408 2082; x_wconf 81' lang='lat' dir='ltr'><strong>ex</strong></span> <span class='ocrx_word' id='word_1_255' title='bbox 1463 2043 1532 2084; x_wconf 90' lang='lat' dir='ltr'><strong>eo</strong></span> <span class='ocrx_word' id='word_1_256' title='bbox 1557 2038 1874 2101; x_wconf 86' lang='lat' dir='ltr'><strong>generatur,</strong></span> 
     </span>
    </p>
   </div>
   <div class='ocr_carea' id='block_1_37' title="bbox 279 2118 1872 2189">
    <p class='ocr_par' dir='ltr' id='par_1_37' title="bbox 279 2118 1872 2189">
     <span class='ocr_line' id='line_1_37' title="bbox 279 2118 1872 2189; baseline -0.003 -14"><span class='ocrx_word' id='word_1_257' title='bbox 279 2129 437 2176; x_wconf 83' lang='lat' dir='ltr'><strong>recte</strong></span> <span class='ocrx_word' id='word_1_258' title='bbox 469 2119 712 2175; x_wconf 87' lang='lat' dir='ltr'><strong>subdens</strong></span> <span class='ocrx_word' id='word_1_259' title='bbox 741 2134 806 2174; x_wconf 81' lang='lat' dir='ltr'><strong>ex</strong></span> <span class='ocrx_word' id='word_1_260' title='bbox 834 2118 1004 2184; x_wconf 78' lang='lat' dir='ltr'><strong>ﬂuxu,</strong></span> <span class='ocrx_word' id='word_1_261' title='bbox 1037 2135 1147 2189; x_wconf 90' lang='lat' dir='ltr'><strong>quo</strong></span> <span class='ocrx_word' id='word_1_262' title='bbox 1186 2118 1440 2174; x_wconf 84' lang='lat' dir='ltr'><strong>consistit</strong></span> <span class='ocrx_word' id='word_1_263' title='bbox 1471 2134 1674 2189; x_wconf 83' lang='lat' dir='ltr'><strong>corpus</strong></span> <span class='ocrx_word' id='word_1_264' title='bbox 1713 2119 1872 2188; x_wconf 78' lang='lat' dir='ltr'><strong>ejus:</strong></span> 
     </span>
    </p>
   </div>
   <div class='ocr_carea' id='block_1_38' title="bbox 280 2200 1876 2281">
    <p class='ocr_par' dir='ltr' id='par_1_38' title="bbox 280 2200 1876 2281">
     <span class='ocr_line' id='line_1_38' title="bbox 280 2200 1876 2281; baseline -0.003 -15"><span class='ocrx_word' id='word_1_265' title='bbox 280 2210 363 2266; x_wconf 81' lang='lat' dir='ltr'><strong>sic</strong></span> <span class='ocrx_word' id='word_1_266' title='bbox 414 2200 809 2281; x_wconf 77' lang='lat' dir='ltr'><strong>contemplatio</strong></span> <span class='ocrx_word' id='word_1_267' title='bbox 857 2208 1118 2280; x_wconf 82' lang='lat' dir='ltr'><strong>spiritalis</strong></span> <span class='ocrx_word' id='word_1_268' title='bbox 1148 2225 1348 2279; x_wconf 84' lang='lat' dir='ltr'><strong>corpus</strong></span> <span class='ocrx_word' id='word_1_269' title='bbox 1405 2208 1668 2273; x_wconf 83' lang='lat' dir='ltr'><strong>doctoris,</strong></span> <span class='ocrx_word' id='word_1_270' title='bbox 1697 2208 1876 2279; x_wconf 78' lang='lat' dir='ltr'><strong>ipsum</strong></span> 
     </span>
    </p>
   </div>
   <div class='ocr_carea' id='block_1_39' title="bbox 278 2298 1879 2372">
    <p class='ocr_par' dir='ltr' id='par_1_39' title="bbox 278 2298 1879 2372">
     <span class='ocr_line' id='line_1_39' title="bbox 278 2298 1879 2372; baseline -0.002 -17"><span class='ocrx_word' id='word_1_271' title='bbox 278 2302 434 2372; x_wconf 88' lang='lat' dir='ltr'><strong>quod</strong></span> <span class='ocrx_word' id='word_1_272' title='bbox 468 2303 518 2357; x_wconf 84' lang='lat' dir='ltr'><strong>ei</strong></span> <span class='ocrx_word' id='word_1_273' title='bbox 546 2301 815 2356; x_wconf 83' lang='lat' dir='ltr'><strong>creditum</strong></span> <span class='ocrx_word' id='word_1_274' title='bbox 871 2309 958 2354; x_wconf 85' lang='lat' dir='ltr'><strong>est</strong></span> <span class='ocrx_word' id='word_1_275' title='bbox 985 2301 1236 2365; x_wconf 86' lang='lat' dir='ltr'><strong>verbum,</strong></span> <span class='ocrx_word' id='word_1_276' title='bbox 1284 2307 1340 2354; x_wconf 91' lang='lat' dir='ltr'><strong>et</strong></span> <span class='ocrx_word' id='word_1_277' title='bbox 1387 2298 1748 2355; x_wconf 87' lang='lat' dir='ltr'><strong>doctrinalem</strong></span> <span class='ocrx_word' id='word_1_278' title='bbox 1794 2300 1879 2353; x_wconf 85' lang='lat' dir='ltr'><strong>di-</strong></span> 
     </span>
    </p>
   </div>
   <div class='ocr_carea' id='block_1_40' title="bbox 280 2389 1877 2471">
    <p class='ocr_par' dir='ltr' id='par_1_40' title="bbox 280 2389 1877 2471">
     <span class='ocr_line' id='line_1_40' title="bbox 280 2389 1877 2471; baseline -0.002 -25"><span class='ocrx_word' id='word_1_279' title='bbox 280 2394 557 2463; x_wconf 86' lang='lat' dir='ltr'><strong>gnitatem</strong></span> <span class='ocrx_word' id='word_1_280' title='bbox 626 2392 1025 2447; x_wconf 88' lang='lat' dir='ltr'><strong>rationabiliter</strong></span> <span class='ocrx_word' id='word_1_281' title='bbox 1093 2391 1386 2471; x_wconf 79' lang='lat' dir='ltr'><strong>intellexit.</strong></span> <span class='ocrx_word' id='word_1_282' title='bbox 1450 2390 1666 2460; x_wconf 83' lang='lat' dir='ltr'><strong>Corpus</strong></span> <span class='ocrx_word' id='word_1_283' title='bbox 1728 2389 1877 2445; x_wconf 89' lang='lat' dir='ltr'><strong>enim</strong></span> 
     </span>
    </p>
   </div>
   <div class='ocr_carea' id='block_1_41' title="bbox 280 2481 1881 2551">
    <p class='ocr_par' dir='ltr' id='par_1_41' title="bbox 280 2481 1881 2551">
     <span class='ocr_line' id='line_1_41' title="bbox 280 2481 1881 2551; baseline -0.006 -8"><span class='ocrx_word' id='word_1_284' title='bbox 280 2486 500 2543; x_wconf 79' lang='lat' dir='ltr'><strong>Christi</strong></span> <span class='ocrx_word' id='word_1_285' title='bbox 535 2483 840 2540; x_wconf 78' lang='lat' dir='ltr'><strong>doctu-inale</strong></span> <span class='ocrx_word' id='word_1_286' title='bbox 887 2483 1113 2539; x_wconf 77' lang='lat' dir='ltr'><strong>verbum</strong></span> <span class='ocrx_word' id='word_1_287' title='bbox 1149 2482 1351 2537; x_wconf 82' lang='lat' dir='ltr'><strong>Paulus</strong></span> <span class='ocrx_word' id='word_1_288' title='bbox 1399 2482 1660 2551; x_wconf 85' lang='lat' dir='ltr'><strong>appellat,</strong></span> <span class='ocrx_word' id='word_1_289' title='bbox 1691 2481 1769 2536; x_wconf 90' lang='lat' dir='ltr'><strong>sic</strong></span> <span class='ocrx_word' id='word_1_290' title='bbox 1795 2481 1881 2535; x_wconf 90' lang='lat' dir='ltr'><strong>di-</strong></span> 
     </span>
    </p>
   </div>
   <div class='ocr_carea' id='block_1_42' title="bbox 281 2569 1884 2644">
    <p class='ocr_par' dir='ltr' id='par_1_42' title="bbox 281 2569 1884 2644">
     <span class='ocr_line' id='line_1_42' title="bbox 281 2569 1884 2644; baseline -0.006 -12"><span class='ocrx_word' id='word_1_291' title='bbox 281 2592 423 2632; x_wconf 83' lang='lat' dir='ltr'><strong>cens</strong></span> <span class='ocrx_word' id='word_1_292' title='bbox 447 2576 518 2631; x_wconf 90' lang='lat' dir='ltr'><strong>de</strong></span> <span class='ocrx_word' id='word_1_293' title='bbox 548 2575 635 2630; x_wconf 85' lang='lat' dir='ltr'><strong>eis</strong></span> <span class='ocrx_word' id='word_1_294' title='bbox 665 2573 763 2644; x_wconf 88' lang='lat' dir='ltr'><strong>qui</strong></span> <span class='ocrx_word' id='word_1_295' title='bbox 790 2572 1017 2629; x_wconf 82' lang='lat' dir='ltr'><strong>verbum</strong></span> <span class='ocrx_word' id='word_1_296' title='bbox 1047 2572 1353 2629; x_wconf 70' lang='lat' dir='ltr'><strong>doctrinale</strong></span> <span class='ocrx_word' id='word_1_297' title='bbox 1378 2573 1683 2640; x_wconf 86' lang='lat' dir='ltr'><strong>decerpunt</strong></span> <span class='ocrx_word' id='word_1_298' title='bbox 1712 2588 1725 2624; x_wconf 91' lang='lat'><strong>:</strong></span> <span class='ocrx_word' id='word_1_299' title='bbox 1755 2569 1884 2626; x_wconf 86' lang='lat' dir='ltr'><strong>Cor-</strong></span> 
     </span>
    </p>
   </div>
   <div class='ocr_carea' id='block_1_43' title="bbox 282 2663 1882 2739">
    <p class='ocr_par' dir='ltr' id='par_1_43' title="bbox 282 2663 1882 2739">
     <span class='ocr_line' id='line_1_43' title="bbox 282 2663 1882 2739; baseline -0.005 -16"><span class='ocrx_word' id='word_1_300' title='bbox 282 2685 387 2739; x_wconf 69' lang='lat' dir='ltr'><strong>pus</strong></span> <span class='ocrx_word' id='word_1_301' title='bbox 417 2679 601 2722; x_wconf 82' lang='lat' dir='ltr'><strong>autem</strong></span> <span class='ocrx_word' id='word_1_302' title='bbox 631 2665 849 2721; x_wconf 82' lang='lat' dir='ltr'><strong>Christi.</strong></span> <span class='ocrx_word' id='word_1_303' title='bbox 896 2663 1065 2719; x_wconf 88' lang='lat' dir='ltr'><strong>Nemo</strong></span> <span class='ocrx_word' id='word_1_304' title='bbox 1094 2680 1182 2718; x_wconf 88' lang='lat' dir='ltr'><strong>vos</strong></span> <span class='ocrx_word' id='word_1_305' title='bbox 1227 2663 1441 2718; x_wconf 71' lang='lat' dir='ltr'><strong>reducat</strong></span> <span class='ocrx_word' id='word_1_306' title='bbox 1476 2666 1648 2717; x_wconf 81' lang='lat' dir='ltr'><strong>uolens</strong></span> <span class='ocrx_word' id='word_1_307' title='bbox 1680 2678 1736 2716; x_wconf 87' lang='lat' dir='ltr'><strong>m</strong></span> <span class='ocrx_word' id='word_1_308' title='bbox 1782 2663 1882 2716; x_wconf 82' lang='lat' dir='ltr'><strong>hu-</strong></span> 
     </span>
    </p>
   </div>
   <div class='ocr_carea' id='block_1_44' title="bbox 282 2754 1882 2829">
    <p class='ocr_par' dir='ltr' id='par_1_44' title="bbox 282 2754 1882 2829">
     <span class='ocr_line' id='line_1_44' title="bbox 282 2754 1882 2829; baseline -0.005 -14"><span class='ocrx_word' id='word_1_309' title='bbox 282 2760 542 2825; x_wconf 82' lang='lat' dir='ltr'><strong>militate,</strong></span> <span class='ocrx_word' id='word_1_310' title='bbox 595 2770 648 2813; x_wconf 89' lang='lat' dir='ltr'><strong>et</strong></span> <span class='ocrx_word' id='word_1_311' title='bbox 687 2758 939 2829; x_wconf 76' lang='lat' dir='ltr'><strong>religione</strong></span> <span class='ocrx_word' id='word_1_312' title='bbox 967 2755 1299 2825; x_wconf 84' lang='lat' dir='ltr'><strong>angelorum,</strong></span> <span class='ocrx_word' id='word_1_313' title='bbox 1327 2770 1445 2825; x_wconf 61' lang='lat' dir='ltr'><strong>quis</strong></span> <span class='ocrx_word' id='word_1_314' title='bbox 1475 2770 1580 2808; x_wconf 86' lang='lat' dir='ltr'><strong>non</strong></span> <span class='ocrx_word' id='word_1_315' title='bbox 1598 2754 1725 2808; x_wconf 83' lang='lat' dir='ltr'><strong>vidit</strong></span> <span class='ocrx_word' id='word_1_316' title='bbox 1762 2770 1882 2808; x_wconf 89' lang='lat' dir='ltr'><strong>am-</strong></span> 
     </span>
    </p>
   </div>
   <div class='ocr_carea' id='block_1_45' title="bbox 278 2845 1885 2920">
    <p class='ocr_par' dir='ltr' id='par_1_45' title="bbox 278 2845 1885 2920">
     <span class='ocr_line' id='line_1_45' title="bbox 278 2845 1885 2920; baseline -0.006 -14"><span class='ocrx_word' id='word_1_317' title='bbox 278 2851 503 2915; x_wconf 75' lang='lat' dir='ltr'><strong>bulans,</strong></span> <span class='ocrx_word' id='word_1_318' title='bbox 559 2850 759 2920; x_wconf 73' lang='lat' dir='ltr'><strong>frustra</strong></span> <span class='ocrx_word' id='word_1_319' title='bbox 810 2847 1030 2917; x_wconf 72' lang='lat' dir='ltr'><strong>inﬂatus</strong></span> <span class='ocrx_word' id='word_1_320' title='bbox 1082 2860 1242 2900; x_wconf 83' lang='lat' dir='ltr'><strong>sensu</strong></span> <span class='ocrx_word' id='word_1_321' title='bbox 1297 2845 1475 2900; x_wconf 84' lang='lat' dir='ltr'><strong>carnis</strong></span> <span class='ocrx_word' id='word_1_322' title='bbox 1520 2860 1650 2909; x_wconf 72' lang='lat' dir='ltr'><strong>suta,</strong></span> <span class='ocrx_word' id='word_1_323' title='bbox 1701 2852 1749 2898; x_wconf 89' lang='lat' dir='ltr'><strong>et</strong></span> <span class='ocrx_word' id='word_1_324' title='bbox 1782 2861 1885 2899; x_wconf 88' lang='lat' dir='ltr'><strong>non</strong></span> 
     </span>
    </p>
   </div>
   <div class='ocr_carea' id='block_1_46' title="bbox 284 2936 1885 3012">
    <p class='ocr_par' dir='ltr' id='par_1_46' title="bbox 284 2936 1885 3012">
     <span class='ocr_line' id='line_1_46' title="bbox 284 2936 1885 3012; baseline -0.007 -12"><span class='ocrx_word' id='word_1_325' title='bbox 284 2955 473 3000; x_wconf 79' lang='lat' dir='ltr'><strong>tenens</strong></span> <span class='ocrx_word' id='word_1_326' title='bbox 501 2952 659 3012; x_wconf 83' lang='lat' dir='ltr'><strong>caput</strong></span> <span class='ocrx_word' id='word_1_327' title='bbox 684 2958 750 2997; x_wconf 78' lang='lat' dir='ltr'><strong>ea:</strong></span> <span class='ocrx_word' id='word_1_328' title='bbox 779 2957 883 3011; x_wconf 85' lang='lat' dir='ltr'><strong>quo</strong></span> <span class='ocrx_word' id='word_1_329' title='bbox 930 2946 1099 2993; x_wconf 88' lang='lat' dir='ltr'><strong>totum</strong></span> <span class='ocrx_word' id='word_1_330' title='bbox 1140 2954 1329 3008; x_wconf 84' lang='lat' dir='ltr'><strong>corpus</strong></span> <span class='ocrx_word' id='word_1_331' title='bbox 1352 2954 1447 3006; x_wconf 81' lang='lat' dir='ltr'><strong>per</strong></span> <span class='ocrx_word' id='word_1_332' title='bbox 1477 2954 1638 2992; x_wconf 74' lang='lat' dir='ltr'><strong>nexus</strong></span> <span class='ocrx_word' id='word_1_333' title='bbox 1663 2946 1712 2992; x_wconf 86' lang='lat' dir='ltr'><strong>et</strong></span> <span class='ocrx_word' id='word_1_334' title='bbox 1753 2936 1885 3007; x_wconf 84' lang='lat' dir='ltr'><strong>jun-</strong></span> 
     </span>
    </p>
   </div>
   <div class='ocr_carea' id='block_1_47' title="bbox 287 3032 1885 3095">
    <p class='ocr_par' dir='ltr' id='par_1_47' title="bbox 287 3032 1885 3095">
     <span class='ocr_line' id='line_1_47' title="bbox 287 3032 1885 3095; baseline -0.004 -5"><span class='ocrx_word' id='word_1_335' title='bbox 287 3038 493 3091; x_wconf 79' lang='lat' dir='ltr'><strong>ctiones</strong></span> <span class='ocrx_word' id='word_1_336' title='bbox 544 3035 1008 3095; x_wconf 55' lang='lat' dir='ltr'><strong>subministratur,</strong></span> <span class='ocrx_word' id='word_1_337' title='bbox 1080 3040 1132 3085; x_wconf 87' lang='lat' dir='ltr'><strong>et</strong></span> <span class='ocrx_word' id='word_1_338' title='bbox 1194 3039 1553 3086; x_wconf 85' lang='lat' dir='ltr'><strong>constructum</strong></span> <span class='ocrx_word' id='word_1_339' title='bbox 1602 3032 1786 3085; x_wconf 76' lang='lat' dir='ltr'><strong>crescit</strong></span> <span class='ocrx_word' id='word_1_340' title='bbox 1828 3032 1885 3084; x_wconf 85' lang='lat' dir='ltr'><strong>in</strong></span> 
     </span>
    </p>
   </div>
   <div class='ocr_carea' id='block_1_48' title="bbox 285 3123 1884 3198">
    <p class='ocr_par' dir='ltr' id='par_1_48' title="bbox 285 3123 1884 3198">
     <span class='ocr_line' id='line_1_48' title="bbox 285 3123 1884 3198; baseline -0.001 -18"><span class='ocrx_word' id='word_1_341' title='bbox 285 3135 637 3198; x_wconf 81' lang='lat' dir='ltr'><strong>augmentum</strong></span> <span class='ocrx_word' id='word_1_342' title='bbox 661 3125 838 3180; x_wconf 80' lang='lat' dir='ltr'><strong>Dei&quot;.</strong></span> <span class='ocrx_word' id='word_1_343' title='bbox 871 3123 1086 3192; x_wconf 87' lang='lat' dir='ltr'><strong>Corpus</strong></span> <span class='ocrx_word' id='word_1_344' title='bbox 1114 3123 1332 3178; x_wconf 88' lang='lat' dir='ltr'><strong>Domini</strong></span> <span class='ocrx_word' id='word_1_345' title='bbox 1354 3133 1542 3194; x_wconf 89' lang='lat' dir='ltr'><strong>aperte</strong></span> <span class='ocrx_word' id='word_1_346' title='bbox 1580 3123 1884 3180; x_wconf 87' lang='lat' dir='ltr'><strong>doctrinale</strong></span> 
     </span>
    </p>
   </div>
   <div class='ocr_carea' id='block_1_49' title="bbox 286 3217 1880 3287">
    <p class='ocr_par' dir='ltr' id='par_1_49' title="bbox 286 3217 1880 3287">
     <span class='ocr_line' id='line_1_49' title="bbox 286 3217 1880 3287; baseline -0.003 -12"><span class='ocrx_word' id='word_1_347' title='bbox 286 3234 550 3276; x_wconf 83' lang='lat' dir='ltr'><strong>asserens</strong></span> <span class='ocrx_word' id='word_1_348' title='bbox 602 3219 872 3283; x_wconf 84' lang='lat' dir='ltr'><strong>verbum;</strong></span> <span class='ocrx_word' id='word_1_349' title='bbox 924 3217 1071 3287; x_wconf 89' lang='lat' dir='ltr'><strong>quod</strong></span> <span class='ocrx_word' id='word_1_350' title='bbox 1138 3225 1288 3271; x_wconf 90' lang='lat' dir='ltr'><strong>recte</strong></span> <span class='ocrx_word' id='word_1_351' title='bbox 1345 3231 1546 3287; x_wconf 86' lang='lat' dir='ltr'><strong>corpus</strong></span> <span class='ocrx_word' id='word_1_352' title='bbox 1595 3217 1880 3272; x_wconf 87' lang='lat' dir='ltr'><strong>doctorum</strong></span> 
     </span>
    </p>
   </div>
   <div class='ocr_carea' id='block_1_50' title="bbox 286 3309 1884 3381">
    <p class='ocr_par' dir='ltr' id='par_1_50' title="bbox 286 3309 1884 3381">
     <span class='ocr_line' id='line_1_50' title="bbox 286 3309 1884 3381; baseline 0 -14"><span class='ocrx_word' id='word_1_353' title='bbox 286 3311 531 3367; x_wconf 85' lang='lat' dir='ltr'><strong>dicitur:</strong></span> <span class='ocrx_word' id='word_1_354' title='bbox 561 3310 606 3366; x_wconf 87' lang='lat' dir='ltr'><strong>si</strong></span> <span class='ocrx_word' id='word_1_355' title='bbox 628 3311 853 3381; x_wconf 82' lang='lat' dir='ltr'><strong>quidem</strong></span> <span class='ocrx_word' id='word_1_356' title='bbox 879 3311 1000 3366; x_wconf 89' lang='lat' dir='ltr'><strong>loco</strong></span> <span class='ocrx_word' id='word_1_357' title='bbox 1033 3309 1239 3366; x_wconf 87' lang='lat' dir='ltr'><strong>Christi</strong></span> <span class='ocrx_word' id='word_1_358' title='bbox 1273 3311 1591 3366; x_wconf 85' lang='lat' dir='ltr'><strong>sacerdotes</strong></span> <span class='ocrx_word' id='word_1_359' title='bbox 1611 3318 1668 3365; x_wconf 92' lang='lat' dir='ltr'><strong>et</strong></span> <span class='ocrx_word' id='word_1_360' title='bbox 1692 3312 1884 3367; x_wconf 88' lang='lat' dir='ltr'><strong>docto-</strong></span> 
     </span>
    </p>
   </div>
   <div class='ocr_carea' id='block_1_51' title="bbox 287 3401 1883 3461">
    <p class='ocr_par' dir='ltr' id='par_1_51' title="bbox 287 3401 1883 3461">
     <span class='ocr_line' id='line_1_51' title="bbox 287 3401 1883 3461; baseline 0 -4"><span class='ocrx_word' id='word_1_361' title='bbox 287 3418 382 3459; x_wconf 83' lang='lat' dir='ltr'><strong>res</strong></span> <span class='ocrx_word' id='word_1_362' title='bbox 407 3410 541 3457; x_wconf 85' lang='lat' dir='ltr'><strong>sunt</strong></span> <span class='ocrx_word' id='word_1_363' title='bbox 591 3402 645 3461; x_wconf 82' lang='lat' dir='ltr'><strong>in</strong></span> <span class='ocrx_word' id='word_1_364' title='bbox 693 3402 971 3459; x_wconf 84' lang='lat' dir='ltr'><strong>Ecclesiis.</strong></span> <span class='ocrx_word' id='word_1_365' title='bbox 1012 3401 1171 3458; x_wconf 85' lang='lat' dir='ltr'><strong>Unde</strong></span> <span class='ocrx_word' id='word_1_366' title='bbox 1214 3417 1408 3458; x_wconf 84' lang='lat' dir='ltr'><strong>rursus</strong></span> <span class='ocrx_word' id='word_1_367' title='bbox 1430 3403 1732 3459; x_wconf 87' lang='lat' dir='ltr'><strong>secundum</strong></span> <span class='ocrx_word' id='word_1_368' title='bbox 1759 3418 1883 3458; x_wconf 64' lang='lat' dir='ltr'><strong>cor-</strong></span> 
     </span>
    </p>
   </div>
   <div class='ocr_carea' id='block_1_52' title="bbox 288 3494 1887 3569">
    <p class='ocr_par' dir='ltr' id='par_1_52' title="bbox 288 3494 1887 3569">
     <span class='ocr_line' id='line_1_52' title="bbox 288 3494 1887 3569; baseline 0 -18"><span class='ocrx_word' id='word_1_369' title='bbox 288 3512 397 3569; x_wconf 85' lang='lat' dir='ltr'><strong>pus</strong></span> <span class='ocrx_word' id='word_1_370' title='bbox 427 3511 640 3555; x_wconf 84' lang='lat' dir='ltr'><strong>eorum.</strong></span> <span class='ocrx_word' id='word_1_371' title='bbox 672 3494 820 3565; x_wconf 88' lang='lat' dir='ltr'><strong>quod</strong></span> <span class='ocrx_word' id='word_1_372' title='bbox 867 3511 934 3550; x_wconf 78' lang='lat' dir='ltr'><strong>ex</strong></span> <span class='ocrx_word' id='word_1_373' title='bbox 964 3509 1154 3551; x_wconf 89' lang='lat' dir='ltr'><strong>eorum</strong></span> <span class='ocrx_word' id='word_1_374' title='bbox 1186 3495 1442 3551; x_wconf 90' lang='lat' dir='ltr'><strong>consistit</strong></span> <span class='ocrx_word' id='word_1_375' title='bbox 1479 3494 1650 3562; x_wconf 86' lang='lat' dir='ltr'><strong>ﬂuxu,</strong></span> <span class='ocrx_word' id='word_1_376' title='bbox 1681 3497 1887 3551; x_wconf 90' lang='lat' dir='ltr'><strong>audito-</strong></span> 
     </span>
    </p>
   </div>
   <div class='ocr_carea' id='block_1_53' title="bbox 289 3587 1887 3659">
    <p class='ocr_par' dir='ltr' id='par_1_53' title="bbox 289 3587 1887 3659">
     <span class='ocr_line' id='line_1_53' title="bbox 289 3587 1887 3659; baseline -0.001 -15"><span class='ocrx_word' id='word_1_377' title='bbox 289 3603 412 3644; x_wconf 83' lang='lat' dir='ltr'><strong>rem</strong></span> <span class='ocrx_word' id='word_1_378' title='bbox 440 3589 704 3658; x_wconf 89' lang='lat' dir='ltr'><strong>populum</strong></span> <span class='ocrx_word' id='word_1_379' title='bbox 726 3587 1102 3658; x_wconf 87' lang='lat' dir='ltr'><strong>intelligimus,</strong></span> <span class='ocrx_word' id='word_1_380' title='bbox 1131 3589 1225 3658; x_wconf 90' lang='lat' dir='ltr'><strong>qui</strong></span> <span class='ocrx_word' id='word_1_381' title='bbox 1270 3603 1339 3644; x_wconf 78' lang='lat' dir='ltr'><strong>ex</strong></span> <span class='ocrx_word' id='word_1_382' title='bbox 1366 3588 1487 3659; x_wconf 81' lang='lat' dir='ltr'><strong>ejus</strong></span> <span class='ocrx_word' id='word_1_383' title='bbox 1511 3589 1760 3644; x_wconf 83' lang='lat' dir='ltr'><strong>doctrina</strong></span> <span class='ocrx_word' id='word_1_384' title='bbox 1789 3603 1887 3659; x_wconf 82' lang='lat' dir='ltr'><strong>ge-</strong></span> 
     </span>
    </p>
   </div>
   <div class='ocr_carea' id='block_1_54' title="bbox 293 3679 1888 3750">
    <p class='ocr_par' dir='ltr' id='par_1_54' title="bbox 293 3679 1888 3750">
     <span class='ocr_line' id='line_1_54' title="bbox 293 3679 1888 3750; baseline -0.001 -16"><span class='ocrx_word' id='word_1_385' title='bbox 293 3691 554 3745; x_wconf 86' lang='lat' dir='ltr'><strong>neratur,</strong></span> <span class='ocrx_word' id='word_1_386' title='bbox 583 3680 678 3750; x_wconf 88' lang='lat' dir='ltr'><strong>qui</strong></span> <span class='ocrx_word' id='word_1_387' title='bbox 722 3694 867 3746; x_wconf 85' lang='lat' dir='ltr'><strong>eant,</strong></span> <span class='ocrx_word' id='word_1_388' title='bbox 895 3694 1058 3749; x_wconf 88' lang='lat' dir='ltr'><strong>quam</strong></span> <span class='ocrx_word' id='word_1_389' title='bbox 1112 3679 1361 3750; x_wconf 86' lang='lat' dir='ltr'><strong>percepit</strong></span> <span class='ocrx_word' id='word_1_390' title='bbox 1407 3680 1647 3735; x_wconf 86' lang='lat' dir='ltr'><strong>divinam</strong></span> <span class='ocrx_word' id='word_1_391' title='bbox 1680 3680 1888 3735; x_wconf 86' lang='lat' dir='ltr'><strong>doctri-</strong></span> 
     </span>
    </p>
   </div>
   <div class='ocr_carea' id='block_1_55' title="bbox 286 3772 1883 3845">
    <p class='ocr_par' dir='ltr' id='par_1_55' title="bbox 286 3772 1883 3845">
     <span class='ocr_line' id='line_1_55' title="bbox 286 3772 1883 3845; baseline 0.001 -18"><span class='ocrx_word' id='word_1_392' title='bbox 286 3788 425 3827; x_wconf 84' lang='lat' dir='ltr'><strong>nam</strong></span> <span class='ocrx_word' id='word_1_393' title='bbox 470 3774 610 3834; x_wconf 84' lang='lat' dir='ltr'><strong>ﬂuit.</strong></span> <span class='ocrx_word' id='word_1_394' title='bbox 642 3775 1044 3843; x_wconf 87' lang='lat' dir='ltr'><strong>corrumpendo</strong></span> <span class='ocrx_word' id='word_1_395' title='bbox 1071 3788 1215 3840; x_wconf 89' lang='lat' dir='ltr'><strong>eam,</strong></span> <span class='ocrx_word' id='word_1_396' title='bbox 1255 3773 1373 3829; x_wconf 85' lang='lat' dir='ltr'><strong>sive</strong></span> <span class='ocrx_word' id='word_1_397' title='bbox 1416 3772 1883 3845; x_wconf 84' lang='lat' dir='ltr'><strong>transgrediendo,</strong></span> 
     </span>
    </p>
   </div>
   <div class='ocr_carea' id='block_1_56' title="bbox 287 3864 1887 3936">
    <p class='ocr_par' dir='ltr' id='par_1_56' title="bbox 287 3864 1887 3936">
     <span class='ocr_line' id='line_1_56' title="bbox 287 3864 1887 3936; baseline -0.003 -16"><span class='ocrx_word' id='word_1_398' title='bbox 287 3865 363 3920; x_wconf 83' lang='lat' dir='ltr'><strong>de</strong></span> <span class='ocrx_word' id='word_1_399' title='bbox 402 3880 516 3933; x_wconf 88' lang='lat' dir='ltr'><strong>quo</strong></span> <span class='ocrx_word' id='word_1_400' title='bbox 544 3864 746 3921; x_wconf 79' lang='lat' dir='ltr'><strong>Paulus</strong></span> <span class='ocrx_word' id='word_1_401' title='bbox 772 3865 1022 3921; x_wconf 81' lang='lat' dir='ltr'><strong>dicebat:</strong></span> <span class='ocrx_word' id='word_1_402' title='bbox 1058 3864 1117 3920; x_wconf 88' lang='lat' dir='ltr'><strong>Si</strong></span> <span class='ocrx_word' id='word_1_403' title='bbox 1146 3881 1258 3931; x_wconf 86' lang='lat' dir='ltr'><strong>nos,</strong></span> <span class='ocrx_word' id='word_1_404' title='bbox 1298 3873 1392 3918; x_wconf 87' lang='lat' dir='ltr'><strong>aut</strong></span> <span class='ocrx_word' id='word_1_405' title='bbox 1420 3864 1639 3936; x_wconf 77' lang='lat' dir='ltr'><strong>angelus</strong></span> <span class='ocrx_word' id='word_1_406' title='bbox 1679 3866 1742 3918; x_wconf 88' lang='lat' dir='ltr'><strong>de</strong></span> <span class='ocrx_word' id='word_1_407' title='bbox 1762 3865 1887 3918; x_wconf 70' lang='lat' dir='ltr'><strong>coelo</strong></span> 
     </span>
    </p>
   </div>
   <div class='ocr_carea' id='block_1_57' title="bbox 289 3955 1885 4028">
    <p class='ocr_par' dir='ltr' id='par_1_57' title="bbox 289 3955 1885 4028">
     <span class='ocr_line' id='line_1_57' title="bbox 289 3955 1885 4028; baseline 0.001 -20"><span class='ocrx_word' id='word_1_408' title='bbox 289 3955 732 4026; x_wconf 75' lang='lat' dir='ltr'><strong>enangelizavertt</strong></span> <span class='ocrx_word' id='word_1_409' title='bbox 787 3957 932 4011; x_wconf 81' lang='lat' dir='ltr'><strong>vobis</strong></span> <span class='ocrx_word' id='word_1_410' title='bbox 1000 3964 1353 4026; x_wconf 67' lang='lat' dir='ltr'><strong>praeterquam</strong></span> <span class='ocrx_word' id='word_1_411' title='bbox 1399 3962 1537 4028; x_wconf 87' lang='lat' dir='ltr'><strong>quod</strong></span> <span class='ocrx_word' id='word_1_412' title='bbox 1591 3957 1885 4025; x_wconf 84' lang='lat' dir='ltr'><strong>accepistis.</strong></span> 
     </span>
    </p>
   </div>
   <div class='ocr_carea' id='block_1_58' title="bbox 291 4047 1886 4117">
    <p class='ocr_par' dir='ltr' id='par_1_58' title="bbox 291 4047 1886 4117">
     <span class='ocr_line' id='line_1_58' title="bbox 291 4047 1886 4117; baseline 0.001 -16"><span class='ocrx_word' id='word_1_413' title='bbox 291 4050 587 4102; x_wconf 70' lang='lat' dir='ltr'><strong>anathema</strong></span> <span class='ocrx_word' id='word_1_414' title='bbox 611 4049 678 4102; x_wconf 87' lang='lat' dir='ltr'><strong>sit</strong></span> <span class='ocrx_word' id='word_1_415' title='bbox 697 4049 765 4101; x_wconf 79' lang='lat'><strong>”.</strong></span> <span class='ocrx_word' id='word_1_416' title='bbox 802 4047 969 4102; x_wconf 75' lang='lat' dir='ltr'><strong>Recte</strong></span> <span class='ocrx_word' id='word_1_417' title='bbox 1002 4047 1319 4103; x_wconf 81' lang='lat' dir='ltr'><strong>immundus</strong></span> <span class='ocrx_word' id='word_1_418' title='bbox 1343 4056 1428 4102; x_wconf 88' lang='lat' dir='ltr'><strong>est</strong></span> <span class='ocrx_word' id='word_1_419' title='bbox 1455 4047 1547 4117; x_wconf 91' lang='lat' dir='ltr'><strong>qui</strong></span> <span class='ocrx_word' id='word_1_420' title='bbox 1569 4062 1636 4102; x_wconf 82' lang='lat' dir='ltr'><strong>ex</strong></span> <span class='ocrx_word' id='word_1_421' title='bbox 1668 4048 1886 4102; x_wconf 73' lang='lat' dir='ltr'><strong>sordida</strong></span> 
     </span>
    </p>
   </div>
   <div class='ocr_carea' id='block_1_59' title="bbox 291 4140 1888 4211">
    <p class='ocr_par' dir='ltr' id='par_1_59' title="bbox 291 4140 1888 4211">
     <span class='ocr_line' id='line_1_59' title="bbox 291 4140 1888 4211; baseline -0.003 -15"><span class='ocrx_word' id='word_1_422' title='bbox 291 4143 744 4207; x_wconf 78' lang='lat' dir='ltr'><strong>conversatione,</strong></span> <span class='ocrx_word' id='word_1_423' title='bbox 794 4141 1014 4211; x_wconf 76' lang='lat' dir='ltr'><strong>vitaque</strong></span> <span class='ocrx_word' id='word_1_424' title='bbox 1053 4140 1353 4211; x_wconf 86' lang='lat' dir='ltr'><strong>impudica,</strong></span> <span class='ocrx_word' id='word_1_425' title='bbox 1384 4140 1472 4195; x_wconf 80' lang='lat' dir='ltr'><strong>vel</strong></span> <span class='ocrx_word' id='word_1_426' title='bbox 1494 4156 1563 4194; x_wconf 82' lang='lat' dir='ltr'><strong>ex</strong></span> <span class='ocrx_word' id='word_1_427' title='bbox 1591 4140 1888 4195; x_wconf 85' lang='lat' dir='ltr'><strong>ambitione</strong></span> 
     </span>
    </p>
   </div>
   <div class='ocr_carea' id='block_1_60' title="bbox 294 4230 1889 4303">
    <p class='ocr_par' dir='ltr' id='par_1_60' title="bbox 294 4230 1889 4303">
     <span class='ocr_line' id='line_1_60' title="bbox 294 4230 1889 4303; baseline -0.001 -17"><span class='ocrx_word' id='word_1_428' title='bbox 294 4232 572 4303; x_wconf 83' lang='lat' dir='ltr'><strong>primatus</strong></span> <span class='ocrx_word' id='word_1_429' title='bbox 602 4232 708 4287; x_wconf 80' lang='lat' dir='ltr'><strong>hoc</strong></span> <span class='ocrx_word' id='word_1_430' title='bbox 753 4231 1091 4301; x_wconf 86' lang='lat' dir='ltr'><strong>patitur;ac</strong></span> <span class='ocrx_word' id='word_1_431' title='bbox 1123 4240 1418 4301; x_wconf 88' lang='lat' dir='ltr'><strong>propterea</strong></span> <span class='ocrx_word' id='word_1_432' title='bbox 1466 4230 1735 4285; x_wconf 76' lang='lat' dir='ltr'><strong>nefariam</strong></span> <span class='ocrx_word' id='word_1_433' title='bbox 1785 4231 1889 4285; x_wconf 89' lang='lat' dir='ltr'><strong>do-</strong></span> 
     </span>
    </p>
   </div>
   <div class='ocr_carea' id='block_1_61' title="bbox 295 4322 1891 4393">
    <p class='ocr_par' dir='ltr' id='par_1_61' title="bbox 295 4322 1891 4393">
     <span class='ocr_line' id='line_1_61' title="bbox 295 4322 1891 4393; baseline -0.002 -14"><span class='ocrx_word' id='word_1_434' title='bbox 295 4324 535 4379; x_wconf 85' lang='lat' dir='ltr'><strong>ctrinam</strong></span> <span class='ocrx_word' id='word_1_435' title='bbox 566 4322 827 4392; x_wconf 85' lang='lat' dir='ltr'><strong>exquirit,</strong></span> <span class='ocrx_word' id='word_1_436' title='bbox 859 4337 981 4392; x_wconf 68' lang='lat' dir='ltr'><strong>qua:</strong></span> <span class='ocrx_word' id='word_1_437' title='bbox 1011 4322 1247 4377; x_wconf 81' lang='lat' dir='ltr'><strong>delectet</strong></span> <span class='ocrx_word' id='word_1_438' title='bbox 1276 4337 1375 4377; x_wconf 91' lang='lat' dir='ltr'><strong>eos</strong></span> <span class='ocrx_word' id='word_1_439' title='bbox 1407 4337 1545 4392; x_wconf 88' lang='lat' dir='ltr'><strong>quos</strong></span> <span class='ocrx_word' id='word_1_440' title='bbox 1582 4322 1891 4393; x_wconf 87' lang='lat' dir='ltr'><strong>prurientes</strong></span> 
     </span>
    </p>
   </div>
   <div class='ocr_carea' id='block_1_62' title="bbox 294 4415 1889 4482">
    <p class='ocr_par' dir='ltr' id='par_1_62' title="bbox 294 4415 1889 4482">
     <span class='ocr_line' id='line_1_62' title="bbox 294 4415 1889 4482; baseline -0.003 -9"><span class='ocrx_word' id='word_1_441' title='bbox 294 4417 531 4473; x_wconf 83' lang='lat' dir='ltr'><strong>auribus</strong></span> <span class='ocrx_word' id='word_1_442' title='bbox 582 4415 785 4471; x_wconf 82' lang='lat' dir='ltr'><strong>Paulus</strong></span> <span class='ocrx_word' id='word_1_443' title='bbox 830 4416 1055 4482; x_wconf 80' lang='lat' dir='ltr'><strong>dixit”,</strong></span> <span class='ocrx_word' id='word_1_444' title='bbox 1091 4425 1148 4471; x_wconf 91' lang='lat' dir='ltr'><strong>et</strong></span> <span class='ocrx_word' id='word_1_445' title='bbox 1195 4431 1381 4470; x_wconf 79' lang='lat' dir='ltr'><strong>Sanam</strong></span> <span class='ocrx_word' id='word_1_446' title='bbox 1428 4417 1731 4471; x_wconf 85' lang='lat' dir='ltr'><strong>doctrinam</strong></span> <span class='ocrx_word' id='word_1_447' title='bbox 1781 4432 1889 4471; x_wconf 87' lang='lat' dir='ltr'><strong>non</strong></span> 
     </span>
    </p>
   </div>
   <div class='ocr_carea' id='block_1_63' title="bbox 1980 1929 3567 1999">
    <p class='ocr_par' dir='ltr' id='par_1_63' title="bbox 1980 1929 3567 1999">
     <span class='ocr_line' id='line_1_63' title="bbox 1980 1929 3567 1999; baseline 0.001 -18"><span class='ocrx_word' id='word_1_448' title='bbox 1980 1929 2221 1983; x_wconf 86' lang='lat' dir='ltr'><strong>rumdatn</strong></span> <span class='ocrx_word' id='word_1_449' title='bbox 2254 1930 2588 1999; x_wconf 79' lang='lat' dir='ltr'><strong>corruptione</strong></span> <span class='ocrx_word' id='word_1_450' title='bbox 2618 1930 3182 1999; x_wconf 80' lang='lat' dir='ltr'><strong>concupiscentiarum,</strong></span> <span class='ocrx_word' id='word_1_451' title='bbox 3218 1930 3567 1985; x_wconf 84' lang='lat' dir='ltr'><strong>doctrinalem</strong></span> 
     </span>
    </p>
   </div>
   <div class='ocr_carea' id='block_1_64' title="bbox 1979 2021 3567 2095">
    <p class='ocr_par' dir='ltr' id='par_1_64' title="bbox 1979 2021 3567 2095">
     <span class='ocr_line' id='line_1_64' title="bbox 1979 2021 3567 2095; baseline 0.003 -20"><span class='ocrx_word' id='word_1_452' title='bbox 1979 2031 2281 2076; x_wconf 85' lang='lat' dir='ltr'><strong>convertunt</strong></span> <span class='ocrx_word' id='word_1_453' title='bbox 2325 2038 2612 2078; x_wconf 84' lang='lat' dir='ltr'><strong>sermonem</strong></span> <span class='ocrx_word' id='word_1_454' title='bbox 2630 2023 2699 2077; x_wconf 80' lang='lat'><strong>&quot;.</strong></span> <span class='ocrx_word' id='word_1_455' title='bbox 2736 2021 2906 2079; x_wconf 81' lang='lat' dir='ltr'><strong>Recte</strong></span> <span class='ocrx_word' id='word_1_456' title='bbox 2950 2023 3249 2095; x_wconf 75' lang='lat' dir='ltr'><strong>legislator,</strong></span> <span class='ocrx_word' id='word_1_457' title='bbox 3290 2041 3415 2080; x_wconf 87' lang='lat' dir='ltr'><strong>cum</strong></span> <span class='ocrx_word' id='word_1_458' title='bbox 3466 2026 3567 2080; x_wconf 78' lang='lat' dir='ltr'><strong>Ito-</strong></span> 
     </span>
    </p>
   </div>
   <div class='ocr_carea' id='block_1_65' title="bbox 1982 2118 3568 2190">
    <p class='ocr_par' dir='ltr' id='par_1_65' title="bbox 1982 2118 3568 2190">
     <span class='ocr_line' id='line_1_65' title="bbox 1982 2118 3568 2190; baseline 0.001 -19"><span class='ocrx_word' id='word_1_459' title='bbox 1982 2133 2101 2172; x_wconf 89' lang='lat' dir='ltr'><strong>rum</strong></span> <span class='ocrx_word' id='word_1_460' title='bbox 2130 2118 2396 2189; x_wconf 85' lang='lat' dir='ltr'><strong>quosdam</strong></span> <span class='ocrx_word' id='word_1_461' title='bbox 2435 2119 2492 2173; x_wconf 90' lang='lat' dir='ltr'><strong>in</strong></span> <span class='ocrx_word' id='word_1_462' title='bbox 2529 2119 2812 2175; x_wconf 87' lang='lat' dir='ltr'><strong>sanctione</strong></span> <span class='ocrx_word' id='word_1_463' title='bbox 2846 2119 3033 2190; x_wconf 72' lang='lat' dir='ltr'><strong>leprze,</strong></span> <span class='ocrx_word' id='word_1_464' title='bbox 3076 2120 3217 2176; x_wconf 86' lang='lat' dir='ltr'><strong>alios</strong></span> <span class='ocrx_word' id='word_1_465' title='bbox 3246 2136 3374 2175; x_wconf 86' lang='lat' dir='ltr'><strong>vero</strong></span> <span class='ocrx_word' id='word_1_466' title='bbox 3400 2121 3453 2178; x_wconf 90' lang='lat' dir='ltr'><strong>in</strong></span> <span class='ocrx_word' id='word_1_467' title='bbox 3484 2122 3568 2178; x_wconf 85' lang='lat' dir='ltr'><strong>ci-</strong></span> 
     </span>
    </p>
   </div>
   <div class='ocr_carea' id='block_1_66' title="bbox 1983 2209 3567 2281">
    <p class='ocr_par' dir='ltr' id='par_1_66' title="bbox 1983 2209 3567 2281">
     <span class='ocr_line' id='line_1_66' title="bbox 1983 2209 3567 2281; baseline 0.001 -16"><span class='ocrx_word' id='word_1_468' title='bbox 1983 2210 2175 2265; x_wconf 86' lang='lat' dir='ltr'><strong>borum</strong></span> <span class='ocrx_word' id='word_1_469' title='bbox 2227 2209 2534 2267; x_wconf 84' lang='lat' dir='ltr'><strong>diﬂerentia</strong></span> <span class='ocrx_word' id='word_1_470' title='bbox 2565 2210 2945 2281; x_wconf 72' lang='lat' dir='ltr'><strong>signiﬁcasset,</strong></span> <span class='ocrx_word' id='word_1_471' title='bbox 2996 2227 3144 2268; x_wconf 91' lang='lat' dir='ltr'><strong>nunc</strong></span> <span class='ocrx_word' id='word_1_472' title='bbox 3197 2227 3391 2268; x_wconf 88' lang='lat' dir='ltr'><strong>rursus</strong></span> <span class='ocrx_word' id='word_1_473' title='bbox 3419 2212 3567 2266; x_wconf 87' lang='lat' dir='ltr'><strong>aliud</strong></span> 
     </span>
    </p>
   </div>
   <div class='ocr_carea' id='block_1_67' title="bbox 1982 2304 3565 2374">
    <p class='ocr_par' dir='ltr' id='par_1_67' title="bbox 1982 2304 3565 2374">
     <span class='ocr_line' id='line_1_67' title="bbox 1982 2304 3565 2374; baseline -0.001 -17"><span class='ocrx_word' id='word_1_474' title='bbox 1982 2318 2154 2374; x_wconf 83' lang='lat' dir='ltr'><strong>genus</strong></span> <span class='ocrx_word' id='word_1_475' title='bbox 2172 2319 2384 2370; x_wconf 88' lang='lat' dir='ltr'><strong>eorum,</strong></span> <span class='ocrx_word' id='word_1_476' title='bbox 2416 2304 2508 2374; x_wconf 86' lang='lat' dir='ltr'><strong>qui</strong></span> <span class='ocrx_word' id='word_1_477' title='bbox 2540 2320 2606 2359; x_wconf 80' lang='lat' dir='ltr'><strong>ex</strong></span> <span class='ocrx_word' id='word_1_478' title='bbox 2636 2304 2995 2372; x_wconf 85' lang='lat' dir='ltr'><strong>impudicitia,</strong></span> <span class='ocrx_word' id='word_1_479' title='bbox 3024 2312 3081 2360; x_wconf 89' lang='lat' dir='ltr'><strong>et</strong></span> <span class='ocrx_word' id='word_1_480' title='bbox 3109 2321 3173 2360; x_wconf 87' lang='lat' dir='ltr'><strong>ex</strong></span> <span class='ocrx_word' id='word_1_481' title='bbox 3214 2305 3440 2360; x_wconf 90' lang='lat' dir='ltr'><strong>libidine</strong></span> <span class='ocrx_word' id='word_1_482' title='bbox 3462 2305 3565 2358; x_wconf 70' lang='lat' dir='ltr'><strong>alia</strong></span> 
     </span>
    </p>
   </div>
   <div class='ocr_carea' id='block_1_68' title="bbox 1984 2394 3568 2466">
    <p class='ocr_par' dir='ltr' id='par_1_68' title="bbox 1984 2394 3568 2466">
     <span class='ocr_line' id='line_1_68' title="bbox 1984 2394 3568 2466; baseline 0 -18"><span class='ocrx_word' id='word_1_483' title='bbox 1984 2394 2204 2460; x_wconf 80' lang='lat' dir='ltr'><strong>docent,</strong></span> <span class='ocrx_word' id='word_1_484' title='bbox 2234 2410 2330 2465; x_wconf 89' lang='lat' dir='ltr'><strong>per</strong></span> <span class='ocrx_word' id='word_1_485' title='bbox 2357 2396 2462 2450; x_wconf 88' lang='lat' dir='ltr'><strong>hoc</strong></span> <span class='ocrx_word' id='word_1_486' title='bbox 2500 2394 2839 2460; x_wconf 87' lang='lat' dir='ltr'><strong>mandatum,</strong></span> <span class='ocrx_word' id='word_1_487' title='bbox 2867 2395 3011 2466; x_wconf 89' lang='lat' dir='ltr'><strong>quod</strong></span> <span class='ocrx_word' id='word_1_488' title='bbox 3040 2404 3125 2451; x_wconf 87' lang='lat' dir='ltr'><strong>est</strong></span> <span class='ocrx_word' id='word_1_489' title='bbox 3151 2395 3203 2450; x_wconf 87' lang='lat' dir='ltr'><strong>in</strong></span> <span class='ocrx_word' id='word_1_490' title='bbox 3240 2395 3568 2466; x_wconf 85' lang='lat' dir='ltr'><strong>proﬂuvium</strong></span> 
     </span>
    </p>
   </div>
   <div class='ocr_carea' id='block_1_69' title="bbox 1983 2486 3569 2560">
    <p class='ocr_par' dir='ltr' id='par_1_69' title="bbox 1983 2486 3569 2560">
     <span class='ocr_line' id='line_1_69' title="bbox 1983 2486 3569 2560; baseline 0.002 -21"><span class='ocrx_word' id='word_1_491' title='bbox 1983 2486 2210 2540; x_wconf 79' lang='lat' dir='ltr'><strong>scutinis</strong></span> <span class='ocrx_word' id='word_1_492' title='bbox 2259 2486 2552 2554; x_wconf 84' lang='lat' dir='ltr'><strong>patientem</strong></span> <span class='ocrx_word' id='word_1_493' title='bbox 2578 2527 2594 2552; x_wconf 90' lang='lat'><strong>,</strong></span> <span class='ocrx_word' id='word_1_494' title='bbox 2629 2488 2901 2557; x_wconf 77' lang='lat' dir='ltr'><strong>exposuit,</strong></span> <span class='ocrx_word' id='word_1_495' title='bbox 2931 2487 3074 2543; x_wconf 86' lang='lat' dir='ltr'><strong>sicut</strong></span> <span class='ocrx_word' id='word_1_496' title='bbox 3105 2496 3160 2543; x_wconf 90' lang='lat' dir='ltr'><strong>ct</strong></span> <span class='ocrx_word' id='word_1_497' title='bbox 3185 2489 3436 2559; x_wconf 89' lang='lat' dir='ltr'><strong>superius</strong></span> <span class='ocrx_word' id='word_1_498' title='bbox 3475 2506 3569 2560; x_wconf 84' lang='lat' dir='ltr'><strong>ap-</strong></span> 
     </span>
    </p>
   </div>
   <div class='ocr_carea' id='block_1_70' title="bbox 1984 2577 3571 2649">
    <p class='ocr_par' dir='ltr' id='par_1_70' title="bbox 1984 2577 3571 2649">
     <span class='ocr_line' id='line_1_70' title="bbox 1984 2577 3571 2649; baseline 0.005 -20"><span class='ocrx_word' id='word_1_499' title='bbox 1984 2577 2359 2647; x_wconf 84' lang='lat' dir='ltr'><strong>probavimus.</strong></span> <span class='ocrx_word' id='word_1_500' title='bbox 2386 2580 2493 2633; x_wconf 88' lang='lat' dir='ltr'><strong>Sed</strong></span> <span class='ocrx_word' id='word_1_501' title='bbox 2520 2593 2668 2633; x_wconf 88' lang='lat' dir='ltr'><strong>nunc</strong></span> <span class='ocrx_word' id='word_1_502' title='bbox 2692 2588 2748 2634; x_wconf 87' lang='lat' dir='ltr'><strong>et</strong></span> <span class='ocrx_word' id='word_1_503' title='bbox 2767 2585 3003 2635; x_wconf 83' lang='lat' dir='ltr'><strong>stratum</strong></span> <span class='ocrx_word' id='word_1_504' title='bbox 3038 2580 3090 2634; x_wconf 90' lang='lat' dir='ltr'><strong>in</strong></span> <span class='ocrx_word' id='word_1_505' title='bbox 3122 2595 3232 2649; x_wconf 88' lang='lat' dir='ltr'><strong>quo</strong></span> <span class='ocrx_word' id='word_1_506' title='bbox 3261 2579 3484 2646; x_wconf 84' lang='lat' dir='ltr'><strong>dormit,</strong></span> <span class='ocrx_word' id='word_1_507' title='bbox 3514 2591 3571 2637; x_wconf 75' lang='lat' dir='ltr'><strong>ct</strong></span> 
     </span>
    </p>
   </div>
   <div class='ocr_carea' id='block_1_71' title="bbox 1986 2669 3573 2742">
    <p class='ocr_par' dir='ltr' id='par_1_71' title="bbox 1986 2669 3573 2742">
     <span class='ocr_line' id='line_1_71' title="bbox 1986 2669 3573 2742; baseline 0 -19"><span class='ocrx_word' id='word_1_508' title='bbox 1986 2670 2075 2724; x_wconf 87' lang='lat' dir='ltr'><strong>ubi</strong></span> <span class='ocrx_word' id='word_1_509' title='bbox 2112 2670 2289 2735; x_wconf 87' lang='lat' dir='ltr'><strong>sedet,</strong></span> <span class='ocrx_word' id='word_1_510' title='bbox 2314 2669 2657 2724; x_wconf 86' lang='lat' dir='ltr'><strong>immundum</strong></span> <span class='ocrx_word' id='word_1_511' title='bbox 2684 2669 2963 2741; x_wconf 83' lang='lat' dir='ltr'><strong>legislator</strong></span> <span class='ocrx_word' id='word_1_512' title='bbox 2989 2670 3140 2725; x_wconf 89' lang='lat' dir='ltr'><strong>dicit.</strong></span> <span class='ocrx_word' id='word_1_513' title='bbox 3182 2670 3380 2725; x_wconf 81' lang='lat' dir='ltr'><strong>Paulus</strong></span> <span class='ocrx_word' id='word_1_514' title='bbox 3407 2670 3573 2742; x_wconf 83' lang='lat' dir='ltr'><strong>igitur</strong></span> 
     </span>
    </p>
   </div>
   <div class='ocr_carea' id='block_1_72' title="bbox 1985 2760 3569 2832">
    <p class='ocr_par' dir='ltr' id='par_1_72' title="bbox 1985 2760 3569 2832">
     <span class='ocr_line' id='line_1_72' title="bbox 1985 2760 3569 2832; baseline 0.001 -18"><span class='ocrx_word' id='word_1_515' title='bbox 1985 2775 2107 2827; x_wconf 89' lang='lat' dir='ltr'><strong>nos,</strong></span> <span class='ocrx_word' id='word_1_516' title='bbox 2138 2770 2194 2816; x_wconf 90' lang='lat' dir='ltr'><strong>et</strong></span> <span class='ocrx_word' id='word_1_517' title='bbox 2223 2760 2400 2817; x_wconf 89' lang='lat' dir='ltr'><strong>Lucas</strong></span> <span class='ocrx_word' id='word_1_518' title='bbox 2429 2762 2681 2826; x_wconf 88' lang='lat' dir='ltr'><strong>doceant,</strong></span> <span class='ocrx_word' id='word_1_519' title='bbox 2711 2761 2842 2832; x_wconf 91' lang='lat' dir='ltr'><strong>quid</strong></span> <span class='ocrx_word' id='word_1_520' title='bbox 2867 2763 2934 2818; x_wconf 89' lang='lat' dir='ltr'><strong>de</strong></span> <span class='ocrx_word' id='word_1_521' title='bbox 2960 2763 3046 2817; x_wconf 86' lang='lat' dir='ltr'><strong>bis</strong></span> <span class='ocrx_word' id='word_1_522' title='bbox 3071 2762 3325 2817; x_wconf 86' lang='lat' dir='ltr'><strong>arbitrari</strong></span> <span class='ocrx_word' id='word_1_523' title='bbox 3367 2763 3569 2818; x_wconf 84' lang='lat' dir='ltr'><strong>debea-</strong></span> 
     </span>
    </p>
   </div>
   <div class='ocr_carea' id='block_1_73' title="bbox 1985 2854 3576 2932">
    <p class='ocr_par' dir='ltr' id='par_1_73' title="bbox 1985 2854 3576 2932">
     <span class='ocr_line' id='line_1_73' title="bbox 1985 2854 3576 2932; baseline 0.001 -24"><span class='ocrx_word' id='word_1_524' title='bbox 1985 2869 2129 2909; x_wconf 90' lang='lat' dir='ltr'><strong>mus.</strong></span> <span class='ocrx_word' id='word_1_525' title='bbox 2168 2854 2306 2922; x_wconf 86' lang='lat' dir='ltr'><strong>Quia</strong></span> <span class='ocrx_word' id='word_1_526' title='bbox 2359 2854 2506 2910; x_wconf 90' lang='lat' dir='ltr'><strong>enim</strong></span> <span class='ocrx_word' id='word_1_527' title='bbox 2568 2870 2664 2910; x_wconf 88' lang='lat' dir='ltr'><strong>vas</strong></span> <span class='ocrx_word' id='word_1_528' title='bbox 2713 2864 2770 2909; x_wconf 87' lang='lat' dir='ltr'><strong>et</strong></span> <span class='ocrx_word' id='word_1_529' title='bbox 2819 2864 3072 2932; x_wconf 75' lang='lat' dir='ltr'><strong>stratum,</strong></span> <span class='ocrx_word' id='word_1_530' title='bbox 3131 2870 3240 2910; x_wconf 88' lang='lat' dir='ltr'><strong>non</strong></span> <span class='ocrx_word' id='word_1_531' title='bbox 3301 2855 3576 2927; x_wconf 89' lang='lat' dir='ltr'><strong>quoslibet</strong></span> 
     </span>
    </p>
   </div>
   <div class='ocr_carea' id='block_1_74' title="bbox 1985 2944 3574 3015">
    <p class='ocr_par' dir='ltr' id='par_1_74' title="bbox 1985 2944 3574 3015">
     <span class='ocr_line' id='line_1_74' title="bbox 1985 2944 3574 3015; baseline 0.002 -18"><span class='ocrx_word' id='word_1_532' title='bbox 1985 2958 2181 3013; x_wconf 66' lang='lat' dir='ltr'><strong>aegros,</strong></span> <span class='ocrx_word' id='word_1_533' title='bbox 2230 2944 2324 3000; x_wconf 87' lang='lat' dir='ltr'><strong>sed</strong></span> <span class='ocrx_word' id='word_1_534' title='bbox 2382 2945 2483 3000; x_wconf 88' lang='lat' dir='ltr'><strong>bos</strong></span> <span class='ocrx_word' id='word_1_535' title='bbox 2530 2944 2857 3014; x_wconf 82' lang='lat' dir='ltr'><strong>significant,</strong></span> <span class='ocrx_word' id='word_1_536' title='bbox 2889 2946 2982 3015; x_wconf 88' lang='lat' dir='ltr'><strong>qui</strong></span> <span class='ocrx_word' id='word_1_537' title='bbox 3026 2946 3191 3001; x_wconf 86' lang='lat' dir='ltr'><strong>nimis</strong></span> <span class='ocrx_word' id='word_1_538' title='bbox 3220 2955 3348 3001; x_wconf 88' lang='lat' dir='ltr'><strong>sunt</strong></span> <span class='ocrx_word' id='word_1_539' title='bbox 3379 2946 3435 3000; x_wconf 91' lang='lat' dir='ltr'><strong>in</strong></span> <span class='ocrx_word' id='word_1_540' title='bbox 3470 2945 3574 3001; x_wconf 81' lang='lat' dir='ltr'><strong>do—</strong></span> 
     </span>
    </p>
   </div>
   <div class='ocr_carea' id='block_1_75' title="bbox 1987 3035 3574 3110">
    <p class='ocr_par' dir='ltr' id='par_1_75' title="bbox 1987 3035 3574 3110">
     <span class='ocr_line' id='line_1_75' title="bbox 1987 3035 3574 3110; baseline 0.001 -20"><span class='ocrx_word' id='word_1_541' title='bbox 1987 3035 2162 3090; x_wconf 88' lang='lat' dir='ltr'><strong>ctrina</strong></span> <span class='ocrx_word' id='word_1_542' title='bbox 2219 3036 2523 3103; x_wconf 87' lang='lat' dir='ltr'><strong>sublimes,</strong></span> <span class='ocrx_word' id='word_1_543' title='bbox 2589 3052 2921 3109; x_wconf 88' lang='lat' dir='ltr'><strong>omnemque</strong></span> <span class='ocrx_word' id='word_1_544' title='bbox 2980 3053 3101 3093; x_wconf 82' lang='lat' dir='ltr'><strong>eam</strong></span> <span class='ocrx_word' id='word_1_545' title='bbox 3167 3040 3574 3110; x_wconf 74' lang='lat' dir='ltr'><strong>quodammodo</strong></span> 
     </span>
    </p>
   </div>
   <div class='ocr_carea' id='block_1_76' title="bbox 1986 3126 3574 3203">
    <p class='ocr_par' dir='ltr' id='par_1_76' title="bbox 1986 3126 3574 3203">
     <span class='ocr_line' id='line_1_76' title="bbox 1986 3126 3574 3203; baseline 0.004 -22"><span class='ocrx_word' id='word_1_546' title='bbox 1986 3126 2295 3196; x_wconf 85' lang='lat' dir='ltr'><strong>capiebant.</strong></span> <span class='ocrx_word' id='word_1_547' title='bbox 2346 3129 2422 3184; x_wconf 87' lang='lat' dir='ltr'><strong>ita</strong></span> <span class='ocrx_word' id='word_1_548' title='bbox 2470 3138 2529 3185; x_wconf 84' lang='lat' dir='ltr'><strong>ut</strong></span> <span class='ocrx_word' id='word_1_549' title='bbox 2559 3131 2777 3185; x_wconf 79' lang='lat' dir='ltr'><strong>sederet</strong></span> <span class='ocrx_word' id='word_1_550' title='bbox 2820 3130 2876 3185; x_wconf 88' lang='lat' dir='ltr'><strong>in</strong></span> <span class='ocrx_word' id='word_1_551' title='bbox 2917 3129 3018 3196; x_wconf 89' lang='lat' dir='ltr'><strong>eis,</strong></span> <span class='ocrx_word' id='word_1_552' title='bbox 3064 3146 3131 3186; x_wconf 89' lang='lat' dir='ltr'><strong>ac</strong></span> <span class='ocrx_word' id='word_1_553' title='bbox 3160 3140 3475 3203; x_wconf 82' lang='lat' dir='ltr'><strong>portaretur</strong></span> <span class='ocrx_word' id='word_1_554' title='bbox 3504 3134 3574 3188; x_wconf 85' lang='lat' dir='ltr'><strong>ab</strong></span> 
     </span>
    </p>
   </div>
   <div class='ocr_carea' id='block_1_77' title="bbox 1986 3216 3575 3293">
    <p class='ocr_par' dir='ltr' id='par_1_77' title="bbox 1986 3216 3575 3293">
     <span class='ocr_line' id='line_1_77' title="bbox 1986 3216 3575 3293; baseline 0.005 -20"><span class='ocrx_word' id='word_1_555' title='bbox 1986 3216 2067 3273; x_wconf 88' lang='lat' dir='ltr'><strong>eis</strong></span> <span class='ocrx_word' id='word_1_556' title='bbox 2104 3218 2313 3284; x_wconf 89' lang='lat' dir='ltr'><strong>doctor,</strong></span> <span class='ocrx_word' id='word_1_557' title='bbox 2350 3230 2537 3290; x_wconf 86' lang='lat' dir='ltr'><strong>aperte</strong></span> <span class='ocrx_word' id='word_1_558' title='bbox 2579 3221 2755 3276; x_wconf 88' lang='lat' dir='ltr'><strong>Lucas</strong></span> <span class='ocrx_word' id='word_1_559' title='bbox 2799 3222 3004 3287; x_wconf 90' lang='lat' dir='ltr'><strong>docuit,</strong></span> <span class='ocrx_word' id='word_1_560' title='bbox 3048 3223 3267 3293; x_wconf 82' lang='lat' dir='ltr'><strong>quando</strong></span> <span class='ocrx_word' id='word_1_561' title='bbox 3302 3223 3370 3279; x_wconf 90' lang='lat' dir='ltr'><strong>de</strong></span> <span class='ocrx_word' id='word_1_562' title='bbox 3404 3223 3575 3281; x_wconf 86' lang='lat' dir='ltr'><strong>Paulo</strong></span> 
     </span>
    </p>
   </div>
   <div class='ocr_carea' id='block_1_78' title="bbox 1986 3308 3577 3383">
    <p class='ocr_par' dir='ltr' id='par_1_78' title="bbox 1986 3308 3577 3383">
     <span class='ocr_line' id='line_1_78' title="bbox 1986 3308 3577 3383; baseline 0.004 -21"><span class='ocrx_word' id='word_1_563' title='bbox 1986 3308 2132 3364; x_wconf 88' lang='lat' dir='ltr'><strong>Deus</strong></span> <span class='ocrx_word' id='word_1_564' title='bbox 2162 3309 2230 3364; x_wconf 86' lang='lat' dir='ltr'><strong>ad</strong></span> <span class='ocrx_word' id='word_1_565' title='bbox 2258 3310 2523 3364; x_wconf 80' lang='lat' dir='ltr'><strong>Ananiam</strong></span> <span class='ocrx_word' id='word_1_566' title='bbox 2577 3311 2749 3366; x_wconf 85' lang='lat' dir='ltr'><strong>dixit:</strong></span> <span class='ocrx_word' id='word_1_567' title='bbox 2804 3311 2961 3378; x_wconf 79' lang='lat' dir='ltr'><strong>Vade,</strong></span> <span class='ocrx_word' id='word_1_568' title='bbox 3013 3313 3140 3383; x_wconf 84' lang='lat' dir='ltr'><strong>quia</strong></span> <span class='ocrx_word' id='word_1_569' title='bbox 3179 3330 3272 3367; x_wconf 83' lang='lat' dir='ltr'><strong>vas</strong></span> <span class='ocrx_word' id='word_1_570' title='bbox 3312 3314 3577 3371; x_wconf 81' lang='lat' dir='ltr'><strong>electionis</strong></span> 
     </span>
    </p>
   </div>
   <div class='ocr_carea' id='block_1_79' title="bbox 1987 3402 3575 3477">
    <p class='ocr_par' dir='ltr' id='par_1_79' title="bbox 1987 3402 3575 3477">
     <span class='ocr_line' id='line_1_79' title="bbox 1987 3402 3575 3477; baseline 0.005 -24"><span class='ocrx_word' id='word_1_571' title='bbox 1987 3402 2086 3454; x_wconf 85' lang='lat' dir='ltr'><strong>erit</strong></span> <span class='ocrx_word' id='word_1_572' title='bbox 2136 3402 2265 3455; x_wconf 79' lang='lat' dir='ltr'><strong>mihi</strong></span> <span class='ocrx_word' id='word_1_573' title='bbox 2306 3404 2422 3466; x_wconf 85' lang='lat' dir='ltr'><strong>iste,</strong></span> <span class='ocrx_word' id='word_1_574' title='bbox 2456 3411 2512 3456; x_wconf 88' lang='lat' dir='ltr'><strong>ut</strong></span> <span class='ocrx_word' id='word_1_575' title='bbox 2545 3413 2715 3469; x_wconf 84' lang='lat' dir='ltr'><strong>portet</strong></span> <span class='ocrx_word' id='word_1_576' title='bbox 2744 3421 2929 3461; x_wconf 84' lang='lat' dir='ltr'><strong>nomen</strong></span> <span class='ocrx_word' id='word_1_577' title='bbox 2960 3422 3133 3460; x_wconf 88' lang='lat' dir='ltr'><strong>meum</strong></span> <span class='ocrx_word' id='word_1_578' title='bbox 3171 3408 3226 3459; x_wconf 88' lang='lat' dir='ltr'><strong>in</strong></span> <span class='ocrx_word' id='word_1_579' title='bbox 3251 3408 3493 3477; x_wconf 81' lang='lat' dir='ltr'><strong>gentibus</strong></span> <span class='ocrx_word' id='word_1_580' title='bbox 3524 3422 3575 3463; x_wconf 84' lang='lat' dir='ltr'><strong>et</strong></span> 
     </span>
    </p>
   </div>
   <div class='ocr_carea' id='block_1_80' title="bbox 1988 3493 3577 3566">
    <p class='ocr_par' dir='ltr' id='par_1_80' title="bbox 1988 3493 3577 3566">
     <span class='ocr_line' id='line_1_80' title="bbox 1988 3493 3577 3566; baseline 0.004 -18"><span class='ocrx_word' id='word_1_581' title='bbox 1988 3494 2196 3565; x_wconf 87' lang='lat' dir='ltr'><strong>regibus</strong></span> <span class='ocrx_word' id='word_1_582' title='bbox 2214 3495 2304 3548; x_wconf 80' lang='grc'><strong>³⁸’.</strong></span> <span class='ocrx_word' id='word_1_583' title='bbox 2334 3493 2617 3566; x_wconf 85' lang='lat' dir='ltr'><strong>Tanquam</strong></span> <span class='ocrx_word' id='word_1_584' title='bbox 2651 3513 2750 3552; x_wconf 88' lang='lat' dir='ltr'><strong>vas</strong></span> <span class='ocrx_word' id='word_1_585' title='bbox 2783 3498 2989 3554; x_wconf 80' lang='lat' dir='ltr'><strong>Christi</strong></span> <span class='ocrx_word' id='word_1_586' title='bbox 3035 3498 3341 3554; x_wconf 78' lang='lat' dir='ltr'><strong>doctrinam</strong></span> <span class='ocrx_word' id='word_1_587' title='bbox 3374 3497 3577 3555; x_wconf 78' lang='lat' dir='ltr'><strong>Paulus</strong></span> 
     </span>
    </p>
   </div>
   <div class='ocr_carea' id='block_1_81' title="bbox 1986 3586 3579 3661">
    <p class='ocr_par' dir='ltr' id='par_1_81' title="bbox 1986 3586 3579 3661">
     <span class='ocr_line' id='line_1_81' title="bbox 1986 3586 3579 3661; baseline 0.004 -20"><span class='ocrx_word' id='word_1_588' title='bbox 1986 3586 2259 3656; x_wconf 89' lang='lat' dir='ltr'><strong>capiebat,</strong></span> <span class='ocrx_word' id='word_1_589' title='bbox 2311 3596 2374 3642; x_wconf 90' lang='lat' dir='ltr'><strong>ut</strong></span> <span class='ocrx_word' id='word_1_590' title='bbox 2425 3588 2731 3644; x_wconf 88' lang='lat' dir='ltr'><strong>imitaretur</strong></span> <span class='ocrx_word' id='word_1_591' title='bbox 2777 3605 2903 3646; x_wconf 89' lang='lat' dir='ltr'><strong>eum</strong></span> <span class='ocrx_word' id='word_1_592' title='bbox 2944 3606 3133 3661; x_wconf 88' lang='lat' dir='ltr'><strong>opere,</strong></span> <span class='ocrx_word' id='word_1_593' title='bbox 3186 3599 3243 3647; x_wconf 89' lang='lat' dir='ltr'><strong>et</strong></span> <span class='ocrx_word' id='word_1_594' title='bbox 3298 3592 3488 3658; x_wconf 77' lang='lat' dir='ltr'><strong>verbo,</strong></span> <span class='ocrx_word' id='word_1_595' title='bbox 3521 3602 3579 3649; x_wconf 89' lang='lat' dir='ltr'><strong>et</strong></span> 
     </span>
    </p>
   </div>
   <div class='ocr_carea' id='block_1_82' title="bbox 1989 3680 3572 3755">
    <p class='ocr_par' dir='ltr' id='par_1_82' title="bbox 1989 3680 3572 3755">
     <span class='ocr_line' id='line_1_82' title="bbox 1989 3680 3572 3755; baseline 0.004 -21"><span class='ocrx_word' id='word_1_596' title='bbox 1989 3680 2355 3750; x_wconf 88' lang='lat' dir='ltr'><strong>passionibus.</strong></span> <span class='ocrx_word' id='word_1_597' title='bbox 2410 3680 2640 3753; x_wconf 85' lang='lat' dir='ltr'><strong>Propter</strong></span> <span class='ocrx_word' id='word_1_598' title='bbox 2678 3684 2823 3754; x_wconf 88' lang='lat' dir='ltr'><strong>quod</strong></span> <span class='ocrx_word' id='word_1_599' title='bbox 2875 3701 3022 3739; x_wconf 91' lang='lat' dir='ltr'><strong>nunc</strong></span> <span class='ocrx_word' id='word_1_600' title='bbox 3051 3686 3272 3755; x_wconf 87' lang='lat' dir='ltr'><strong>quidem</strong></span> <span class='ocrx_word' id='word_1_601' title='bbox 3319 3686 3572 3742; x_wconf 87' lang='lat' dir='ltr'><strong>dicebat:</strong></span> 
     </span>
    </p>
   </div>
   <div class='ocr_carea' id='block_1_83' title="bbox 1989 3772 3581 3848">
    <p class='ocr_par' dir='ltr' id='par_1_83' title="bbox 1989 3772 3581 3848">
     <span class='ocr_line' id='line_1_83' title="bbox 1989 3772 3581 3848; baseline 0.004 -24"><span class='ocrx_word' id='word_1_602' title='bbox 1989 3772 2072 3824; x_wconf 85' lang='lat' dir='ltr'><strong>An</strong></span> <span class='ocrx_word' id='word_1_603' title='bbox 2119 3772 2532 3841; x_wconf 73' lang='lat' dir='ltr'><strong>experimentum</strong></span> <span class='ocrx_word' id='word_1_604' title='bbox 2580 3774 2817 3844; x_wconf 71' lang='lat' dir='ltr'><strong>quazritis</strong></span> <span class='ocrx_word' id='word_1_605' title='bbox 2851 3774 2987 3844; x_wconf 82' lang='lat' dir='ltr'><strong>ejus,</strong></span> <span class='ocrx_word' id='word_1_606' title='bbox 3018 3776 3111 3846; x_wconf 87' lang='lat' dir='ltr'><strong>qui</strong></span> <span class='ocrx_word' id='word_1_607' title='bbox 3152 3774 3207 3828; x_wconf 88' lang='lat' dir='ltr'><strong>in</strong></span> <span class='ocrx_word' id='word_1_608' title='bbox 3236 3792 3317 3829; x_wconf 88' lang='lat' dir='ltr'><strong>me</strong></span> <span class='ocrx_word' id='word_1_609' title='bbox 3344 3774 3581 3848; x_wconf 83' lang='lat' dir='ltr'><strong>loquitur</strong></span> 
     </span>
    </p>
   </div>
   <div class='ocr_carea' id='block_1_84' title="bbox 1990 3860 3578 3937">
    <p class='ocr_par' dir='ltr' id='par_1_84' title="bbox 1990 3860 3578 3937">
     <span class='ocr_line' id='line_1_84' title="bbox 1990 3860 3578 3937; baseline 0.004 -21"><span class='ocrx_word' id='word_1_610' title='bbox 1990 3860 2185 3917; x_wconf 81' lang='lat' dir='ltr'><strong>Christi</strong></span> <span class='ocrx_word' id='word_1_611' title='bbox 2200 3864 2287 3916; x_wconf 69' lang='lat'><strong>9°?</strong></span> <span class='ocrx_word' id='word_1_612' title='bbox 2314 3892 2385 3903; x_wconf 88' lang='lat'><strong>—</strong></span> <span class='ocrx_word' id='word_1_613' title='bbox 2405 3862 2565 3920; x_wconf 83' lang='lat' dir='ltr'><strong>Nunc</strong></span> <span class='ocrx_word' id='word_1_614' title='bbox 2585 3880 2715 3937; x_wconf 84' lang='lat' dir='ltr'><strong>ergo</strong></span> <span class='ocrx_word' id='word_1_615' title='bbox 2743 3865 3083 3920; x_wconf 87' lang='lat' dir='ltr'><strong>:lmitatores</strong></span> <span class='ocrx_word' id='word_1_616' title='bbox 3113 3867 3215 3921; x_wconf 87' lang='lat' dir='ltr'><strong>mei</strong></span> <span class='ocrx_word' id='word_1_617' title='bbox 3234 3876 3416 3932; x_wconf 87' lang='lat' dir='ltr'><strong>estote,</strong></span> <span class='ocrx_word' id='word_1_618' title='bbox 3440 3866 3578 3922; x_wconf 81' lang='lat' dir='ltr'><strong>sicut</strong></span> 
     </span>
    </p>
   </div>
   <div class='ocr_carea' id='block_1_85' title="bbox 1991 3954 3580 4030">
    <p class='ocr_par' dir='ltr' id='par_1_85' title="bbox 1991 3954 3580 4030">
     <span class='ocr_line' id='line_1_85' title="bbox 1991 3954 3580 4030; baseline 0.001 -21"><span class='ocrx_word' id='word_1_619' title='bbox 1991 3964 2041 4009; x_wconf 90' lang='lat' dir='ltr'><strong>et</strong></span> <span class='ocrx_word' id='word_1_620' title='bbox 2069 3972 2162 4027; x_wconf 85' lang='lat' dir='ltr'><strong>ego</strong></span> <span class='ocrx_word' id='word_1_621' title='bbox 2193 3954 2388 4010; x_wconf 83' lang='lat' dir='ltr'><strong>Christi</strong></span> <span class='ocrx_word' id='word_1_622' title='bbox 2408 3956 2474 4010; x_wconf 81' lang='grc'><strong>⁸⁷.</strong></span> <span class='ocrx_word' id='word_1_623' title='bbox 2506 3956 2664 4012; x_wconf 88' lang='lat' dir='ltr'><strong>Nunc</strong></span> <span class='ocrx_word' id='word_1_624' title='bbox 2701 3973 2830 4012; x_wconf 84' lang='lat' dir='ltr'><strong>vero</strong></span> <span class='ocrx_word' id='word_1_625' title='bbox 2863 3973 3090 4012; x_wconf 87' lang='lat' dir='ltr'><strong>rursus:</strong></span> <span class='ocrx_word' id='word_1_626' title='bbox 3132 3956 3335 4025; x_wconf 75' lang='lat' dir='ltr'><strong>[inpleo</strong></span> <span class='ocrx_word' id='word_1_627' title='bbox 3371 3975 3434 4012; x_wconf 85' lang='lat' dir='ltr'><strong>ea</strong></span> <span class='ocrx_word' id='word_1_628' title='bbox 3461 3973 3580 4030; x_wconf 68' lang='lat' dir='ltr'><strong>quia</strong></span> 
     </span>
    </p>
   </div>
   <div class='ocr_carea' id='block_1_86' title="bbox 1991 4046 3575 4118">
    <p class='ocr_par' dir='ltr' id='par_1_86' title="bbox 1991 4046 3575 4118">
     <span class='ocr_line' id='line_1_86' title="bbox 1991 4046 3575 4118; baseline 0.001 -16"><span class='ocrx_word' id='word_1_629' title='bbox 1991 4053 2178 4102; x_wconf 81' lang='lat' dir='ltr'><strong>desunt</strong></span> <span class='ocrx_word' id='word_1_630' title='bbox 2217 4049 2524 4118; x_wconf 83' lang='lat' dir='ltr'><strong>passionum</strong></span> <span class='ocrx_word' id='word_1_631' title='bbox 2567 4046 2763 4103; x_wconf 81' lang='lat' dir='ltr'><strong>Christi</strong></span> <span class='ocrx_word' id='word_1_632' title='bbox 2803 4050 2859 4103; x_wconf 86' lang='lat' dir='ltr'><strong>in</strong></span> <span class='ocrx_word' id='word_1_633' title='bbox 2897 4066 3059 4103; x_wconf 85' lang='lat' dir='ltr'><strong>carne</strong></span> <span class='ocrx_word' id='word_1_634' title='bbox 3103 4050 3299 4105; x_wconf 74' lang='lat' dir='ltr'><strong>mea&quot;.</strong></span> <span class='ocrx_word' id='word_1_635' title='bbox 3331 4049 3575 4106; x_wconf 84' lang='lat' dir='ltr'><strong>Stratum</strong></span> 
     </span>
    </p>
   </div>
   <div class='ocr_carea' id='block_1_87' title="bbox 1990 4122 3578 4224">
    <p class='ocr_par' dir='ltr' id='par_1_87' title="bbox 1990 4122 3578 4224">
     <span class='ocr_line' id='line_1_87' title="bbox 1990 4122 3578 4224; baseline 0.001 -30"><span class='ocrx_word' id='word_1_636' title='bbox 1990 4148 2171 4195; x_wconf 91' lang='lat' dir='ltr'><strong>autem</strong></span> <span class='ocrx_word' id='word_1_637' title='bbox 2206 4141 2471 4211; x_wconf 84' lang='lat' dir='ltr'><strong>magistri,</strong></span> <span class='ocrx_word' id='word_1_638' title='bbox 2511 4142 2637 4212; x_wconf 84' lang='lat' dir='ltr'><strong>quia</strong></span> <span class='ocrx_word' id='word_1_639' title='bbox 2686 4122 2966 4212; x_wconf 66' lang='lat' dir='ltr'><strong>proprium</strong></span> <span class='ocrx_word' id='word_1_640' title='bbox 3010 4149 3095 4195; x_wconf 88' lang='lat' dir='ltr'><strong>est</strong></span> <span class='ocrx_word' id='word_1_641' title='bbox 3125 4140 3304 4206; x_wconf 87' lang='lat' dir='ltr'><strong>strati,</strong></span> <span class='ocrx_word' id='word_1_642' title='bbox 3335 4150 3397 4195; x_wconf 88' lang='lat' dir='ltr'><strong>ut</strong></span> <span class='ocrx_word' id='word_1_643' title='bbox 3428 4141 3481 4224; x_wconf 73' lang='lat' dir='ltr'><strong>in</strong></span> <span class='ocrx_word' id='word_1_644' title='bbox 3511 4157 3578 4195; x_wconf 87' lang='lat' dir='ltr'><strong>eo</strong></span> 
     </span>
    </p>
   </div>
   <div class='ocr_carea' id='block_1_88' title="bbox 1992 4225 3582 4304">
    <p class='ocr_par' dir='ltr' id='par_1_88' title="bbox 1992 4225 3582 4304">
     <span class='ocr_line' id='line_1_88' title="bbox 1992 4225 3582 4304; baseline 0 -17"><span class='ocrx_word' id='word_1_645' title='bbox 1992 4225 2297 4302; x_wconf 80' lang='lat' dir='ltr'><strong>requiescat</strong></span> <span class='ocrx_word' id='word_1_646' title='bbox 2342 4249 2623 4304; x_wconf 87' lang='lat' dir='ltr'><strong>possessor</strong></span> <span class='ocrx_word' id='word_1_647' title='bbox 2662 4235 2803 4301; x_wconf 63' lang='lat' dir='ltr'><strong>ejus,</strong></span> <span class='ocrx_word' id='word_1_648' title='bbox 2840 4234 3016 4289; x_wconf 89' lang='lat' dir='ltr'><strong>modis</strong></span> <span class='ocrx_word' id='word_1_649' title='bbox 3069 4232 3321 4288; x_wconf 88' lang='lat' dir='ltr'><strong>omnibus</strong></span> <span class='ocrx_word' id='word_1_650' title='bbox 3349 4234 3439 4289; x_wconf 87' lang='lat' dir='ltr'><strong>ille</strong></span> <span class='ocrx_word' id='word_1_651' title='bbox 3483 4250 3582 4304; x_wconf 90' lang='lat' dir='ltr'><strong>per</strong></span> 
     </span>
    </p>
   </div>
   <div class='ocr_carea' id='block_1_89' title="bbox 1994 4324 3579 4396">
    <p class='ocr_par' dir='ltr' id='par_1_89' title="bbox 1994 4324 3579 4396">
     <span class='ocr_line' id='line_1_89' title="bbox 1994 4324 3579 4396; baseline 0 -17"><span class='ocrx_word' id='word_1_652' title='bbox 1994 4325 2099 4380; x_wconf 89' lang='lat' dir='ltr'><strong>hoc</strong></span> <span class='ocrx_word' id='word_1_653' title='bbox 2146 4325 2448 4395; x_wconf 90' lang='lat' dir='ltr'><strong>discipulus</strong></span> <span class='ocrx_word' id='word_1_654' title='bbox 2496 4324 2819 4396; x_wconf 86' lang='lat' dir='ltr'><strong>intelligitur</strong></span> <span class='ocrx_word' id='word_1_655' title='bbox 2862 4325 3065 4396; x_wconf 87' lang='lat' dir='ltr'><strong>inquo</strong></span> <span class='ocrx_word' id='word_1_656' title='bbox 3101 4334 3327 4396; x_wconf 88' lang='lat' dir='ltr'><strong>propter</strong></span> <span class='ocrx_word' id='word_1_657' title='bbox 3353 4324 3579 4380; x_wconf 84' lang='lat' dir='ltr'><strong>nimiam</strong></span> 
     </span>
    </p>
   </div>
   <div class='ocr_carea' id='block_1_90' title="bbox 1993 4416 3579 4489">
    <p class='ocr_par' dir='ltr' id='par_1_90' title="bbox 1993 4416 3579 4489">
     <span class='ocr_line' id='line_1_90' title="bbox 1993 4416 3579 4489; baseline 0.002 -20"><span class='ocrx_word' id='word_1_658' title='bbox 1993 4416 2384 4481; x_wconf 88' lang='lat' dir='ltr'><strong>obedientiam,</strong></span> <span class='ocrx_word' id='word_1_659' title='bbox 2446 4418 2704 4489; x_wconf 80' lang='lat' dir='ltr'><strong>magister</strong></span> <span class='ocrx_word' id='word_1_660' title='bbox 2744 4418 2900 4487; x_wconf 88' lang='lat' dir='ltr'><strong>ipse,</strong></span> <span class='ocrx_word' id='word_1_661' title='bbox 2946 4425 3003 4472; x_wconf 88' lang='lat' dir='ltr'><strong>et</strong></span> <span class='ocrx_word' id='word_1_662' title='bbox 3041 4418 3162 4488; x_wconf 84' lang='lat' dir='ltr'><strong>ejus</strong></span> <span class='ocrx_word' id='word_1_663' title='bbox 3213 4416 3440 4488; x_wconf 87' lang='lat' dir='ltr'><strong>spiritus</strong></span> <span class='ocrx_word' id='word_1_664' title='bbox 3490 4432 3579 4472; x_wconf 90' lang='lat' dir='ltr'><strong>re-</strong></span> 
     </span>
    </p>
   </div>
   <div class='ocr_carea' id='block_1_91' title="bbox 297 4505 3578 4579">
    <p class='ocr_par' dir='ltr' id='par_1_91' title="bbox 297 4505 3578 4579">
     <span class='ocr_line' id='line_1_91' title="bbox 297 4505 3578 4579; baseline -0 -15"><span class='ocrx_word' id='word_1_665' title='bbox 297 4509 662 4566; x_wconf 85' lang='lat' dir='ltr'><strong>sustinentes.</strong></span> <span class='ocrx_word' id='word_1_666' title='bbox 702 4505 797 4562; x_wconf 75' lang='lat' dir='ltr'><strong>Vel</strong></span> <span class='ocrx_word' id='word_1_667' title='bbox 820 4507 939 4577; x_wconf 88' lang='lat' dir='ltr'><strong>ipse</strong></span> <span class='ocrx_word' id='word_1_668' title='bbox 978 4523 1102 4567; x_wconf 83' lang='lat' dir='ltr'><strong>cum</strong></span> <span class='ocrx_word' id='word_1_669' title='bbox 1146 4507 1219 4562; x_wconf 90' lang='lat' dir='ltr'><strong>sit</strong></span> <span class='ocrx_word' id='word_1_670' title='bbox 1246 4507 1580 4579; x_wconf 89' lang='lat' dir='ltr'><strong>impudicus,</strong></span> <span class='ocrx_word' id='word_1_671' title='bbox 1612 4517 1665 4562; x_wconf 90' lang='lat' dir='ltr'><strong>et</strong></span> <span class='ocrx_word' id='word_1_672' title='bbox 1692 4523 1889 4562; x_wconf 87' lang='lat' dir='ltr'><strong>secun-</strong></span> <span class='ocrx_word' id='word_1_673' title='bbox 1925 4513 1966 4568; x_wconf 85' lang='lat' dir='ltr'><strong>D</strong></span> <span class='ocrx_word' id='word_1_674' title='bbox 1995 4509 2247 4578; x_wconf 82' lang='lat' dir='ltr'><strong>quiescit.</strong></span> <span class='ocrx_word' id='word_1_675' title='bbox 2292 4510 2448 4575; x_wconf 86' lang='lat' dir='ltr'><strong>Quod</strong></span> <span class='ocrx_word' id='word_1_676' title='bbox 2501 4509 2813 4564; x_wconf 80' lang='lat' dir='ltr'><strong>manifestat</strong></span> <span class='ocrx_word' id='word_1_677' title='bbox 2854 4508 3057 4564; x_wconf 80' lang='lat' dir='ltr'><strong>Paulus</strong></span> <span class='ocrx_word' id='word_1_678' title='bbox 3112 4524 3178 4564; x_wconf 78' lang='lat' dir='ltr'><strong>ex</strong></span> <span class='ocrx_word' id='word_1_679' title='bbox 3228 4509 3316 4566; x_wconf 78' lang='lat' dir='ltr'><strong>liis</strong></span> <span class='ocrx_word' id='word_1_680' title='bbox 3360 4525 3481 4579; x_wconf 80' lang='lat' dir='ltr'><strong>qua:</strong></span> <span class='ocrx_word' id='word_1_681' title='bbox 3511 4509 3578 4563; x_wconf 84' lang='lat' dir='ltr'><strong>al</strong></span> 
     </span>
    </p>
   </div>
   <div class='ocr_carea' id='block_1_92' title="bbox 297 4599 1893 4671">
    <p class='ocr_par' dir='ltr' id='par_1_92' title="bbox 297 4599 1893 4671">
     <span class='ocr_line' id='line_1_92' title="bbox 297 4599 1893 4671; baseline -0.004 -13"><span class='ocrx_word' id='word_1_682' title='bbox 297 4603 433 4658; x_wconf 82' lang='lat' dir='ltr'><strong>dum</strong></span> <span class='ocrx_word' id='word_1_683' title='bbox 453 4600 706 4671; x_wconf 84' lang='lat' dir='ltr'><strong>proprias</strong></span> <span class='ocrx_word' id='word_1_684' title='bbox 735 4600 1019 4670; x_wconf 83' lang='lat' dir='ltr'><strong>passiones</strong></span> <span class='ocrx_word' id='word_1_685' title='bbox 1047 4600 1162 4655; x_wconf 87' lang='lat' dir='ltr'><strong>sive</strong></span> <span class='ocrx_word' id='word_1_686' title='bbox 1184 4599 1659 4670; x_wconf 83' lang='lat' dir='ltr'><strong>concupiscentias</strong></span> <span class='ocrx_word' id='word_1_687' title='bbox 1689 4599 1893 4653; x_wconf 83' lang='lat' dir='ltr'><strong>doctri-</strong></span> 
     </span>
    </p>
   </div>
   <div class='ocr_carea' id='block_1_93' title="bbox 298 4692 1894 4762">
    <p class='ocr_par' dir='ltr' id='par_1_93' title="bbox 298 4692 1894 4762">
     <span class='ocr_line' id='line_1_93' title="bbox 298 4692 1894 4762; baseline -0.003 -12"><span class='ocrx_word' id='word_1_688' title='bbox 298 4712 432 4750; x_wconf 82' lang='lat' dir='ltr'><strong>nam</strong></span> <span class='ocrx_word' id='word_1_689' title='bbox 471 4693 639 4748; x_wconf 83' lang='lat' dir='ltr'><strong>ﬂuat:</strong></span> <span class='ocrx_word' id='word_1_690' title='bbox 681 4702 739 4748; x_wconf 86' lang='lat' dir='ltr'><strong>et</strong></span> <span class='ocrx_word' id='word_1_691' title='bbox 782 4692 930 4748; x_wconf 87' lang='lat' dir='ltr'><strong>verbi</strong></span> <span class='ocrx_word' id='word_1_692' title='bbox 977 4699 1149 4762; x_wconf 78' lang='lat' dir='ltr'><strong>gratia</strong></span> <span class='ocrx_word' id='word_1_693' title='bbox 1184 4708 1310 4747; x_wconf 90' lang='lat' dir='ltr'><strong>cum</strong></span> <span class='ocrx_word' id='word_1_694' title='bbox 1344 4693 1416 4747; x_wconf 90' lang='lat' dir='ltr'><strong>sit</strong></span> <span class='ocrx_word' id='word_1_695' title='bbox 1438 4700 1654 4746; x_wconf 86' lang='lat' dir='ltr'><strong>amator</strong></span> <span class='ocrx_word' id='word_1_696' title='bbox 1681 4692 1894 4746; x_wconf 85' lang='lat' dir='ltr'><strong>adulte-</strong></span> 
     </span>
    </p>
   </div>
   <div class='ocr_carea' id='block_1_94' title="bbox 301 4783 1895 4857">
    <p class='ocr_par' dir='ltr' id='par_1_94' title="bbox 301 4783 1895 4857">
     <span class='ocr_line' id='line_1_94' title="bbox 301 4783 1895 4857; baseline -0.003 -14"><span class='ocrx_word' id='word_1_697' title='bbox 301 4789 393 4854; x_wconf 89' lang='lat' dir='ltr'><strong>rii,</strong></span> <span class='ocrx_word' id='word_1_698' title='bbox 430 4787 642 4856; x_wconf 87' lang='lat' dir='ltr'><strong>respuit</strong></span> <span class='ocrx_word' id='word_1_699' title='bbox 667 4795 815 4857; x_wconf 83' lang='lat' dir='ltr'><strong>quod</strong></span> <span class='ocrx_word' id='word_1_700' title='bbox 849 4794 935 4841; x_wconf 90' lang='lat' dir='ltr'><strong>est</strong></span> <span class='ocrx_word' id='word_1_701' title='bbox 964 4787 1033 4841; x_wconf 90' lang='lat' dir='ltr'><strong>de</strong></span> <span class='ocrx_word' id='word_1_702' title='bbox 1061 4786 1315 4840; x_wconf 87' lang='lat' dir='ltr'><strong>castitate</strong></span> <span class='ocrx_word' id='word_1_703' title='bbox 1340 4786 1655 4841; x_wconf 87' lang='lat' dir='ltr'><strong>mandatum</strong></span> <span class='ocrx_word' id='word_1_704' title='bbox 1687 4802 1700 4838; x_wconf 93' lang='lat'><strong>:</strong></span> <span class='ocrx_word' id='word_1_705' title='bbox 1731 4785 1816 4839; x_wconf 89' lang='lat' dir='ltr'><strong>vel</strong></span> <span class='ocrx_word' id='word_1_706' title='bbox 1849 4783 1895 4838; x_wconf 89' lang='lat' dir='ltr'><strong>si</strong></span> 
     </span>
    </p>
   </div>
   <div class='ocr_carea' id='block_1_95' title="bbox 303 4876 1892 4949">
    <p class='ocr_par' dir='ltr' id='par_1_95' title="bbox 303 4876 1892 4949">
     <span class='ocr_line' id='line_1_95' title="bbox 303 4876 1892 4949; baseline -0.006 -13"><span class='ocrx_word' id='word_1_707' title='bbox 303 4888 644 4936; x_wconf 85' lang='lat' dir='ltr'><strong>comessator</strong></span> <span class='ocrx_word' id='word_1_708' title='bbox 671 4890 727 4934; x_wconf 89' lang='lat' dir='ltr'><strong>et</strong></span> <span class='ocrx_word' id='word_1_709' title='bbox 750 4880 1022 4945; x_wconf 87' lang='lat' dir='ltr'><strong>ebriosus,</strong></span> <span class='ocrx_word' id='word_1_710' title='bbox 1048 4877 1384 4949; x_wconf 80' lang='lat' dir='ltr'><strong>jejuniorum</strong></span> <span class='ocrx_word' id='word_1_711' title='bbox 1407 4877 1612 4949; x_wconf 83' lang='lat' dir='ltr'><strong>legem:</strong></span> <span class='ocrx_word' id='word_1_712' title='bbox 1635 4876 1723 4931; x_wconf 84' lang='lat' dir='ltr'><strong>hic</strong></span> <span class='ocrx_word' id='word_1_713' title='bbox 1742 4893 1892 4947; x_wconf 82' lang='lat' dir='ltr'><strong>ergo,</strong></span> 
     </span>
    </p>
   </div>
   <div class='ocr_carea' id='block_1_96' title="bbox 303 4966 1892 5041">
    <p class='ocr_par' dir='ltr' id='par_1_96' title="bbox 303 4966 1892 5041">
     <span class='ocr_line' id='line_1_96' title="bbox 303 4966 1892 5041; baseline -0.004 -18"><span class='ocrx_word' id='word_1_714' title='bbox 303 4972 435 5041; x_wconf 86' lang='lat' dir='ltr'><strong>quia</strong></span> <span class='ocrx_word' id='word_1_715' title='bbox 465 4970 710 5040; x_wconf 85' lang='lat' dir='ltr'><strong>magistri</strong></span> <span class='ocrx_word' id='word_1_716' title='bbox 745 4978 1004 5024; x_wconf 88' lang='lat' dir='ltr'><strong>censetur</strong></span> <span class='ocrx_word' id='word_1_717' title='bbox 1043 4966 1288 5031; x_wconf 89' lang='lat' dir='ltr'><strong>nomine,</strong></span> <span class='ocrx_word' id='word_1_718' title='bbox 1322 4976 1378 5021; x_wconf 91' lang='lat' dir='ltr'><strong>et</strong></span> <span class='ocrx_word' id='word_1_719' title='bbox 1412 4981 1523 5020; x_wconf 88' lang='lat' dir='ltr'><strong>non</strong></span> <span class='ocrx_word' id='word_1_720' title='bbox 1550 4980 1683 5020; x_wconf 89' lang='lat' dir='ltr'><strong>sana</strong></span> <span class='ocrx_word' id='word_1_721' title='bbox 1712 4966 1892 5029; x_wconf 76' lang='lat' dir='ltr'><strong>docet,</strong></span> 
     </span>
    </p>
   </div>
   <div class='ocr_carea' id='block_1_97' title="bbox 306 5058 1897 5132">
    <p class='ocr_par' dir='ltr' id='par_1_97' title="bbox 306 5058 1897 5132">
     <span class='ocr_line' id='line_1_97' title="bbox 306 5058 1897 5132; baseline -0.004 -14"><span class='ocrx_word' id='word_1_722' title='bbox 306 5065 404 5118; x_wconf 85' lang='lat' dir='ltr'><strong>sed</strong></span> <span class='ocrx_word' id='word_1_723' title='bbox 432 5064 736 5132; x_wconf 89' lang='lat' dir='ltr'><strong>corrumpit</strong></span> <span class='ocrx_word' id='word_1_724' title='bbox 763 5061 1094 5127; x_wconf 90' lang='lat' dir='ltr'><strong>doctrinam,</strong></span> <span class='ocrx_word' id='word_1_725' title='bbox 1124 5074 1285 5130; x_wconf 89' lang='lat' dir='ltr'><strong>quam</strong></span> <span class='ocrx_word' id='word_1_726' title='bbox 1314 5058 1545 5129; x_wconf 85' lang='lat' dir='ltr'><strong>profert,</strong></span> <span class='ocrx_word' id='word_1_727' title='bbox 1576 5074 1686 5113; x_wconf 88' lang='lat' dir='ltr'><strong>non</strong></span> <span class='ocrx_word' id='word_1_728' title='bbox 1713 5067 1897 5129; x_wconf 71' lang='lat' dir='ltr'><strong>poto-t</strong></span> 
     </span>
    </p>
   </div>
   <div class='ocr_carea' id='block_1_98' title="bbox 306 5147 1896 5221">
    <p class='ocr_par' dir='ltr' id='par_1_98' title="bbox 306 5147 1896 5221">
     <span class='ocr_line' id='line_1_98' title="bbox 306 5147 1896 5221; baseline -0.003 -15"><span class='ocrx_word' id='word_1_729' title='bbox 306 5151 422 5206; x_wconf 81' lang='lat' dir='ltr'><strong>Deo</strong></span> <span class='ocrx_word' id='word_1_730' title='bbox 456 5151 598 5206; x_wconf 81' lang='lat' dir='ltr'><strong>(illos</strong></span> <span class='ocrx_word' id='word_1_731' title='bbox 631 5166 943 5221; x_wconf 89' lang='lat' dir='ltr'><strong>procreare,</strong></span> <span class='ocrx_word' id='word_1_732' title='bbox 1000 5150 1146 5205; x_wconf 89' lang='lat' dir='ltr'><strong>unde</strong></span> <span class='ocrx_word' id='word_1_733' title='bbox 1198 5159 1248 5204; x_wconf 89' lang='lat' dir='ltr'><strong>et</strong></span> <span class='ocrx_word' id='word_1_734' title='bbox 1285 5147 1610 5219; x_wconf 87' lang='lat' dir='ltr'><strong>proﬂuvium</strong></span> <span class='ocrx_word' id='word_1_735' title='bbox 1671 5148 1896 5202; x_wconf 86' lang='lat' dir='ltr'><strong>seminis</strong></span> 
     </span>
    </p>
   </div>
   <div class='ocr_carea' id='block_1_99' title="bbox 306 5241 1788 5314">
    <p class='ocr_par' dir='ltr' id='par_1_99' title="bbox 306 5241 1788 5314">
     <span class='ocr_line' id='line_1_99' title="bbox 306 5241 1788 5314; baseline -0.003 -15"><span class='ocrx_word' id='word_1_736' title='bbox 306 5245 421 5314; x_wconf 84' lang='lat' dir='ltr'><strong>pati</strong></span> <span class='ocrx_word' id='word_1_737' title='bbox 448 5244 667 5299; x_wconf 87' lang='lat' dir='ltr'><strong>dicitur.</strong></span> <span class='ocrx_word' id='word_1_738' title='bbox 699 5244 874 5299; x_wconf 79' lang='lat' dir='ltr'><strong>Nimis</strong></span> <span class='ocrx_word' id='word_1_739' title='bbox 898 5259 1027 5314; x_wconf 86' lang='lat' dir='ltr'><strong>ergo</strong></span> <span class='ocrx_word' id='word_1_740' title='bbox 1061 5241 1459 5298; x_wconf 86' lang='lat' dir='ltr'><strong>rationabiliter</strong></span> <span class='ocrx_word' id='word_1_741' title='bbox 1494 5241 1740 5296; x_wconf 88' lang='lat' dir='ltr'><strong>subdidit</strong></span> <span class='ocrx_word' id='word_1_742' title='bbox 1774 5256 1788 5294; x_wconf 91' lang='lat'><strong>:</strong></span> 
     </span>
    </p>
   </div>
   <div class='ocr_carea' id='block_1_100' title="bbox 378 5332 1895 5409">
    <p class='ocr_par' dir='ltr' id='par_1_100' title="bbox 378 5332 1895 5409">
     <span class='ocr_line' id='line_1_100' title="bbox 378 5332 1895 5409; baseline -0.005 -16"><span class='ocrx_word' id='word_1_743' title='bbox 378 5335 574 5393; x_wconf 86' lang='lat' dir='ltr'><strong>Omnes</strong></span> <span class='ocrx_word' id='word_1_744' title='bbox 616 5337 727 5393; x_wconf 87' lang='lat' dir='ltr'><strong>dies</strong></span> <span class='ocrx_word' id='word_1_745' title='bbox 756 5337 1003 5409; x_wconf 72' lang='lat' dir='ltr'><strong>proﬂavit&quot;</strong></span> <span class='ocrx_word' id='word_1_746' title='bbox 1041 5336 1274 5404; x_wconf 86' lang='lat' dir='ltr'><strong>corporis</strong></span> <span class='ocrx_word' id='word_1_747' title='bbox 1305 5335 1442 5405; x_wconf 85' lang='lat' dir='ltr'><strong>ejus,</strong></span> <span class='ocrx_word' id='word_1_748' title='bbox 1478 5335 1533 5388; x_wconf 87' lang='lat' dir='ltr'><strong>in</strong></span> <span class='ocrx_word' id='word_1_749' title='bbox 1563 5332 1750 5405; x_wconf 85' lang='lat' dir='ltr'><strong>quibus</strong></span> <span class='ocrx_word' id='word_1_750' title='bbox 1772 5349 1895 5386; x_wconf 83' lang='lat' dir='ltr'><strong>con-</strong></span> 
     </span>
    </p>
   </div>
   <div class='ocr_carea' id='block_1_101' title="bbox 306 5411 1890 5499">
    <p class='ocr_par' dir='ltr' id='par_1_101' title="bbox 306 5411 1890 5499">
     <span class='ocr_line' id='line_1_101' title="bbox 306 5411 1890 5499; baseline -0.002 -16"><span class='ocrx_word' id='word_1_751' title='bbox 306 5429 448 5483; x_wconf 85' lang='lat' dir='ltr'><strong>sistit</strong></span> <span class='ocrx_word' id='word_1_752' title='bbox 480 5446 668 5499; x_wconf 83' lang='lat' dir='ltr'><strong>corpus</strong></span> <span class='ocrx_word' id='word_1_753' title='bbox 688 5431 801 5499; x_wconf 84' lang='lat' dir='ltr'><strong>ejus</strong></span> <span class='ocrx_word' id='word_1_754' title='bbox 828 5431 881 5484; x_wconf 88' lang='lat' dir='ltr'><strong>in</strong></span> <span class='ocrx_word' id='word_1_755' title='bbox 909 5411 1248 5498; x_wconf 66' lang='lat' dir='ltr'><strong>proﬂuuium,</strong></span> <span class='ocrx_word' id='word_1_756' title='bbox 1282 5427 1621 5482; x_wconf 87' lang='lat' dir='ltr'><strong>immnnditia</strong></span> <span class='ocrx_word' id='word_1_757' title='bbox 1655 5428 1771 5497; x_wconf 87' lang='lat' dir='ltr'><strong>ejus</strong></span> <span class='ocrx_word' id='word_1_758' title='bbox 1795 5435 1890 5480; x_wconf 77' lang='lat' dir='ltr'><strong>est.</strong></span> 
     </span>
    </p>
   </div>
   <div class='ocr_carea' id='block_1_102' title="bbox 308 5519 1898 5595">
    <p class='ocr_par' dir='ltr' id='par_1_102' title="bbox 308 5519 1898 5595">
     <span class='ocr_line' id='line_1_102' title="bbox 308 5519 1898 5595; baseline -0.004 -17"><span class='ocrx_word' id='word_1_759' title='bbox 308 5522 610 5595; x_wconf 83' lang='lat' dir='ltr'><strong>Quousque</strong></span> <span class='ocrx_word' id='word_1_760' title='bbox 657 5524 806 5579; x_wconf 87' lang='lat' dir='ltr'><strong>enim</strong></span> <span class='ocrx_word' id='word_1_761' title='bbox 853 5522 934 5579; x_wconf 86' lang='lat' dir='ltr'><strong>sic</strong></span> <span class='ocrx_word' id='word_1_762' title='bbox 982 5524 1163 5589; x_wconf 89' lang='lat' dir='ltr'><strong>docet,</strong></span> <span class='ocrx_word' id='word_1_763' title='bbox 1204 5530 1261 5577; x_wconf 92' lang='lat' dir='ltr'><strong>et</strong></span> <span class='ocrx_word' id='word_1_764' title='bbox 1289 5520 1567 5578; x_wconf 89' lang='lat' dir='ltr'><strong>doctorale</strong></span> <span class='ocrx_word' id='word_1_765' title='bbox 1595 5519 1898 5589; x_wconf 87' lang='lat' dir='ltr'><strong>corrumpit</strong></span> 
     </span>
    </p>
   </div>
   <div class='ocr_carea' id='block_1_103' title="bbox 1995 4598 3579 4671">
    <p class='ocr_par' dir='ltr' id='par_1_103' title="bbox 1995 4598 3579 4671">
     <span class='ocr_line' id='line_1_103' title="bbox 1995 4598 3579 4671; baseline -0.001 -18"><span class='ocrx_word' id='word_1_766' title='bbox 1995 4598 2311 4654; x_wconf 84' lang='lat' dir='ltr'><strong>Corinthios</strong></span> <span class='ocrx_word' id='word_1_767' title='bbox 2360 4598 2598 4669; x_wconf 86' lang='lat' dir='ltr'><strong>scripsit,</strong></span> <span class='ocrx_word' id='word_1_768' title='bbox 2652 4599 2880 4654; x_wconf 85' lang='lat' dir='ltr'><strong>laudans</strong></span> <span class='ocrx_word' id='word_1_769' title='bbox 2930 4615 3026 4654; x_wconf 83' lang='lat' dir='ltr'><strong>eos</strong></span> <span class='ocrx_word' id='word_1_770' title='bbox 3067 4598 3213 4671; x_wconf 80' lang='lat' dir='ltr'><strong>quod</strong></span> <span class='ocrx_word' id='word_1_771' title='bbox 3259 4598 3579 4655; x_wconf 69' lang='lat' dir='ltr'><strong>obedicnta-s</strong></span> 
     </span>
    </p>
   </div>
   <div class='ocr_carea' id='block_1_104' title="bbox 1996 4693 3580 4764">
    <p class='ocr_par' dir='ltr' id='par_1_104' title="bbox 1996 4693 3580 4764">
     <span class='ocr_line' id='line_1_104' title="bbox 1996 4693 3580 4764; baseline -0.001 -17"><span class='ocrx_word' id='word_1_772' title='bbox 1996 4693 2323 4763; x_wconf 84' lang='lat' dir='ltr'><strong>semetipsos</strong></span> <span class='ocrx_word' id='word_1_773' title='bbox 2369 4693 2493 4748; x_wconf 88' lang='lat' dir='ltr'><strong>Tito</strong></span> <span class='ocrx_word' id='word_1_774' title='bbox 2540 4695 2927 4764; x_wconf 71' lang='lat' dir='ltr'><strong>praebuerunt:</strong></span> <span class='ocrx_word' id='word_1_775' title='bbox 2984 4693 3351 4747; x_wconf 81' lang='lat' dir='ltr'><strong>Abundantius</strong></span> <span class='ocrx_word' id='word_1_776' title='bbox 3400 4704 3580 4746; x_wconf 61' lang='lat' dir='ltr'><strong>autem</strong></span> 
     </span>
    </p>
   </div>
   <div class='ocr_carea' id='block_1_105' title="bbox 1997 4783 3579 4856">
    <p class='ocr_par' dir='ltr' id='par_1_105' title="bbox 1997 4783 3579 4856">
     <span class='ocr_line' id='line_1_105' title="bbox 1997 4783 3579 4856; baseline -0.001 -16"><span class='ocrx_word' id='word_1_777' title='bbox 1997 4786 2164 4856; x_wconf 78' lang='lat' dir='ltr'><strong>gavisi</strong></span> <span class='ocrx_word' id='word_1_778' title='bbox 2191 4802 2372 4841; x_wconf 85' lang='lat' dir='ltr'><strong>sumus</strong></span> <span class='ocrx_word' id='word_1_779' title='bbox 2411 4786 2467 4839; x_wconf 90' lang='lat' dir='ltr'><strong>in</strong></span> <span class='ocrx_word' id='word_1_780' title='bbox 2514 4786 2706 4856; x_wconf 81' lang='lat' dir='ltr'><strong>gaudio</strong></span> <span class='ocrx_word' id='word_1_781' title='bbox 2753 4783 2878 4851; x_wconf 84' lang='lat' dir='ltr'><strong>Titi,</strong></span> <span class='ocrx_word' id='word_1_782' title='bbox 2915 4785 3039 4856; x_wconf 85' lang='lat' dir='ltr'><strong>quia</strong></span> <span class='ocrx_word' id='word_1_783' title='bbox 3081 4783 3334 4855; x_wconf 82' lang='lat' dir='ltr'><strong>requievit</strong></span> <span class='ocrx_word' id='word_1_784' title='bbox 3361 4785 3579 4854; x_wconf 75' lang='lat' dir='ltr'><strong>spiritus</strong></span> 
     </span>
    </p>
   </div>
   <div class='ocr_carea' id='block_1_106' title="bbox 1998 4869 3581 4945">
    <p class='ocr_par' dir='ltr' id='par_1_106' title="bbox 1998 4869 3581 4945">
     <span class='ocr_line' id='line_1_106' title="bbox 1998 4869 3581 4945; baseline -0.001 -17"><span class='ocrx_word' id='word_1_785' title='bbox 1998 4875 2114 4945; x_wconf 77' lang='lat' dir='ltr'><strong>ejus</strong></span> <span class='ocrx_word' id='word_1_786' title='bbox 2148 4876 2203 4929; x_wconf 87' lang='lat' dir='ltr'><strong>in</strong></span> <span class='ocrx_word' id='word_1_787' title='bbox 2243 4875 2482 4929; x_wconf 85' lang='lat' dir='ltr'><strong>omnibus</strong></span> <span class='ocrx_word' id='word_1_788' title='bbox 2512 4874 2654 4928; x_wconf 72' lang='lat' dir='ltr'><strong>vobis</strong></span> <span class='ocrx_word' id='word_1_789' title='bbox 2674 4874 2741 4927; x_wconf 65' lang='grc' dir='ltr'><strong>θ’.</strong></span> <span class='ocrx_word' id='word_1_790' title='bbox 2775 4870 2977 4926; x_wconf 87' lang='lat' dir='ltr'><strong>Eorum</strong></span> <span class='ocrx_word' id='word_1_791' title='bbox 3018 4886 3151 4943; x_wconf 80' lang='lat' dir='ltr'><strong>ergo</strong></span> <span class='ocrx_word' id='word_1_792' title='bbox 3179 4869 3269 4942; x_wconf 89' lang='lat' dir='ltr'><strong>qui</strong></span> <span class='ocrx_word' id='word_1_793' title='bbox 3305 4870 3581 4941; x_wconf 75' lang='lat' dir='ltr'><strong>impudica</strong></span> 
     </span>
    </p>
   </div>
   <div class='ocr_carea' id='block_1_107' title="bbox 1998 4963 3581 5035">
    <p class='ocr_par' dir='ltr' id='par_1_107' title="bbox 1998 4963 3581 5035">
     <span class='ocr_line' id='line_1_107' title="bbox 1998 4963 3581 5035; baseline -0.003 -13"><span class='ocrx_word' id='word_1_794' title='bbox 1998 4968 2213 5025; x_wconf 66' lang='lat' dir='ltr'><strong>docuit.</strong></span> <span class='ocrx_word' id='word_1_795' title='bbox 2251 4974 2307 5021; x_wconf 92' lang='lat' dir='ltr'><strong>et</strong></span> <span class='ocrx_word' id='word_1_796' title='bbox 2346 4966 2581 5020; x_wconf 77' lang='lat' dir='ltr'><strong>ﬁliorum</strong></span> <span class='ocrx_word' id='word_1_797' title='bbox 2612 4963 2977 5035; x_wconf 84' lang='lat' dir='ltr'><strong>procreationi</strong></span> <span class='ocrx_word' id='word_1_798' title='bbox 3012 4965 3417 5026; x_wconf 89' lang='lat' dir='ltr'><strong>contradicunt,</strong></span> <span class='ocrx_word' id='word_1_799' title='bbox 3444 4963 3581 5030; x_wconf 67' lang='lat' dir='ltr'><strong>legi-</strong></span> 
     </span>
    </p>
   </div>
   <div class='ocr_carea' id='block_1_108' title="bbox 1998 5052 3580 5127">
    <p class='ocr_par' dir='ltr' id='par_1_108' title="bbox 1998 5052 3580 5127">
     <span class='ocr_line' id='line_1_108' title="bbox 1998 5052 3580 5127; baseline -0.005 -13"><span class='ocrx_word' id='word_1_800' title='bbox 1998 5059 2264 5127; x_wconf 69' lang='lat' dir='ltr'><strong>tiunasque</strong></span> <span class='ocrx_word' id='word_1_801' title='bbox 2310 5064 2580 5127; x_wconf 90' lang='lat' dir='ltr'><strong>respuunt</strong></span> <span class='ocrx_word' id='word_1_802' title='bbox 2628 5054 2869 5126; x_wconf 81' lang='lat' dir='ltr'><strong>nuptias,</strong></span> <span class='ocrx_word' id='word_1_803' title='bbox 2898 5064 2961 5109; x_wconf 90' lang='lat' dir='ltr'><strong>ut</strong></span> <span class='ocrx_word' id='word_1_804' title='bbox 2989 5070 3088 5126; x_wconf 88' lang='lat' dir='ltr'><strong>per</strong></span> <span class='ocrx_word' id='word_1_805' title='bbox 3113 5056 3221 5110; x_wconf 84' lang='lat' dir='ltr'><strong>hoc</strong></span> <span class='ocrx_word' id='word_1_806' title='bbox 3261 5052 3580 5109; x_wconf 85' lang='lat' dir='ltr'><strong>fornicatio-</strong></span> 
     </span>
    </p>
   </div>
   <div class='ocr_carea' id='block_1_109' title="bbox 1996 5144 3582 5218">
    <p class='ocr_par' dir='ltr' id='par_1_109' title="bbox 1996 5144 3582 5218">
     <span class='ocr_line' id='line_1_109' title="bbox 1996 5144 3582 5218; baseline -0.004 -14"><span class='ocrx_word' id='word_1_807' title='bbox 1996 5166 2122 5205; x_wconf 87' lang='lat' dir='ltr'><strong>nem</strong></span> <span class='ocrx_word' id='word_1_808' title='bbox 2150 5149 2520 5214; x_wconf 87' lang='lat' dir='ltr'><strong>introducant,</strong></span> <span class='ocrx_word' id='word_1_809' title='bbox 2557 5157 2783 5218; x_wconf 90' lang='lat' dir='ltr'><strong>propter</strong></span> <span class='ocrx_word' id='word_1_810' title='bbox 2815 5145 2962 5217; x_wconf 88' lang='lat' dir='ltr'><strong>quod</strong></span> <span class='ocrx_word' id='word_1_811' title='bbox 3003 5155 3058 5200; x_wconf 92' lang='lat' dir='ltr'><strong>ct</strong></span> <span class='ocrx_word' id='word_1_812' title='bbox 3083 5145 3285 5199; x_wconf 82' lang='lat' dir='ltr'><strong>ﬂuxum</strong></span> <span class='ocrx_word' id='word_1_813' title='bbox 3311 5144 3582 5215; x_wconf 66' lang='lat' dir='ltr'><strong>patientes</strong></span> 
     </span>
    </p>
   </div>
   <div class='ocr_carea' id='block_1_110' title="bbox 1997 5236 3583 5310">
    <p class='ocr_par' dir='ltr' id='par_1_110' title="bbox 1997 5236 3583 5310">
     <span class='ocr_line' id='line_1_110' title="bbox 1997 5236 3583 5310; baseline -0.005 -12"><span class='ocrx_word' id='word_1_814' title='bbox 1997 5242 2223 5298; x_wconf 87' lang='lat' dir='ltr'><strong>seminis</strong></span> <span class='ocrx_word' id='word_1_815' title='bbox 2244 5241 2520 5305; x_wconf 87' lang='lat' dir='ltr'><strong>dicuntur,</strong></span> <span class='ocrx_word' id='word_1_816' title='bbox 2552 5246 2739 5309; x_wconf 89' lang='lat' dir='ltr'><strong>utpote</strong></span> <span class='ocrx_word' id='word_1_817' title='bbox 2776 5236 3010 5310; x_wconf 82' lang='lat' dir='ltr'><strong>genitale</strong></span> <span class='ocrx_word' id='word_1_818' title='bbox 3042 5253 3253 5299; x_wconf 88' lang='lat' dir='ltr'><strong>semen.</strong></span> <span class='ocrx_word' id='word_1_819' title='bbox 3280 5248 3334 5293; x_wconf 89' lang='lat' dir='ltr'><strong>et</strong></span> <span class='ocrx_word' id='word_1_820' title='bbox 3363 5239 3583 5307; x_wconf 79' lang='lat' dir='ltr'><strong>nuptia-</strong></span> 
     </span>
    </p>
   </div>
   <div class='ocr_carea' id='block_1_111' title="bbox 2003 5329 3584 5407">
    <p class='ocr_par' dir='ltr' id='par_1_111' title="bbox 2003 5329 3584 5407">
     <span class='ocr_line' id='line_1_111' title="bbox 2003 5329 3584 5407; baseline -0.005 -17"><span class='ocrx_word' id='word_1_821' title='bbox 2003 5350 2122 5390; x_wconf 88' lang='lat' dir='ltr'><strong>rum</strong></span> <span class='ocrx_word' id='word_1_822' title='bbox 2154 5335 2326 5407; x_wconf 85' lang='lat' dir='ltr'><strong>lcgem</strong></span> <span class='ocrx_word' id='word_1_823' title='bbox 2355 5340 2788 5403; x_wconf 89' lang='lat' dir='ltr'><strong>corrumpentes,</strong></span> <span class='ocrx_word' id='word_1_824' title='bbox 2823 5331 2891 5387; x_wconf 91' lang='lat' dir='ltr'><strong>de</strong></span> <span class='ocrx_word' id='word_1_825' title='bbox 2949 5330 3150 5400; x_wconf 90' lang='lat' dir='ltr'><strong>quibus</strong></span> <span class='ocrx_word' id='word_1_826' title='bbox 3180 5329 3377 5384; x_wconf 76' lang='lat' dir='ltr'><strong>Paulus</strong></span> <span class='ocrx_word' id='word_1_827' title='bbox 3428 5330 3584 5383; x_wconf 79' lang='lat' dir='ltr'><strong>dice~</strong></span> 
     </span>
    </p>
   </div>
   <div class='ocr_carea' id='block_1_112' title="bbox 2003 5418 3583 5490">
    <p class='ocr_par' dir='ltr' id='par_1_112' title="bbox 2003 5418 3583 5490">
     <span class='ocr_line' id='line_1_112' title="bbox 2003 5418 3583 5490; baseline -0.007 -10"><span class='ocrx_word' id='word_1_828' title='bbox 2003 5426 2097 5480; x_wconf 88' lang='lat' dir='ltr'><strong>bat</strong></span> <span class='ocrx_word' id='word_1_829' title='bbox 2126 5443 2139 5480; x_wconf 93' lang='lat'><strong>:</strong></span> <span class='ocrx_word' id='word_1_830' title='bbox 2173 5423 2312 5490; x_wconf 82' lang='lat' dir='ltr'><strong>Quia</strong></span> <span class='ocrx_word' id='word_1_831' title='bbox 2348 5424 2402 5478; x_wconf 86' lang='lat' dir='ltr'><strong>in</strong></span> <span class='ocrx_word' id='word_1_832' title='bbox 2435 5422 2729 5477; x_wconf 81' lang='lat' dir='ltr'><strong>novissimis</strong></span> <span class='ocrx_word' id='word_1_833' title='bbox 2754 5420 3078 5490; x_wconf 80' lang='lat' dir='ltr'><strong>temporibus</strong></span> <span class='ocrx_word' id='word_1_834' title='bbox 3104 5418 3343 5473; x_wconf 83' lang='lat' dir='ltr'><strong>recedent</strong></span> <span class='ocrx_word' id='word_1_835' title='bbox 3366 5419 3583 5489; x_wconf 79' lang='lat' dir='ltr'><strong>quidam</strong></span> 
     </span>
    </p>
   </div>
   <div class='ocr_carea' id='block_1_113' title="bbox 2004 5492 3586 5587">
    <p class='ocr_par' dir='ltr' id='par_1_113' title="bbox 2004 5492 3586 5587">
     <span class='ocr_line' id='line_1_113' title="bbox 2004 5492 3586 5587; baseline -0.006 -14"><span class='ocrx_word' id='word_1_836' title='bbox 2004 5535 2037 5573; x_wconf 89' lang='lat' dir='ltr'><strong>a</strong></span> <span class='ocrx_word' id='word_1_837' title='bbox 2071 5492 2195 5587; x_wconf 71' lang='lat' dir='ltr'><strong>ﬁde,</strong></span> <span class='ocrx_word' id='word_1_838' title='bbox 2234 5516 2560 5570; x_wconf 76' lang='lat' dir='ltr'><strong>attendentes</strong></span> <span class='ocrx_word' id='word_1_839' title='bbox 2582 5513 2855 5585; x_wconf 82' lang='lat' dir='ltr'><strong>spiritibus</strong></span> <span class='ocrx_word' id='word_1_840' title='bbox 2886 5511 3100 5576; x_wconf 84' lang='lat' dir='ltr'><strong>erroris,</strong></span> <span class='ocrx_word' id='word_1_841' title='bbox 3131 5517 3180 5564; x_wconf 89' lang='lat' dir='ltr'><strong>et</strong></span> <span class='ocrx_word' id='word_1_842' title='bbox 3202 5510 3451 5564; x_wconf 82' lang='lat' dir='ltr'><strong>doctrinis</strong></span> <span class='ocrx_word' id='word_1_843' title='bbox 3478 5511 3586 5563; x_wconf 64' lang='lat' dir='ltr'><strong>da:-</strong></span> 
     </span>
    </p>
   </div>
   <div class='ocr_carea' id='block_1_114' title="bbox 381 5701 3583 5792">
    <p class='ocr_par' dir='ltr' id='par_1_114' title="bbox 381 5701 3583 5792">
     <span class='ocr_line' id='line_1_114' title="bbox 381 5701 3583 5792; baseline -0.006 -7"><span class='ocrx_word' id='word_1_844' title='bbox 381 5728 1017 5792; x_wconf 69' lang='lat' dir='ltr'><strong>&quot;Coioss.tt.18,i9.</strong></span> <span class='ocrx_word' id='word_1_845' title='bbox 1093 5727 1342 5784; x_wconf 80' lang='lat' dir='ltr'><strong>“Galat.</strong></span> <span class='ocrx_word' id='word_1_846' title='bbox 1378 5743 1415 5785; x_wconf 80' lang='grc' dir='ltr'><strong>ι.</strong></span> <span class='ocrx_word' id='word_1_847' title='bbox 1444 5727 1496 5780; x_wconf 91' lang='lat'><strong>8.</strong></span> <span class='ocrx_word' id='word_1_848' title='bbox 1572 5701 2137 5787; x_wconf 51' lang='lat' dir='ltr'><strong>optimorums.</strong></span> <span class='ocrx_word' id='word_1_849' title='bbox 2217 5713 3290 5792; x_wconf 63' lang='lat' dir='ltr'><strong>“Prov.x,l9._&quot;l‘l.ilipp.t,15-l7.</strong></span> <span class='ocrx_word' id='word_1_850' title='bbox 3363 5710 3583 5771; x_wconf 72' lang='grc' dir='ltr'><strong>ωοΑοι.</strong></span> 
     </span>
    </p>
   </div>
   <div class='ocr_carea' id='block_1_115' title="bbox 308 5800 1137 5870">
    <p class='ocr_par' dir='ltr' id='par_1_115' title="bbox 308 5800 1137 5870">
     <span class='ocr_line' id='line_1_115' title="bbox 308 5800 1137 5870; baseline -0.007 -13"><span class='ocrx_word' id='word_1_851' title='bbox 308 5817 391 5870; x_wconf 73' lang='lat' dir='ltr'><strong>tx,</strong></span> <span class='ocrx_word' id='word_1_852' title='bbox 430 5802 517 5856; x_wconf 79' lang='lat' dir='ltr'><strong>l5.</strong></span> <span class='ocrx_word' id='word_1_853' title='bbox 629 5801 675 5833; x_wconf 82' lang='lat'>&quot;</span> <span class='ocrx_word' id='word_1_854' title='bbox 708 5800 751 5854; x_wconf 89' lang='lat' dir='ltr'><strong>ll</strong></span> <span class='ocrx_word' id='word_1_855' title='bbox 780 5800 905 5853; x_wconf 87' lang='lat' dir='ltr'><strong>Cor.</strong></span> <span class='ocrx_word' id='word_1_856' title='bbox 936 5816 1060 5863; x_wconf 65' lang='lat' dir='ltr'><strong>xm,</strong></span> <span class='ocrx_word' id='word_1_857' title='bbox 1084 5800 1137 5854; x_wconf 78' lang='lat'><strong>5.</strong></span> 
     </span>
    </p>
   </div>
   <div class='ocr_carea' id='block_1_116' title="bbox 520 5891 1201 5956">
    <p class='ocr_par' dir='ltr' id='par_1_116' title="bbox 520 5891 1201 5956">
     <span class='ocr_line' id='line_1_116' title="bbox 520 5891 1201 5956; baseline -0.003 -2"><span class='ocrx_word' id='word_1_858' title='bbox 520 5893 790 5956; x_wconf 66' lang='lat' dir='ltr'><strong>PATROL.</strong></span> <span class='ocrx_word' id='word_1_859' title='bbox 836 5896 951 5954; x_wconf 78' lang='lat' dir='ltr'><strong>Gn.</strong></span> <span class='ocrx_word' id='word_1_860' title='bbox 997 5891 1201 5952; x_wconf 75' lang='lat' dir='ltr'><strong>XCIII.</strong></span> 
     </span>
    </p>
   </div>
   <div class='ocr_carea' id='block_1_117' title="bbox 1247 5797 1796 5869">
    <p class='ocr_par' dir='ltr' id='par_1_117' title="bbox 1247 5797 1796 5869">
     <span class='ocr_line' id='line_1_117' title="bbox 1247 5797 1796 5869; baseline -0.007 -17"><span class='ocrx_word' id='word_1_861' title='bbox 1247 5800 1291 5830; x_wconf 85' lang='lat'><strong>&quot;</strong></span> <span class='ocrx_word' id='word_1_862' title='bbox 1321 5798 1554 5869; x_wconf 73' lang='lat' dir='ltr'><strong>Philipp.</strong></span> <span class='ocrx_word' id='word_1_863' title='bbox 1592 5813 1673 5862; x_wconf 83' lang='grc' dir='ltr'><strong>ιιι,</strong></span> <span class='ocrx_word' id='word_1_864' title='bbox 1716 5797 1796 5849; x_wconf 81' lang='lat' dir='ltr'><strong>l7.</strong></span> 
     </span>
    </p>
   </div>
   <div class='ocr_carea' id='block_1_118' title="bbox 1910 5794 2382 5857">
    <p class='ocr_par' dir='ltr' id='par_1_118' title="bbox 1910 5794 2382 5857">
     <span class='ocr_line' id='line_1_118' title="bbox 1910 5794 2382 5857; baseline -0.004 -9"><span class='ocrx_word' id='word_1_865' title='bbox 1910 5796 1958 5829; x_wconf 79' lang='lat'>&quot;</span> <span class='ocrx_word' id='word_1_866' title='bbox 1988 5796 2198 5849; x_wconf 78' lang='lat' dir='ltr'><strong>Coloss.</strong></span> <span class='ocrx_word' id='word_1_867' title='bbox 2230 5809 2268 5857; x_wconf 89' lang='lat'><strong>:,</strong></span> <span class='ocrx_word' id='word_1_868' title='bbox 2294 5794 2382 5847; x_wconf 67' lang='grc' dir='ltr'><strong>Ἡ.</strong></span> 
     </span>
    </p>
   </div>
   <div class='ocr_carea' id='block_1_119' title="bbox 2500 5787 3026 5851">
    <p class='ocr_par' dir='ltr' id='par_1_119' title="bbox 2500 5787 3026 5851">
     <span class='ocr_line' id='line_1_119' title="bbox 2500 5787 3026 5851; baseline -0.01 -6"><span class='ocrx_word' id='word_1_869' title='bbox 2500 5794 2544 5822; x_wconf 61' lang='grc'><strong>⁸³⁸</strong></span> <span class='ocrx_word' id='word_1_870' title='bbox 2578 5790 2621 5845; x_wconf 88' lang='lat' dir='ltr'><strong>ll</strong></span> <span class='ocrx_word' id='word_1_871' title='bbox 2662 5789 2784 5845; x_wconf 84' lang='lat' dir='ltr'><strong>Cor.</strong></span> <span class='ocrx_word' id='word_1_872' title='bbox 2818 5803 2912 5851; x_wconf 83' lang='lat' dir='ltr'><strong>vn,</strong></span> <span class='ocrx_word' id='word_1_873' title='bbox 2947 5787 3026 5842; x_wconf 81' lang='lat'><strong>13.</strong></span> 
     </span>
    </p>
   </div>
   <div class='ocr_carea' id='block_1_120' title="bbox 3193 5878 3261 5942">
    <p class='ocr_par' dir='ltr' id='par_1_120' title="bbox 3193 5878 3261 5942">
     <span class='ocr_line' id='line_1_120' title="bbox 3193 5878 3261 5942; baseline 0.029 -2"><span class='ocrx_word' id='word_1_874' title='bbox 3193 5878 3261 5942; x_wconf 69' lang='lat'><strong>31</strong></span> 
     </span>
    </p>
   </div>
  </div>
