3992 6450
472 454 575 520 971

1672 451 1715 508 ll
1734 447 1961 507 ESYCH
1981 449 2034 503 ll
2090 450 2182 505 l'li
2198 403 2560 512 ESBi’TEHI

3668 487 3760 554 972

472 578 765 633 munierant
813 576 867 630 in
911 575 1195 646 hypocrisi,
1234 574 1585 627 cauleriutum
1636 574 1884 632 habentes
1928 595 2053 635 con-
2087 586 2126 643 Α
2229 579 2571 643 Generaliter
2597 583 2909 641 SHIIXiHlOﬂ
2950 588 3115 647 licere
3145 594 3285 665 [διιεῖ
3333 594 3569 653 {metum
3601 600 3763 660 labio-

470 670 767 733 scientiam,
816 669 1143 735 prohibentes
1196 670 1406 729 nubere,
1450 676 1496 717 et
1539 665 1807 720 abstinere
1854 685 1885 720 (ι
1916 669 2068 727 cibis,

471 779 589 834 qua:
623 763 757 815 Deus
807 761 1003 813 cwavit
1049 766 1117 813 ad
1144 757 1607 828 percipiendum“,
1669 765 1897 813 stratum
1943 759 2066 827 qui-

470 858 616 920 dem,
658 865 713 909 et
756 870 849 909 vas
900 854 1199 908 secundum
1252 850 1575 921 pnedictum
1606 855 1831 907 malum
1868 852 2064 906 llunut.

468 948 793 1018 Quicunque
820 949 872 1001 in
890 956 1101 1002 tantum
1135 945 1399 999 immundi
1437 952 1586 1008 sunt,
1617 954 1675 999 ut
1700 961 1802 1000 nec
1832 947 2065 1001 munda-

468 1047 673 1099 tionem
698 1058 886 1098 eorum
937 1042 1261 1112 prmeiperet
1292 1041 1608 1111 legislator:
1659 1042 1765 1096 scit
1795 1043 1942 1097 enim
1970 1057 2065 1098 eos

465 1139 537 1193 ita
568 1138 758 1192 morbo
803 1134 1050 1202 aﬁ’ectos,
1093 1145 1152 1189 ut
1186 1135 1569 1205 pmnitentiam
1617 1151 1779 1206 agere
1825 1136 2063 1191 nullate-

460 1247 568 1286 nus
596 1230 850 1301 possint:
912 1243 1019 1283 non
1049 1229 1198 1282 enim
1236 1243 1302 1282 ex
1353 1227 1661 1300 ignorantia
1713 1228 1771 1282 iu
1832 1228 1924 1283 tali
1960 1229 2062 1283 do-

461 1321 655 1385 ctrina,
699 1321 795 1375 sed
857 1335 1021 1390 prava
1069 1319 1398 1373 habitudine
1431 1319 1650 1385 infecti,
1685 1320 1739 1374 in
1765 1320 2060 1391 impudicis

460 1414 728 1483 corrupti,
763 1428 861 1467 seu
910 1412 1159 1468 dissoluti
1187 1421 1317 1467 sunt
1360 1412 1541 1468 verbis
1572 1430 1585 1466 :
1632 1414 1776 1468 unde
1810 1415 1970 1469 etiam
2003 1416 2058 1470 in

464 1516 676 1561 tantum
702 1507 938 1561 libenter
966 1505 1015 1559 ei
1037 1503 1409 1560 adhaeserunt.
1430 1504 1490 1560 Si
1512 1514 1693 1559 autem
1721 1507 1837 1577 quis
1871 1508 2057 1578 tetige‘

464 1603 532 1655 rit
564 1600 811 1655 lectulum
843 1600 979 1668 ejus,
1005 1598 1058 1651 id
1093 1608 1176 1654 est
1207 1600 1248 1653 si
1280 1598 1557 1668 particeps
1589 1598 1774 1662 fuerit,
1806 1614 2057 1668 sumpse-

458 1695 635 1763 ritque
668 1694 735 1747 de
778 1692 1026 1747 doctrina
1058 1692 1200 1763 ejus,
1234 1701 1289 1746 et
1327 1706 1438 1744 non
1490 1690 1758 1745 insederit
1787 1690 2054 1763 dogmati-

456 1788 558 1841 bus
594 1787 716 1857 ejus
733 1786 824 1856 qui
846 1800 1011 1856 prava
1037 1786 1199 1841 docet
1224 1799 1287 1838 ac
1318 1783 1562 1847 sordida,
1590 1784 1902 1853 iniquorum
1932 1785 2054 1855 ejus

451 1881 747 1936 verborum
774 1878 1074 1947 discipulus
1094 1877 1321 1932 exsistit.
1345 1876 1451 1931 Sed
1475 1875 1866 1946 discipulorum
1885 1877 2050 1941 illius,

454 1975 555 2045 ipsi
597 1973 864 2044 siquidem
925 1981 1055 2027 sunt
1104 1974 1226 2040 ejus
1294 1987 1418 2025 vasa
1490 1980 1546 2025 et
1629 1979 1894 2035 stratum,
1958 1973 2052 2041 qui

455 2066 610 2121 audit
634 2081 751 2131 eos,
780 2065 897 2136 ipse
935 2079 1155 2133 quoque
1183 2063 1503 2117 immundus
1532 2071 1635 2116 est.
1666 2061 1839 2117 Lavat
1875 2072 2057 2117 tamen

454 2155 779 2212 vestimenta
808 2168 905 2208 sua
938 2170 1036 2223 per
1081 2153 1484 2223 pmnitentiam,
1533 2153 1675 2207 sicut
1713 2168 1859 2223 smpe
1912 2153 2054 2209 dixi-

454 2263 597 2312 mus,
652 2258 707 2303 et
736 2249 854 2319 ipse
890 2249 1035 2302 lotus
1077 2261 1218 2316 aqua
1244 2246 1611 2316 lacrymarum
1654 2247 1741 2299 vel
1772 2244 2052 2316 baptismi,

450 2340 768 2396 immundus
832 2340 936 2397 erit
986 2355 1162 2409 usque
1213 2339 1280 2394 ad
1353 2354 1687 2409 vesperum;
1743 2339 2053 2409 usquedum

449 2445 669 2504 tempus
718 2434 991 2505 compleat
1030 2433 1392 2504 poenitentiae.
1423 2432 1601 2503 Hujus
1639 2432 1787 2487 enim
1820 2433 2050 2504 ﬁguram

447 2543 739 2597 vesperum
784 2528 839 2582 in
870 2527 1058 2583 multis
1086 2527 1248 2598 gerit,
1291 2535 1347 2579 et
1377 2526 1640 2590 maxime,
1666 2525 1794 2595 quia
1821 2527 1876 2579 in
1906 2541 2048 2581 con-

445 2622 818 2676 summatione
867 2622 1216 2684 sweulurum,
1252 2620 1307 2674 id
1364 2628 1470 2686 est,
1530 2633 1729 2675 occasu
1765 2614 2052 2688 przesentis

445 2714 654 2778 saeculi,
686 2714 941 2769 Christus
971 2713 1131 2768 nobis
1156 2713 1476 2783 praedicavit
1497 2709 1905 2783 pmnitentiam.

516 2805 684 2861 Vens.
715 2809 769 2871 7,
806 2805 861 2860 8.
900 2825 917 2857 ι
962 2806 1067 2872 Qui
1119 2807 1612 2877 tetigeritcarnem
1661 2804 1804 2873 ejus,
1847 2802 2051 2859 lavabit

443 2900 772 2956 vestimenta
831 2915 949 2965 sua,
992 2908 1047 2953 et
1076 2899 1196 2969 ipse
1242 2900 1386 2952 lotus
1437 2912 1576 2966 aqua
1604 2896 1919 2951 immundus
1944 2897 2049 2951 erit

442 3007 618 3065 usque
674 2992 738 3047 ad
797 3006 1110 3061 vesperum.
1141 2991 1197 3046 Si
1243 2990 1470 3045 salivam
1523 2990 1837 3059 hujusmodi
1884 2989 2047 3044 homo

435 3086 633 3158 jecerit
676 3101 842 3156 super
875 3100 1001 3140 eum
1037 3083 1131 3155 qui
1178 3083 1423 3138 mundus
1457 3091 1580 3147 est,
1630 3081 1832 3136 lavabit
1876 3080 2046 3135 vesti-

442 3186 625 3233 menta
655 3191 775 3242 sua,
810 3184 865 3231 et
896 3175 1043 3230 lotus
1080 3190 1245 3245 aqua,
1281 3173 1598 3227 immundus
1627 3175 1733 3225 erit
1779 3188 1950 3241 usque
1976 3170 2042 3225 ad

439 3284 755 3341 vesperum.
787 3290 811 3323 -ι

512 3361 649 3417 Eum
680 3360 938 3416 videlicet
963 3359 1055 3428 qui
1086 3357 1145 3412 ﬁt
1187 3357 1461 3427 particeps
1490 3354 1778 3421 doctrinm,
1810 3355 2040 3426 profana

438 3456 709 3520 docentis,
741 3452 1083 3508 immundum
1125 3466 1248 3519 esse
1290 3466 1463 3520 usque
1510 3449 1641 3503 dum
1678 3450 2038 3520 semetipsum

418 3538 608 3600 diluat
647 3560 746 3615 per
781 3543 1187 3614 paenitentiam,
1220 3557 1342 3596 eam
1386 3556 1549 3611 quam
1579 3541 1857 3611 legislator
1901 3557 2039 3611 pra:-

437 3638 603 3709 cepit,
633 3638 749 3693 sive
778 3636 921 3691 ultro
948 3636 1221 3706 quispiam
1254 3634 1532 3706 particeps
1560 3634 1826 3689 efﬁciatur
1855 3650 2037 3705 pravae

436 3732 717 3796 doctrinae,
744 3730 851 3785 hoc
873 3736 957 3784 est
986 3728 1132 3783 enim
1165 3742 1387 3782 carnem
1432 3737 1674 3798 tangere,
1711 3725 1915 3781 ﬁtixum
1948 3741 2036 3780 se-

435 3824 603 3880 minis
629 3823 909 3894 patientis,
940 3822 1056 3876 sive
1095 3819 1347 3876 docentis
1377 3834 1440 3874 ex
1470 3834 1637 3890 Opere
1680 3819 1863 3874 initiat
1901 3835 2036 3888 quo-

434 3917 726 3973 dammodo
782 3916 1181 3986 semetipsum,
1237 3912 1650 3984 introducitque
1710 3929 2030 3968 sermonem

432 4010 697 4066 doctrina:
721 4025 856 4074 sum,
916 4009 1025 4064 hoc
1047 4018 1130 4064 est
1173 4007 1398 4062 salivam
1452 4008 1742 4078 projicere.
1805 4006 2034 4075 Propter

432 4102 577 4173 quod
606 4103 825 4172 Aquila,
851 4101 897 4154 si
917 4116 1074 4170 super
1103 4099 1365 4169 exspuerit
1386 4115 1404 4152 :

505 4192 664 4248 Vens.
698 4194 753 4247 9.
792 4212 811 4245 ι
842 4193 1040 4265 Sagma
1070 4207 1236 4263 super
1267 4190 1414 4261 quod
1451 4189 1660 4246 sederit
1686 4188 2029 4244 immundum

430 4287 537 4342 erit
567 4300 743 4356 usque
773 4285 843 4341 ad
866 4300 1183 4356 vesperum.
1222 4303 1241 4336 ι

497 4379 651 4434 Sicut
681 4387 911 4433 stratum
949 4379 1003 4432 in
1028 4393 1137 4449 quo
1168 4379 1215 4433 is
1251 4377 1347 4447 qni
1377 4375 1582 4431 ﬂuxum
1628 4378 1855 4435 seminis
1884 4379 2029 4450 pati-

431 4482 539 4535 tur,
595 4472 911 4543 requiescit,
945 4482 1000 4527 et
1044 4477 1221 4527 vasin
1255 4485 1365 4542 quo
1395 4471 1551 4526 sedet
1602 4471 1790 4537 nimis,
1842 4473 1896 4528 id
1946 4478 2031 4527 est

426 4565 584 4622 valde
622 4582 750 4623 eum
794 4566 1145 4622 adhaerentes
1188 4563 1534 4635 disciplinas.
1583 4603 1597 4617 .
1643 4604 1656 4618 .
1704 4604 1717 4617 .
1764 4605 1777 4617 .
1823 4607 1836 4621 .
1890 4608 1903 4622 .
1949 4605 1962 4619 .
2010 4607 2021 4618 .

2178 685 2319 735 nun,
2338 689 2525 727 eorum
2547 676 2640 743 qui
2669 676 2900 745 subjecti
2918 690 3047 735 sunt.
3079 682 3258 739 eﬂ‘ecti
3274 687 3498 755 profana
3528 692 3763 750 docenti-

2175 759 2298 824 bus,
2320 764 2411 832 qui
2431 766 2793 822 subdiderunt
2807 773 3135 844 semetipsos
3150 777 3573 849 quodammodo,
3595 788 3764 845 verbis

2172 864 2334 925 atque
2350 859 2666 932 incongruis
2687 864 2951 923 doctrinis
2975 870 3391 930 substernentes
3411 877 3627 935 animas
3646 897 3763 940 suas

2173 956 2431 1019 tanquam
2460 968 2610 1020 vasa,
2636 957 2848 1027 inquas
2864 959 3090 1017 distillet
3131 964 3429 1035 impietatis
3471 986 3760 1031 venenum.

2171 1036 2237 1092 Et
2272 1041 2505 1113 tetigerit
2534 1045 2765 1115 aliquid,
2798 1048 3128 1110 immundus
3157 1056 3284 1123 erit,
3311 1073 3409 1113 seu
3433 1060 3480 1115 is
3508 1077 3611 1118 suo
3644 1081 3764 1136 pec-

2166 1141 2293 1187 cato
2326 1138 2653 1206 susceperit,
2674 1138 2795 1207 sive
2811 1140 3139 1212 imposuerit
3163 1150 3308 1217 quod
3337 1150 3520 1208 facere
3549 1158 3761 1224 quidam

2166 1233 2597 1291 consueverunt,
2650 1226 2766 1297 ipse
2798 1231 2957 1299 quasi
2984 1233 3166 1290 dicere
3200 1253 3261 1292 se
3296 1249 3445 1295 recta
3467 1252 3563 1298 aut
3588 1244 3762 1301 facere

2165 1313 2506 1380 simulantes,
2530 1332 2720 1374 eorum
2733 1331 2916 1378 autem
2933 1324 3024 1395 qui
3050 1342 3219 1397 prava
3228 1328 3449 1398 docent,
3469 1345 3564 1389 aut
3579 1350 3758 1406 agunt,

2162 1406 2489 1499 conﬁrmant
2504 1421 2751 1479 conatus,
2783 1424 2946 1487 atque
2969 1418 3091 1475 ideo
3115 1422 3351 1491 qualiter
3369 1440 3430 1481 se
3451 1442 3579 1499 erga
3608 1446 3760 1499 prava

2163 1496 2406 1554 habeant
2452 1500 2874 1559 convincuntur.
2905 1506 3276 1567 Nihilominus
3319 1513 3422 1584 ipsi
3460 1496 3760 1576 secundum

2161 1590 2480 1661 praedictum
2498 1594 2744 1659 modum,
2764 1596 3342 1659 habentnecessariam
3362 1607 3757 1676 pmniteutiam.

2234 1682 2401 1737 Vens.
2436 1687 2524 1739 11.
2566 1706 2586 1738 ι
2628 1687 2839 1753 Omnis,
2875 1707 3036 1761 quem
3086 1696 3322 1766 tetigerit
3368 1700 3460 1770 qui
3492 1702 3618 1758 talis
3661 1716 3759 1764 est.

2157 1769 2269 1830 n'on
2302 1776 2429 1833 lotis
2473 1789 2602 1835 ante
2634 1782 2907 1850 manibus,
2949 1784 3151 1842 levabit
3188 1790 3513 1847 vestimenta
3562 1811 3683 1861 sua,
3712 1807 3762 1853 et

2159 1867 2304 1922 lotus
2333 1884 2472 1939 aqua
2504 1871 2822 1928 immundus
2854 1874 2960 1929 erit
2986 1892 3159 1947 usque
3185 1880 3252 1934 ad
3279 1898 3590 1953 vesperam.
3630 1905 3651 1938 ι

2234 1962 2551 2019 Necessarie
2564 1967 2927 2037 praesentibus
2942 1970 3124 2026 verbis
3141 1988 3273 2028 usus
3291 1985 3378 2029 est
3398 1976 3683 2048 legislator
3694 1997 3761 2037 ne

2161 2054 2388 2109 omnino
2414 2056 2572 2111 nobis
2607 2057 2761 2112 ﬁeret
2799 2059 3107 2131 desperatio
3137 2064 3207 2119 de
3244 2067 3636 2137 conjunctione
3660 2073 3761 2128 do-

2160 2146 2340 2200 centis
2387 2161 2571 2216 prava,
2603 2150 2699 2204 sed
2734 2149 2879 2205 illam
2925 2160 3159 2219 tantum,
3190 2171 3311 2227 qum
3340 2169 3425 2214 est
3456 2165 3758 2232 usquedum

2159 2236 2417 2306 respiciat
2439 2238 2505 2291 ad
2540 2239 2945 2308 paenitentiam,
2975 2252 3138 2313 atque
3168 2245 3290 2301 ideo
3314 2258 3443 2304 sunt
3464 2249 3757 2316 immundi,

2158 2345 2517 2400 quoscunque
2538 2332 2743 2387 ﬂuxum
2792 2334 3017 2390 seminis
3044 2337 3256 2406 patiens
3294 2341 3552 2413 tetigerit,
3589 2344 3645 2399 id
3678 2356 3761 2401 est

2156 2420 2361 2489 quibus
2388 2424 2711 2479 commistus
2736 2424 2918 2480 fuerit.
2970 2427 3091 2482 Non
3129 2429 3256 2485 lotis
3290 2442 3475 2489 autem
3506 2439 3759 2495 manibus

2155 2527 2316 2581 aqua,
2342 2514 2577 2569 necdum
2605 2515 2858 2572 videlicet
2883 2533 3038 2572 suam
3057 2520 3223 2587 vitam
3250 2540 3347 2594 per
3373 2528 3757 2596 paenitentiam

2153 2604 2359 2660 abluit:
2393 2606 2574 2663 lavare
2603 2609 2871 2679 siquidem
2906 2627 3132 2693 manus,
3165 2616 3344 2673 sordis
3380 2620 3670 2689 cujusdam
3706 2634 3758 2679 et

2153 2699 2379 2755 tutacula:
2401 2699 2796 2769 depositionem
2825 2703 3154 2761 manifestat.
3175 2707 3403 2781 Propter
3417 2714 3565 2782 quod
3584 2714 3753 2772 David

2149 2789 2367 2846 dicebat
2393 2809 2405 2845 :
2433 2791 2645 2846 Lavabo
2674 2794 2813 2847 inter
2832 2796 3130 2852 innocentes
3155 2816 3343 2855 manus
3364 2820 3532 2871 meas,
3565 2815 3619 2860 et
3645 2809 3751 2861 cir-

2151 2884 2301 2937 cuibo
2317 2884 2494 2938 altare
2513 2893 2680 2950 tuum,
2703 2884 2927 2940 Domine
2940 2891 2981 2942 '.
3004 2888 3271 2947 Sordibus
3287 2893 3435 2949 enim
3452 2905 3559 2964 est,
3577 2899 3758 2968 turpia

2148 2982 2205 3028 et
2221 2988 2385 3044 prava
2403 2975 2626 3032 docens.
2644 2975 2722 3031 Ex
2740 2978 2865 3033 vita:
2882 2979 3030 3034 enim
3056 2980 3289 3050 fallacia,
3310 2995 3368 3041 et
3380 2989 3603 3045 sordida
3621 3007 3754 3047 con-

2149 3064 2377 3120 scientia
2408 3066 2476 3122 ad
2495 3068 2815 3138 bujusmodi
2841 3073 3088 3140 pervenit
3106 3075 3433 3134 doctrinam.
3469 3080 3579 3137 iste
3596 3099 3749 3157 ergo,

2146 3160 2236 3229 qui
2272 3160 2325 3213 in
2355 3160 2512 3215 malis
2549 3162 2815 3217 docendis
2864 3165 3190 3234 quibusdam
3222 3174 3586 3244 semetipsum
3616 3180 3755 3234 mis-

2148 3252 2344 3318 cuerit,
2380 3253 2614 3308 necdum
2657 3256 2725 3310 ad
2778 3254 3157 3327 paenitentiam
3205 3265 3524 3335 respiciens,
3557 3280 3615 3324 et
3645 3271 3752 3336 hic,

2150 3346 2485 3411 immundus,
2517 3348 2898 3418 pmnitentiam
2938 3352 3105 3409 habet
3146 3360 3537 3415 necessariam.
3584 3363 3757 3420 Lavet

2145 3438 2635 3508 ergojvestimenta
2663 3455 2781 3506 sua,
2809 3442 2861 3496 id
2896 3454 2978 3497 est
3013 3446 3285 3513 actiones,
3317 3466 3439 3519 qua:
3482 3468 3589 3508 nos
3628 3457 3749 3525 opi-

2143 3529 2406 3585 nionibus
2431 3531 2669 3587 etsectis
2704 3532 3268 3603 ditferentibus,sicut
3315 3543 3453 3597 stola
3487 3545 3747 3602 induunt.

2141 3621 2243 3687 Qui
2279 3637 2409 3693 ergo
2437 3623 2709 3692 patientes
2744 3627 3024 3683 sustinent
3052 3630 3245 3697 malos,
3272 3642 3328 3687 et
3354 3648 3420 3689 ex
3469 3638 3743 3707 conjunc-

2140 3715 2290 3771 tione
2336 3715 2463 3769 talia
2505 3716 2822 3772 docentium
2878 3721 2946 3775 ad
2993 3723 3239 3779 actiones
3292 3727 3461 3782 malas
3511 3745 3745 3785 conver-

2142 3819 2348 3875 tuntur,
2381 3811 2545 3866 etiam
2580 3821 2806 3882 propter
2824 3813 2928 3868 hoc
2952 3814 3132 3870 lavent
3163 3832 3360 3887 corpus
3393 3836 3553 3875 suum
3581 3840 3743 3893 aqua,

2140 3912 2200 3957 ut
2232 3912 2286 3957 et
2320 3918 2480 3957 suum
2508 3905 2771 3974 templum
2802 3921 2833 3959 a
2860 3910 3238 3978 compassione
3285 3913 3582 3970 verborum
3626 3917 3744 3970 illo-

2138 4013 2257 4050 rum
2300 3997 2611 4066 puriﬁcent,
2663 4006 2719 4053 et
2752 4008 2882 4054 tunc
2928 4011 3142 4057 certum
3193 4004 3299 4059 erit
3334 4006 3462 4075 quia
3509 4011 3742 4064 munda-

2137 4089 2359 4143 lmntur.
2377 4088 2511 4144 Nam
2533 4090 2633 4146 etsi
2672 4091 2990 4150 immundus
3026 4094 3192 4151 fuerit
3239 4112 3410 4168 usque
3442 4100 3511 4155 ad
3549 4117 3741 4170 vespe-

2140 4192 2281 4241 ram,
2319 4179 2464 4246 quud
2505 4189 2588 4233 est
2633 4195 2807 4250 usque
2855 4182 2921 4237 ad
2954 4192 3170 4256 tempus
3211 4186 3575 4253 pmnitentiae,
3606 4189 3743 4244 sicut

2133 4271 2455 4341 praedictum
2476 4281 2580 4337 est,
2606 4274 2698 4343 qui
2718 4275 2882 4330 docet
2900 4276 3149 4347 profana,
3173 4278 3295 4350 sine
3316 4278 3488 4334 dubio
3502 4282 3738 4336 mundus

2133 4362 2240 4416 erit
2272 4372 2395 4431 post
2429 4365 2830 4433 pmoitcntiam.

2205 4468 2371 4526 Vens.
2409 4473 2494 4527 12.
2535 4493 2554 4525 ‹
2596 4472 2663 4528 Ει
2694 4490 2789 4530 vas
2833 4475 2998 4531 ﬁctile
3037 4476 3350 4550 quicunque
3380 4482 3623 4554 tetigerit
3646 4484 3730 4553 qui

2134 4560 2340 4617 ﬂuxum
2390 4564 2617 4619 seminis
2661 4566 2890 4636 patitur,
2943 4568 3342 4641 confringetur.
3398 4571 3506 4629 Vas
3551 4586 3730 4631 autem

424 4673 547 4726 qua:
593 4656 809 4713 dil’licile
838 4656 1038 4712 mutari
1079 4657 1165 4711 vel
1196 4655 1396 4710 molliri
1445 4666 1694 4725 possunt.
1723 4655 1814 4712 Sic
1853 4657 2019 4711 etiam
2059 4635 2099 4687 ί)
2129 4654 2368 4725 ligneum
2409 4635 2682 4712 lavabitur
2703 4673 2865 4730 aqua,
2894 4669 2950 4715 et
2979 4635 3245 4717 mundum
3277 4663 3401 4719 erit.
3442 4685 3461 4718 ι

425 4750 514 4805 hic
535 4750 591 4816 in
618 4767 826 4822 sagum,
846 4751 960 4806 sive
985 4760 1042 4804 ut
1062 4747 1205 4803 LXX
1226 4746 1532 4816 ediderunt,
1558 4749 1614 4802 in
1645 4766 1831 4820 sagma
1856 4749 2017 4811 asini,

421 4841 870 4913 negligentiorem
900 4842 1121 4921 quidem
1156 4840 1506 4910 discipulum,
1536 4843 1631 4897 sed
1665 4851 1847 4896 tamen
1875 4842 2016 4896 mol-

423 4935 526 4989 lius
551 4936 842 4990 habentem
861 4951 955 4990 cor
977 4935 1044 4991 ad
1062 4936 1510 4990 commutandum
1531 4950 1590 4990 se
1618 4953 1631 4988 :
1662 4934 1845 4989 mollia
1868 4935 2016 4989 enim

420 5039 664 5101 sagmata
680 5029 815 5084 asini
833 5028 1107 5100 legislator
1131 5027 1420 5083 intellexit.
1445 5027 1549 5082 Sed
1571 5037 1624 5082 ct
1641 5028 1688 5081 is
1708 5028 1832 5097 quia
1855 5027 2016 5082 bonis

419 5121 693 5193 magistris
721 5121 926 5186 excuti,
950 5120 1036 5175 vel
1057 5119 1187 5174 dilui
1219 5128 1382 5189 atque
1404 5135 1664 5190 respuere
1686 5118 1889 5174 malum
1916 5119 2023 5174 dis-

416 5214 714 5284 eipulatum
767 5223 945 5284 potest
979 5233 990 5267 :
1025 5213 1150 5283 quia
1183 5213 1289 5268 tale
1327 5220 1411 5268 est
1456 5213 1600 5282 quod
1641 5212 1801 5277 LXX,
1829 5212 2028 5266 ἐπίσα-

416 5321 534 5371 γμα
567 5304 864 5375 appellant,
898 5304 951 5359 id
973 5312 1076 5366 est,
1102 5313 1340 5357 stratura
1366 5312 1461 5366 ;et
1490 5303 1604 5373 ipse
1624 5284 1880 5357 videlicet
1922 5302 2028 5355 im-

417 5395 654 5450 mundus
677 5394 802 5460 erit,
822 5395 1127 5464 usquedum
1149 5394 1213 5449 ad
1234 5392 1609 5464 pmnitentiam
1628 5408 1686 5447 se
1712 5392 1954 5447 verterit.

493 5483 654 5541 Vens.
688 5485 775 5541 10.
818 5505 833 5538 ι
868 5485 935 5538 Et
959 5485 1138 5541 omnis
1159 5485 1251 5556 qui
1285 5483 1522 5555 tetigerit
1551 5484 1812 5554 quidquid
1837 5484 1938 5538 sub
1958 5498 2026 5537 eo

417 5577 540 5640 erit,
570 5578 885 5634 immundus
902 5579 1008 5633 erit
1044 5594 1217 5647 usque
1243 5578 1311 5632 ad
1335 5591 1646 5647 vesperum.
1683 5576 1747 5631 lit
1775 5576 1864 5646 qui
1896 5592 2021 5646 por-

418 5668 615 5721 taverit
637 5668 831 5722 horum
862 5668 1083 5738 aliquid,
1111 5667 1653 5722 lavabitvestimenta
1674 5683 1793 5732 sua,
1819 5677 1873 5721 ct
1904 5668 2021 5737 ipse

418 5752 562 5805 lotus
589 5770 727 5825 aqua
759 5755 1074 5810 imunmdus
1102 5755 1206 5808 erit
1236 5770 1408 5825 usque
1436 5755 1503 5809 ad
1535 5770 1847 5825 veslicrum.
1884 5773 1901 5805 ι

531 5952 550 5983 ⁸
578 5951 602 6007 l
627 5952 746 6008 Tim
796 5973 873 6022 tv,
905 5957 957 6012 1.
1068 5961 1087 5990 ί
1116 5957 1259 6014 P-sal.
1294 5977 1421 6025 xxv,
1450 5957 1503 6011 6.

1618 5960 1636 5990 ³
1673 5957 1843 6011 Ιυοτ.
1868 5973 1966 6023 vn,
2000 5956 2054 6011 6.

2200 4748 2260 4801 ln
2273 4749 2647 4819 superioribus
2664 4752 2826 4822 hujus
2842 4752 3056 4823 legis,in
3078 4771 3181 4825 qua
3195 4756 3547 4815 dixitﬁuxum
3571 4761 3732 4819 semi-

2128 4842 2217 4897 nis
2249 4841 2571 4912 patientem,
2604 4843 2878 4914 quoslibet
2927 4844 3183 4901 homines
3212 4855 3441 4920 tangere
3495 4852 3728 4908 diximus

2127 4953 2241 5001 eos,
2260 4937 2460 5008 quibus
2479 4937 2591 5008 ipse
2606 4953 2664 4993 se
2677 4954 2843 5009 prava
2864 4939 3066 4995 docens
3083 4942 3399 5009 immiscuit,
3424 4954 3481 5000 et
3499 4949 3729 5018 sumpsit

2128 5032 2195 5086 ad
2221 5031 2513 5101 quamdam
2564 5032 2879 5088 Societatem
2934 5033 3038 5100 sui,
3074 5036 3180 5092 hoc
3227 5039 3371 5092 enim
3405 5048 3491 5094 est
3545 5050 3727 5113 aperte

2132 5133 2375 5196 tangere,
2395 5124 2539 5179 unde
2553 5134 2608 5179 et
2621 5125 2823 5180 Paulus
2838 5135 3062 5197 propter
3072 5130 3386 5185 societatem
3408 5133 3723 5189 muliebrem

2131 5216 2429 5271 cavendam
2461 5216 2702 5272 :Bonum
2728 5229 2822 5279 est,
2845 5220 3041 5289 inquit,
3066 5221 3288 5288 homini,
3323 5224 3593 5279 mulierem
3623 5239 3721 5277 non

2135 5320 2366 5379 tangere.
2424 5307 2652 5379 Propter
2695 5311 3073 5381 fornicationes
3142 5325 3319 5367 autent
3369 5318 3720 5387 unusquisque

2132 5415 2286 5452 suam
2333 5415 2548 5454 uxorem
2591 5401 2803 5465 habeat,
2835 5411 2881 5455 et
2932 5419 3261 5475 unaquaeque
3312 5422 3463 5459 suum
3490 5407 3702 5462 virnm’.

2131 5489 2196 5543 lli
2217 5505 2346 5561 ergo
2367 5505 2493 5544 vasa
2513 5491 2632 5560 ejus
2648 5490 2825 5546 effecti
2847 5501 2975 5546 sunt
2989 5490 3292 5549 doctrinam
3305 5495 3396 5565 qui
3415 5495 3482 5550 ab
3500 5511 3584 5560 eo,
3600 5495 3719 5550 licet

2130 5598 2376 5653 parvam,
2411 5593 2777 5653 susceperunt
2823 5603 2835 5638 :
2877 5601 3056 5655 neque
3083 5586 3230 5640 enim
3276 5588 3587 5657 supersedit
3619 5587 3715 5650 eis,

2127 5673 2177 5725 id
2207 5682 2291 5727 est
2311 5688 2419 5726 non
2441 5681 2611 5727 totam
2631 5675 2684 5728 in
2714 5675 2862 5744 ipsos
2882 5691 3035 5730 suam
3058 5676 3365 5733 doctrinam
3392 5676 3711 5737 exinanivit,

2129 5760 2302 5833 tetigit
2332 5769 2536 5830 tamen,
2568 5772 2779 5834 partem
2802 5766 3086 5836 quamdam
3118 5768 3356 5825 tradens.
3385 5769 3710 5825 Permancm
