3992 6404
299 396 411 462 973

1476 401 1556 461 ΙΝ
1593 400 2030 463 LEVITICUM.
2064 429 2131 439 --
2172 406 2319 466 LIB-
2357 408 2426 467 ν.

3477 412 3586 493 974

290 507 463 579 igitur
506 505 721 567 ﬁctiles.
774 507 824 561 id
882 518 964 562 est
1015 508 1233 581 fragiles
1261 519 1317 567 et
1375 514 1576 568 terreni
1625 515 1691 568 ad
1718 514 1891 568 lutum
1926 536 1965 591 Α
1998 518 2171 572 sancti
2220 519 2459 595 Spiritus
2504 504 2749 594 designat
2803 522 3125 596 imaginem;
3156 529 3376 596 oportet
3415 521 3562 577 enim

287 613 473 661 suum,
528 603 585 651 et
612 596 680 650 ad
743 598 1151 666 corruptionem
1196 600 1290 653 luti
1343 600 1708 668 intcndentes,
1759 603 1885 674 quia

284 697 720 760 corrumpuntur
753 691 915 744 etiam
950 706 978 744 a
1013 693 1284 761 paucitate
1335 696 1648 761 verborum,
1690 711 1885 749 ncces-

285 781 433 835 sario
458 789 837 836 conteruntur.
876 782 933 837 Si
962 793 1142 837 autem
1174 784 1357 855 lignei,
1394 786 1519 856 quia
1547 787 1721 856 lignea
1759 801 1884 840 vasa

283 871 452 925 luteis
504 881 560 925 et
600 871 856 926 ﬁctilibus
913 873 1060 927 vasis
1106 872 1327 928 fortiora
1377 886 1526 938 sunt,
1568 876 1884 947 diutiusque

280 962 624 1027 subsistunt,
671 980 809 1034 aqua
854 965 1012 1020 lavati
1087 967 1433 1023 mundantur.
1493 967 1683 1037 Neque
1733 969 1883 1023 enim

281 1050 491 1105 insedit
525 1050 580 1104 in
614 1051 716 1113 eis,
742 1068 844 1108 nec
871 1069 1089 1108 omnem
1123 1056 1263 1125 ejus,
1297 1056 1437 1113 sicut
1468 1057 1736 1123 diximus,
1770 1074 1883 1112 ma-

278 1141 392 1197 lam
450 1143 760 1198 doctrinam
806 1132 1201 1216 susceperun‘t,
1239 1150 1593 1219 quamobrem
1648 1166 1751 1206 nec
1801 1151 1882 1206 sic

276 1233 652 1299 inﬁrmantur,
697 1244 756 1289 ut
785 1252 883 1305 per
904 1238 1284 1322 pmnitentiarp
1309 1240 1487 1294 sanari
1512 1256 1620 1295 non
1642 1242 1877 1312 possint.

276 1322 423 1395 Ergo
458 1325 693 1380 intentio
730 1336 816 1382 est
852 1328 1199 1399 legislatoris,
1235 1334 1533 1388 ostendere
1566 1333 1658 1403 qui
1698 1334 1879 1403 paeni-

275 1417 509 1470 tentiam
539 1426 718 1489 agan‘t,
764 1419 847 1474 vel
875 1420 1001 1489 quia
1028 1436 1137 1474 non
1176 1424 1560 1491 pmnitcntiam
1588 1426 1879 1496 agentibus

274 1509 427 1564 salus
451 1510 681 1566 oﬂ'ertur
707 1528 721 1564 :

346 1597 519 1654 Vens.
575 1600 662 1656 15.
703 1620 722 1653 t
764 1600 822 1655 Si
859 1610 1080 1657 sanatus
1131 1602 1314 1669 fuerit,
1369 1605 1458 1674 qui
1500 1605 1875 1677 hujuscemodi

268 1694 511 1749 sustinet
570 1695 901 1764 passionem,
944 1698 1289 1752 enumerabit
1354 1707 1565 1768 septem
1625 1700 1743 1755 dies
1808 1701 1874 1755 ad

267 1787 721 1842 emendationem
749 1788 856 1854 sui,
885 1801 941 1844 et
960 1789 1086 1844 lotis
1119 1789 1363 1845 vestibus
1387 1805 1450 1845 ac
1483 1798 1597 1846 toto
1619 1807 1867 1864 corpore,

267 1876 326 1931 in
357 1879 520 1949 aquis
540 1879 848 1935 viventibus
876 1882 984 1936 erit
1012 1882 1270 1936 mundus.
1316 1900 1334 1932 ι

340 1970 624 2027 Mundatio
638 1981 722 2027 est
740 1972 879 2043 ejus,
905 1973 994 2044 qui
1008 1973 1215 2029 ﬂuxum
1234 1974 1458 2029 seminis
1474 1976 1699 2046 patitur,
1717 1992 1865 2032 cam-

265 2063 397 2118 dem
425 2064 835 2135 corruptionem
857 2066 1083 2122 seminis
1107 2083 1451 2139 nequaquam
1483 2069 1713 2127 ulterius
1743 2086 1866 2127 sus-

264 2156 470 2212 tinere.
519 2155 574 2210 Si
624 2171 754 2229 ergo
787 2157 1004 2212 sordida
1037 2173 1314 2229 pravaque
1367 2176 1428 2213 ac
1466 2159 1672 2216 nefaria
1712 2162 1865 2232 quis-

261 2248 423 2319 piam
449 2247 655 2305 docens
676 2250 998 2315 cessaverit,
1023 2260 1213 2321 utpote
1248 2252 1339 2321 qui
1369 2253 1686 2319 cessaverit,
1714 2270 1745 2308 a
1762 2254 1864 2308 ’tnli

261 2344 646 2417 impudicitia,
708 2347 948 2407 mundus
996 2357 1145 2403 recte
1187 2348 1432 2404 dicitur:
1481 2349 1586 2406 Pro
1630 2352 1866 2409 sordidis

260 2438 621 2495 sermonibus
642 2447 848 2506 autem,
872 2455 1015 2510 quos
1039 2440 1233 2498 eﬂ'udit
1258 2441 1428 2512 prius,
1453 2459 1678 2499 necesse
1701 2443 1867 2500 habet

260 2541 482 2600 septem
508 2530 624 2586 dies
661 2531 1030 2598 dinumerare,
1086 2533 1153 2588 ad
1188 2533 1557 2589 omnimodam
1601 2538 1866 2592 emunda-

259 2620 502 2691 tionem,
527 2643 647 2698 quae
676 2628 960 2697 perﬁcitur
986 2643 1083 2697 per
1113 2629 1431 2695 adventum,
1480 2631 1860 2688 subministrth

260 2718 593 2788 tionemque
619 2719 873 2789 spiritus,
901 2719 1060 2789 cujus
1091 2721 1430 2792 septemplex
1466 2722 1669 2777 donum
1711 2724 1867 2780 nobis

258 2807 438 2865 Isaias
471 2812 886 2880 exposuit,cum
915 2812 991 2866 ait
1022 2828 1035 2866 :
1060 2810 1292 2883 Spiritus
1310 2815 1589 2883 sapientiae
1617 2825 1667 2869 et
1708 2817 1867 2870 intel-

258 2901 450 2964 lectus,
478 2903 698 2972 spiritus
715 2902 923 2956 consilii
947 2911 997 2957 et
1019 2903 1370 2973 fortitudinis,
1391 2905 1610 2974 spiritus
1634 2907 1869 2961 scientia:

258 3003 314 3050 et
342 2996 578 3065 pietatis,
604 2996 823 3066 spiritus
845 2996 1051 3051 timoris
1081 2996 1292 3051 Domini
1314 2997 1573 3065 ‘.Quibus
1609 3001 1869 3056 omnibus

253 3096 449 3159 egent,
475 3087 566 3157 qui
604 3086 905 3159 perfectam
935 3089 1351 3167 inundationem
1376 3090 1479 3145 sibi
1519 3092 1802 3161 procurari
1837 3108 1865 3146 a

257 3180 497 3244 malitia,
525 3195 645 3249 quae
674 3189 760 3235 cst
788 3179 841 3234 in
877 3181 1176 3243 locutione,
1211 3181 1326 3237 sive
1359 3181 1415 3236 in
1455 3184 1734 3254 operibus,
1759 3187 1855 3241 sed

254 3280 321 3325 et
351 3287 496 3341 aqua
536 3272 656 3329 viva
696 3272 883 3327 lavant
913 3273 1240 3328 vestimenta
1279 3282 1333 3329 et
1364 3288 1584 3346 corpus.
1624 3275 1756 3344 Quae
1783 3278 1855 3333 sit

254 3379 395 3419 vero
430 3364 513 3419 vis
562 3365 1032 3433 vestimentorum,
1085 3374 1141 3421 et
1182 3367 1451 3437 corporis,
1503 3369 1639 3424 satis
1662 3377 1748 3426 est
1802 3370 1857 3424 in

251 3453 638 3524 superioribus
658 3455 1108 3509 demonstratum.
1127 3457 1280 3525 Aqua
1307 3465 1490 3512 autem
1513 3457 1631 3511 viva
1652 3457 1855 3525 lavant,

252 3544 351 3600 illa
375 3545 631 3609 videlicet
661 3546 728 3600 de
755 3562 860 3615 qua
905 3545 1141 3615 Spiritus
1171 3546 1386 3602 dicebat
1418 3565 1433 3602 :
1465 3546 1569 3613 Qui
1599 3549 1762 3603 credit
1802 3549 1858 3601 in

251 3655 364 3707 me,
412 3640 547 3693 sicut
587 3638 716 3694 dicit
762 3637 1080 3711 Scriptura,
1113 3640 1342 3708 ﬂumina
1405 3639 1469 3694 de
1523 3649 1698 3695 uentre
1740 3641 1854 3711 ejus

250 3733 429 3802 ﬂuent
467 3747 622 3803 aqua:
662 3733 791 3792 viva:
819 3733 862 3785 ⁸.
910 3730 979 3786 Ει
1016 3747 1249 3788 rursus:
1279 3729 1589 3803 Quicunque
1636 3732 1764 3786 bibit
1789 3748 1855 3786 ea:

246 3841 403 3895 aqua
433 3841 593 3897 quam
626 3841 719 3894 ego
748 3826 814 3879 do
848 3824 917 3885 ei,
943 3824 1033 3893 ﬁet
1067 3825 1124 3878 in
1163 3841 1222 3879 eo
1249 3825 1366 3896 fons
1396 3840 1551 3896 aquae
1607 3826 1851 3880 salientis

248 3918 313 3971 in
338 3917 511 3971 vitam
538 3926 794 3971 uernam
827 3917 868 3970 ⁸.
895 3916 1035 3986 Ergo
1063 3915 1348 3972 mundatio
1377 3931 1543 3987 prava
1574 3916 1851 3986 docentis,

246 4025 359 4081 per
385 4009 587 4064 bonam
632 4007 1038 4079 legitimamque
1069 4007 1374 4062 doctrinam
1407 4008 1679 4078 provenit.
1723 4010 1853 4065 Haec

243 4111 341 4159 est
398 4102 545 4158 enim
580 4100 701 4159 viva
748 4117 910 4174 aqua,
957 4101 1087 4171 quia
1128 4101 1298 4157 vitam
1330 4101 1399 4157 ad
1427 4116 1488 4158 se
1540 4103 1853 4160 accedentis

244 4205 502 4268 praestat.

325 4291 492 4346 Vens.
517 4291 606 4346 14.
626 4309 647 4341 s
680 4288 774 4345 Die
799 4296 981 4345 autem
1003 4296 1215 4356 octavo,
1240 4296 1420 4344 sumet
1449 4288 1585 4344 duos
1610 4295 1851 4344 turtures

237 4393 347 4439 aut
377 4384 517 4439 duos
560 4382 738 4452 pullos
781 4380 1066 4447 columbae,
1129 4389 1186 4436 et
1212 4381 1397 4437 veniet
1446 4380 1502 4434 in
1552 4390 1852 4450 conspectu

242 4477 472 4534 Domini
501 4478 567 4532 ad
601 4478 802 4532 ostium
834 4475 1171 4532 tabernaculi
1213 4475 1511 4531 testimonii
1549 4493 1562 4531 :
1591 4476 1850 4547 dabitque

1992 610 2270 666 dovtorcm
2291 614 2629 669 meditationi
2658 614 2885 685 spiritali
2913 632 3134 686 operam
3174 618 3325 673 dare.
3356 615 3585 691 Propter

1991 703 2135 772 quod
2170 712 2227 758 ut
2258 707 2594 762 sacerdotem
2646 715 2700 761 et
2733 709 3067 779 magistrum,
3123 709 3442 782 sibimetipsi
3488 728 3582 768 su-

1993 810 2141 848 tncrc
2181 795 2284 849 hoc
2320 796 2644 851 sacriﬁcium
2684 799 2964 869 praecepit,
3007 801 3149 871 quod
3198 802 3248 855 in
3280 803 3388 858 alio
3414 806 3583 861 sacri-

1990 890 2111 944 ﬁcio
2130 891 2230 945 nisi
2256 907 2445 946 rursus
2480 891 2776 948 sacerdotis
2794 893 3024 965 alicujus
3052 894 3213 951 fuerit
3236 913 3297 952 ac
3318 898 3581 969 magistri,

1997 981 2205 1036 dixisse
2239 983 2549 1039 nullatenus
2578 984 2872 1043 invenitur.

2080 1072 2368 1143 Ipsumque
2419 1075 2624 1145 deferre
2663 1076 2885 1141 hostium
2932 1078 2987 1131 in
3014 1078 3203 1132 ostium
3250 1079 3584 1134 tabernaculi

1988 1167 2296 1221 testimonii.
2333 1167 2412 1221 Ad
2445 1168 2813 1238 apostolorum
2843 1170 3099 1226 videlicet
3121 1171 3397 1227 doctrinas
3433 1190 3447 1239 ;
3483 1174 3583 1228 bas

1984 1260 2135 1314 enim
2181 1275 2303 1315 esse
2339 1259 2619 1315 introitum
2642 1270 2781 1326 ,-aut
2827 1279 3014 1318 verum
3060 1264 3468 1321 tabernaculum
3503 1276 3582 1322 tc-

1983 1351 2254 1414 stimonii,
2274 1351 2328 1405 id
2357 1361 2441 1406 est
2465 1352 2853 1409 habitationem
2874 1354 3101 1420 Christi,
3131 1366 3185 1411 et
3205 1359 3578 1414 conversatio-

1982 1459 2131 1508 nem,
2165 1444 2416 1514 superius
2463 1445 2520 1499 in
2549 1435 2840 1500 'sacriliciis
2870 1448 3231 1516 ostendimus,
3261 1459 3319 1505 ut
3346 1452 3412 1506 ad
3444 1467 3579 1522 apo-

1982 1533 2228 1588 stolicam
2260 1534 2625 1590 intentionem
2655 1536 2709 1590 in
2760 1537 2944 1592 futuro
2972 1554 3123 1595 suam
3178 1542 3423 1611 perﬁciat
3475 1544 3580 1597 lin-

1976 1643 2160 1698 guam.
2179 1627 2332 1682 Sicut
2352 1637 2536 1684 autem
2554 1630 2642 1700 qui
2668 1630 2930 1700 peccavit,
2954 1640 3009 1688 et
3024 1633 3313 1689 sacerdotii
3334 1635 3580 1691 habitum

1979 1735 2037 1786 in
2087 1738 2146 1778 se
2190 1723 2524 1779 inﬁrmavit:
2573 1733 2736 1796 atque
2763 1725 3013 1785 ineiﬁcax
3051 1727 3310 1794 reddidit,
3336 1729 3466 1785 dare
3489 1745 3580 1784 sa-

1977 1816 2206 1879 cerdoti,
2238 1824 2295 1872 et
2317 1817 2605 1872 sacerdotii
2647 1818 3013 1875 ministerium
3040 1818 3130 1874 alii
3167 1821 3362 1875 cedere
3390 1821 3581 1892 jussus

1913 1894 1950 1949 υ
1987 1920 2095 1967 est.
2134 1910 2242 1965 Sed
2295 1911 2574 1981 accipiens
2652 1910 2907 1967 sacerdos
2977 1912 3114 1968 duos
3173 1920 3433 1980 turtures,
3484 1923 3581 1969 aut

1969 2002 2107 2058 duos
2140 2002 2316 2074 pullos
2349 2003 2747 2067 columbarum,
2783 2002 2911 2072 quid
2943 2001 3119 2058 facit?

2042 2094 2211 2149 Unum
2254 2093 2386 2163 facit
2422 2109 2520 2163 pro
2549 2102 2782 2160 peccato,
2826 2101 2873 2147 ct
2902 2110 3067 2155 unum
3092 2094 3147 2148 in
3193 2096 3574 2164 boloraustum,

1971 2186 2044 2241 Ut
2080 2185 2185 2240 hoc
2219 2183 2443 2254 quidem
2477 2184 2729 2239 sacriﬁcii
2761 2184 2828 2241 ad
2846 2184 3183 2242 ablutionem
3208 2189 3352 2258 ejus,
3379 2203 3578 2244 eorum

1969 2292 2091 2348 quae
2108 2276 2355 2348 peccavit
2383 2276 2436 2330 in
2465 2274 2712 2351 doctrina
2735 2276 3146 2331 contradicente
3168 2277 3271 2349 legi
3294 2278 3574 2348 proﬁciat:

1974 2368 2107 2424 illud
2136 2379 2316 2423 autent
2345 2368 2415 2425 ad
2471 2358 2748 2438 sapienter
2773 2371 3208 2425 conversandum
3264 2372 3321 2427 in
3349 2372 3571 2441 futuro;

1983 2460 2151 2528 hujus
2189 2460 2337 2514 enim
2368 2472 2454 2516 est
2481 2460 2695 2532 signum
2727 2461 2784 2516 in
2813 2461 3214 2519 holocaustum.

2028 2552 2094 2606 Et
2125 2552 2201 2613 sic
2227 2551 2596 2619 deprecabitur
2624 2568 2723 2619 pro
2754 2568 2812 2606 eo
2842 2555 3083 2608 sacerdos
3106 2570 3292 2609 coram
3320 2554 3572 2623 Domina,

1979 2653 2036 2696 ut
2081 2643 2395 2697 enmndetur
2432 2660 2465 2696 a
2490 2644 2643 2712 ﬂuxu
2699 2644 2915 2698 seminis
2960 2645 3063 2699 sui.
3101 2643 3211 2700 Nec
3234 2646 3378 2701 enim
3411 2646 3574 2701 aliter

1970 2737 2256 2813 quisquam
2280 2734 2690 2792 mundationem
2714 2751 2898 2790 coram
2923 2737 3150 2794 Domino
3173 2738 3351 2795 facere
3368 2750 3570 2810 potest,

1972 2828 2024 2883 id
2055 2838 2139 2883 est
2169 2826 2475 2883 secundum
2512 2825 2874 2892 voluntatem,
2900 2834 2955 2881 et
2995 2827 3168 2899 legem
3203 2828 3322 2895 Dei,
3361 2829 3467 2883 nisi
3505 2830 3572 2885 de

1979 2921 2065 2977 his
2100 2937 2222 2995 quae
2263 2919 2513 2990 peccavit
2558 2920 2861 2989 paenitens,
2887 2929 2944 2975 et
2987 2935 3086 2991 per
3130 2921 3399 2978 sacriﬁcia
3426 2938 3560 2979 ora-

1973 3011 2183 3072 tionum
2229 3009 2593 3074 satisfaciens,
2650 3019 2951 3080 posteaque
2994 3021 3149 3067 recte
3203 3012 3455 3080 vivendo,
3507 3032 3570 3069 ac

1973 3101 2216 3174 perfecte
2262 3101 2548 3172 sapiendo.
2617 3099 2760 3173 Ergo
2809 3100 2903 3171 qui
2944 3119 3169 3158 suorum
3220 3116 3568 3176 peccatorum

1973 3192 2420 3249 emundationem
2459 3190 2567 3247 alio
2616 3192 2786 3248 modo
2825 3193 3056 3264 peragit,
3095 3210 3195 3265 pro
3237 3196 3340 3251 hoc
3380 3213 3566 3254 coram

1964 3283 2195 3341 Domino
2225 3300 2337 3340 non
2364 3294 2585 3356 rogatur
2609 3302 2622 3337 :
2648 3299 2824 3356 neque
2848 3284 2995 3340 enim
3016 3286 3136 3357 ejus
3155 3289 3569 3347 mundationcnt

1961 3377 2193 3447 suscipit
2220 3378 2382 3443 Deus,
2417 3376 2513 3431 sed
2543 3392 2646 3432 nec
2670 3392 2766 3432 eos
2792 3377 2886 3449 qui
2920 3394 3019 3448 pro
3051 3395 3120 3435 eo
3147 3378 3391 3437 ofl‘erunt
3440 3401 3567 3455 pre-

1961 3480 2073 3520 ces.
2097 3464 2461 3538 Quamobrem
2483 3465 2598 3521 sive
2623 3466 2692 3522 ad
2711 3467 3016 3522 doctrinam
3037 3471 3159 3540 quis
3190 3471 3565 3547 incongruam,

1959 3558 2076 3613 sive
2106 3558 2176 3613 ad
2203 3557 2369 3613 vitam
2397 3555 2622 3613 deﬂuxit
2647 3559 2866 3624 malam,
2892 3559 3007 3615 sive
3057 3572 3369 3636 utrumque,
3402 3568 3564 3624 simul

1958 3665 2152 3721 preces
2179 3650 2481 3718 eﬁ'undere,
2501 3650 2800 3706 secundum
2851 3652 2996 3722 quod
3023 3653 3229 3711 dictum
3266 3666 3350 3713 est
3378 3675 3562 3717 coram

1962 3741 2216 3808 Domino,
2239 3742 2333 3815 qui
2371 3742 2538 3799 habet
2576 3744 2631 3798 in
2675 3754 2949 3815 potestate
2990 3747 3273 3805 dimittere
3315 3763 3559 3822 peccata,

1958 3833 2203 3889 festinet.
3174 3907 3179 3911 θ

2031 3925 2195 3982 Vens.
2228 3927 2323 3983 16.
2373 3946 2392 3980 ι
2430 3928 2524 3984 Vir
2552 3928 2619 3984 de
2650 3944 2765 4001 quo
2793 3929 3103 4002 egredietur
3128 3947 3316 3988 semen
3358 3935 3559 4003 coitus,

1955 4017 2158 4075 lavabit
2202 4035 2343 4092 aqua
2368 4036 2533 4077 omne
2558 4036 2762 4093 corpus
2789 4038 2973 4089 suum,
3005 4031 3061 4079 et
3084 4024 3403 4083 immundus
3454 4030 3563 4084 crit

1955 4128 2128 4184 usque
2148 4113 2218 4169 ad
2231 4128 2537 4184 vesperam,
2559 4112 2781 4169 Vestem
2798 4123 2854 4169 et
2877 4115 3074 4185 pellem
3111 4132 3272 4186 quam
3303 4110 3562 4175 habuerit

1956 4195 2160 4251 lavabit
2200 4211 2364 4268 aqua,
2408 4205 2464 4252 et
2493 4196 2775 4253 immunda
2809 4197 2916 4253 erit
2942 4214 3114 4269 usque
3157 4200 3224 4256 ad
3248 4217 3558 4272 vesperam.

1955 4287 2147 4358 Meller
2175 4304 2301 4345 cum
2330 4305 2438 4360 qua
2465 4289 2679 4356 coierit,
2713 4289 2984 4346 lavabitur
3003 4306 3166 4362 aqua,
3190 4303 3246 4346 et
3274 4292 3557 4350 immunda

1952 4381 2059 4437 erit
2081 4396 2252 4453 usque
2278 4382 2349 4437 ad
2377 4396 2682 4453 vesperam.
2724 4401 2743 4434 ο
3016 4394 3019 4397 λ

2024 4472 2402 4529 Necessariam
2445 4473 2649 4528 habere
2697 4472 3166 4547 regenerationem
3210 4474 3560 4546 baptismatis

236 4585 346 4625 eos
394 4568 684 4635 sacerdoti,
735 4568 828 4638 qui
858 4566 1023 4622 faciet
1066 4582 1239 4622 unum
1273 4582 1374 4637 pro
1403 4574 1656 4637 peccato,
1681 4567 1844 4621 etal-
1885 4591 1924 4644 υ
1956 4566 2258 4621 humanum
2294 4580 2487 4637 genus,
2535 4564 2651 4635 ipse
2700 4565 2966 4620 Dominus
3013 4567 3274 4632 ostendit,
3323 4568 3554 4623 dicens:

246 4670 434 4718 terum
465 4661 520 4715 in
589 4660 993 4725 holocaustum,
1031 4658 1354 4730 rogabitque
1410 4674 1510 4730 pro
1548 4673 1615 4713 eo
1666 4674 1851 4714 coram

246 4756 507 4819 Domino,
537 4752 942 4809 utemundetur
964 4767 996 4807 a
1016 4750 1162 4806 lluxu
1192 4751 1418 4808 seminis
1445 4751 1552 4806 sui.
1600 4770 1619 4802 ι

318 4848 429 4915 Qui
457 4857 668 4918 septem
685 4845 803 4901 dies
821 4844 1133 4899 numerabit
1159 4844 1286 4908 sibi,
1309 4843 1363 4899 id
1393 4852 1480 4899 est
1501 4843 1858 4914 Operationcs

245 4941 501 5011 spiritus,
546 4939 634 4994 hic
676 4946 870 4993 octava
910 4937 1019 5003 die,
1069 4937 1120 4991 id
1151 4944 1237 4992 est
1286 4936 1341 4990 in
1378 4935 1550 5007 gratia
1600 4935 1855 4991 videlicet

246 5031 478 5098 Christi,
517 5044 641 5100 quae
677 5035 866 5084 octava
911 5026 1001 5080 die
1028 5025 1447 5083 resurrectionis
1495 5024 1713 5090 enituit,
1744 5039 1845 5080 seu

247 5125 468 5190 claruit,
482 5119 1020 5179 sacriﬁciumoﬁ'erre
1042 5118 1233 5191 jussus
1249 5128 1351 5176 est.
1377 5117 1533 5186 Quod
1557 5128 1642 5174 est
1661 5127 1845 5173 autem

250 5219 359 5273 hoc
387 5216 742 5272 sacriﬁcium.

323 5307 524 5387 ld'est,
551 5308 681 5361 duos
713 5314 961 5369 turtures,
991 5312 1088 5359 aut
1108 5303 1239 5358 duos
1262 5302 1436 5374 pullos
1459 5302 1843 5358 columbarum.

251 5400 488 5472 Dignum
517 5398 725 5453 esthoc
748 5396 1062 5453 doctoribus
1114 5395 1477 5463 sacriﬁcium;
1518 5410 1581 5450 ex
1623 5394 1845 5450 alitibus

252 5493 401 5548 enim
450 5498 578 5546 sant
622 5491 739 5545 haec
774 5489 1054 5544 animalia.
1088 5487 1155 5544 Et
1206 5488 1428 5559 quidem
1475 5496 1654 5542 turtur
1690 5489 1845 5558 quasi

255 5582 661 5641 meditatorium
701 5591 784 5637 est
822 5582 1023 5638 animal
1056 5599 1071 5649 ;
1100 5582 1351 5638 columba
1400 5591 1582 5636 autem
1626 5590 1850 5651 propter

257 5674 554 5751 generandi
612 5674 1003 5745 frequentiam,
1054 5685 1113 5730 et
1164 5685 1386 5746 propter
1441 5674 1848 5744 simplicitatem

353 5879 375 5912 ⁸
402 5877 516 5933 lsa.
549 5892 630 5944 1t,
654 5876 709 5931 Ξ.
834 5879 855 5910 ⁵
878 5876 1038 5933 Joan.
1069 5892 1168 5943 vn,
1200 5876 1291 5935 38.
1407 5875 1427 5907 '
1457 5872 1618 5929 Jcan.
1652 5890 1726 5941 tv,
1764 5874 1848 5931 li.

1962 4659 2085 4713 Nisi
2114 4659 2231 4731 quis
2262 4667 2478 4714 renatus
2503 4659 2665 4731 fuerit
2695 4674 2834 4728 aqua
2871 4668 2920 4712 et
2955 4659 3166 4727 spiritu,
3199 4676 3305 4713 non
3334 4661 3558 4715 intrabit

1962 4751 2017 4805 in
2049 4767 2267 4823 regnum
2319 4750 2569 4805 caelorum
2591 4752 2633 4806 ⁷.
2664 4749 2837 4820 Cujus
2869 4752 3126 4821 equidem
3156 4753 3336 4809 sordis
3364 4754 3421 4809 in
3457 4770 3559 4809 no-

1960 4842 2125 4898 biscx
2150 4843 2321 4897 Adam
2349 4842 2718 4899 inohedicntia
2738 4853 2819 4899 cst
2842 4843 3136 4911 transfusa,
3150 4846 3294 4901 unde
3311 4855 3367 4902 et
3387 4845 3555 4904 David

1958 4932 2015 4987 in
2066 4933 2447 5004 iniquitatibus
2492 4949 2551 4989 se
2594 4942 2806 4999 natum,
2853 4933 2998 4990 etin
3041 4936 3283 5005 peccatis
3320 4940 3558 4994 asseruit

1956 5042 2080 5083 esse
2109 5036 2458 5099 conceptum,
2491 5042 2602 5083 non
2633 5037 2866 5084 matrem
2904 5043 3061 5082 suam
3087 5044 3355 5085 accusans
3374 5030 3418 5095 ⁸,
3455 5030 3553 5085 sed

1954 5128 2242 5191 peccatum
2298 5119 2560 5185 innucns,
2602 5120 2748 5191 quod
2808 5120 3056 5177 decurrit
3105 5137 3174 5176 ex
3224 5137 3448 5194 genere.
3486 5124 3555 5179 Et

1952 5230 2105 5269 nunc
2137 5213 2416 5285 legislator
2448 5228 2599 5280 eum,
2651 5204 2729 5269 de
2749 5228 2861 5285 quo
2912 5228 3101 5270 semen
3130 5214 3412 5287 egreditur
3434 5215 3553 5270 coi-

1954 5315 2062 5373 tus,
2093 5307 2147 5362 id
2171 5314 2256 5361 est
2282 5321 2407 5361 eum
2429 5306 2521 5377 qui
2556 5321 2655 5372 pro
2677 5307 2800 5362 ﬁliis
2821 5306 3177 5377 procreandis
3201 5320 3388 5361 semen
3416 5307 3556 5361 eﬁ‘n—

1955 5400 2058 5466 dit,
2088 5400 2184 5456 sed
2216 5407 2271 5454 et
2314 5398 2602 5454 mulierem
2648 5415 2772 5470 qua:
2809 5399 3073 5470 suscepit,
3138 5399 3320 5453 lavare
3350 5413 3554 5469 corpus

1958 5490 2227 5561 praecepit
2270 5489 2342 5544 ob
2396 5488 2525 5553 hoc,
2586 5490 2716 5559 quia
2764 5504 2955 5544 semen
2984 5488 3246 5558 suscepit,
3277 5501 3379 5558 per
3406 5487 3554 5557 quod

1959 5584 2065 5638 hoc
2099 5582 2363 5653 templum
2396 5590 2651 5636 nostrum
2695 5588 2891 5649 totum,
2938 5580 2994 5636 id
3022 5588 3124 5645 est,
3157 5580 3370 5651 integer
3390 5580 3556 5635 homo

1961 5672 2293 5729 describitur
2339 5686 2406 5727 ex
2440 5672 2621 5726 anima
2668 5679 2726 5726 et
2768 5683 3021 5752 corpore.
3082 5666 3554 5737 Quemadmodum

1963 5874 1983 5905 "
2011 5872 2167 5929 Joan.
2208 5889 2289 5939 tu,
2334 5874 2388 5929 3.
2499 5872 2520 5903 ⁸
2552 5868 2698 5925 Psal.
2731 5885 2782 5936 ι,
2806 5867 2860 5924 5.
