3992 6446
451 466 561 530 975

1655 461 1705 521 Il
1719 462 2017 525 ESYCIIII
2056 466 2534 530 PRESBYTERI

3625 476 3723 541 916

437 596 567 651 ergo
622 578 865 634 animam
904 576 1086 632 divina
1125 573 1406 643 Scriptura
1465 572 1701 643 appellat
1745 589 1896 637 eum,
1944 577 2036 644 qui
2069 586 2108 638 Α
2140 590 2247 643 ctu,
2307 589 2361 634 et
2418 584 2647 641 semine.
2705 601 2768 637 ex
2834 601 2943 654 quo
2992 601 3163 657 genus
3215 598 3456 645 accusat.
3490 588 3611 644 Non
3646 603 3729 647 est

438 683 518 727 est
555 687 619 727 ex
654 673 834 725 anima
894 678 951 724 et
979 684 1226 738 corpore,
1268 668 1581 720 hominem:
1623 666 1768 721 sicut
1802 668 2026 736 quando

436 763 605 818 dicit:
675 761 949 817 Descendit
1002 758 1169 812 Jacab
1215 759 1272 811 in
1328 756 1558 827 Egypto
1607 758 1663 810 in
1689 759 2027 843 septuaginta

436 857 665 925 quinque
692 853 1034 916 animabus";
1073 852 1151 905 sic
1184 866 1383 919 corpus
1426 842 1615 904 rn'rsus
1641 858 1815 904 totum
1843 842 2030 918 appel-

438 951 550 1000 lare
584 946 861 1001 hominem
892 942 1196 998 consuevit.
1228 941 1383 1007 Quod
1413 941 1822 997 ostendit-Lber
1851 941 2029 997 Gene-

435 1043 512 1096 sis
535 1040 737 1109 Joseph
788 1038 1065 1092 frumenta
1094 1036 1437 1089 ministrasse
1468 1034 1748 1099 fratribus,
1780 1049 1877 1103 per
1905 1048 2029 1087 cor-

435 1148 567 1204 pora
616 1132 828 1186 dicens.
859 1127 996 1196 Quia
1038 1140 1219 1222 alitem
1256 1124 1509 1180 sordidus
1543 1125 1773 1179 effectus
1808 1139 1901 1194 per
1943 1123 2032 1177 in-

433 1224 805 1280 obedientiam
828 1222 997 1274 Adam
1027 1216 1308 1275 sordidum
1328 1232 1447 1273 esse
1475 1216 1638 1271 etiam
1660 1230 1845 1271 semen
1870 1229 2028 1268 suum

434 1320 597 1373 fecit:
629 1315 1049 1386 necessariequc
1086 1327 1289 1382 corpus
1319 1310 1602 1365 sordidum
1636 1318 1741 1374 est,
1774 1323 1841 1362 eo
1882 1305 2028 1377 quod

430 1429 493 1466 es
518 1410 729 1466 semine
756 1406 1005 1478 procedit
1042 1406 1096 1458 in
1122 1419 1231 1473 quo
1267 1402 1610 1456 immundum
1640 1409 1723 1455 est
1765 1414 1937 1468 usque
1960 1396 2028 1451 ad

432 1516 741 1573 vesperam,
775 1500 827 1553 id
865 1507 951 1552 est
980 1495 1167 1550 szecnli
1208 1493 1401 1549 linem:
1450 1493 1576 1561 quia
1623 1493 1676 1545 in
1707 1491 1813 1545 ﬁne
1853 1506 2029 1545 Siet-uo

433 1599 608 1650 lorum
640 1592 895 1647 Christus
934 1588 1163 1643 veniens
1203 1586 1446 1640 ostendit
1474 1600 1693 1655 aquam,
1720 1599 1824 1652 qua
1857 1598 2029 1652 genus

431 1697 682 1741 nostrum
710 1682 1105 1737 mundaretur:
1152 1685 1203 1731 et
1244 1676 1369 1746 quia
1415 1675 1820 1745 permansimus
1853 1688 2028 1741 usque

435 1787 565 1830 tunc
592 1773 883 1837 immundi,
916 1771 1180 1840 probatur
1209 1783 1272 1822 ex
1297 1782 1364 1821 eo
1394 1766 1539 1836 quod
1576 1774 1629 1819 et
1651 1764 1704 1817 hi
1758 1764 1853 1833 qui
1892 1779 2027 1817 nec-

432 1869 562 1921 dum
621 1870 1007 1936 peccaverunt,
1051 1860 1102 1914 id
1146 1867 1250 1919 cst,
1313 1859 1367 1911 in
1396 1866 1558 1910 ictate
1586 1855 1801 1909 inﬁrma
1829 1854 2031 1911 consti-

2133 682 2315 725 autem
2381 675 2725 740 admirabile,
2762 677 2805 730 si
2839 678 3114 744 mulieres,
3170 697 3294 750 qua:
3350 697 3461 735 non
3491 684 3723 738 ﬁliorum

2132 765 2325 832 gratia,
2370 764 2463 820 sed
2527 777 2751 837 pmpter
2803 785 2934 824 usus
2973 771 3367 841 turpitudinem
3415 790 3546 828 eum
3599 776 3726 829 viris

2137 857 2405 937 habitant,
2442 871 2648 914 vestem
2678 870 2733 915 et
2763 862 2959 931 pellem
3012 863 3317 936 intelligere
3351 865 3724 937 legislatorum

2131 928 2369 1001 diximus
2394 966 2406 1001 :
2439 950 2751 1006 vestimenti
2781 951 2950 1020 enim,
2982 965 3037 1009 et
3064 954 3121 1009 in
3150 956 3295 1011 malo
3323 957 3536 1029 aliquo,
3565 967 3729 1029 atque

2130 1045 2321 1089 contra
2376 1037 2573 1108 legem,
2613 1055 2772 1095 usum
2802 1041 2856 1095 in
2894 1042 3084 1098 divina
3118 1043 3404 1116 Scriptura
3439 1059 3726 1120 acceptum

2133 1128 2374 1190 invenis,
2409 1132 2553 1185 sicut
2585 1132 2751 1187 David
2777 1133 2914 1189 dicit
2940 1151 2954 1187 :
2998 1135 3068 1189 Et
3105 1137 3281 1191 induit
3310 1155 3367 1193 se
3398 1140 3730 1196 maledictio-

2133 1236 2249 1273 nem
2277 1221 2412 1274 sicut
2443 1224 2808 1279 vestimentum
2829 1226 2893 1279 ".
2936 1227 3004 1282 Et
3037 1244 3264 1284 rursus:
3304 1229 3616 1286 Induantur
3642 1234 3730 1305 qui

2132 1310 2414 1364 detrahunt
2454 1314 2580 1366 mihi
2616 1318 2903 1370 reverentia
2930 1317 2993 1371 ¹³.
3047 1318 3213 1373 Pellis
3264 1330 3451 1375 autem
3502 1328 3728 1393 quando

2131 1401 2333 1470 aliquid
2384 1405 2511 1458 boni
2560 1406 2848 1477 signiﬁcat,
2893 1419 3023 1463 tunc
3067 1426 3180 1465 non
3230 1412 3556 1482 simpliciter
3608 1416 3725 1485 ipsa

2135 1495 2313 1562 pellis,
2341 1496 2436 1551 sed
2471 1499 2669 1567 pellem
2700 1501 2767 1553 ad
2802 1515 2942 1570 opus
2971 1512 3154 1572 aptam
3197 1503 3477 1575 legislator
3507 1506 3644 1573 edit,
3672 1521 3731 1563 et

2134 1587 2238 1640 hoc
2268 1589 2412 1656 quod
2442 1588 2647 1645 factum
2700 1591 2868 1647 fuerit
2897 1607 3038 1662 opus
3070 1609 3137 1648 ex
3167 1611 3255 1659 ea,
3288 1606 3385 1650 aut
3409 1598 3557 1668 quod
3586 1598 3728 1654 ﬁen-

2130 1678 2260 1735 dum
2290 1690 2374 1734 est
2403 1698 2466 1737 ex
2503 1682 2639 1752 ipsa,
2676 1700 2774 1753 per
2802 1702 2921 1739 eam
2941 1687 3299 1743 demonstrat.
3328 1691 3487 1745 Nunc
3512 1700 3730 1756 autem,

2131 1772 2257 1840 quia
2311 1773 2415 1827 hoc
2465 1790 2575 1828 non
2611 1776 2766 1841 dixit,
2810 1793 2989 1847 neque
3041 1780 3095 1833 in
3132 1782 3404 1838 sacriﬁcio
3440 1785 3605 1854 pellis
3635 1802 3729 1841 as‘

2132 1873 2350 1933 surrupta
2404 1876 2507 1928 est,
2542 1867 2684 1922 sicut
2733 1883 2859 1922 cum
2906 1871 3220 1927 decoriatus
3252 1873 3639 1930 holocaustum
3673 1880 3728 1931 in

434 1959 557 2021 tuti,
605 1957 947 2029 signaculum
993 1950 1250 2023 baptismi
1284 1950 1659 2003 necessarium
1692 1949 1920 2013 habent,
1959 1963 2027 2002 ne
2063 1954 2102 2007 Β
2131 1955 2488 2027 incongruam
2538 1962 2976 2016 commistionem
3015 1964 3251 2032 positum
3292 1977 3395 2021 est.
3449 1967 3567 2023 Non
3597 1985 3731 2041 ergo

431 2058 574 2112 forte
620 2064 796 2109 morte
839 2047 1262 2122 superveniente
1294 2044 1500 2100 sordidi
1534 2054 1816 2103 transeant
1854 2063 1868 2097 :
1904 2060 2024 2099 sor-

430 2154 553 2207 dem
582 2166 703 2221 qure
746 2164 812 2204 ex
850 2146 1018 2201 Adam
1044 2141 1348 2205 descendit,
1381 2139 1434 2193 in
1458 2138 1775 2209 semetipsis
1813 2138 2024 2192 haben-

432 2254 533 2307 tes,
569 2254 622 2297 et
664 2250 952 2312 propterea
994 2252 1104 2291 non
1165 2235 1412 2288 valentes
1442 2232 1507 2313 in
1555 2246 1782 2302 regnum
1819 2231 2025 2284 intrare

428 2336 714 2391 caelorum.
777 2331 1017 2394 Vestem,
1063 2336 1120 2383 et
1184 2328 1381 2398 pellem
1429 2341 1592 2396 quam
1641 2326 1846 2381 habent
1897 2341 2025 2380 cum

430 2439 662 2495 coeunt,
700 2425 955 2480 videlicet
984 2421 1268 2477 immunda
1310 2434 1452 2482 esse,
1487 2428 1543 2473 et
1577 2417 1744 2473 lavari
1798 2416 2021 2479 debere,

427 2524 660 2577 duarum
690 2534 874 2574 rerum
908 2513 1169 2587 praecepit
1218 2513 1391 2584 gratia
1431 2531 1442 2565 :
1480 2526 1606 2565 nam
1651 2510 1902 2566 extendit
1942 2509 2023 2564 le-

425 2632 548 2689 gem
601 2621 766 2686 atque
816 2609 1151 2671 manifestat,
1178 2614 1442 2678 quantum
1480 2620 1683 2675 corpus
1720 2605 2024 2658 humanum

425 2716 651 2779 propter
701 2718 867 2759 unam
924 2700 1356 2759 inobedientiam
1416 2695 1700 2751 sordidum
1765 2695 1839 2749 sit
1877 2693 2023 2749 eﬁ‘e-

426 2813 612 2866 etum,
674 2808 736 2855 ut
788 2798 953 2853 etiam
1016 2794 1359 2850 insensibilia
1419 2808 1486 2846 ex
1543 2791 1627 2846 eis
1678 2790 2019 2861 polluantur.

426 2894 636 2951 Deinde
663 2908 762 2964 per
803 2892 921 2946 hrcc
961 2887 1281 2946 manifestas
1312 2884 1443 2941 facit
1473 2883 1752 2947 mulieres,
1793 2898 1916 2953 quae
1956 2882 2016 2935 li-

426 2986 631 3043 bidinis
667 2999 854 3049 causa,
896 2979 1030 3037 viris
1061 2979 1128 3034 ad
1162 2977 1454 3049 quemdam
1484 2973 1839 3045 temporalem
1871 2988 2023 3029 com-

424 3046 737 3135 miscentur2
783 3087 966 3138 usum,
1021 3046 1237 3144 qualem
1299 3066 1477 3121 solent
1527 3065 1849 3120 vestimenta
1882 3079 2021 3135 prte-

424 3174 557 3226 bere
611 3168 948 3233 hominibus,
1012 3164 1155 3219 sicut
1205 3171 1261 3216 et
1295 3159 1488 3215 abusio
1528 3158 1748 3231 pellium
1788 3159 2022 3229 qumin-

427 3272 683 3320 veterane
709 3260 901 3337 projici
933 3257 1132 3313 solent.
1164 3254 1301 3308 Nam
1339 3261 1394 3307 et
1434 3251 1647 3306 illarum
1679 3251 2020 3308 consuetudo

2131 2063 2229 2117 per
2254 2058 2485 2103 stratum
2514 2052 2758 2113 seminis,
2794 2053 2843 2105 id
2876 2061 2961 2106 est
2989 2070 3087 2123 per
3122 2058 3328 2112 coitum
3371 2058 3628 2130 legalem,
3658 2080 3728 2117 ex

2129 2155 2238 2209 quo
2291 2157 2476 2196 semen
2524 2142 2777 2210 efﬁcitur,
2821 2147 3019 2215 pellem
3061 2149 3281 2217 polluit,
3333 2160 3431 2205 aut
3465 2154 3728 2222 perfundi

2127 2229 2297 2291 dixit:
2350 2233 2660 2287 necessarie
2695 2249 2823 2305 ergo
2868 2250 2988 2290 eam
3025 2253 3133 2306 qua
3161 2240 3283 2307 quis
3315 2241 3567 2296 abutitur
3602 2260 3729 2297 mu-

2127 2323 2338 2388 lierem,
2372 2325 2568 2393 pellem
2604 2326 2886 2382 intellexit.
2916 2329 3052 2384 Illud
3086 2340 3269 2386 tamen
3294 2334 3503 2404 ubique
3538 2347 3731 2391 custo-

2127 2416 2229 2482 dis,
2271 2418 2396 2487 quia
2427 2418 2494 2473 ad
2527 2419 3017 2475 sanetilicationem
3046 2432 3102 2476 ct
3131 2424 3461 2490 castitatem,
3499 2424 3730 2481 ,1υάωο-

2129 2525 2249 2563 rum
2289 2525 2461 2582 genus
2506 2511 2782 2583 legislator
2835 2514 3081 2579 trahens,
3115 2516 3281 2569 nimis
3311 2518 3459 2572 enim
3495 2520 3727 2588 quidam

2127 2619 2317 2657 eorum
2347 2604 2578 2660 luxuriae
2612 2606 2946 2671 serviebant,
2976 2609 3089 2662 hinc
3122 2619 3311 2664 contra
3344 2625 3441 2666 eos
3472 2612 3567 2681 qui
3598 2629 3731 2682 qua-

2128 2695 2478 2766 litereunque
2520 2698 2812 2753 effundunt
2844 2715 3052 2768 semen,
3101 2713 3155 2757 et
3194 2719 3289 2759 eos
3316 2707 3407 2774 qui
3452 2707 3573 2762 haec
3607 2719 3730 2761 tan-

2125 2797 2261 2859 gunt
2289 2789 2356 2844 ad
2385 2790 2855 2855 emundationem.
2884 2794 2933 2848 ei
2962 2795 3287 2866 praecipiens
3320 2808 3380 2852 ut
3415 2801 3614 2855 saltem
3646 2800 3730 2856 sic

2126 2881 2259 2935 casti
2301 2880 2671 2945 efﬁcerentur,
2720 2893 2775 2939 et
2828 2885 3122 2943 luxuriosis
3171 2889 3516 2948 abstinerent
3568 2909 3730 2948 com-

2126 2972 2494 3040 mistionibus,
2532 2974 2753 3031 fastidio
2783 2976 2987 3033 laboris
3039 2978 3416 3051 frequentium
3469 2986 3730 3055 puriﬁca-

2126 3067 2356 3121 tionum.
2387 3068 2536 3122 lianc
2558 3069 2704 3123 enim
2731 3070 3094 3126 intentionem
3120 3074 3427 3128 secundum
3454 3075 3722 3145 litteram,

2124 3159 2259 3213 etin
2303 3160 2767 3230 subsequentibus
2812 3162 2898 3216 lex
2932 3163 3117 3229 habet,
3152 3163 3279 3219 licet
3320 3165 3531 3236 aliquid
3571 3168 3727 3223 aliud

2125 3249 2427 3304 secundum
2463 3249 2719 3320 spiritum
2772 3251 2970 3323 signet,
3008 3253 3155 3307 sicut
3201 3254 3318 3325 ipse
3363 3258 3728 3327 expositurus

424 3363 803 3412 vcterascente
830 3350 1071 3407 amicitia
1125 3347 1423 3417 respuitur,
1457 3354 1621 3414 atque
1653 3345 1705 3398 in
1751 3358 1904 3399 more
1927 3358 2018 3398 ve-
2047 3340 2089 3395 C
2123 3357 2266 3407 sum,
2326 3342 2452 3412 quia
2483 3358 2587 3397 nec
2634 3344 2834 3414 ipsum,
2877 3345 2970 3414 qui
3008 3346 3096 3400 hic
3138 3354 3243 3411 est,
3296 3348 3604 3418 spiritalem
3634 3351 3724 3405 in-

424 3452 829 3511 stiuu-ntorum,
856 3462 954 3502 seu
987 3442 1207 3515 pellium
1240 3446 1629 3502 commutatur,
1661 3452 1840 3506 neque
1870 3436 2016 3490 enim

424 3558 643 3612 semper
672 3555 796 3595 cum
853 3537 933 3593 eis
985 3536 1199 3596 vivunt,
1269 3547 1393 3586 cum
1451 3530 1649 3596 quibus
1708 3527 2019 3583 inordinate

425 3634 821 3689 concumbunt.
857 3628 972 3684 lloc
1001 3643 1131 3699 ergo
1163 3625 1326 3681 modo
1369 3623 1740 3693 intelligentes
1771 3621 2020 3675 Mosaicae

426 3726 560 3797 legis
587 3725 773 3787 verba,
800 3720 1098 3776 maximum
1125 3733 1191 3773 ex
1217 3716 1580 3787 eisijuvamcn
1604 3712 1874 3783 capimus,
1913 3721 1969 3766 et
1989 3727 2019 3765 a

427 3824 561 3893 legis
584 3819 888 3891 quaestione
927 3814 1283 3887 quiescimus.
1326 3811 1437 3866 Nec
1462 3809 1870 3882 reprehendere
1896 3823 2017 3864 eam

425 3929 741 3989 possumus,
798 3920 858 3966 ut
894 3908 1171 3981 superflue
1204 3905 1545 3976 punientem,
1596 3912 1652 3957 et
1688 3903 1755 3957 de
1787 3900 1875 3955 his
1903 3901 2020 3993 exi-

410 3998 643 4083 gentem
670 4018 910 4077 pinnam,
941 4017 1063 4072 quas
1091 4002 1148 4057 in
1177 4009 1367 4055 nostra
1410 3993 1689 4051 voluntate
1722 4009 1832 4048 non
1858 4000 2015 4047 sunt:

423 4103 600 4156 ﬂuxus
628 4099 772 4153 enim
799 4095 1027 4151 seminis
1052 4108 1163 4148 non
1192 4108 1257 4147 ex
1289 4102 1475 4145 nostra
1506 4088 1692 4147 evenit
1715 4087 2015 4163 voluntate.

422 4193 518 4249 sed
563 4200 620 4246 et
650 4205 716 4243 ex
746 4187 1062 4242 infirmitate
1110 4183 1399 4253 contingit.
1437 4178 1650 4232 Rursus
1682 4175 1859 4229 virum
1903 4191 2019 4230 mu-

422 4281 544 4335 lieri
574 4279 872 4342 cohaerere,
930 4284 985 4331 et
1026 4269 1259 4330 muliere
1287 4273 1426 4336 viro,
1458 4266 1740 4337 compellit
1772 4266 2017 4319 naturale

423 4374 784 4437 consortium,
807 4378 862 4426 et
892 4369 986 4426 Dei
1014 4366 1260 4423 deﬁnitio
1282 4379 1404 4434 qu-.e
1426 4362 1499 4417 ait
1531 4379 1544 4415 :
1574 4358 1847 4427 Belinquet
1864 4359 2017 4412 homo

422 4475 628 4538 patrem
651 4473 700 4519 et
730 4472 975 4529 matrem,
1027 4469 1076 4514 et
1130 4455 1418 4514 adhrerebit
1445 4452 1600 4508 uxori
1630 4466 1761 4513 sum,
1793 4458 1840 4503 el
1863 4458 2017 4503 erunt

419 4562 526 4621 duo
549 4559 605 4611 in
621 4573 781 4611 carne
811 4555 1001 4609 una”.
1024 4549 1166 4607 Nam
1209 4549 1312 4604 etsi
1349 4546 1481 4602 Athe
1515 4545 1633 4599 hinc
1663 4542 1829 4599 verba
1866 4551 2014 4605 sunt,

421 4665 602 4706 tamen
623 4667 689 4705 ex
714 4649 902 4704 divino
926 4648 1045 4702 hzcc
1074 4644 1209 4700 dixit
1235 4640 1466 4713 Spiritu.
1495 4638 1650 4694 Unde
1674 4646 1729 4691 et
1763 4635 2017 4691 Christus

414 4743 634 4811 quando
680 4740 962 4795 Pharisato
1016 4753 1124 4793 non
1170 4731 1527 4790 dimittendas
1576 4728 1837 4785 mulieres
1864 4727 2015 4783 dice-

415 4838 529 4898 bat,
558 4837 761 4890 horum
804 4848 924 4903 qua:
963 4844 1109 4884 nunc
1139 4827 1378 4883 diximus
1413 4824 1735 4878 memoriam
1777 4821 2010 4885 faciens,

412 4930 482 4983 ad
533 4930 702 4984 Deum
729 4942 816 4992 ea,
861 4925 1004 4980 sicut
1041 4923 1109 4978 ab
1142 4937 1209 4976 eo
1238 4919 1405 4981 dicta,
1462 4915 1669 4981 retulit,
1717 4915 1791 4970 ait
1818 4915 1960 4970 enim
1995 4931 2006 4967 :

411 5022 515 5087 Qui
544 5022 607 5075 ab
634 5020 788 5075 initio
826 5018 948 5090 fecit
981 5012 1275 5075 masculum
1323 5020 1377 5066 et.
1404 5010 1658 5081 feminam
1707 5008 1829 5078 fecit
1865 5006 2003 5071 illos,

411 5127 459 5167 et
487 5113 657 5167 dixit:
696 5109 984 5179 Propterea
1026 5107 1281 5176 relinquet
1340 5103 1494 5156 homo
1525 5109 1754 5168 patrem.
1796 5107 1844 5153 et
1890 5116 2007 5151 ma-

408 5219 564 5268 trem,
593 5214 643 5259 et
671 5200 955 5258 ado'uzrebit
1000 5198 1154 5253 uxori
1220 5196 1411 5250 sine”.
1466 5193 1609 5263 Ergo
1641 5208 1749 5245 non
1784 5206 2001 5260 pwnam

407 5314 599 5353 eorum
654 5312 776 5366 qua:
830 5301 1022 5347 contra
1065 5289 1404 5346 voluntatem
1432 5286 1777 5356 contingunt,
1813 5283 2000 5352 exigit,

407 5406 510 5447 nec
538 5389 692 5460 quasi
723 5404 756 5441 a
794 5383 1030 5440 sordidis
1080 5383 1186 5443 bis,
1226 5381 1316 5451 qui
1359 5380 1662 5435 secundum
1713 5379 1832 5447 ejus
1867 5392 2001 5429 con-

403 5486 577 5554 juncti
608 5491 741 5539 sunt
789 5480 986 5549 legem,
1036 5475 1136 5531 sed
1192 5474 1247 5527 in
1310 5472 1396 5526 his
1423 5470 1763 5539 quidemqui
1795 5467 1999 5522 fluxum

409 5576 636 5631 seminis
684 5572 986 5643 patiuntur,
1035 5577 1322 5636 corruptos
1357 5562 1748 5633 doctores,qui
1804 5559 2002 5630 ingrati

408 5676 538 5724 sunt
562 5666 796 5723 ﬁliorum
837 5658 1253 5734 procreationis.
1293 5656 1390 5712 llic
1430 5665 1613 5710 autem
1643 5656 1772 5709 Adre
1810 5653 2001 5710 iuobe-

404 5758 695 5822 uiciniam,
719 5767 907 5826 utpote
935 5771 999 5809 ex
1033 5768 1095 5805 ea
1123 5765 1325 5821 genere
1355 5750 1596 5804 lmmano
1625 5748 1847 5803 sordido
1875 5739 2004 5795 elle-

507 5953 536 5988 ⁹
565 5950 726 6006 Deut.
762 5966 815 6015 χ,
842 5950 934 6006 9'2.
1052 5954 1093 5985 ιθ
1123 5951 1261 6008 Gen.
1295 5969 1355 6016 ll,
1388 5951 1481 6004 94.

1596 5950 1634 5981 “
1662 5945 1852 6000 .liatth.
1890 5945 2081 6011 x1x,4,
2111 5944 2163 5999 5.

2125 3433 2401 3487 tellectum
2470 3444 2759 3506 praetereo.
2831 3435 3305 3501 Quemadmodum
3375 3456 3509 3513 ergo
3565 3443 3723 3498 illum

2121 3527 2213 3596 qui
2256 3526 2461 3583 ﬂuxum
2523 3529 2751 3583 seminis
2795 3528 3039 3599 patitur,
3086 3518 3364 3601 eum‘qni
3414 3535 3725 3604 corrumpit

2121 3614 2449 3681 doctrinam,
2502 3616 2889 3680 intelleximus,
2943 3617 3022 3672 sic
3071 3619 3140 3673 de
3177 3635 3285 3689 quo
3317 3634 3511 3675 semen
3541 3622 3724 3678 coitus

2121 3706 2418 3778 egreditur,
2452 3722 2584 3761 eum
2619 3707 2712 3778 qui
2739 3708 2808 3763 ad
2832 3707 3055 3764 Iudaeos
3097 3710 3468 3780 pertinentem
3503 3712 3721 3768 doctri-

2120 3816 2246 3855 nam
2272 3808 2512 3855 sectatur
2537 3799 2909 3871 intelligimus.
2952 3799 3085 3856 Nam
3118 3802 3260 3858 sicut
3294 3802 3594 3860 effundens
3619 3821 3723 3859 na-

2121 3892 2295 3945 turale
2351 3900 2408 3945 et
2465 3906 2662 3946 sanum
2712 3905 2922 3956 semen,
2985 3901 3214 3963 pr0pter
3258 3894 3478 3950 sordem
3534 3905 3720 3951 tamen

2120 3987 2291 4043 Adam
2339 3986 2657 4041 immundus
2700 3994 2805 4051 est,
2857 3986 2936 4041 sic
2979 3995 3034 4040 et
3074 4000 3266 4041 eorum
3302 4002 3454 4055 sana,
3489 3998 3722 4060 propter

2121 4080 2293 4151 legem
2338 4094 2460 4148 quae
2504 4087 2729 4154 putatur
2764 4078 3035 4143 doctrina,
3073 4080 3175 4134 sub
3218 4080 3376 4149 culpa
3410 4090 3500 4136 est
3548 4091 3605 4135 et
3634 4100 3723 4137 re-

2119 4171 2529 4241 prchcnsibilis,
2573 4171 2700 4240 quia
2736 4170 2973 4225 litteram
3010 4171 3192 4236 docet,
3218 4186 3340 4243 qua:
3369 4173 3717 4230 maledictio-

2120 4280 2246 4319 nem
2274 4264 2436 4320 infert
2465 4264 2746 4334 discipulis
2773 4265 2887 4319 suis
2912 4282 2928 4330 ;
2954 4278 3134 4334 neque
3158 4269 3303 4320 enim
3339 4268 3611 4335 possibile
3638 4278 3727 4323 est

2118 4357 2429 4430 quempiam
2464 4373 2558 4426 per
2597 4358 2746 4412 illam
2780 4357 3024 4427 perfecte
3057 4359 3278 4429 corrigi.
3319 4357 3478 4414 Unde
3514 4360 3716 4415 Mosai-

2118 4464 2195 4503 ea:
2239 4448 2605 4505 maledictioni
2647 4448 2946 4517 discipulos
2987 4463 3118 4503 suos
3170 4449 3394 4504 subdit:
3454 4451 3714 4523 ipsosque

2116 4541 2355 4608 Judazos,
2409 4543 2501 4613 qui
2557 4543 2613 4596 in
2662 4543 2956 4597 mulierum
3005 4543 3323 4597 coeuntium
3370 4546 3715 4616 accipientur

2122 4636 2313 4703 ﬁgura,
2334 4641 2526 4704 utpote
2545 4631 2636 4703 qui
2664 4648 2882 4703 semper
2902 4632 3206 4698 adhaerent,
3226 4642 3284 4688 et
3310 4636 3712 4705 conquiescunt

2121 4726 2441 4780 doctoribus
2469 4724 2878 4778 institutionum
2895 4740 3140 4779 suarum.
3172 4723 3287 4781 Hoc
3315 4738 3501 4781 autem
3534 4729 3708 4799 ipsum

2118 4830 2172 4874 et
2205 4821 2259 4873 in
2299 4834 2395 4873 eos
2441 4817 2535 4888 qui
2577 4817 2632 4870 in
2670 4817 2942 4888 prteputio
2973 4826 3104 4872 sunt
3133 4827 3455 4888 operantur,
3490 4824 3710 4891 quando

2115 4912 2381 4966 doctrina:
2425 4925 2619 4965 eormn
2651 4923 2840 4964 semen
2874 4909 3203 4980 suscipiunt,
3234 4925 3374 4982 quos
3402 4917 3707 4969 vestimen-

2115 5010 2230 5055 tum
2260 5009 2315 5056 ct
2340 5000 2537 5071 pellem
2564 5015 2685 5055 esse
2708 4999 2964 5064 dicimus,
3002 5009 3192 5070 utpote
3235 5005 3620 5071 temporaliter
3659 5013 3708 5058 et

2116 5093 2427 5148 transitoric
2452 5092 2732 5147 doctrinas
2776 5107 2989 5157 eorum,
3043 5107 3156 5147 non
3208 5102 3268 5148 ut
3319 5101 3377 5148 et
3425 5095 3532 5165 ipsi
3584 5112 3704 5166 pro-

2114 5192 2303 5239 creent
2344 5184 2580 5253 aliquam
2630 5183 2862 5253 legalem
2887 5184 3184 5253 justitiam,
3207 5186 3555 5256 suscipiunt:
3584 5204 3697 5243 nam

2109 5276 2385 5345 quomodo
2419 5274 2679 5346 possibile
2712 5284 2796 5330 est
2823 5275 2946 5337 hoc,
2979 5276 3034 5328 in
3071 5277 3341 5346 praeputio
3372 5292 3698 5347 permanen-

2110 5369 2276 5432 tibns,
2310 5367 2406 5422 sed
2440 5374 2503 5421 ut
2532 5382 2630 5438 per
2658 5381 2946 5421 sermones
2973 5383 3165 5423 eorum
3196 5380 3251 5423 ct
3278 5369 3380 5440 ipsi
3414 5373 3697 5428 maledich

2108 5461 2241 5531 legis
2270 5460 2457 5531 pollui,
2492 5460 2855 5530 accipiantur.

2184 5552 2344 5608 Vens.
2378 5554 2565 5609 19-23.
2599 5572 2618 5604 ‹
2653 5550 2844 5607 Mulier
2872 5569 2994 5623 quae
3018 5564 3283 5610 redeunte
3330 5570 3523 5611 mense
3566 5557 3696 5626 pati-

2112 5659 2200 5703 tur
2249 5647 2455 5701 lluxum
2503 5647 2809 5716 sanguinis,
2843 5655 3056 5717 septem
3100 5647 3299 5703 diebus
3329 5650 3692 5718 separabitur.

2110 5739 2413 5808 Omnisqui
2449 5738 2689 5808 tetigerit
2738 5754 2882 5801 eam,
2909 5739 3226 5794 immundus
3260 5742 3368 5795 crit
3409 5756 3581 5810 usque
3628 5739 3691 5809 at!

2278 5946 2320 5976 ¹²
2353 5943 2496 5999 l’sal.
2526 5959 2676 6008 cvm,
2716 5942 2799 5996 l3.
2915 5944 2957 5975 ’³
2985 5939 3125 5997 Psal.
3157 5956 3306 6008 sxw,
3335 5937 3426 5997 QG.
