3992 6398
333 295 442 363 977

1496 283 1574 343 IN
1619 283 1919 343 LEVITIC

2046 330 2058 343 .
2090 310 2161 321 --
2196 287 2345 349 LIB.
2380 290 2445 350 Υ.
3512 301 3627 363 97g

336 426 644 485 vesperam.
681 408 744 465 Et
784 409 839 464 in
889 422 997 479 quo
1024 401 1325 468 d‘ormiz-rit,
1364 403 1446 457 vel
1484 403 1689 457 sederit
1722 402 1918 456 diebus
1951 407 1991 461 A
2024 404 2180 460 aliter
2209 412 2521 478 mumdatur,
2558 414 2664 468 nisi
2701 415 2914 471 lavatus
2951 435 3110 488 aqua.
3157 418 3297 486 Quid
3332 422 3403 476 sit
3429 432 3613 477 autem

332 502 702 576 separationis
736 516 850 558 suae
889 498 1168 570 polluitur.
1216 496 1321 563 Qui
1373 495 1615 566 tetigerit
1660 493 1922 550 lectulum

332 595 479 664 ejus,
538 591 742 646 lavabit
799 590 1124 645 vestimenta
1173 602 1292 649 sua,
1336 595 1390 639 et
1434 584 1552 653 ipse
1601 584 1921 652 lotusaqua,

337 685 587 755 pollutus
633 683 740 736 erit
764 695 936 750 usque
972 681 1039 735 ad
1078 694 1384 748 vesperam.
1423 677 1599 733 Omne
1632 691 1726 730 vas
1760 692 1923 745 super

328 780 482 847 quod
536 776 623 829 illa
671 773 895 835 sederit,
929 771 1182 841 quisquis
1213 769 1475 839 attigerit,
1513 767 1711 822 lavabit
1753 768 1922 821 vesti-

330 878 520 925 menta
576 884 697 930 sua,
753 875 807 922 et
861 865 1007 919 lotus
1054 877 1195 932 aqua
1225 862 1466 931 pollutus
1506 860 1614 913 erit
1645 873 1816 926 usque
1853 859 1921 912 ad

328 979 643 1035 chperam.
685 981 705 1014 ι
1732 1034 1737 1041 ι

402 1055 645 1111 Intentio
667 1050 993 1123 legislatoris
1027 1057 1110 1103 est
1139 1062 1170 1101 a
1200 1043 1452 1100 muliebri
1488 1042 1713 1098 libidine
1746 1041 1922 1096 abdu-

324 1164 460 1204 cere
489 1146 792 1207 hominem,
824 1141 1095 1210 simulque
1119 1154 1242 1193 cum
1275 1137 1408 1192 viris
1434 1143 1490 1191 et
1517 1135 1775 1189 mulieres
1798 1148 1923 1202 pro-

328 1241 525 1297 hibere
560 1254 589 1291 a
626 1235 800 1305 turpis
822 1231 1230 1290 commistionis
1264 1245 1451 1286 causa.
1484 1228 1601 1284 Non
1633 1226 1779 1282 enim
1821 1227 1923 1280 hoc

325 1346 432 1403 pro
463 1330 696 1384 ﬂliorum
722 1324 1100 1396 procreatione
1125 1323 1231 1393 agi,
1258 1323 1492 1376 maxime
1523 1336 1586 1376 ea
1617 1336 1737 1389 qua:
1771 1333 1922 1372 nunc

325 1426 612 1484 dicuntur,
649 1420 941 1475 aﬂirmant.
989 1414 1203 1471 Invenit
1245 1416 1392 1469 enim
1426 1417 1647 1468 modum
1686 1428 1795 1483 quo
1825 1428 1923 1481 per

326 1518 481 1572 varia
515 1524 842 1584 temporum.
876 1527 941 1566 ac
971 1510 1203 1580 plurima
1234 1507 1539 1570 intervalla,
1572 1506 1641 1561 ab
1672 1505 1921 1575 ingressu

324 1606 587 1662 muliebri
637 1612 854 1672 separet
898 1602 1092 1656 viros:
1152 1616 1278 1654 nam
1340 1599 1620 1653 mensibus
1689 1599 1923 1666 singulis

324 1702 541 1755 ﬂuxum
568 1699 847 1770 sanguinis
885 1697 1190 1767 patiuntur.
1225 1693 1448 1762 Septem
1498 1701 1682 1746 autem
1724 1692 1922 1745 diebus

324 1792 645 1846 immundas
667 1806 760 1845 eas
791 1804 933 1853 esse,
966 1801 1169 1857 eosque
1196 1785 1360 1839 etiam
1396 1784 1487 1853 qui
1512 1780 1748 1853 simplici
1775 1792 1920 1837 tactu

325 1901 427 1940 cas
452 1884 797 1954 iontingunt,
836 1882 1147 1935 imumndos
1172 1894 1295 1933 esse
1328 1893 1499 1942 usque
1536 1878 1602 1932 ad
1633 1892 1920 1946 vesperam

328 1977 616 2048 prmcepit.
643 1976 746 2043 Qui
774 1989 907 2030 vero
930 1989 1055 2029 cum
1093 1974 1179 2028 his
1216 1974 1516 2035 dormiunt,
1554 1988 1666 2026 non
1703 1986 1809 2026 una
1834 1973 1922 2026 die

326 2070 663 2136 immundos,
716 2069 813 2124 sed
868 2077 1078 2137 septem
1123 2066 1240 2122 dios
1294 2080 1416 2121 esse
1449 2065 1601 2121 dicit.
1636 2065 1778 2137 Ergo
1819 2068 1923 2121 sub

320 2165 550 2219 dierum
583 2163 879 2217 multorum
914 2158 1278 2223 continentia,
1311 2143 1425 2212 tam.
1466 2158 1726 2214 mulieres
1764 2174 1794 2213 a
1847 2159 1922 2211 vi-

325 2257 429 2318 ris,
457 2252 623 2326 quam
652 2255 752 2310 viri
786 2271 816 2309 a
850 2253 1171 2308 mulieribus
1199 2253 1527 2309 necessitate
1570 2249 1917 2309 cohiberitur.

324 2349 401 2404 Et
427 2348 518 2403 bis
549 2348 769 2419 quidem
802 2347 1080 2403 sensibilis
1103 2345 1345 2409 Judaeus,
1382 2353 1437 2399 et
1466 2346 1767 2400 secundum
1801 2363 1923 2399 car-

326 2458 461 2498 nem
498 2442 742 2498 Israelita
792 2442 973 2511 iuvari
1012 2457 1111 2511 per
1141 2441 1376 2496 litteram
1404 2449 1658 2511 peierat;
1701 2439 1806 2494 hoc
1839 2450 1924 2495 cst

327 2544 516 2592 autem
571 2536 918 2591 verissimum
960 2535 1222 2605 juvamen
1280 2534 1540 2604 spiritalis
1598 2536 1920 2589 considera--

327 2630 520 2695 tionis,
563 2629 708 2700 quod
743 2637 827 2685 est
865 2629 1012 2682 intus
1040 2629 1334 2683 inclusum.
1379 2628 1582 2685 Fluxus
1616 2630 1762 2684 enim
1796 2646 1921 2684 san-

325 2720 515 2791 guinis
542 2724 760 2783 animze,
785 2722 943 2791 cujus
973 2736 1284 2792 personam,
1310 2730 1495 2791 utpote
1526 2721 1918 2783 eﬂcminatam,

327 2820 388 2867 et
440 2810 817 2867 fortitudinem
882 2815 1105 2883 pietatis
1166 2815 1525 2884 prodentem,
1584 2816 1636 2867 in
1694 2815 1923 2868 muliere

326 2921 483 2961 nunc
532 2907 807 2977 legislator
867 2909 1184 2970 insinuavit.
1231 2909 1537 2963 idololatria
1591 2918 1704 2963 est.
1750 2909 1924 2979 Hujus

327 2999 635 3053 secundum
681 2999 828 3069 quod
858 2998 998 3054 LXX
1030 3001 1202 3056 edunt
1247 3002 1423 3069 ﬂuxns
1450 3001 1503 3053 in
1531 3016 1747 3069 corpore
1772 3000 1921 3069 ejus:

2025 515 2163 568 aqua
2207 501 2260 556 in
2307 506 2748 570 prmcequlibus
2791 509 3050 580 digimus,
3099 512 3372 568 intumum
3396 524 3616 583 oportet

2024 591 2092 645 ab
2125 596 2273 648 omni
2326 596 2648 652 idololatria:
2689 601 3243 669 malitia‘abstincre,
3291 613 3346 659 et
3389 620 3492 659 nec
3519 620 3616 659 eos

2025 685 2115 753 qui
2152 686 2313 743 idolis
2350 690 2620 754 serviunt,
2663 709 2768 747 nec
2800 694 2901 749 bos
2925 696 3129 764 quibus
3167 696 3240 751 illi
3267 698 3423 767 quasi
3455 712 3615 766 orga-

2024 778 2131 842 nis,
2159 779 2240 833 vcl
2269 781 2424 849 quasi
2460 783 2635 848 lectis,
2668 792 2763 837 aut
2795 786 2940 839 vasis
2960 795 3216 850 utuntur,
3253 789 3611 859 contingere:

2024 868 2186 925 idest
2237 872 2289 925 in
2317 875 2467 927 nullo
2528 892 2653 930 cum
2700 878 2780 931 eis
2820 879 3267 934 conuuunionem
3298 880 3524 941 habere,
3558 888 3618 933 ut

2026 960 2230 1018 Paulus
2285 951 2606 1033 prohiberet
2666 970 2830 1023 etiam
2893 968 2973 1025 in'
3010 970 3178 1025 idolio
3257 970 3606 1031 recumbere,

2023 1068 2086 1107 ac
2116 1054 2288 1108 mulo
2318 1056 2488 1126 magis
2519 1059 2809 1114 comedere
2843 1060 3205 1132 idolothytum
3230 1062 3294 1114 ⁸³.
3339 1060 3447 1114 Sed
3500 1060 3617 1113 haec

2024 1145 2245 1214 quidem
2272 1162 2464 1217 parum
2487 1161 2710 1213 nocent,
2736 1167 2841 1207 nec
2870 1153 3226 1222 pollutionem
3253 1153 3478 1210 habent.
3507 1151 3615 1205 Sed

2025 1238 2117 1292 illo
2141 1238 2229 1292 die
2260 1239 2601 1296 immundum
2635 1257 2760 1298 esse
2792 1243 2924 1298 dicit
2948 1245 3258 1316 lcgislator:

2029 1362 2038 1375 ι
2096 1329 2259 1385 Vens.
2308 1331 2399 1386 '24.
2446 1351 2464 1385 ‹
2536 1333 2591 1386 Si
2614 1345 2794 1388 autem
2845 1335 3040 1405 aliquis
3107 1335 3301 1391 coierit
3338 1349 3465 1389 cum
3527 1345 3614 1393 ea,

2027 1434 2273 1494 tempore
2303 1426 2583 1497 sanguinis
2624 1427 2996 1489 menstrualis,
3042 1426 3356 1482 immundus
3385 1425 3486 1480 erit
3520 1439 3612 1478 se-

2026 1528 2174 1587 ptem
2204 1520 2339 1574 dies.
2372 1537 2390 1569 ι

2098 1610 2155 1664 ld
2184 1620 2287 1675 est,
2319 1612 2362 1665 si
2398 1611 2520 1681 quis
2550 1610 2711 1675 malo,
2747 1618 2801 1664 et
2828 1608 3031 1664 actioni
3060 1609 3257 1663 animae
3311 1608 3471 1663 idolis
3499 1622 3620 1661 ser-

2028 1704 2225 1759 vientis
2254 1702 2761 1767 communicaverit,
2786 1702 3078 1757 immolaus
3120 1700 3353 1755 forsitan
3407 1709 3462 1754 et
3503 1699 3620 1769 ipse

2027 1798 2203 1861 idolis,
2224 1797 2338 1852 sive
2370 1797 2568 1864 libans,
2592 1805 2686 1851 aut
2713 1796 2915 1866 aliquid
2944 1810 3110 1867 agens
3138 1794 3409 1850 idolorum
3441 1793 3621 1851 servi-

2031 1893 2136 1947 tuti
2172 1891 2482 1961 proximum
2518 1909 2532 1946 :
2566 1891 2672 1945 hoc
2692 1898 2777 1944 est
2804 1888 2951 1943 enim
2994 1904 3117 1944 cum
3151 1887 3355 1942 ﬂuxum
3401 1886 3623 1958 sangui-

2026 1981 2112 2035 nis
2147 1979 2389 2049 patiente
2422 1978 2682 2041 dormire,
2713 1975 3089 2046 multipliciter
3152 1982 3384 2045 peccato
3415 1974 3619 2045 pollui-

2028 2083 2134 2129 tur.
2159 2071 2391 2143 Propter
2420 2070 2566 2142 quod
2597 2085 2698 2141 pro
2726 2084 2835 2124 una
2864 2069 2954 2124 die
3001 2075 3212 2138 septem
3245 2067 3441 2121 diebus
3488 2082 3615 2122 eum

2027 2169 2369 2225 immundum
2400 2183 2525 2223 esse
2550 2166 2833 2237 praecepit,
2863 2164 3005 2220 sicut
3046 2164 3137 2235 qui
3192 2178 3411 2218 omnem
3462 2179 3621 2219 suam

2026 2262 2214 2328 vitam,
2247 2268 2302 2315 et
2327 2275 2546 2316 omnem
2598 2273 2752 2313 suam
2793 2256 3269 2314 conversationem
3313 2254 3620 2311 fecitidolis

2026 2354 2314 2410 serviendo
2336 2354 2674 2409 sordescere.
3322 2397 3328 2403 .

2099 2450 2263 2504 Vsus.
2297 2447 2483 2503 25-27.
2520 2465 2538 2498 ι
2576 2446 2772 2501 Mulier
2795 2458 2919 2516 quae
2964 2443 3168 2515 patitur
3194 2441 3384 2497 multis
3427 2440 3621 2495 diebus

2027 2540 2229 2594 ﬂuxum
2248 2537 2550 2609 sanguinis,
2584 2552 2694 2591 non
2725 2544 2973 2606 tempore
3019 2533 3362 2597 menstruali,
3392 2532 3476 2587 vel
3498 2547 3621 2601 quae

2027 2643 2146 2703 post
2172 2641 2515 2687 menstruum
2546 2631 2864 2701 sanguinem
2891 2628 3062 2684 ﬂuere
3080 2644 3191 2684 non
3226 2635 3427 2689 cessat,
3447 2643 3625 2697 quan-

2025 2727 2119 2779 diu
2152 2724 2280 2780 huic
2308 2724 2555 2793 subjacet
2588 2721 2850 2793 passioni,
2894 2719 3179 2775 immunda
3203 2717 3332 2781 erit,
3367 2716 3529 2787 quasi
3552 2718 3621 2770 sit

2027 2819 2082 2871 in
2116 2828 2362 2886 tempore
2384 2821 2689 2870 menstruo.
2733 2812 2908 2868 Omne
2941 2819 3173 2866 stratum
3215 2810 3273 2864 in
3329 2823 3440 2879 quo
3493 2808 3626 2863 dor—

2028 2912 2227 2976 mierit,
2250 2919 2307 2966 et
2336 2925 2433 2965 vas
2454 2909 2508 2963 in
2540 2923 2650 2979 quo
2672 2906 2880 2963 sederit
2927 2904 3199 2975 pollutum
3224 2902 3349 2958 erit.
3382 2900 3626 2968 Quicuno

2028 3019 2136 3073 que
2172 3001 2416 3074 tetigerit
2468 3017 2552 3068 ea,
2598 3001 2801 3057 lavabit
2853 2999 3181 3055 vestimenta
3235 3011 3353 3063 sua,
3410 3006 3468 3051 et
3512 2995 3627 3066 ipse

329 3092 621 3162 corruptio
648 3092 818 3159 enim,
865 3108 959 3147 seu
1011 3093 1244 3163 perditio
1290 3104 1373 3147 est
1406 3093 1632 3147 humani
1683 3094 1920 3165 generis,
1954 3100 1995 3157 Ο
2030 3098 2174 3152 lotus
2208 3112 2365 3167 aqua,
2418 3095 2737 3150 immundus
2792 3094 2898 3148 erit
2954 3106 3129 3161 usque
3157 3090 3223 3146 ad
3250 3102 3559 3161 vesperam.
3605 3106 3624 3138 ι

330 3183 667 3238 idololatrici
714 3185 998 3256 sanguinis
1059 3185 1278 3240 eﬂ'usio.
1321 3186 1550 3255 Propter
1608 3186 1752 3255 quod
1813 3202 1924 3240 non

331 3275 475 3330 dixit
501 3276 567 3331 de
591 3291 822 3347 corpore
855 3278 994 3347 ejus,
1039 3294 1217 3345 neque
1252 3278 1398 3331 enim
1434 3296 1462 3330 a
1508 3278 1666 3334 nobis
1692 3289 1776 3333 est
1810 3280 1926 3335 idov

328 3368 552 3424 lolatria
593 3369 907 3435 adinventa,
944 3372 1041 3427 sed
1094 3390 1123 3426 a
1164 3374 1506 3428 daemonibus
1541 3391 1553 3426 :
1589 3373 1643 3427 in
1700 3389 1929 3444 corpore

336 3464 597 3519 videlicet
619 3466 803 3536 generi
834 3476 1023 3521 nostro
1052 3465 1257 3520 inﬂicta
1286 3476 1389 3530 est,
1426 3476 1480 3519 ct
1506 3467 1788 3535 corruptio
1829 3467 1933 3520 hu-

334 3570 519 3611 manae
566 3565 651 3610 est
690 3556 885 3611 affecta
935 3566 1164 3612 naturae.
1198 3558 1305 3612 Sed
1351 3565 1406 3611 et
1437 3567 1680 3627 tempora
1719 3557 1933 3613 denun-

334 3650 506 3713 tians,
570 3650 625 3704 in
675 3650 874 3723 qpibus
927 3651 1232 3705 idololatria
1286 3651 1547 3715 obtinuit,
1603 3650 1673 3706 de
1730 3652 1933 3720 quibus

334 3741 548 3797 Paulus
584 3742 836 3798 dicebat:
869 3743 936 3798 Et
968 3744 1179 3815 quidem
1223 3752 1460 3812 tempora
1500 3745 1819 3814 ignorantia:
1843 3746 1933 3798 dc-

329 3833 566 3898 spiciens
586 3831 745 3898 Deus,
776 3849 914 3887 nunc
942 3835 1227 3887 annuntiat
1258 3849 1436 3887 omnes
1462 3834 1655 3913 ubique
1680 3835 1936 3902 pumilea-

336 3927 477 3979 tiam
508 3942 665 3995 agere
690 3928 754 3982 η.
806 3927 945 3994 Quid
973 3927 1147 3982 dixit:
1176 3926 1386 4000 Septem
1428 3928 1613 3983 diebus
1662 3930 1934 3997 separabi-

337 4019 463 4072 tnr?
523 4016 677 4084 Quod
721 4020 809 4075 alii
844 4038 857 4074 :
918 4020 1039 4075 Erit
1092 4021 1146 4075 in
1178 4022 1491 4092 purgatione
1515 4039 1636 4077 sua.
1662 4023 1768 4078 Alii
1802 4039 1935 4079 vero

336 4110 725 4178 interpretes:
777 4110 840 4165 In
894 4114 1229 4181 separatione
1289 4114 1587 4183 iniquitatis
1641 4130 1768 4169 siue.
1830 4114 1935 4168 Alii

334 4210 523 4255 autem
553 4202 780 4257 miseria:
815 4204 1126 4270 ediderunt,
1161 4213 1222 4259 ut
1270 4220 1368 4273 per
1401 4207 1770 4275 scptenarinui
1816 4207 1932 4261 die-

334 4310 461 4349 rum
512 4310 824 4359 uumerum,
866 4304 1111 4367 tempora
1157 4298 1513 4369 signiﬁcaret.
1566 4298 1807 4369 Spiritus
1840 4300 1934 4369 qui

335 4401 513 4455 usque.
561 4386 631 4440 ad
697 4388 1120 4459 completionem
1165 4398 1468 4458 temporum
1523 4402 1673 4456 sunt,
1726 4392 1780 4445 in
1826 4407 1931 4461 qua

335 4479 709 4547 complctione
735 4481 1047 4550 evangelica
1090 4483 1342 4551 provenit
1372 4483 1709 4553 prtedicatio,
1752 4484 1806 4538 in
1845 4486 1930 4540 his
1967 4462 2009 4516 θ

334 4572 577 4641 separati
607 4588 638 4628 a
667 4573 778 4629 Deo
804 4590 904 4644 per
936 4574 1298 4630 idololatrian)
1326 4577 1581 4633 homines
1630 4578 1683 4631 in
1711 4593 1933 4648 separa-

333 4665 489 4719 tione
521 4664 840 4738 iniquitatis,
868 4677 925 4723 et
946 4668 1176 4724 miseria:
1216 4671 1527 4725 necessario
1552 4679 1730 4737 erant,
1761 4687 1934 4741 usque

332 4756 469 4811 dum
523 4756 635 4811 Deo
694 4775 791 4829 per
842 4761 1211 4832 evangelicam
1267 4763 1745 4818 conversationem
1800 4780 1934 4819 con-

326 4850 713 4920 iungeremur,
743 4868 862 4921 qua:
896 4854 949 4906 in
990 4862 1238 4908 octavam
1269 4854 1411 4908 diem
1462 4856 1732 4926 accipitur
1760 4875 1773 4912 :
1804 4858 1933 4928 quia

332 4947 581 5017 signum,
611 4955 665 5000 et
694 4947 1048 5018 principium,
1083 4959 1137 5003 et
1176 4965 1270 5003 ara
1301 4949 1712 5019 quodammodo
1743 4951 1929 5005 szeculi

333 5048 421 5093 cst
465 5038 656 5104 futuri,
706 5048 930 5110 propter
959 5042 1126 5110 quod,
1172 5051 1226 5097 et
1268 5051 1457 5096 octava
1507 5042 1598 5097 die
1634 5040 1933 5098 Salvatoris

333 5134 610 5207 processit
646 5135 998 5190 resurrectio.
1040 5135 1158 5191 Non
1192 5135 1368 5189 solum
1401 5146 1585 5190 autem
1623 5136 1781 5190 idolis
1811 5152 1932 5192 ser-

333 5227 499 5280 viens
539 5226 745 5292 anima,
778 5228 872 5282 sed
911 5236 966 5283 et
1000 5228 1045 5282 is
1074 5228 1165 5298 qui
1204 5244 1324 5283 eam
1358 5230 1554 5299 tangit,
1592 5229 1643 5282 id
1686 5238 1789 5293 cst,
1838 5231 1930 5299 qui

280 5397 291 5404 υ
332 5318 617 5389 particeps
638 5321 758 5387 ejus
782 5320 1014 5376 efﬁcitur
1048 5339 1061 5375 :
1095 5330 1147 5375 et
1197 5322 1367 5376 multo
1399 5322 1571 5391 magis
1610 5322 1717 5387 hic,
1752 5323 1842 5390 qui
1877 5322 1933 5375 in

260 5412 273 5421 ’
331 5428 450 5482 quo
497 5414 721 5476 dormit,
769 5413 853 5468 vel
886 5414 1079 5483 inquo
1118 5414 1294 5479 sedet,
1334 5422 1521 5484 utpote
1545 5414 1637 5483 qui
1666 5414 1933 5469 doctrina:

333 5505 482 5573 ejus,
516 5513 574 5557 et
608 5503 913 5558 traditionis
934 5503 1205 5572 particeps
1237 5503 1320 5559 vel
1351 5505 1445 5574 qui
1473 5504 1669 5558 coierit
1690 5519 1815 5559 cum
1846 5520 1930 5566 ea,

328 5596 663 5654 immundus
719 5596 842 5662 erit,
873 5604 927 5650 et
984 5592 1358 5650 mundatiouis
1394 5611 1531 5666 opus
1593 5594 1776 5659 habet,
1829 5610 1934 5651 nec

451 5773 496 5808 “
523 5773 653 5831 Act.
685 5790 818 5841 xvii,
856 5776 941 5830 '50.
1060 5779 1102 5812 ⁸³
1132 5777 1154 5831 Ι
1180 5775 1305 5832 Cor.
1337 5791 1487 5839 xvm,
1522 5771 1677 5827 8-11.

2104 3187 2379 3253 Quantum
2406 3186 2643 3242 vindicet
2676 3184 2900 3256 spiritus
2924 3182 3015 3238 Dei
3045 3182 3179 3256 legis
3206 3174 3627 3251 contemplatio.

2032 3295 2181 3341 nem,
2215 3287 2271 3333 et
2298 3278 2588 3333 lectionem
2619 3277 2817 3331 littera:
2870 3276 2957 3330 his
2990 3290 3111 3345 quae
3140 3289 3239 3344 per
3295 3280 3479 3346 partes
3500 3287 3628 3327 san-

2036 3373 2281 3438 ciunlur,
2316 3370 2561 3426 ostendit
2598 3387 2610 3422 :
2645 3368 2773 3439 quia
2829 3368 2977 3423 enim
3018 3366 3222 3421 ﬂuxum
3255 3363 3483 3421 seminis
3532 3379 3631 3434 pa—

2036 3463 2399 3533 tientetn,qui
2427 3463 2592 3518 habet
2614 3462 2679 3516 in
2730 3462 2848 3531 lege
2892 3460 3189 3515 obscenam
3217 3467 3275 3514 et
3315 3464 3629 3529 corruptam

2040 3557 2375 3620 doctrinam,
2408 3556 2537 3611 olim
2575 3554 2835 3619 diximus,
2872 3563 2928 3610 et
2967 3553 3035 3608 de
3084 3568 3193 3623 quo
3223 3551 3399 3607 coitus
3441 3564 3629 3606 semen

2037 3651 2342 3722 egreditur,
2379 3649 2606 3705 Iudaica
2659 3657 2851 3702 utente
2905 3646 3177 3702 doctrina.
3228 3642 3535 3699 Restabant
3575 3642 3630 3695 hi

2040 3744 2129 3813 qui
2158 3758 2496 3813 paganorum
2523 3740 2831 3796 doctrinam
2859 3739 3061 3795 docent
3092 3755 3106 3793 :
3140 3751 3270 3793 ecce
3297 3736 3461 3791 etiam
3480 3734 3630 3804 ipsos

2038 3852 2189 3891 nunc
2213 3844 2519 3907 Opportune
2544 3832 2823 3889 subinl‘ert
2858 3847 3002 3889 esse.
3053 3830 3194 3901 Ergo
3228 3829 3433 3884 ﬂuxum
3499 3843 3629 3882 san-

2039 3929 2238 4002 guinis,
2264 3929 2529 3984 idolorum
2561 3925 2956 3989 seductionem,
2979 3931 3036 3978 et
3066 3936 3308 3978 errorem
3362 3918 3629 3983 diximus,

2040 4031 2230 4094 utpote
2253 4035 2457 4093 genere
2476 4017 2870 4075 dmmoniorum
2909 4014 3174 4087 sanguine
3224 4012 3516 4085 gaudente,
3578 4018 3633 4063 et

2039 4134 2149 4173 non
2180 4118 2355 4172 solum
2386 4128 2669 4187 pecorum,
2702 4112 3042 4180 aliorumque
3060 4106 3375 4163 animalium
3409 4104 3628 4159 irratio—

2039 4211 2326 4278 nabilium,
2362 4209 2457 4267 sed
2486 4208 2651 4265 etiam
2677 4205 2962 4261 hominum
2991 4199 3259 4259 sacrificia
3293 4196 3617 4268 prmcipien-

2041 4305 2135 4371 tia,
2157 4305 2230 4360 ita
2258 4313 2318 4360 ut
2340 4304 2392 4358 in
2419 4302 2608 4358 multis
2630 4300 2768 4355 locis
2795 4296 2935 4368 apud
2973 4309 3068 4351 eos
3100 4292 3227 4349 talia
3280 4289 3630 4347 celebraren-

2041 4410 2131 4453 tur
2159 4395 2439 4469 mysteria,
2468 4393 2636 4449 veluti
2665 4390 2904 4463 Dionysii
2939 4396 2996 4443 et
3030 4388 3235 4449 Diana,
3286 4383 3631 4450 aliorumque

2038 4490 2372 4552 drcmooum,
2396 4487 2452 4540 in
2496 4493 2705 4543 tantum
2759 4481 2940 4536 ﬂuxus
2996 4476 3283 4550 sanguinis
3338 4472 3483 4544 apud
3536 4486 3633 4526 eos

2039 4577 2341 4633 inoleverat
2372 4596 2385 4631 :
2416 4574 2651 4630 Attende
2682 4581 2865 4629 autem
2911 4586 3079 4633 nunc,
3111 4567 3312 4640 quibus
3339 4563 3522 4621 verbis
3551 4562 3634 4618 le-

2040 4673 2261 4744 gislator
2296 4686 2427 4726 usus
2456 4678 2559 4725 est.

2117 4764 2312 4818 Mulier
2348 4779 2464 4833 qua:
2486 4763 2690 4830 patitur
2719 4758 2902 4813 multis
2968 4755 3151 4811 diebus
3174 4756 3379 4825 ﬂuxum
3406 4751 3634 4821 sangui-

2044 4858 2125 4911 nis
2154 4873 2255 4910 non
2304 4865 2535 4925 tempore
2559 4851 2893 4907 menstruali.
2920 4848 3076 4916 Quod
3122 4844 3265 4902 LXX
3304 4845 3386 4900 sic
3436 4844 3631 4900 edide-

2037 4959 2166 5006 runt
2210 4968 2223 5003 :
2256 4950 2450 5004 Illutier
2476 4948 2673 5016 siﬂuat
2696 4945 3016 5015 pro/luvium
3044 4940 3323 5012 sanguinis
3352 4938 3463 4993 dies
3486 4953 3631 4993 com-

2037 5045 2233 5116 plures.
2266 5043 2383 5098 Non
2413 5040 2571 5105 dixit,
2601 5040 2644 5095 si
2676 5038 2795 5093 ﬂuit
2826 5036 3175 5107 sanguinem,
3201 5033 3346 5103 quod
3375 5028 3632 5086 estidolis

2039 5136 2267 5197 servire,
2313 5129 2889 5188 siveimmolarezsed
2919 5127 2977 5181 Si
2998 5127 3214 5197 ﬂuxerit
3247 5125 3451 5195 ﬂuxum
3499 5137 3630 5175 san-

2038 5230 2232 5302 guinis,
2274 5228 2325 5281 id
2346 5238 2451 5292 est,
2481 5225 2525 5280 si
2559 5223 2677 5279 ﬂuit
2701 5222 2972 5277 maculant
3010 5226 3067 5274 et
3120 5230 3362 5272 errorem
3395 5210 3628 5268 idolola-

2044 5322 2191 5376 triae:
2226 5319 2355 5375 facit
2377 5326 2560 5373 alitem
2588 5317 2693 5370 hoc
2732 5330 2843 5369 non
2891 5314 2945 5367 in
2977 5320 3224 5381 tempore
3277 5304 3624 5361 menstruali.

2044 5414 2094 5467 id
2132 5421 2363 5469 cst.non
2393 5411 2446 5465 iu
2480 5407 2821 5480 temporibus
2844 5405 3044 5477 quibus
3083 5401 3355 5457 idolorum
3387 5395 3628 5451 servitus

2043 5503 2345 5562 obtinebat.
2389 5502 2504 5555 haec
2534 5514 2658 5553 esse
2687 5493 3045 5551 menstrualia
3102 5498 3375 5558 tempora,
3424 5486 3480 5541 in
3521 5484 3629 5538 illis

2045 5595 2247 5659 verbis,
2287 5595 2341 5649 in
2374 5592 2572 5663 quibus
2600 5593 2666 5645 de
2695 5606 2759 5645 ea
2788 5587 3163 5658 loquebamur,
3196 5590 3483 5635 ostensum
3519 5584 3625 5633 est.
