3992 6400
478 367 581 429 9ῖ9

1666 370 2029 431 HESYCHII
2071 370 2541 434 PRESBYTER!

3615 382 3704 449 98¢

479 486 586 539 Sed
624 494 681 540 et
709 492 993 567 postquam
1017 486 1448 567 cmpitscientia,
1487 496 1538 542 et
1561 502 1658 557 per
1686 487 2059 558 evangelicam
2094 490 2136 547 Δ
2163 495 2508 562 praeciperet,
2538 490 2667 561 quia
2696 490 2959 546 divinitas
2989 491 3155 546 debet
3218 492 3445 564 intelligi
3486 493 3537 547 in
3578 503 3709 552 ante-

478 577 781 632 doctrinam
804 562 990 633 lumen
1018 562 1234 648 pietatis
1290 578 1488 644 illuxit,
1541 579 1659 649 ipse
1703 587 1885 633 tamen
1942 578 2050 633 im-

479 666 683 722 munda
742 666 881 733 ﬂuit,
931 678 986 722 et
1005 668 1166 723 docet
1228 668 1477 737 quzedam
1544 669 1721 724 errori
1787 668 2059 724 idolorum

481 757 750 823 proxima,
782 758 1097 813 immundus
1125 766 1228 822 est,
1263 758 1405 812 sicut
1458 758 1533 812 illi
1582 759 1801 814 illorum
1848 767 2062 830 tempo-

481 863 624 912 rum,
657 849 714 903 in
746 850 947 925 quibus
974 851 1128 905 furor
1180 850 1447 905 idolorum
1508 851 1810 916 obtinebat,
1831 852 1921 907 illa
1965 851 2063 908 do-

478 947 669 994 centes
691 954 1035 1010 quaecunque
1059 941 1125 995 ad
1158 941 1381 995 illorum
1412 940 1762 1011 pertinebant
1783 957 2060 999 errorem:

478 1040 637 1085 erant
661 1033 809 1087 enim
836 1032 1005 1087 etiam
1032 1041 1163 1088 tunc
1202 1033 1491 1100 immundi,
1517 1035 1614 1089 sed
1643 1044 1700 1090 et
1725 1044 1874 1090 nunc
1890 1035 2064 1091 multo

479 1121 676 1194 magis,
732 1123 861 1193 quia
909 1124 1021 1195 jam
1071 1126 1277 1181 nudata
1319 1135 1406 1181 est
1444 1125 1791 1181 immunditia
1847 1142 2061 1193 eorum,

479 1221 537 1266 et
568 1227 726 1267 error
776 1216 1085 1271 convictus.
1140 1217 1314 1284 Quam
1345 1219 1476 1289 quia
1534 1217 1833 1273 noluerunt
1876 1220 2063 1273 oculos

476 1319 608 1358 suos
641 1305 888 1374 praebere
920 1307 1025 1363 luci
1056 1324 1194 1365 verae
1238 1310 1639 1382 intelligentia,
1673 1321 1897 1382 propter
1917 1313 2063 1381 quod

475 1395 616 1451 dixit
649 1414 662 1450 :

547 1484 676 1551 Qua:
701 1489 907 1556 patitur
956 1490 1163 1558 ﬂuxum
1209 1493 1507 1560 sarrguinis,
1571 1509 1674 1547 non
1733 1495 1789 1548 in
1835 1504 2065 1564 tempore

476 1590 767 1644 menstruo,
794 1581 875 1635 vel
914 1598 1031 1654 quae
1055 1593 1170 1651 post
1201 1594 1527 1639 utemtruum
1547 1589 1865 1656 sanguinem
1897 1590 2064 1657 ﬂuere

474 1686 582 1722 non
602 1678 789 1735 cessat,
821 1672 1059 1740 quandiu
1089 1672 1211 1726 huic
1240 1674 1477 1743 subjaeet
1502 1676 1759 1743 passioni,
1785 1677 2062 1731 immunda

475 1764 597 1816 erit.
633 1761 768 1817 Nam
804 1763 909 1818 etsi
945 1779 1053 1818 non
1087 1765 1351 1836 integram
1413 1766 1797 1833 idololatriam,
1835 1772 2059 1840 auguria

474 1862 661 1907 tamen
690 1860 746 1908 et
773 1852 1140 1911 divinationes
1160 1867 1256 1911 aut
1277 1864 1647 1927 purgationes,
1666 1871 1759 1915 aut
1786 1863 2061 1917 veneﬁeo-
2094 1835 2135 1889 Β

473 1961 596 1999 rum
646 1955 796 2002 artes
821 1946 1035 2013 doceat,
1067 1949 1424 2007 nihilominus
1463 1962 1521 2008 et
1572 1953 1662 2007 hic
1725 1955 2057 2019 immundus,

470 2037 934 2106 quemadmodum
968 2049 1025 2095 et
1070 2040 1156 2119 illi
1200 2043 1295 2112 qui
1343 2044 1503 2114 plene
1553 2046 1917 2102 idololatriam
1977 2048 2061 2103 his

469 2130 670 2199 quibus
698 2129 878 2186 ﬂoruit
923 2135 1284 2204 temporibus,
1347 2138 1637 2194 tradebant
1669 2147 1725 2194 et
1756 2140 2056 2196 docebant.

470 2220 579 2274 Sed
601 2229 657 2276 et
680 2222 1001 2294 quicunque
1030 2225 1118 2280 his
1149 2242 1217 2281 ex
1251 2228 1419 2297 opere
1447 2230 1835 2300 diseipulatum
1898 2248 2059 2288 suum

468 2313 733 2381 praebent,
769 2315 824 2369 in
845 2331 1078 2385 persona
1113 2317 1683 2392 horumintelligitur-

538 2404 781 2461 Stratum
809 2409 866 2462 in
892 2425 994 2480 quo
1023 2411 1323 2477 dormiam,
1359 2423 1408 2466 et
1429 2429 1523 2466 ras
1540 2415 1595 2466 iu
1615 2430 1722 2484 quo
1744 2415 1957 2468 sederit.
2004 2415 2060 2469 Id

469 2507 555 2553 est
583 2499 637 2553 hi
666 2500 757 2570 qui
786 2502 1031 2558 studiose
1052 2503 1150 2559 has
1183 2503 1467 2561 doctrinas
1533 2506 1863 2576 suscipiunt,
1918 2507 2061 2562 sicut

467 2592 767 2662 przrdictus
795 2610 979 2650 sermo
1007 2599 1354 2661 monstravit,
1390 2598 1659 2653 immundi
1687 2609 1850 2654 erunt
1870 2616 2063 2670 quem-

422 2755 431 2763 .
467 2685 762 2740 admodum
791 2695 848 2742 et
885 2687 938 2741 hi
967 2689 1062 2758 qui
1108 2704 1205 2744 eos
1268 2689 1490 2745 docent.
1525 2689 1641 2745 IIoc
1687 2692 1835 2745 enim
1876 2700 2064 2746 osten-

468 2779 913 2851 deuslegislator
947 2782 1018 2837 de
1056 2792 1230 2838 strato
1256 2793 1312 2839 et
1363 2800 1490 2839 vase
1540 2784 1699 2851 dixit,
1755 2787 2060 2840 secundum

469 2867 635 2933 LXX,
667 2873 1000 2927 immundum
1024 2875 1123 2928 erit
1145 2876 1430 2928 secundum
1475 2875 1585 2928 dies
1638 2876 1887 2945 proﬂuvii
1921 2877 2056 2945 ejus,

469 2976 565 3016 eos
593 2962 686 3032 qui
710 2977 778 3016 ex
798 2977 962 3034 opere
989 2964 1117 3020 talia
1153 2966 1371 3022 discunt
1394 2968 1720 3026 docentibus
1753 2971 2057 3041 comparari

468 3054 716 3125 eripiens.
751 3055 810 3110 In
841 3065 1056 3113 tantum
1083 3068 1267 3114 autem
1294 3060 1411 3116 hare
1442 3076 1569 3115 vera
1600 3072 1747 3129 sunt,
1775 3072 1829 3118 et
1856 3064 1928 3118 ita
1965 3064 2059 3117 Dei

2165 582 2421 647 rion-ibus,
2448 593 2595 638 retro
2620 583 3015 639 humanitatem
3034 583 3406 655 intelligimus,
3440 584 3575 642 hanc
3594 603 3709 657 gen-

2166 681 2268 737 tes,
2303 673 2507 743 quaa'in
2535 672 2684 728 ﬂuxu
2710 674 3022 730 constituta:
3057 682 3218 729 erant
3242 675 3537 745 sanguinis,
3557 675 3712 731 idolo-

2164 780 2286 818 rum
2313 765 2592 834 proposito
2620 764 2864 836 tetigisse
2895 765 3147 821 dicimus.
3179 763 3335 831 Quod
3370 764 3413 819 si
3440 781 3543 820 non
3556 767 3710 824 solum

2164 869 2280 919 eos,
2309 855 2405 925 qui
2432 856 2500 911 ad
2529 854 2926 911 eﬂ'undendum
2949 856 3272 912 idololatriae
3294 856 3606 928 sanguinem
3628 873 3709 912 va-

2164 958 2311 1012 cant,
2344 946 2441 1002 sed
2468 948 2631 1002 etiam
2661 963 2759 1004 eos
2777 947 2870 1018 qui
2891 948 3091 1003 docent
3117 963 3203 1014 ea,
3250 963 3374 1018 qua:
3426 948 3493 1004 ad
3536 948 3711 1004 doctri-

2164 1054 2289 1092 nam
2324 1020 2603 1107 pertinent
2635 1053 2993 1109 paganorum,
3029 1037 3237 1094 ﬂuxum
3264 1039 3544 1123 sanguinis
3564 1056 3711 1111 expc.

2165 1128 2394 1194 suimus,
2426 1145 2537 1185 non
2567 1140 2653 1187 est
2680 1129 3000 1185 admirabile
3039 1145 3054 1182 :
3089 1145 3210 1184 mos
3237 1130 3440 1200 quippe
3467 1136 3550 1185 est
3585 1134 3713 1202 apud

2164 1223 2483 1288 exteriores,
2524 1221 2759 1279 afﬂuens
2793 1223 3092 1293 eloquium,
3140 1222 3623 1293 largissimequese
3660 1239 3715 1280 ac

2164 1313 2320 1367 facile
2346 1315 2412 1369 ad
2436 1315 2742 1371 doctrinam
2771 1314 3063 1370 eﬂ‘undens
3087 1314 3293 1369 ﬂuxum
3310 1314 3395 1370 vel
3416 1315 3714 1371 rhetoricam

2163 1403 2454 1473 appellare.
3341 1454 3353 1462 .

2241 1494 2400 1549 Vens.
2427 1493 2621 1549 28-51.
2659 1513 2677 1544 ι
2714 1491 2771 1547 Si
2800 1491 3014 1547 steterit
3041 1491 3267 1562 sanguis
3289 1501 3346 1545 et
3366 1490 3530 1546 ﬂuere
3559 1506 3716 1547 cessa-

2166 1585 2329 1651 verit,
2355 1582 2667 1639 numerabit
2694 1591 2906 1653 septem
2935 1582 3055 1638 dies
3077 1581 3479 1653 puriﬁcationis
3506 1598 3630 1648 suae,
3672 1593 3717 1638 et

2165 1687 2360 1732 octavo
2390 1676 2481 1731 die
2515 1676 2710 1734 oﬂcret
2738 1690 2841 1745 pro
2866 1689 2927 1730 se
2978 1673 3251 1730 sacerdoti
3293 1672 3434 1729 duos
3484 1681 3717 1738 turtures,

2165 1772 2249 1827 vel
2281 1769 2427 1824 deos
2452 1769 2632 1839 pullos
2670 1769 2938 1825 columba:
2968 1768 3037 1823 ad
3068 1768 3272 1822 ostium
3302 1765 3626 1823 tabernaculi
3647 1774 3716 1821 te-

2164 1862 2432 1917 stimonii.
2477 1861 2578 1927 Qui
2606 1878 2777 1916 unum
2819 1861 2981 1916 faciet
3023 1874 3125 1930 pro
3148 1865 3399 1928 peccato,
3420 1856 3639 1911 alterum
3671 1856 3715 1910 in

2164 1955 2562 2018 holocaustum,
2597 1954 2917 2025 rogabitque
2965 1968 3064 2022 pro
3093 1965 3157 2005 ea
3187 1965 3375 2005 coram
3400 1949 3641 2015 Domino,
3672 1958 3721 2003 et

2165 2066 2263 2117 pro
2290 2047 2559 2118 proﬂuvio
2580 2046 2942 2102 immunditia:
2973 2045 3113 2115 ejus.
3134 2043 3415 2099 Docebitis
3444 2057 3570 2113 ergo
3598 2041 3719 2096 ﬁlios

2163 2139 2350 2204 Israel,
2377 2148 2438 2193 ut
2477 2147 2705 2194 caveant
2744 2137 2800 2192 in
2830 2135 3195 2200 immunditia,
3219 2143 3278 2190 et
3308 2150 3420 2189 non
3440 2135 3715 2188 moriantur

2163 2215 2215 2281 iu
2235 2228 2488 2283 sordibus
2500 2228 2634 2291 suis,
2654 2241 2778 2282 cum
2801 2226 3113 2297 polluerunt
3135 2223 3543 2279 tabernaculum
3558 2239 3716 2278 meum

2162 2320 2305 2391 quod
2337 2328 2422 2374 est
2453 2320 2595 2374 inter
2621 2334 2736 2373 eos.
2785 2337 2805 2373 ι

2236 2414 2370 2479 Quae
2403 2412 2577 2466 virtus
2624 2411 2788 2480 hujus
2812 2409 3066 2465 sacriﬁcii
3098 2411 3191 2476 sit,
3225 2419 3283 2464 et
3337 2410 3509 2479 qualis
3545 2409 3597 2464 in
3646 2408 3717 2462 bis

2163 2506 2256 2575 qui
2283 2504 2486 2558 ﬂuxum
2512 2500 2737 2556 seminis
2758 2500 3060 2569 patiuntur,
3106 2498 3158 2552 in
3196 2511 3468 2568 quantum
3518 2512 3717 2552 necesse

2164 2610 2284 2654 erat
2314 2598 2598 2654 diximus:
2636 2595 2837 2650 similia
2878 2595 3026 2650 enim
3081 2605 3138 2650 et
3182 2594 3296 2650 illic
3344 2594 3428 2647 lex
3470 2590 3717 2662 prazcepit.

2166 2690 2322 2743 Sicut
2350 2687 2496 2741 enim
2531 2686 2602 2740 ibi
2633 2684 3036 2753 sibimetipsum
3078 2696 3297 2737 sumere
3337 2689 3590 2739 turtures,
3642 2683 3722 2729 aut

2163 2779 2444 2835 columbas
2471 2778 2526 2833 in
2555 2776 2886 2832 sacriﬁcium
2927 2773 3134 2829 ﬂuxum
3183 2771 3414 2827 seminis
3457 2769 3722 2840 patientem

2163 2873 2438 2944 legislator
2483 2868 2761 2942 praecepit,
2803 2868 2935 2938 quia
2984 2865 3229 2937 magistri
3289 2865 3473 2919 locum
3533 2861 3723 2917 tenebat

2162 2974 2324 3034 atque
2365 2975 2676 3031 personam,
2702 2960 2782 3014 sic
2805 2969 2860 3013 et
2884 2973 3033 3013 nunc
3063 2958 3205 3012 hanc
3235 2971 3365 3025 quae
3396 2954 3511 3008 ﬂuit
3543 2953 3723 3008 ﬂuxum

2163 3056 2467 3128 sanguinis,
2501 3054 2738 3125 ﬁgurare
2782 3051 2929 3106 enim
2996 3065 3117 3105 eam
3160 3048 3428 3113 diximus,
3494 3045 3724 3100 docentes

467 3145 554 3201 lex
576 3145 921 3202 immundum
953 3148 1088 3205 dicit
1114 3165 1265 3217 eum,
1298 3152 1390 3221 qui
1420 3153 1500 3207 vel
1528 3168 1694 3222 pauca
1712 3152 1903 3207 horum
1932 3152 2059 3207 atti-
2089 3172 2129 3227 ε
2166 3163 2288 3215 qua:
2310 3146 2376 3200 ad
2400 3158 2641 3200 errorem
2668 3140 2990 3197 idololatriae
3032 3136 3342 3209 pertinent.
3385 3135 3723 3227 Quamobrem

469 3241 569 3306 ait,
594 3240 722 3309 quia
756 3241 824 3295 ad
856 3240 1001 3297 idola
1023 3244 1357 3313 pertinentia
1400 3245 1722 3316 loquuntur,
1753 3256 2054 3317 autagunt,

472 3343 531 3386 ut
559 3342 613 3387 et
635 3347 764 3388 eum
796 3334 892 3405 qui
924 3335 1009 3390 vel
1029 3336 1284 3392 comedet
1311 3353 1436 3392 cum
1468 3339 1568 3404 eis,
1600 3349 1696 3394 aut
1728 3354 1919 3394 mensa
1955 3356 2054 3410 po-

472 3433 643 3497 tuque
671 3428 1163 3484 communicaverit
1192 3430 1601 3499 mysteriorum,
1661 3433 1806 3489 sicut
1866 3447 2054 3485 revera

469 3515 812 3570 immundum
834 3515 1099 3574 societate
1138 3530 1439 3576 removeat.
1475 3520 1632 3576 Unde
1668 3532 1725 3576 et
1756 3520 2057 3579 Corinthiis

470 3608 751 3663 scribebat
777 3606 1018 3666 Paulus:
1049 3613 1170 3666 Non
1202 3615 1417 3682 potestis
1462 3614 1680 3668 calicem
1716 3612 1926 3669 Domini
1978 3616 2055 3668 bi-

470 3701 608 3766 lsere,
651 3712 699 3755 et
723 3702 938 3757 calicem
963 3704 1343 3758 dwmom'orum
1373 3707 1433 3758 '°.
1468 3705 1549 3759 Au
1596 3706 1917 3761 aemulemur
1950 3705 2057 3760 Ilo-

469 3794 720 3850 minnm?
755 3797 1004 3866 nunquid
1029 3797 1287 3853 fortiores
1313 3799 1405 3853 illo
1436 3799 1664 3854 smnus?
1722 3798 1790 3852 Et
1816 3813 2007 3854 rursus
2039 3819 2052 3854 :

468 3884 607 3940 Nolo
622 3902 709 3940 vos
726 3887 893 3941 socios
921 3887 1300 3942 daemoniorum
1351 3905 1460 3943 esse
1484 3889 1544 3943 ³⁷.
1580 3889 1693 3943 Cur
1714 3897 1897 3944 autem
1931 3905 2055 3943 mu-

466 3979 618 4033 lieris
648 3980 950 4035 introduxit
976 3995 1292 4051 personam,
1324 3982 1466 4038 bene
1499 3981 1773 4039 novimus.
1812 3980 2057 4035 Diximus

465 4071 638 4139 enim,
677 4071 805 4141 quia
843 4087 941 4142 pro
974 4088 1041 4127 eo
1065 4074 1213 4144 quod
1239 4074 1635 4145 cogitationum
1668 4073 1979 4128 virilitatem
2003 4081 2058 4126 et

466 4163 668 4218 divina:
701 4164 948 4220 scientiae
972 4163 1379 4229 fortitudinem,
1416 4166 1473 4219 hi
1503 4166 1596 4235 qui
1645 4164 1700 4217 in
1734 4164 2055 4219 idololatria:

466 4255 794 4310 deciderunt
820 4271 1089 4321 errorem,
1122 4258 1503 4328 prodiderunt,
1540 4257 1863 4326 animasque
1920 4272 2050 4311 suas

467 4347 945 4415 etleminaverunt,
974 4358 1124 4404 recte
1155 4350 1210 4404 in
1236 4349 1321 4405 his
1374 4350 1466 4419 qui
1514 4356 1685 4420 agunt
1713 4358 1767 4403 et
1833 4347 2051 4414 docent,

431 4432 808 4513 quacunque
838 4443 1008 4497 cultui
1048 4442 1319 4499 idolorum
1368 4441 1784 4512 impenduntur,
1826 4440 2052 4511 ﬁguram

468 4533 718 4590 mulieris
747 4534 1077 4594 insinuasse.
1101 4535 1277 4605 Hujus
1303 4536 1452 4591 enim
1512 4533 1809 4605 imaginem
1860 4549 2052 4604 gerere

468 4626 822 4697 intelligimus
846 4643 988 4694 eam,
1022 4644 1144 4699 qua:
1174 4629 1232 4689 in
1264 4627 1576 4698 Evangeliis
1606 4625 1811 4680 ﬂuxum
1844 4614 2053 4696 patitur

469 4718 773 4790 sanguinis,
827 4733 949 4788 quae
995 4735 1215 4775 omnem
1273 4718 1658 4777 substantiam.
1719 4717 1835 4773 sive
1887 4717 2051 4772 vitam

469 4824 621 4862 suam
659 4809 712 4863 in
744 4810 971 4864 medicis
996 4810 1279 4880 expendit,
1306 4809 1360 4864 in
1393 4809 1478 4867 his
1501 4810 1592 4880 qui
1621 4812 1763 4880 apud
1788 4819 2054 4864 eoserant

472 4900 833 4971 philosophis.
893 4901 1013 4956 Non
1070 4912 1254 4956 tamen
1308 4912 1495 4959 sanata
1559 4909 1645 4957 est
1719 4917 1814 4971 per
1862 4917 1958 4955 eos
1985 4894 2053 4955 ab

469 4990 701 5063 ngypto
730 4992 998 5048 decedere
1019 4993 1221 5048 erroris
1252 4992 1356 5053 sui,
1385 4993 1511 5063 quia
1567 4995 1795 5047 dicentes
1834 5010 1889 5047 se
1943 5010 2053 5046 esse

468 5085 748 5153 sapientes,
779 5084 929 5137 stulti
957 5084 1088 5153 facti
1113 5094 1232 5138 sunt
1256 5086 1318 5138 η.
1368 5085 1505 5139 Cum
1535 5085 1684 5139 enim
1735 5085 2056 5143 viderentur

469 5177 885 5236 simulacrorum
943 5177 1091 5231 cultu
1143 5185 1199 5231 et
1250 5177 1434 5233 furore
1475 5178 1939 5244 alienati,terram
1976 5187 2055 5230 ta-

473 5285 596 5324 men
656 5269 1043 5334 metiebantur,
1077 5284 1260 5324 aerem
1303 5280 1358 5324 et
1387 5272 1606 5335 emtum,
1634 5286 1866 5340 quorum
1916 5272 2054 5324 seire

470 5361 639 5417 solius
664 5361 760 5417 Dei
791 5370 875 5415 est
910 5359 1154 5427 exordia,
1217 5361 1500 5416 terminos.
1572 5360 1707 5427 Qum.
1764 5362 1880 5415 hzec
1926 5378 2055 5431 ergo

474 5452 745 5508 ﬁmbriam
769 5451 902 5509 Jesu
934 5464 1085 5508 retro
1141 5464 1390 5525 tangens,
1435 5454 1660 5509 liberata
1692 5464 1777 5510 est
1811 5468 1840 5507 a
1883 5451 2052 5507 ﬂuxu.

476 5546 714 5604 Dicimus
738 5558 922 5605 autem
947 5548 1214 5605 ﬁmbriam
1243 5549 1381 5619 ejus,
1417 5549 1575 5604 ﬁdem
1606 5548 1726 5619 ejus
1752 5568 1767 5618 ;
1800 5565 1927 5603 nam
1958 5564 2055 5603 cu-

473 5638 562 5707 jus
584 5639 663 5694 rei
693 5640 865 5712 gratia
886 5656 1012 5696 cum
1044 5640 1314 5701 limbriam
1369 5641 1552 5697 facere
1576 5642 1821 5697 vestibus
1849 5639 2059 5712 Moyses
2114 5700 2123 5707 ι

587 5819 633 5856 ⁸⁸
660 5820 683 5877 Ι
708 5818 834 5878 Cor.
864 5836 921 5887 x,
946 5821 1039 5876 20.
1151 5823 1188 5852 "
1220 5822 1354 5884 ibid.
1464 5821 1508 5855 ¹⁸
1536 5821 1703 5882 Rom.
1732 5837 1771 5889 ι,
1795 5819 1886 5879 ‘22.

2159 3236 2525 3308 eloquentiam
2548 3234 2773 3298 docens,
2808 3240 2863 3285 et
2885 3229 3212 3299 eloquentiae
3234 3228 3584 3298 participans,
3608 3221 3723 3277 sibi-

2161 3331 2376 3400 metipsi
2396 3342 2615 3382 sumere
2656 3341 2778 3395 quae
2817 3324 2883 3379 ad
2912 3324 3289 3395 purgationem
3328 3319 3609 3393 proﬁciunt
3639 3329 3723 3386 po-

2161 3432 2304 3480 test:
2334 3421 2590 3476 facillime
2614 3416 2816 3488 quippe
2871 3415 3112 3470 exterior
3175 3410 3449 3482 sapientia
3497 3404 3725 3464 interiori

2151 3515 2452 3586 subjicitur
2474 3522 2530 3566 et
2560 3510 2629 3565 ab
2656 3526 2718 3564 ea
2760 3510 2925 3563 sumit
2964 3505 3140 3571 utilia,
3186 3504 3407 3576 sibique
3461 3499 3723 3568 proﬁcien-

2161 3613 2252 3667 tia.
2280 3608 2414 3663 Nam
2440 3607 2643 3660 ﬂuxum
2690 3600 2972 3674 sanguinis
3024 3599 3261 3683 patiens,
3325 3597 3483 3667 cujus
3546 3591 3724 3647 habere

2161 3705 2389 3773 ﬁguram
2449 3714 2511 3753 ea
2537 3713 2661 3768 quae
2723 3695 2987 3764 sanguine
3018 3689 3342 3745 idololatria:
3363 3700 3579 3758 aspersa
3633 3688 3723 3741 est.

2158 3804 2442 3849 ostensum
2467 3799 2570 3855 est,
2598 3787 2921 3857 sibimetipsi
2965 3783 3293 3839 medicinam
3326 3779 3576 3850 sumpsit,
3602 3781 3723 3831 tacta

2161 3885 2373 3939 timbria
2409 3879 2721 3939 vestimenti
2757 3875 3049 3940 Dominici,
3081 3882 3137 3929 et
3168 3882 3465 3942 antequam
3490 3863 3724 3924 extende-

2159 3985 2243 4032 rct
2275 3991 2517 4040 manum,
2547 3971 2764 4027 liberari
2788 3985 2817 4024 a
2840 3969 3091 4040 passione
3123 3964 3448 4035 promeruit.
3473 3959 3598 4027 Quae
3611 3969 3721 4025 ergo

2157 4071 2225 4124 ad
2252 4065 2764 4138 interpretationem
2784 4062 3010 4127 desunt,
3058 4058 3177 4112 lucc
3199 4059 3253 4110 in
3283 4048 3724 4124 subsequentibus

2160 4178 2257 4233 per
2283 4160 2535 4216 ordinem
2560 4156 2828 4213 dicemus.

2232 4251 2394 4307 Vens.
2423 4251 2512 4306 5t.
2550 4269 2568 4301 ‹
2608 4247 2884 4304 Docebitis
2934 4262 3065 4317 ergo
3106 4243 3244 4298 ﬁlios
3288 4240 3477 4304 Israel,
3538 4245 3593 4291 ut
3642 4247 3720 4287 ως

2157 4351 2321 4399 veant
2345 4336 2768 4403 immunditiam,
2793 4345 2848 4390 et
2892 4351 3003 4390 non
3057 4331 3363 4388 moriantur
3400 4330 3456 4383 in
3495 4324 3721 4383 sordibus

2158 4435 2294 4501 suis,
2324 4450 2448 4489 cum
2482 4432 2793 4502 polluerunt
2832 4426 3242 4485 tabernaculum
3267 4439 3449 4480 meum
3473 4419 3612 4492 quod
3650 4423 3721 4470 est

2090 4514 2132 4567 Ι)
2163 4531 2305 4583 inter
2330 4543 2445 4582 eos.
2491 4545 2510 4577 ι

2231 4619 2494 4685 Quamvis
2522 4624 2985 4685 omnepeccatum
3012 4609 3361 4666 immunditia
3406 4609 3478 4665 sit
3526 4605 3719 4664 animm,

2162 4713 2399 4767 maxime
2422 4719 2606 4766 tamen
2632 4706 2958 4771 idololatria,
2982 4714 3038 4760 et
3064 4718 3188 4775 quae
3211 4699 3277 4758 ad
3305 4717 3426 4756 eam
3447 4698 3719 4769 pertinent.

2165 4809 2289 4861 tltec
2322 4804 2522 4858 habere
2555 4809 2611 4856 et
2638 4800 2692 4855 in
2725 4801 2807 4855 his
2848 4799 3132 4854 timoratos
3165 4795 3303 4850 ﬁlios
3332 4790 3499 4847 Israel
3525 4783 3721 4858 legisla-

2165 4906 2248 4950 tor
2292 4894 2592 4956 desiderat,
2617 4901 2678 4945 ut
2709 4906 2817 4944 non
2850 4888 3229 4944 crudelissima
3251 4880 3549 4954 impietatis
3565 4881 3721 4931 morte

2163 4988 2466 5042 moriantur
2494 5002 2507 5037 :
2543 4983 2793 5055 polluunt
2818 4983 2965 5037 enim
2998 4980 3147 5050 impii
3190 4974 3598 5039 tabernaculum
3618 4963 3720 5026 Dei.

2161 5079 2304 5153 quod
2329 5080 2383 5133 in
2415 5076 2547 5152 ipsis
2578 5084 2680 5138 est,
2708 5074 2858 5144 atqui
2889 5088 3088 5144 corpus
3110 5079 3213 5135 est,
3247 5082 3356 5139 quo
3392 5065 3593 5121 ﬂuxum
3609 5069 3722 5113 san-

2160 5173 2340 5246 guinis
2367 5182 2461 5227 aut
2500 5171 2727 5233 seminis
2751 5168 3091 5239 inquinatur.
3126 5163 3235 5218 Sed
3252 5161 3379 5231 quia
3408 5155 3722 5226 impiemem

2162 5277 2343 5316 sermo
2378 5263 2572 5327 innuit,
2600 5276 2721 5330 qua:
2742 5259 3015 5312 hominem
3043 5265 3216 5308 totum
3243 5250 3483 5322 polluere
3509 5250 3722 5299 consue-

2162 5358 2241 5410 vit
2282 5373 2293 5406 :
2329 5365 2642 5429 propterea.
2679 5362 2893 5416 eautos,
2931 5351 3047 5404 sive
3098 5355 3160 5402 ut
3213 5343 3376 5405 LXX,
3439 5340 3756 5393 timoratos.-

2163 5447 2361 5517 iaquit,
2406 5428 2615 5501 facietis
2671 5445 2812 5499 ﬁlios
2844 5441 3013 5496 Israel
3069 5439 3139 5493 ab
3198 5428 3539 5491 immunditia
3591 5432 3717 5478 sua:

2164 5540 2310 5611 quod
2362 5553 2542 5608 neque
2589 5537 2842 5608 leprosis,
2890 5548 3073 5602 neque
3108 5531 3176 5585 de
3213 5528 3298 5583 his
3324 5524 3411 5597 qui
3445 5518 3720 5611 tetigerunt

2167 5599 2745 5687 morticina-sancivit.
2790 5626 2894 5682 Sed
2933 5636 2990 5680 et
3045 5618 3376 5679 tabernaculi
3414 5613 3531 5682 Dei,
3589 5599 3715 5677 (100d
