3992 6424
271 312 360 378 981
1033 303 1062 353 ⁸-
1439 279 1518 378 lN
1566 319 1841 412 anrrn

1953 321 2010 381 tl.
2044 347 2107 358 -ε
2140 324 2288 386 LIB.
2317 327 2384 389 Υ.

3443 325 3551 396 982

271 435 322 487 in
361 431 514 488 nobis
544 439 653 494 est.
686 429 1018 486 mentionem
1051 429 1179 485 fecit
1207 449 1217 482 :
1251 433 1662 488 tabernaculum
1701 436 1849 488 enim
1883 441 1928 494 Α
1959 446 2147 505 pterea
2171 439 2226 494 in
2269 440 2569 494 immundis
2595 441 2882 496 ordinatus
2905 450 3009 505 est,
3052 449 3115 494 ct.
3137 442 3298 511 hujus
3328 443 3548 512 quidem

269 521 360 577 Dei
395 521 679 578 estomnis
713 509 900 576 noster
933 522 1116 587 homo,
1149 523 1205 576 in
1238 539 1348 592 quo
1399 523 1542 580 Deus
1602 525 1850 580 habitare

264 615 500 672 creditur
530 615 809 684 :primum
834 614 1054 684 quidem
1079 630 1177 686 per
1197 615 1510 687 imaginem,
1550 633 1712 686 quam
1746 634 1847 672 no-

265 709 342 764 bis
389 707 635 774 donavit,
694 706 890 761 deinde
941 723 1040 777 per
1080 706 1368 776 primitias,
1407 724 1542 779 quas
1602 725 1630 762 a
1683 710 1847 764 nobis

264 801 506 870 sumpsit.
534 799 779 854 Verbum
814 798 964 854 enim
1005 813 1133 854 caro
1180 798 1385 854 factum
1433 809 1536 867 est,
1561 803 1705 870 quod
1750 818 1849 872 per

264 895 400 947 ’llam
429 891 788 946 munitionem
821 890 985 946 etiam
1021 891 1074 944 in
1117 890 1344 961 reliquis
1392 892 1640 946 habitare
1673 893 1849 946 homi-

226 981 416 1043 l-iibus
443 983 670 1049 dicitur,
703 983 848 1053 quod
891 983 1088 1053 probat
1143 981 1384 1039 Joannes
1429 983 1620 1039 dicens
1663 981 1848 1062 τογετ-

262 1079 373 1130 bum
401 1091 526 1127 caro
557 1075 760 1145 factum
787 1083 884 1136 est,
909 1082 958 1126 et
981 1073 1238 1127 habitavit
1265 1073 1318 1126 in
1353 1073 1499 1128 nobis
1526 1073 1590 1128 ¹⁹.

230 1162 240 1184 ⁶
331 1167 488 1222 Vens.
515 1165 606 1232 52,
626 1168 714 1221 55.
741 1186 758 1218 ς
788 1164 898 1222 lsta
919 1171 1000 1221 est
1023 1165 1112 1220 lex
1133 1165 1252 1236 ejus
1291 1165 1387 1236 qui
1411 1167 1618 1236 patitur
1639 1166 1846 1222 ﬂuxum

261 1259 494 1325 seminis,
515 1268 572 1314 et
597 1259 690 1329 qui
711 1259 969 1330 polluitur
991 1260 1139 1314 coitu
1163 1268 1218 1314 et
1241 1259 1334 1329 qui
1375 1261 1674 1316 menstruis
1704 1269 1812 1316 tem
1830 1292 1846 1301 -

264 1353 480 1426 poribus
509 1361 824 1422 separatur,
855 1352 942 1408 vel
964 1367 1088 1424 quae
1132 1354 1248 1425 jugi
1290 1353 1412 1408 ﬂuit
1441 1354 1728 1426 sanguine,
1793 1363 1848 1410 et

265 1445 486 1502 hominis
511 1445 606 1516 qui
639 1445 1062 1502 dormieritcum
1093 1461 1177 1501 ea.
1218 1463 1238 1500 >
1473 1433 1484 1442 ’

326 1536 678 1608 Qumcunque
699 1537 944 1606 ejusdem
974 1537 1274 1593 sanctionis
1315 1538 1419 1594 sibi
1451 1538 1750 1606 cohaerent,
1793 1549 1848 1596 et

263 1651 481 1706 quorum
518 1633 587 1689 ad
621 1649 785 1689 unam
823 1633 1186 1690 intentionem
1211 1635 1267 1690 in
1303 1635 1506 1691 eﬂ‘ectu
1538 1635 1707 1691 tradit
1734 1638 1844 1692 uti-

263 1729 396 1795 litas,
425 1729 541 1784 haec
569 1727 796 1782 sibimet
815 1727 1091 1800 legislator
1110 1737 1438 1784 connectere
1459 1728 1768 1794 consuevit,
1787 1738 1846 1784 ut

1959 546 2118 599 poena
2157 531 2450 586 manifesta
2476 540 2579 587 est.
2614 533 2956 589 Manifestum
2981 544 3066 589 est
3085 534 3248 588 etiam
3277 535 3550 602 quomodo

1958 623 2215 678 mundata
2246 639 2276 678 a
2300 624 2480 695 poenis
2511 625 2729 680 liberari
2763 625 3000 696 possint.
3051 625 3156 680 Sed
3221 623 3402 680 adhuc
3463 627 3550 680 his

1957 715 2401 784 supermdiﬁcans
2431 717 2732 788 legislator,
2777 727 2970 789 utpote
2994 728 3396 774 consonantem
3423 737 3550 775 san-

1957 803 2195 859 ctionem
2219 821 2340 876 qua:
2367 807 2723 879 subsequitur
2745 809 2947 880 posuit.

2541 963 2776 1022 CADUT
2813 967 2954 1023 XVI.

2031 1069 2190 1126 Vens.
2227 1075 2275 1128 ‘l.
2303 1093 2321 1126 ‹
2361 1074 2602 1130 Locutus
2634 1088 2722 1132 est
2750 1077 3012 1135 Dominus
3046 1081 3115 1136 ad
3161 1081 3404 1154 Moysen,
3465 1083 3550 1137 di-

1955 1178 2087 1218 cens
2120 1183 2133 1216 :
2167 1164 2292 1222 Post
2315 1179 2546 1224 mortem
2575 1173 2808 1227 duorum
2841 1173 3076 1229 filio-rum
3097 1177 3300 1241 Aaron,
3327 1179 3547 1248 quando

1955 1252 2251 1311 oﬂ'erentes
2281 1258 2460 1327 ignem
2477 1261 2714 1316 alienum
2747 1263 3018 1320 interfecti
3044 1275 3192 1321 sunt.
3237 1283 3267 1317 »-

2026 1347 2167 1401 Ecce
2182 1357 2237 1402 et
2265 1364 2413 1404 nunc
2436 1351 2524 1406 Dei
2549 1349 2774 1423 spiritus
2797 1371 2968 1410 unum
3004 1371 3206 1426 corpus
3229 1357 3364 1429 legis
3392 1357 3542 1419 facit.

1954 1446 2010 1492 et
2035 1439 2102 1493 ad
2145 1457 2314 1494 unum
2341 1443 2538 1514 redigit
2559 1444 2794 1498 invicem
2819 1446 2921 1500 sibi
2954 1447 3307 1514 cohaerentia,
3348 1457 3546 1504 etcum

1953 1533 2158 1588 dudum
2188 1535 2682 1592 manifestassetea
2710 1553 2832 1608 quae
2873 1537 2942 1593 ad
2991 1538 3298 1594 doctrinam
3362 1555 3376 1591 :
3422 1557 3548 1610 qua:

1953 1634 2150 1682 contra
2177 1627 2355 1699 legem
2379 1637 2484 1691 est,
2510 1631 2814 1700 pertinent,
2851 1631 3154 1702 modosque
3203 1633 3324 1705 ejus
3355 1633 3548 1688 multi-

1955 1719 2126 1788 plices
2154 1721 2442 1792 quosdam,
2477 1732 2642 1794 atque
2677 1721 3002 1780 'tliﬂ‘crentes
3030 1726 3396 1796 exposuisset,
3438 1741 3549 1782 una

257 1817 412 1889 eiqui
442 1816 792 1873 meditationi
816 1816 952 1888 legis
997 1816 1240 1872 studium
1273 1818 1502 1888 praebet,
1532 1819 1848 1898 manifestet
1882 1802 1921 1860 υ
1953 1827 2102 1866 nunc
2133 1828 2254 1866 eam
2285 1815 2568 1886 redarguit
2600 1817 2744 1887 lege,
2805 1825 2862 1872 et
2928 1832 3222 1874 commune
3274 1817 3545 1886 quodam-

263 1909 519 1981 quomodo
551 1915 809 1980 oporteat
833 1907 950 1964 lues
977 1907 1230 1981 intelligi,
1273 1917 1329 1965 et
1351 1926 1474 1980 qua:
1497 1922 1625 1966 cum
1647 1909 1849 1982 quibus

262 2003 634 2074 cognationem
699 1999 1002 2056 secundum
1057 2001 1472 2058 similitudinem
1540 2002 1851 2060 intellectus

263 2094 501 2150 habeant.
525 2089 674 2160 Quia
705 2108 828 2148 esse
857 2092 1065 2149 ﬂuxum
1121 2095 1351 2150 seminis
1386 2095 1625 2168 patiens,
1655 2098 1848 2153 docto-

261 2204 370 2242 rum
415 2202 786 2258 corrumpens
819 2201 1032 2253 semen,
1063 2196 1119 2243 et
1150 2189 1332 2258 turpia
1385 2198 1552 2260 atque
1602 2207 1848 2246 corrum-

258 2281 426 2354 pentia
447 2280 758 2336 admonens
781 2289 868 2336 est
891 2281 1152 2350 probatus
1187 2299 1200 2336 :
1235 2280 1300 2336 Et
1343 2283 1406 2336 de
1437 2301 1538 2354 quo
1577 2285 1846 2356 egreditur

257 2391 418 2428 semen
439 2374 645 2438 coitus._
665 2371 736 2428 Ut
766 2373 1058 2444 polluatur,
1091 2374 1156 2443 is,
1187 2375 1284 2446 qui
1311 2373 1538 2432 Judaica
1569 2386 1843 2448 prmecpta

257 2467 420 2533 docet,
451 2467 504 2520 in
532 2465 744 2536 quibus
771 2465 888 2535 ipse
915 2473 975 2520 ut
1019 2466 1161 2520 mala
1205 2466 1356 2522 bona
1388 2467 1599 2524 docens
1627 2479 1683 2524 et
1706 2469 1844 2541 legis

259 2558 602 2612 intentionem
644 2556 1051 2628 transgrediens
1109 2557 1394 2628 polluitur,
1437 2559 1566 2614 dum
1601 2576 1664 2614 ea
1721 2577 1844 2631 quae

258 2651 316 2706 ad
358 2651 594 2706 litteram
648 2649 952 2720 pertinent.
999 2658 1154 2721 extra
1183 2661 1404 2722 tempus
1464 2652 1728 2722 proferet,
1790 2665 1844 2710 ct

260 2745 404 2800 modo
437 2744 682 2816 quodam
713 2742 934 2798 tnundis
986 2743 1130 2798 sicut
1175 2743 1475 2798 immundis
1524 2745 1717 2811 utitur,
1775 2746 1842 2800 de

259 2836 438 2907 quibus
457 2835 674 2892 dictant
717 2842 803 2890 est
839 2851 854 2888 :
887 2832 1074 2889 Omnia
1130 2834 1328 2889 munda
1396 2835 1626 2899 mundis,
1696 2838 1842 2890 coin-

259 2928 472 2998 quinatis
493 2935 685 2982 autem
730 2936 778 2981 et
809 2927 1104 2998 inﬁdelibus
1133 2926 1267 2980 nihil
1312 2928 1586 2993 mundum,
1619 2929 1710 2983 sed
1731 2929 1844 2998 pol-

259 3019 358 3074 luta
383 3027 497 3074 sunt
517 3036 710 3073 eorum
733 3035 878 3072 mens
906 3028 954 3072 et
973 3019 1295 3072 conscientia
1310 3019 1376 3072 ".
1411 3018 1704 3092 Sanguinis
1742 3037 1841 3075 au-

264 3119 356 3165 tem
387 3110 583 3166 ﬂuxum
619 3110 892 3181 patientes
910 3111 964 3165 in
1000 3111 1299 3167 menstruis
1332 3112 1469 3177 suis,
1507 3115 1565 3168 hi
1591 3130 1713 3170 esse
1740 3115 1837 3170 dc-

261 3205 520 3260 monstrati
551 3213 711 3270 sunt,
747 3205 836 3275 qui
859 3221 920 3260 ea
952 3221 1074 3278 qum
1108 3205 1176 3263 ad
1215 3205 1553 3278 impietatem
1585 3209 1838 3274 tendunt,

262 3293 624 3355 illodoctrinae
665 3307 935 3370 tempore,
993 3299 1185 3369 inquo
1232 3315 1406 3369 genus
1449 3299 1738 3356 hominum
1787 3302 1842 3356 in

261 3389 393 3442 cultu
414 3389 690 3446 idolorum
729 3389 1015 3444 detentum
1071 3389 1127 3444 in
1158 3391 1456 3446 menstruis
1475 3391 1611 3459 suis,
1643 3391 1699 3446 in
1753 3408 1842 3448 se-

262 3481 519 3550 paratione
543 3483 794 3546 malitizn,
822 3499 852 3536 a
884 3482 1028 3538 malo
1059 3483 1206 3538 enim
1239 3484 1477 3554 separati
1505 3499 1617 3540 non
1651 3495 1838 3548 erant;

264 3575 652 3632 utostenderet
679 3575 806 3644 quia
833 3576 1028 3630 eadem
1057 3575 1125 3632 de
1161 3575 1250 3632 bis
1281 3576 1375 3648 qui
1411 3592 1578 3646 prava
1618 3577 1839 3644 docent,

264 3664 338 3722 lex
361 3669 624 3740 loquitur.
649 3669 877 3724 Addidit
903 3669 1206 3725 secundum
1229 3668 1376 3724 LXX
1407 3689 1421 3726 :
1463 3668 1696 3724 Fluxum
1757 3688 1840 3724 se-

264 3760 402 3816 minis
435 3763 662 3832 patienti
683 3761 919 3815 masculo
957 3769 1007 3814 et
1035 3761 1269 3830 feminae.
1304 3760 1472 3832 Atqui
1525 3761 1579 3814 in
1626 3777 1839 3831 praece-

263 3851 398 3905 denti
424 3853 712 3908 sanctione
749 3851 818 3906 de
843 3851 959 3906 solo
984 3850 1130 3906 ﬂuxu
1161 3851 1390 3906 seminis
1434 3850 1680 3921 patiente
1709 3868 1840 3905 ina-

264 3943 398 3997 sculo
431 3943 604 4011 dicit;
637 3943 856 4000 feminae
883 3957 1064 4000 autem
1105 3943 1313 3998 ﬂuxum
1356 3943 1582 3998 seminis
1621 3943 1803 4014 patien
1824 3975 1840 3987 -

263 4031 322 4088 tis
364 4035 679 4090 memoriam
709 4036 1012 4090 secundum
1047 4034 1288 4090 litteram
1324 4035 1545 4105 penitus
1605 4051 1716 4089 non
1755 4035 1838 4089 fe-

264 4126 329 4182 cit
361 4145 376 4182 :
402 4131 494 4184 sed
524 4145 628 4200 per
665 4129 952 4184 mulierem
981 4129 1238 4200 quteﬂuit
1266 4128 1472 4184 ﬂuxum
1529 4129 1834 4200 sanguinis,

263 4233 370 4274 cum
398 4222 489 4292 qui
521 4221 760 4278 effundit
813 4222 1118 4278 doctrinam
1175 4223 1494 4278 idololatria:
1545 4223 1832 4279 intellexit.

264 4312 538 4384 Propterea
565 4331 716 4371 nunc
742 4331 862 4372 eam
893 4315 1098 4371 ﬂuxum
1133 4317 1364 4372 seminis
1395 4317 1700 4387 patientem
1735 4333 1835 4387 ap-

267 4407 486 4475 pellavit.
523 4418 586 4464 ut
615 4425 716 4465 nos
753 4409 1094 4466 disceremus
1141 4409 1264 4480 quia
1293 4425 1436 4464 eum
1461 4410 1553 4480 qui
1581 4427 1834 4466 corrum—

1953 1903 2117 1958 modo
2145 1914 2337 1960 contra
2357 1919 2476 1960 eam
2510 1907 2758 1962 subdidit
2815 1920 3172 1980 prteceptum,
3230 1917 3288 1962 et
3320 1923 3546 1964 causam

1953 1999 2126 2052 morbi
2149 1999 2320 2068 ipsius
2355 2001 2702 2056 manifestam
2741 2001 2893 2067 fecit,
2924 2003 2976 2056 id
3005 2012 3111 2068 est,
3140 2003 3286 2057 unde
3322 2002 3544 2056 contiu-

1950 2091 2027 2160 git
2062 2099 2118 2146 et
2139 2093 2286 2148 unde
2317 2095 2660 2163 supervenit.
2715 2097 2931 2152 Au’disti
2961 2097 3130 2160 enim,
3151 2097 3373 2166 quando
3401 2097 3544 2150 ﬁlio-

1949 2199 2070 2238 rum
2099 2184 2309 2251 Aaron,
2336 2202 2528 2242 eorum
2549 2189 2640 2258 qui
2687 2189 2878 2244 divino
2913 2190 3037 2262 igne
3059 2190 3372 2260 consumpti
3411 2198 3542 2244 sunt

1946 2277 2330 2345 quaerebamus
2372 2288 2630 2343 mortem,
2661 2281 2811 2350 quia,
2851 2296 2981 2336 cum
3015 2281 3244 2337 verbum
3269 2280 3378 2336 illic
3402 2281 3543 2350 lega-

1945 2368 2016 2424 lis
2052 2369 2361 2427 traditionis
2391 2381 2448 2428 et
2501 2373 2747 2430 historia:
2803 2374 3132 2440 faceremus,
3183 2375 3365 2446 ignem
3402 2376 3538 2429 alie-

1947 2475 2103 2522 nunt,
2137 2461 2374 2516 alienam
2410 2479 2439 2517 a
2472 2464 2586 2518 Deo
2643 2465 2957 2521 doctrinam
3011 2467 3276 2528 diximus.
3319 2477 3380 2522 et
3405 2483 3536 2539 pro--

1945 2559 2135 2620 pterea
2193 2570 2222 2608 a
2269 2555 2460 2610 divino
2508 2559 2634 2629 igne
2674 2558 2934 2615 videlicet
2982 2560 3232 2630 spiritus,
3287 2576 3386 2616 eos
3439 2563 3536 2631 qui

1947 2643 2126 2714 ignem
2149 2647 2299 2702 illum
2318 2650 2625 2706 oll‘erehant
2641 2667 2762 2707 esse
2785 2662 3176 2724 consumptos:
3206 2655 3332 2724 quia
3351 2657 3538 2710 divino

1943 2736 2054 2805 igni
2086 2749 2270 2808 aperte
2300 2741 2708 2804 contradicunt,
2745 2753 2802 2799 et
2829 2751 3023 2800 contra
3091 2745 3361 2816 Spiritum
3412 2763 3540 2801 san-

1945 2839 2094 2884 etum
2147 2841 2319 2903 agunt
2379 2834 2454 2900 hi,
2488 2835 2584 2904 qui
2617 2851 2682 2891 ea
2729 2851 2852 2906 quae
2882 2837 3022 2890 mala
3083 2849 3138 2892 et
3171 2837 3358 2908 iniqua
3409 2850 3542 2893 sunt

1943 2923 2164 2978 docent.
2197 2924 2327 2979 Sive
2357 2942 2489 2998 ergo
2510 2943 2573 2982 ea
2599 2943 2722 2997 quae
2748 2929 3066 2984 idololatriae.
3091 2930 3394 2988 cohaerent.
3411 2933 3542 3002 quis

1946 3014 2146 3080 tradat,
2173 3015 2290 3070 sive
2318 3025 2636 3087 corrumpat
2664 3034 2949 3088 exponens
3015 3021 3200 3075 divina
3253 3022 3536 3086 mandata,

1945 3105 2155 3159 nefaria
2185 3107 2240 3160 in
2261 3108 2343 3163 eis
2371 3108 2728 3165 subinferens
2779 3113 2942 3166 verba
2987 3114 3106 3168 sive
3145 3113 3374 3169 Judaica
3433 3115 3540 3173 do-

1949 3197 2122 3252 ctrina
2151 3201 2229 3255 sic
2259 3209 2466 3267 utatur,
2491 3213 2554 3258 ut
2591 3218 2655 3258 ex
2690 3218 2754 3258 ea
2812 3205 3110 3275 polluatur,
3154 3214 3345 3262 contra
3395 3218 3539 3263 tem-

1950 3304 2052 3357 pus
2069 3288 2322 3343 videlicet
2358 3297 2413 3344 et
2447 3291 2812 3347 intentionem
2836 3292 2995 3364 legis,
3027 3293 3200 3364 ipsius
3222 3295 3357 3365 legis
3386 3295 3538 3348 litte-

1948 3395 2064 3432 ram
2095 3379 2404 3450 proferens,
2444 3382 2625 3453 ignem
2654 3383 2896 3438 alienum
2932 3383 3043 3440 Deo
3070 3385 3285 3450 oﬂ‘eret,
3321 3395 3378 3441 et
3412 3402 3542 3454 νω-

1949 3483 2136 3540 ptcrca
2185 3475 2323 3528 mori
2380 3475 2662 3542 dicuntur,
2711 3493 2780 3532 ex
2843 3477 2961 3549 lege
2993 3479 3230 3534 celerem
3270 3479 3541 3534 habentes

1949 3569 2410 3638 transgressionis
2439 3585 2678 3640 pronam.
2713 3568 2918 3626 Verum
2956 3573 3183 3642 quando
3229 3573 3282 3627 hi
3336 3575 3539 3629 mortui

1949 3655 2174 3721 fuerint,
2200 3655 2254 3710 id
2283 3665 2388 3722 est,
2420 3659 2642 3728 quando
2663 3659 2936 3729 dispertiti
3009 3660 3234 3726 fuerint,
3288 3674 3345 3718 et
3393 3679 3537 3733 quo-

1945 3746 2238 3802 dammodo
2257 3747 2586 3816 defecerint,
2626 3759 2760 3806 tunc
2809 3753 3023 3811 sanctio
3075 3771 3200 3825 qua:
3265 3756 3534 3826 sequitur.

1947 3838 2241 3894 obtinebit.
2280 3840 2346 3894 Et
2379 3850 2672 3912 propterea
2704 3854 2831 3914 post
2878 3855 3112 3915 mortem
3171 3847 3405 3900 ﬁliorum
3441 3850 3537 3900 Aa-

1946 3947 2070 3997 ron,
2102 3933 2196 4004 qui
2227 3933 2406 4004 ignem
2443 3936 2684 4000 alienum
2735 3937 3077 4003 obtulerunt,
3138 3939 3343 3993 dixisse
3392 3939 3535 3994 Deus

1943 4024 2010 4078 ad
2045 4023 2261 4096 Moysen
2286 4041 2348 4080 ea
2373 4043 2495 4096 quae
2525 4038 2853 4099 sequuntur,
2874 4029 3076 4085 dicitur
3111 4046 3124 4082 :

2017 4115 2184 4173 Vens.
2219 4119 2274 4173 2.
2312 4141 2331 4170 ι
2374 4119 2441 4174 Et
2471 4121 2734 4192 praecepit
2785 4123 2836 4176 ei
2883 4123 3074 4178 dicens
3110 4139 3124 4178 :
3163 4123 3414 4194 Loquere
3465 4125 3538 4179 ad

1943 4208 2126 4266 Aaron
2168 4210 2393 4267 fratrem
2417 4221 2595 4279 tuum,
2632 4229 2704 4269 ne
2733 4215 2882 4270 omni
2913 4223 3164 4287 tempore
3197 4217 3540 4289 ingrediatur

1943 4305 2343 4380 sanctum-ium,
2371 4306 2516 4376 quod
2545 4314 2630 4362 est
2664 4308 2806 4362 intra
2847 4309 3056 4378 velum,
3107 4325 3292 4367 coram
3349 4311 3538 4382 propi-

1944 4397 2167 4453 tiatorio
2199 4415 2310 4470 quo
2355 4402 2558 4472 tegitur
2584 4417 2732 4468 arca,
2799 4411 2860 4458 ut
2902 4419 3014 4459 non
3067 4405 3353 4471 moriatur,
3408 4407 3542 4476 quia

266 4500 336 4568 pit
356 4502 548 4558 bonam
572 4503 902 4566 doctrinam,
947 4503 1187 4574 turpiter
1245 4520 1366 4560 eam
1397 4509 1452 4560 et
1481 4505 1623 4559 male
1651 4504 1835 4575 profe-

1953 4490 2002 4544 in
2021 4491 2167 4546 nube
2200 4495 2498 4564 apparebo,
2533 4509 2700 4566 super
2728 4495 3032 4552 oraculum.
3072 4516 3090 4548 ι

266 4606 396 4661 rens,
420 4595 577 4650 talem
611 4595 790 4666 qualis
822 4595 976 4650 estis
1007 4596 1100 4667 qui
1145 4595 1483 4668 impietatem
1519 4599 1700 4664 docet,
1755 4599 1839 4652 lex

265 4699 484 4756 reputet,
518 4700 878 4762 utrorumque
909 4693 1056 4748 enim
1103 4693 1272 4748 verba
1303 4695 1658 4764 corruptione
1675 4697 1836 4766 plena

268 4791 398 4836 sunt.
433 4783 523 4840 llis
569 4785 746 4839 virum
799 4787 1089 4855 conjunxit
1148 4802 1272 4842 cum
1326 4797 1666 4845 menstruata
1707 4791 1836 4845 dor-

269 4873 526 4930 mientem.
552 4877 696 4933 Dicit
724 4885 906 4933 autem
929 4879 1166 4950 eumqui
1198 4895 1261 4935 ex
1293 4879 1437 4936 ﬁdeli
1460 4881 1681 4951 populo,
1712 4883 1836 4936 ido.

269 4958 476 5021 lttlall'lil‘.
509 4968 704 5024 mistus
738 4981 823 5025 est
858 4971 1041 5026 :sieut
1068 4971 1320 5040 superius
1348 4970 1610 5028 diximus.
1676 4973 1833 5029 Unde

267 5068 364 5108 non
385 5048 718 5128 simpliciter,
743 5063 840 5118 sed
861 5065 1166 5120 masculum
1207 5065 1521 5135 perfectiori
1544 5067 1833 5131 vocabulo,

270 5145 394 5202 sicut
423 5167 618 5210 nomen
647 5155 828 5210 ﬁdelis
872 5155 1266 5226 possidentem,
1295 5157 1452 5212 dixit.
1493 5156 1550 5212 Si
1575 5159 1837 5228 praevari-

271 5245 404 5291 ratur
433 5242 675 5311 etTecAus,
699 5245 804 5302 hoc
824 5247 1148 5302 vocabulum
1201 5256 1361 5318 negat
1410 5248 1722 5318 falsumque
1777 5251 1834 5304 in

251 5334 323 5378 'rc
364 5345 475 5386 esse
499 5335 862 5403 demonstrat,
908 5340 1140 5408 adeptus
1183 5339 1328 5393 enim
1388 5340 1482 5394 Dei
1557 5337 1830 5404 militiam,

275 5413 412 5474 idolis
441 5439 497 5478 se
527 5428 764 5495 tradidit,
798 5445 922 5485 cum
971 5430 1256 5485 dormiens
1288 5431 1546 5486 videlicet
1578 5442 1632 5486 et
1656 5431 1828 5485 errori

274 5523 324 5563 se
348 5517 688 5588 permiscens,
711 5523 947 5593 primum
1000 5522 1220 5593 quidem
1255 5530 1314 5578 ut
1345 5523 1596 5588 sordens,
1631 5522 1833 5577 deinde
1877 5528 1883 5533 ”

281 5610 332 5652 ut
363 5605 442 5658 cui
482 5606 619 5666 inest
649 5613 806 5683 longe
832 5631 860 5666 a
896 5612 1005 5668 Deo
1042 5615 1258 5679 sedere,
1287 5622 1342 5670 et
1364 5615 1582 5686 degere.
1617 5608 1681 5668 Et
1704 5629 1833 5684 μνον

376 5766 414 5800 ¹⁹
441 5768 591 5831 Joan.
622 5792 658 5842 ι,
696 5776 777 5862 ll.
873 5779 916 5810 ²⁰
943 5780 1052 5834 Tit.
1091 5798 1128 5848 ι,
1168 5783 1250 5838 l5.

1366 5785 1406 5816 ²¹
1446 5782 1638 5840 Matth.
1683 5799 1793 5850 xw,
1837 5783 1928 5837 ‘26.

2019 4581 2296 4648 Quantum
2324 4597 2510 4655 parcat
2531 4587 2675 4642 Deus
2697 4587 2861 4644 saluti
2883 4599 3106 4655 nostras,
3122 4606 3189 4646 ex
3214 4591 3544 4663 multisqute

1945 4675 2001 4728 in
2039 4677 2156 4748 lege
2183 4677 2330 4732 dicta
2357 4687 2490 4734 sunt
2532 4695 2546 4732 :
2589 4680 2932 4736 considerari
2967 4692 3025 4738 et
3053 4683 3188 4740 disci
3223 4693 3430 4756 potest,
3465 4687 3538 4741 de

1943 4767 2146 4836 quibus
2163 4767 2298 4822 nihil
2331 4770 2691 4842 negligentes,
2731 4773 2923 4828 oculos
2971 4775 3172 4830 mentis
3199 4791 3296 4846 per
3319 4777 3541 4849 singula

1941 4859 2312 4916 intendamus.
2333 4861 2472 4928 Quid
2497 4865 2635 4918 enim
2667 4865 2899 4933 prodest,
2926 4865 3081 4921 homo
3109 4869 3156 4922 si
3179 4877 3354 4923 totum
3375 4887 3538 4926 mun-

1941 4953 2066 5006 dum
2091 4953 2342 5020 lucretur,
2371 4956 2566 5012 anima?
2583 4966 2760 5010 autem
2788 4974 2898 5014 ante
2925 4960 3300 5016 detrimentum
3331 4965 3540 5034 faciat?

1937 5049 2046 5102 Aut
2097 5066 2258 5116 quam
2321 5051 2467 5104 dabit
2530 5052 2683 5106 Itomo
2709 5057 3175 5110 commutationem
3197 5071 3294 5125 pro
3348 5059 3532 5112 anima

1939 5160 2036 5196 sua
2065 5143 2136 5196 ’³2
2158 5141 2295 5208 Quia
2319 5159 2450 5215 ergo
2473 5161 2710 5207 summa.
2737 5147 2854 5202 sive
2891 5149 3190 5218 capitulum
3214 5149 3408 5204 salutis
3436 5167 3535 5204 no-

1943 5246 2089 5300 strae,
2127 5235 2292 5291 Verbi
2316 5237 2562 5292 doctrina
2589 5247 2694 5304 est,
2717 5238 2834 5309 ipsa
2869 5239 3031 5296 nobis
3077 5241 3197 5296 vias
3247 5241 3456 5304 bonas,
3489 5243 3531 5295 si

1941 5329 2082 5382 bona
2114 5327 2278 5382 fuerit
2309 5345 2322 5380 :
2353 5329 2397 5382 si
2430 5336 2614 5384 autem
2648 5331 2809 5395 nuda,
2829 5331 3000 5386 malas
3015 5329 3202 5401 digito,
3224 5340 3533 5386 nionstrare

1945 5422 2250 5478 consuevit.
2291 5421 2460 5477 Recte
2515 5423 2807 5478 maximam
2853 5423 3190 5495 diligentiam
3254 5425 3535 5495 legislatm-

1949 5517 2170 5572 exhibet
2194 5531 2253 5570 ut
2283 5531 2390 5571 non
2413 5517 2591 5572 solum
2629 5516 2682 5570 in
2709 5517 2892 5572 verbis
2924 5517 3210 5587 turpibus,
3242 5527 3336 5574 aut
3371 5517 3424 5572 in
3452 5517 3533 5572 fa-

1945 5609 2088 5662 bulis
2109 5608 2349 5664 Judairis
2379 5618 2472 5663 aut
2499 5608 2557 5662 in
2589 5607 2774 5678 aliquo
2800 5607 3119 5664 idololatria
3149 5609 3534 5681 phantasmate
