3992 6430
481 372 590 438 98⁸1

1678 374 2007 436 HESYCIII
2018 377 2041 436 Ι
2082 374 2563 441 PRESBYTER]:
3619 395 3707 463 98l

479 489 734 547 doctores
757 502 866 543 non
895 486 1187 583 excedant,
1211 487 1317 583 sed
1338 502 1439 542 nec
1468 489 1755 583 occasione
1788 489 2076 583 theologiae
2102 495 2147 552 Δ
2175 491 2405 559 Quando
2435 510 2564 567 ergo
2600 510 2633 549 a
2678 496 2879 567 popqu
2906 494 3138 553 Iudaico
3175 497 3227 551 in
3263 498 3414 570 cuius
3438 518 3572 560 nunc
3595 506 3708 583 ligu-

480 584 537 639 in
560 583 899 654 impietatem
921 580 1144 647 cadant,
1176 581 1321 651 quod
1348 596 1468 636 mos
1505 590 1589 636 est
1616 581 1894 638 haereticis
1924 582 2058 653 pati.

478 677 858 736 Substantiam
890 691 1021 732 vero
1043 676 1402 731 discutientes
1460 674 1576 738 Dei,
1610 685 1719 730 tam
1770 673 1947 730 Patris
1998 674 2067 731 ad

480 770 703 835 Filium,
736 784 901 840 quam
940 766 1061 821 Filii
1086 766 1442 837 adSpit-ituin
1485 777 1759 831 sanctum,
1805 765 2067 821 differen—

479 866 608 917 tiam
637 860 1013 925 introducunt,
1049 870 1105 916 et
1133 858 1237 914 alia
1269 859 1464 913 similia
1486 874 1609 929 quae
1632 868 1874 914 nostram
1906 874 2068 914 exce-

477 955 616 1009 dunt
643 950 956 1016 scientiam,
980 950 1290 1005 absconsa:
1351 964 1473 1019 quae
1529 958 1659 1004 sunt
1715 949 1877 1003 nobis
1925 948 2068 1012 sicut

477 1048 641 1102 nimis
675 1046 784 1102 alta
823 1053 988 1115 atque
1013 1043 1292 1107 sublimia,
1329 1057 1441 1098 non
1479 1059 1545 1098 ex
1595 1042 1798 1099 divinis
1834 1041 2065 1114 dogma-

477 1140 639 1205 tibus,
671 1137 766 1193 sed
793 1153 858 1193 es
884 1137 1000 1192 suis
1017 1134 1443 1209 cogitationibus
1473 1136 1762 1206 exquirere
1795 1135 2061 1200 volentes,

474 1249 502 1285 a
528 1232 923 1287 moderationis
970 1229 1357 1292 ecclesiastica:
1404 1229 1578 1285 excisi
1627 1237 1757 1285 sunt
1811 1242 2064 1297 corpore.

475 1324 592 1380 lloc
611 1339 743 1386 ergo
770 1339 841 1378 ne
869 1322 1160 1394 patiamur,
1195 1322 1279 1378 lex
1312 1308 1676 1393 praesentibus
1706 1334 1808 1375 nos
1833 1334 2066 1390 precntu-

473 1425 568 1472 uet
594 1415 776 1471 verbis
804 1432 819 1482 ;
852 1415 929 1469 ait
966 1414 1114 1470 enim
1153 1415 1231 1469 sic
1271 1431 1282 1466 :

542 1510 612 1565 Et
645 1511 779 1564 dixit
814 1508 1069 1564 Dominus
1109 1509 1179 1562 ad
1206 1507 1417 1580 Moysen
1450 1525 1468 1562 :
1500 1506 1735 1579 Loquere
1781 1510 1851 1562 ad
1887 1508 2065 1561 Aaron

472 1607 698 1674 fratrem
749 1613 918 1656 tuum.
959 1601 1019 1656 ω
1064 1609 1170 1666 est,
1212 1609 1274 1654 ut
1323 1601 1638 1656 sacerdotes
1683 1600 1784 1655 sibi
1827 1600 2062 1656 invicem

470 1696 590 1752 haec
641 1694 1025 1766 pratciperent,
1066 1702 1123 1749 ct
1172 1693 1548 1763 unuSquisque
1599 1693 1884 1747 doctorum
1939 1691 2064 1745 talia

471 1784 728 1856 proximo
756 1783 1022 1845 sanciret,
1048 1783 1229 1853 quaiia
1258 1797 1407 1838 nunc
1435 1782 1577 1837 Deus
1605 1781 1750 1852 Loqui
1779 1780 1846 1836 ad
1880 1770 2060 1837 Aaron

470 1876 637 1949 Moysi
672 1875 950 1948 praecepit,
979 1890 1099 1945 qua:
1133 1885 1258 1930 sunt
1292 1875 1407 1930 haec
1450 1895 1461 1929 :

543 1967 661 2022 Non
717 1967 861 2021 omni
918 1977 1148 2035 tempore
1197 1966 1530 2037 ingrediatur
1582 1968 1636 2021 in
1694 1967 2062 2021 sanctuarium

468 2062 609 2133 quod
644 2069 716 2115 est
751 2060 893 2115 intra
926 2058 1098 2113 velum
1130 2075 1307 2112 coram
1346 2061 1719 2130 propitiatorio
1746 2076 1768 2114 ε
1795 2076 1897 2130 quo
1929 2058 2062 2128 tegi-

469 2166 559 2210 tur
598 2170 749 2209 arca.
783 2152 1089 2208 Commune
1137 2151 1394 2207 omnibus
1438 2155 1778 2216 mandatum,
1820 2162 1877 2207 et
1907 2167 2060 2208 com-

467 2264 695 2303 munem
742 2246 835 2302 hic
871 2245 1160 2317 proposuit
1191 2244 1386 2317 legem,
1421 2249 1658 2318 primmn
1702 2248 1924 2320 quidem
1969 2267 2059 2305 sa-

466 2340 782 2397 cerdotibus
820 2350 1027 2412 aptam,
1063 2339 1263 2395 deinde
1307 2341 1456 2396 omni
1492 2344 1591 2411 qui
1624 2341 1743 2398 vult
1782 2342 2060 2401 discutere

464 2437 648 2492 divina
683 2439 960 2510 mysteria.
995 2438 1387 2506 Quamobrem,
1420 2438 1724 2494 secundum
1758 2437 1921 2505 LXX,
1956 2441 2061 2495 im-

465 2531 828 2602 personaliter
880 2533 1178 2604 praecepit,
1233 2531 1426 2587 dicens
1470 2550 1483 2585 :
1530 2529 1650 2585 Non
1689 2533 2062 2603 ingrediantur

464 2623 610 2676 omni
644 2624 701 2677 in
738 2632 970 2695 tempore
1002 2626 1058 2679 in
1095 2635 1337 2679 sanctum
1375 2625 1597 2679 interius
1632 2625 1929 2680 velaminis.
1956 2625 2060 2692 Qui

464 2730 579 2771 non
605 2715 835 2778 addidit.
870 2731 1064 2771 omnes
1091 2715 1386 2786 prohibere
1415 2715 1482 2769 ab
1509 2716 1613 2771 hoc
1640 2714 1931 2771 manifeste
1961 2732 2060 2771 cu-

462 2807 646 2879 piens,
675 2808 803 2878 quia
849 2808 1098 2864 velamen
1142 2824 1345 2879 corpus
1386 2806 1685 2863 Salvatoris
1715 2808 2058 2880 lntelligitur,

466 2901 611 2956 sicut
649 2899 850 2957 Paulus
881 2902 1167 2957 evidenter
1209 2900 1328 2956 ait:
1365 2899 1628 2956 Habentes
1671 2911 1852 2971 autent
1896 2902 2060 2971 con/i-

464 2992 702 3051 dentiam
743 2993 799 3047 in
836 2993 1057 3047 introitu
1098 3003 1402 3049 sanctorum
1441 3009 1602 3063 quam
1642 2993 1873 3047 initiavit
1909 2994 2058 3046 nobis

465 3083 606 3138 viam
661 3099 874 3148 novam,
919 3093 968 3139 et
1015 3086 1271 3140 viventem
1305 3102 1399 3155 per
1442 3084 1699 3149 velamen,
1751 3087 1806 3140 id
1852 3095 1927 3140 est
1964 3102 2057 3154 per

463 3194 679 3233 carnem
712 3195 865 3232 suam
901 3180 966 3232 ".
999 3178 1121 3248 ipse
1162 3187 1249 3233 est
1292 3178 1437 3235 enim
1476 3194 1667 3234 verum
1709 3189 1765 3233 et
1798 3178 2055 3250 intelligi-
2084 3204 2125 3259 ρ

461 3268 576 3323 bile
604 3267 1068 3339 propitiatorium.
1096 3275 1284 3337 utpote
1316 3266 1408 3337 qui
1455 3266 1571 3337 ipse
1608 3266 1768 3321 nobis
1800 3275 2055 3336 peccato~

463 3378 587 3417 rum
618 3361 1064 3433 propitiationem
1094 3368 1319 3431 praestat
1351 3378 1365 3425 ;
1401 3359 1477 3414 ait
1505 3359 1710 3414 etenim
1738 3358 1880 3413 idem
1916 3358 2056 3412 Pau.

460 3459 550 3513 lus
577 3478 590 3514 :
621 3456 813 3514 Omnes
847 3463 1213 3525 peccaverunt,
1250 3463 1299 3508 et
1334 3462 1483 3523 egent
1526 3451 1696 3522 gloria
1742 3449 1860 3517 Dei,
1886 3452 2055 3521 justi-

457 3550 610 3619 ﬁcati
675 3551 843 3618 gratis
899 3563 991 3616 per
1039 3546 1273 3617 gratiam
1327 3545 1464 3614 ejus,
1498 3543 1890 3607 liberationem,
1939 3558 2056 3614 quae

462 3651 537 3696 est
568 3642 624 3695 in
651 3638 857 3697 Christo
887 3638 1013 3693 Iesu
1039 3680 1054 3705 ,
1089 3653 1244 3709 quem
1291 3636 1561 3705 proposuit
1606 3632 1744 3689 Deus
1790 3635 2055 3704 propitia-

464 3742 629 3790 torem
657 3746 753 3799 per
785 3729 1098 3805 sanguinem
1126 3728 1293 3797 ipsius
1323 3726 1388 3780 ”.
1418 3724 1574 3794 Quod
1600 3734 1783 3781 autem
1816 3739 1919 3779 nos
1944 3724 2056 3778 ha—

463 3824 676 3886 bemus,
714 3820 905 3878 Coram
946 3820 1337 3890 propitiatorio,
1380 3817 1524 3875 LXX
1557 3817 1851 3873 ediderunt
1896 3835 1910 3870 :
1948 3815 2055 3869 Co-

461 3933 580 3971 ram
628 3916 765 3987 facie
811 3913 1193 3984 propitiatorii.
1249 3910 1388 3966 lluic
1437 3921 1623 3965 autem
1677 3908 2056 3981 propitiatorio

460 4005 666 4068 facies.
720 4003 981 4060 divinitas
1042 4003 1161 4072 ejus
1223 4000 1341 4058 fuit.
1406 4000 1775 4066 Quamobrem
1833 3997 2055 4069 quando

460 4098 674 4170 Moyses
702 4096 887 4154 videre
917 4096 1087 4152 Deum
1117 4096 1439 4152 desiderans
1467 4094 1682 4149 dicebat
1726 4112 1739 4146 :
1775 4090 1835 4146 Si
1880 4093 2054 4145 inveni

459 4193 692 4263 gratiam
734 4191 790 4248 in
821 4199 1097 4259 conspectu
1143 4200 1253 4251 tuo,
1285 4188 1498 4242 ostende
1559 4186 1687 4240 mihi
1724 4186 1946 4261 teipsum
1984 4185 2050 4237 “.

461 4283 531 4339 Et
558 4279 841 4351 respondit
866 4302 879 4335 :
902 4278 1021 4334 Non
1048 4281 1242 4350 poteris
1264 4281 1440 4334 videre
1462 4277 1657 4345 faciem
1684 4291 1878 4341 nteant;
1904 4291 2054 4329 nemo

459 4374 732 4450 hominum
752 4374 882 4429 vidit
905 4374 1094 4446 faciem
1120 4390 1292 4431 meam
1311 4382 1359 4426 et
1388 4372 1510 4428 vivit
1534 4374 1579 4403 ³⁵
1606 4395 1616 4426 ;
1644 4371 1774 4440 quia
1805 4372 2057 4427 substan-

463 4469 592 4524 tiam
638 4467 733 4523 Dei
776 4482 944 4523 neino
993 4464 1463 4537 comprehendere
1506 4473 1704 4534 potest,
1750 4466 1852 4520 hoc
1895 4466 2051 4520 dixit.

2175 602 2316 652 ram,
2346 595 2537 658 utpote
2570 588 2875 660 principem
2913 592 3097 661 populi
3128 590 3340 664 Moysen
3368 596 3579 667 accepit,
3604 617 3709 671 pro.

2174 678 2458 732 tectricem
2495 676 2638 734 Deus
2664 679 2891 735 abstulit
2923 695 3171 748 manum,
3201 694 3256 738 et
3279 699 3373 739 sua
3399 700 3515 741 eum
3541 688 3707 750 virtute

2172 767 2399 825 nudavit
2434 768 2489 823 in
2524 777 2738 825 tantum
2780 780 2841 826 ut
2883 768 3147 828 Romanis
3186 774 3381 831 tributa
3401 782 3706 852 'praastarent,

2173 869 2233 914 ut
2263 861 2367 916 sub
2397 862 2545 933 leges
2575 877 2766 918 eorum
2801 871 2858 918 et
2897 862 3178 936 principes
3206 866 3476 939 degerent,
3504 881 3620 931 tunc
3642 879 3707 933 via

2172 952 2373 1010 derunt
2429 954 2735 1025 posteriora
2784 953 2906 1023 Dei,
2948 955 3002 1011 id
3040 964 3127 1011 est
3171 950 3263 1011 Dei
3304 956 3706 1021 incarnationem.

2171 1044 2481 1102 Posteriora
2528 1056 2714 1103 autem
2752 1048 2893 1119 ejus,
2923 1049 3053 1119 quia
3080 1048 3331 1106 videlicet
3360 1048 3411 1106 in
3439 1050 3622 1110 ultimis
3644 1068 3711 1114 est

2173 1140 2514 1209 temporibus
2543 1140 2883 1195 incarnatus.
2920 1138 3132 1196 Faciem
3165 1151 3340 1196 autem
3370 1160 3466 1197 non
3492 1145 3707 1208 videbitis.

2170 1231 2266 1295 ait,
2304 1232 2670 1287 substantiam
2719 1231 2977 1288 videlicet
3022 1231 3351 1289 Divinitatis.
3387 1233 3573 1305 Aperte
3608 1253 3711 1311 ergo

2170 1324 2425 1379 doctores
2469 1324 2663 1389 vetuit,
2712 1333 2768 1379 et
2818 1325 3134 1380 sacerdotes
3171 1326 3465 1395 prohibuit,
3499 1338 3550 1382 et
3577 1344 3688 1398 quos

2168 1432 2388 1486 cunque
2415 1416 2485 1471 de
2518 1418 2628 1471 Deo
2661 1419 2810 1488 loqui
2846 1418 2925 1475 fas
2950 1427 3055 1484 est,
3087 1419 3371 1488 exquirere
3398 1420 3709 1479 substantiam

2171 1509 2289 1571 Dei,
2317 1520 2371 1563 et
2397 1509 2673 1565 discutere
2702 1509 2905 1565 Christi
2938 1510 3305 1576 divinitatem,
3343 1520 3396 1564 et
3431 1512 3620 1581 ingredi
3644 1515 3710 1568 in-

2170 1599 2377 1654 teriora.
2402 1601 2690 1658 velaminis
2717 1601 3095 1673 iutelligibilis.
3130 1599 3388 1655 Velamen
3419 1602 3554 1656 enim
3581 1602 3713 1659 Chri-

2168 1699 2287 1744 stus
2322 1691 2507 1746 ’Iiabet
2535 1707 2780 1757 carnem,
2839 1700 3216 1763 tegumentum
3280 1691 3562 1748 divinitatis
3605 1709 3713 1759 sum,

2169 1782 2636 1851 quemadmodum
2661 1792 2720 1838 et
2750 1785 2853 1841 hoc
2890 1784 3041 1854 quod
3071 1792 3190 1838 erat
3221 1783 3475 1839 sensibile
3505 1783 3720 1840 velamen

2099 1852 2139 1904 Β
2176 1884 2551 1944 tegumentum
2605 1873 2824 1930 Sanctis
2871 1886 3187 1930 sanctortmt
3240 1875 3361 1930 fuit.
3410 1874 3529 1930 Non
3571 1877 3717 1931 solum

2168 1980 2357 2020 autem
2392 1966 2666 2033 velamen,
2704 1967 2799 2023 sed
2845 1976 2901 2022 et
2946 1967 3247 2021 testimonii
3293 1982 3492 2032 art-am,
3532 1983 3713 2022 carnem

2170 2058 2383 2113 homini
2427 2058 2745 2130 appellavit,
2789 2058 2974 2113 multis
3024 2058 3172 2113 illam
3219 2059 3522 2114 necessario
3560 2061 3714 2130 appel-

2166 2152 2287 2204 lans
2327 2150 2668 2214 nominibus,
2699 2151 2830 2221 quia
2879 2149 3167 2205 multaroex
3197 2166 3263 2206 ea
3292 2160 3447 2206 erant
3482 2151 3714 2221 operatio-

2166 2259 2303 2307 nes;
2336 2242 2404 2297 de
2458 2243 2562 2297 hac
2589 2244 2738 2299 enim
2769 2242 2937 2297 David
2987 2244 3040 2297 in
3088 2241 3321 2299 Psalmis
3363 2245 3714 2315 prophetarit:

2168 2335 2426 2406 lz'xsurge,
2451 2335 2698 2402 Domine,
2719 2336 2773 2390 in
2804 2336 3031 2407 requiem
3056 2345 3227 2401 tuam,
3251 2346 3310 2389 tu
3335 2345 3382 2390 et
3408 2352 3529 2389 arca
3554 2339 3717 2390 sancti-

2162 2430 2427 2498 [icationis
2463 2439 2567 2485 tua:
2596 2428 2662 2482 ³⁵.
2704 2427 2830 2485 Haec
2867 2444 2994 2484 arca
3038 2427 3397 2501 intelligibilis
3436 2429 3714 2494 testimonii,

2160 2532 2364 2592 utpote
2398 2523 2689 2578 continens
2719 2523 3158 2594 compassioncm
3196 2523 3493 2580 salutarem
3531 2522 3716 2586 dicitur,

2162 2616 2232 2670 de
2259 2631 2365 2685 qua
2387 2614 2526 2669 dixit
2551 2614 2750 2671 Paulus
2776 2634 2789 2671 :
2825 2614 3091 2685 Testiﬁcor
3115 2631 3302 2669 coram
3337 2613 3459 2680 Deo,
3482 2623 3528 2668 et
3551 2612 3719 2669 Christo

2160 2708 2308 2772 Jesu,
2349 2710 2441 2779 qui
2495 2710 2857 2764 testimonium
2913 2707 3145 2763 reddidit
3186 2708 3285 2762 sub
3341 2706 3528 2762 Pontio
3574 2705 3720 2761 Pilato

2161 2804 2351 2856 bonam
2382 2801 2759 2872 confessionem
2791 2801 2857 2854 ".
2896 2801 3108 2857 Rursus
3137 2810 3192 2856 et
3226 2798 3573 2871 Evangelium
3608 2798 3720 2854 dici«

2162 2912 2287 2951 mus
2329 2912 2452 2952 esse
2497 2895 2898 2961 testimonium,
2932 2904 3042 2950 tam
3073 2895 3199 2966 quia
3239 2894 3557 2966 intelligibili
3588 2906 3721 2956 arca,

2161 2991 2216 3045 id
2267 2999 2352 3044 est
2400 2988 2575 3053 carni,
2612 2987 2817 3043 Christi
2868 2987 3128 3053 cohaeret,
3173 3002 3343 3059 quam
3375 2987 3498 3059 quia
3536 3000 3596 3040 ex
3625 2984 3722 3055 ipso

2161 3082 2435 3153 passionis
2472 3080 2849 3139 testimonium
2892 3081 3179 3137 habemus.
3226 3079 3308 3136 De
3352 3080 3470 3151 ipso
3512 3078 3641 3135 enim
3678 3087 3722 3135 et

2161 3177 2365 3231 Paulus
2428 3173 2496 3229 ad
2553 3172 2902 3229 Timotheum
2958 3173 3237 3229 scribebat
3295 3192 3310 3229 :
3390 3170 3722 3227 Testimonium

2162 3272 2479 3343 temporibus
2509 3272 2639 3335 suis,
2675 3270 2731 3323 in
2770 3286 2872 3340 quo
2910 3269 3107 3338 positus
3136 3284 3253 3321 sunt
3296 3282 3389 3338 ego
3424 3265 3722 3337 pradicator,
3776 3323 3781 3329 ι

2158 3378 2206 3420 et
2239 3365 2507 3435 apostolus
2538 3364 2605 3416 ³¹.
2650 3361 2776 3418 llaec
2839 3376 2962 3417 arca
2998 3376 3129 3433 ergo
3167 3371 3258 3416 est
3301 3357 3725 3432 propitiatorium,

2159 3460 2286 3528 quia
2333 3458 2387 3511 in
2435 3471 2601 3512 carne
2654 3470 2751 3509 sua
2800 3453 3057 3508 Christus
3102 3451 3268 3507 nobis
3317 3449 3724 3522 propitiationem

2160 3550 2433 3623 praestitit.
2483 3549 2563 3605 Ad
2614 3564 2777 3618 quam
2838 3547 2990 3602 omni
3045 3555 3298 3616 tempore
3354 3559 3463 3599 non
3517 3538 3725 3613 praecipit

2160 3647 2415 3702 ductores
2455 3643 2688 3715 ingredi,
2723 3650 2780 3695 ut
2821 3640 3038 3695 curiose
3075 3638 3269 3709 utique
3308 3653 3421 3692 non
3458 3634 3724 3706 inquirant,

2159 3735 2622 3805 quentadmodum
2680 3734 2891 3791 verbum
2948 3747 3072 3785 caro
3122 3733 3329 3801 factum
3387 3739 3462 3784 est
3486 3727 3529 3761 ³⁸
3561 3744 3573 3781 :
3610 3737 3723 3795 quo-

2161 3829 2345 3894 modo,
2374 3829 2466 3898 qui
2502 3830 2554 3882 in
2588 3827 2763 3881 forma
2798 3824 2894 3879 Dei
2929 3833 3069 3890 erat,
3103 3824 3158 3878 in
3193 3822 3370 3878 forma
3410 3820 3546 3877 servi
3578 3818 3726 3874 factus

2156 3932 2264 3986 est,
2307 3920 2585 3991 quomodo
2626 3918 2929 3977 exinanivit
2976 3916 3363 3987 semetipsum,
3404 3924 3461 3970 ct
3509 3914 3559 3966 in
3599 3907 3726 3964 caelis

2161 4012 2364 4069 tnzinsit
2396 4014 2463 4072 “.
2508 4010 2717 4067 llornm
2752 4011 2899 4067 enim
2945 4009 3079 4065 fides
3122 4009 3358 4067 salutem
3399 4005 3574 4071 affert,
3603 3999 3726 4073 peri-

2158 4108 2341 4162 culum
2378 4103 2680 4175 inquisitio.
2716 4100 2830 4157 line
2871 4116 2999 4173 ergo
3040 4099 3134 4171 qui
3177 4100 3377 4165 credit,
3416 4111 3526 4152 non
3558 4090 3727 4149 morie-

2160 4212 2270 4254 tur.
2302 4198 2441 4267 Quia
2472 4200 2525 4252 in
2558 4197 2712 4261 nube,
2758 4195 2958 4265 inquit,
2989 4193 3256 4263 apparebo
3294 4206 3458 4264 super
3487 4183 3726 4243 oraculum

2157 4296 2265 4349 sive
2325 4292 2795 4362 propitiatorium,
2875 4287 3080 4343 nubem
3155 4300 3352 4340 rursus
3423 4277 3727 4336 Dominicam

2158 4401 2379 4441 carnem
2427 4394 2485 4440 et
2532 4383 2903 4454 evangelicum
2958 4378 3198 4451 appellat
3247 4376 3515 4433 Verbum.
3555 4369 3729 4427 Eadem

2158 4476 2307 4531 enim
2341 4476 2529 4530 multis
2565 4483 2725 4529 vocat
2766 4471 3108 4535 nominibus,
3144 4482 3247 4523 nec
3288 4477 3378 4524 est
3415 4459 3726 4530 ταυτολογὶα.

459 4563 602 4627 Quid
635 4572 818 4617 autem
855 4562 978 4632 ejus
1006 4560 1180 4632 possit
1213 4559 1409 4624 videri,
1443 4560 1558 4628 ipse
1589 4568 1777 4628 aperte
1808 4560 2053 4615 subdidit
2091 4553 2130 4604 υ
2160 4568 2255 4621 sed
2300 4565 2714 4637 operationibus
2766 4579 2950 4619 rerum
3001 4577 3123 4637 quas
3181 4558 3581 4631 signiﬁcantur,
3628 4562 3730 4622 apta

457 4658 649 4715 dicens
683 4674 696 4710 :
731 4655 863 4711 Ecce
904 4665 979 4709 est
1028 4658 1171 4708 locus
1218 4655 1360 4723 apud
1402 4670 1503 4714 me,
1551 4654 1715 4707 stabis
1757 4670 1918 4723 super
1960 4671 2054 4724 pe-

460 4763 602 4804 tram
630 4751 697 4816 “,
731 4750 786 4805 id
825 4758 910 4805 est
945 4748 1265 4815 Ecclesium,
1301 4758 1358 4802 et
1389 4748 1795 4805 confessionem
1835 4765 1957 4819 quas
1984 4749 2051 4805 in

457 4858 525 4897 eo
546 4852 657 4908 est,
693 4858 817 4899 cum
871 4842 977 4898 llde
1027 4842 1219 4899 dicens
1261 4859 1271 4894 :
1307 4840 1540 4911 Cumque
1588 4843 1833 4897 transibit
1879 4843 2051 4912 gloria

458 4952 599 4998 mea,
635 4933 948 5007 signiﬁcans
977 4934 1181 4991 Christi
1226 4932 1293 4987 ad
1343 4934 1594 4987 homines
1630 4934 1921 4988 transitum
1956 4952 1967 4987 :
2002 4943 2051 4986 et

458 5043 652 5096 ponam
686 5037 734 5081 te
766 5029 821 5080 in
855 5029 1096 5098 foramen
1133 5036 1295 5096 petra:
1326 5027 1390 5090 '7,
1425 5026 1477 5080 id
1511 5037 1616 5093 est,
1653 5028 1707 5082 in
1741 5026 1880 5097 lege,
1911 5028 2054 5083 sicut

459 5134 559 5190 per
589 5118 836 5174 foramen
866 5125 1183 5189 angustum,
1214 5116 1281 5171 ad
1327 5117 1731 5175 confessionem
1760 5118 1967 5175 Christi
1999 5128 2055 5172 et

459 5212 645 5277 fidem,
676 5226 778 5282 per
808 5225 930 5267 eam
964 5210 1288 5270 transimus,
1332 5209 1475 5264 unde
1505 5220 1562 5264 et
1591 5211 1919 5281 paedagogis
1951 5226 2054 5265 no—

458 5312 576 5359 ster
603 5303 670 5359 ad
704 5302 1009 5369 Christum,
1056 5301 1141 5357 lex
1181 5317 1302 5356 esse
1345 5317 1442 5373 per
1492 5301 1720 5361 Paulum
1759 5294 1959 5361 dicitur
1987 5304 2053 5356 “.

458 5394 527 5450 Et
560 5411 756 5464 ponam
796 5410 956 5465 super
995 5404 1044 5452 te
1076 5409 1291 5447 manum
1335 5409 1531 5460 meam,
1566 5394 1737 5466 signis
1775 5395 2051 5459 videlicet,

458 5486 741 5544 miraculis
777 5502 899 5557 quae
949 5501 1075 5542 cum
1121 5485 1202 5539 eis
1252 5485 1504 5551 faciebat,
1543 5488 1708 5542 donec
1757 5497 2051 5565 transeam,

461 5581 747 5654 taliumque
770 5598 987 5636 manum
1016 5596 1208 5644 meam,
1234 5589 1280 5632 et
1304 5579 1496 5636 ridebis
1521 5582 1809 5651 posteriora
1842 5600 1957 5639 mea
1987 5584 2054 5642 ³³.

1247 5739 1590 5826 ’ξ-Πρηηιη,
1621 5745 1712 5809 9.3,
1744 5745 1833 5826 ἓιίἐ

1275 5815 1321 5844 π
1359 5813 1529 5866 Exod.
1566 5832 1757 5871 sum.
1799 5816 1888 5869 ‘25.

575 5742 618 5773 “
644 5741 790 5796 liehr
848 5759 901 5807 χ,
929 5742 1016 5805 l9,
1040 5740 1133 5795 ‘20.

460 5811 532 5844 οὐ
665 5813 708 5843 η
736 5811 884 5844 (fol-.1
939 5827 997 5844 ιη
1072 5810 1133 5844 εΗ

465 5881 512 5920 ⁸³
537 5880 695 5938 Joan.
722 5897 759 5942 ι,
793 5881 861 5934 ιι
976 5881 1022 5912 ιι
1053 5880 1288 5957 ιιιιίηῐψ.
1314 5899 1375 5949 η,
1412 5884 1462 5951 6,
1491 5885 1544 5940 .7.

468 5811 553 5864 2‘3.
665 5813 708 5843 ’⁸⁵
736 5811 910 5865 Galat.
939 5827 1022 5870 ιιι,
1072 5810 1162 5863 24.

493 5881 512 5915 ³
537 5879 695 5938 Joan.
722 5897 759 5942 ι,
793 5881 861 5934 Ην

1950 5746 1990 5776 ²’·
2017 5744 2188 5798 Exod.
2214 5760 2402 5805 xxxiii,
2430 5744 2517 5797 13.

2003 5816 2047 5846 ³ο
2072 5813 2211 5867 l‘sni.
2253 5829 2432 5875 tzvxxt,
2468 5816 2521 5866 8.

1659 5888 1700 5915 3"
1724 5887 1879 5941 Juan.
1904 5901 1963 5952 ll,
2003 5885 2089 5941 i9.

2164 4657 2395 4728 imponit
2425 4665 2481 4712 et
2508 4653 2789 4711 distribuit
2830 4651 3075 4710 nomina.
3118 4648 3432 4720 Aliquando
3473 4646 3611 4703 enim
3653 4654 3733 4694 ve-

2163 4753 2339 4807 lamen
2374 4766 2595 4806 carnem
2630 4750 2780 4815 dicit,
2815 4756 3193 4821 tegumentum
3225 4748 3370 4803 hanc
3402 4759 3523 4801 esse
3554 4735 3730 4796 divini-

2162 4847 2291 4903 tatis
2327 4845 2531 4900 Christi
2592 4843 2892 4913 signiﬁcat;
2953 4841 3247 4913 aliquando
3308 4850 3496 4894 autem
3554 4843 3730 4889 arcam.

2160 4939 2440 4994 hominem
2482 4937 2737 4993 videlicet
2787 4952 2951 5007 quem
3002 4937 3116 5006 ipse
3169 4933 3438 4988 Dominus
3478 4934 3731 4998 exponens

2156 5032 2362 5088 Jndzeis
2421 5031 2555 5086 dixit
2607 5049 2620 5085 :
2673 5026 2869 5084 Solvite
2925 5029 3179 5098 templum
3229 5025 3346 5089 hoc,
3401 5034 3453 5079 et
3498 5023 3552 5076 in
3594 5016 3733 5072 tribus

2158 5126 2339 5185 diebus
2385 5123 2622 5178 excitabo
2643 5123 2778 5177 illud
2807 5122 2876 5177 ³³.
2918 5119 3096 5188 Quod,
3131 5120 3332 5175 Judmis
3358 5110 3732 5188 ignorantibus,

2158 5226 2211 5271 rt
2247 5217 2560 5272 dicentibus
2595 5236 2608 5272 :
2645 5214 3017 5285 Quadraginta
3048 5224 3097 5266 et
3128 5229 3219 5266 sex
3247 5211 3401 5265 annis
3437 5204 3733 5275 a'diﬁrattmt

2159 5325 2231 5371 est
2272 5311 2524 5381 templum
2564 5311 2681 5373 hoc,
2715 5318 2763 5360 et
2793 5318 2848 5361 tu
2896 5308 2950 5360 in
2987 5306 3152 5359 tribus
3190 5304 3372 5358 diebus
3412 5297 3655 5355 excitabit
3681 5293 3733 5345 ilv

2163 5405 2254 5459 Iud
2286 5402 2368 5458 “‘i
2409 5401 2752 5473 Evangelista
2789 5400 3126 5469 asplauavit,
3161 5399 3349 5453 dicens
3389 5415 3402 5449 :
3442 5394 3543 5449 Ille
3581 5398 3732 5443 autem

2162 5493 2364 5546 dicebat
2405 5494 2468 5545 de
2509 5492 2699 5560 templo
2738 5508 2833 5543 suo
2870 5491 2934 5544 ³⁷.
2986 5487 3296 5560 Aliquando
3340 5498 3479 5541 vero
3529 5479 3732 5536 nubem,

2163 5585 2289 5654 quia
2321 5585 2496 5659 nubes
2527 5599 2725 5655 corpus
2757 5591 2862 5646 est,
2904 5582 2999 5637 sed
3044 5583 3307 5635 mundum
3347 5586 3405 5632 et
3452 5574 3736 5632 subsistcn~

3090 5740 3134 5774 ’⁸
3163 5741 3297 5796 ibid.
3323 5781 3337 5798 .
3364 5740 3428 5793 ει
3446 5778 3461 5792 .
3553 5738 3593 5769 ³⁷
3619 5730 3732 5788 ibid.

2630 5745 2675 5776 ’⁵
2704 5744 2858 5806 ἰιιίιΙ.,
2886 5743 2975 5798 ρο.
3090 5743 3134 5774 ’⁸
3163 5743 3297 5796 ibid.
3323 5781 3337 5798 .
3364 5743 3461 5793 ει.
3553 5743 3593 5769 ³⁷
3619 5743 3732 5788 ilna.

2635 5815 2673 5845 ³⁸
2706 5815 2723 5866 1
2752 5815 2893 5867 'l'itn.
2923 5829 2997 5872 υ,
3038 5812 3119 5869 l3.
3233 5811 3324 5865 "1
3354 5808 3500 5865 Tim.
3541 5824 3601 5872 tt,
3639 5801 3733 5857 0-7-

2635 5815 2673 5845 π·
2706 5815 2723 5866 l
2752 5815 2893 5867 τίη».
2923 5829 2997 5882 \l,
3038 5812 3119 5869 is.

2205 5884 2249 5914 ³³
2296 5883 2457 5951 ibid,
2477 5883 2567 5937 eo.
2709 5886 2728 5917 τ
2760 5884 2898 5940 una.
