  <div class='ocr_page' id='page_1' title='image "/cluster/home/n/w/nwhite01/storage/ocr_20150623/93/coo.31924054869973/504.png"; bbox 0 0 3992 6404; ppageno 0'>
   <div class='ocr_carea' id='block_1_1' title="bbox 691 328 769 337">
    <p class='ocr_par' dir='ltr' id='par_1_1' title="bbox 691 328 769 337">
     <span class='ocr_line' id='line_1_1' title="bbox 691 328 769 337; baseline -0.013 1"><span class='ocrx_word' id='word_1_1' title='bbox 691 328 769 337; x_wconf 60' lang='grc' dir='ltr'><strong>-ψν</strong></span> 
     </span>
    </p>
   </div>
   <div class='ocr_carea' id='block_1_2' title="bbox 368 372 476 443">
    <p class='ocr_par' dir='ltr' id='par_1_2' title="bbox 368 372 476 443">
     <span class='ocr_line' id='line_1_2' title="bbox 368 372 476 443; baseline 0 0"><span class='ocrx_word' id='word_1_2' title='bbox 368 372 476 443; x_wconf 81' lang='lat'><strong>985</strong></span> 
     </span>
    </p>
   </div>
   <div class='ocr_carea' id='block_1_3' title="bbox 1543 352 2470 416">
    <p class='ocr_par' dir='ltr' id='par_1_3' title="bbox 1543 352 2470 416">
     <span class='ocr_line' id='line_1_3' title="bbox 1543 352 2470 416; baseline -0.003 0"><span class='ocrx_word' id='word_1_3' title='bbox 1543 354 1623 416; x_wconf 88' lang='lat' dir='ltr'><strong>IN</strong></span> <span class='ocrx_word' id='word_1_4' title='bbox 1656 352 2095 416; x_wconf 77' lang='lat' dir='ltr'><strong>LEVlTlCUM.</strong></span> <span class='ocrx_word' id='word_1_5' title='bbox 2127 379 2195 390; x_wconf 87' lang='lat'><strong>—-</strong></span> <span class='ocrx_word' id='word_1_6' title='bbox 2225 352 2371 415; x_wconf 85' lang='lat' dir='ltr'><strong>LIB.</strong></span> <span class='ocrx_word' id='word_1_7' title='bbox 2402 352 2470 413; x_wconf 73' lang='grc' dir='ltr'><strong>Υ.</strong></span> 
     </span>
    </p>
   </div>
   <div class='ocr_carea' id='block_1_4' title="bbox 3545 342 3649 402">
    <p class='ocr_par' dir='ltr' id='par_1_4' title="bbox 3545 342 3649 402">
     <span class='ocr_line' id='line_1_4' title="bbox 3545 342 3649 402; baseline 0.019 -2"><span class='ocrx_word' id='word_1_8' title='bbox 3545 342 3649 402; x_wconf 72' lang='lat'><strong>996</strong></span> 
     </span>
    </p>
   </div>
   <div class='ocr_carea' id='block_1_5' title="bbox 364 452 3650 550">
    <p class='ocr_par' dir='ltr' id='par_1_5' title="bbox 364 452 3650 550">
     <span class='ocr_line' id='line_1_5' title="bbox 364 452 3650 550; baseline -0.01 -12"><span class='ocrx_word' id='word_1_9' title='bbox 364 483 501 538; x_wconf 83' lang='lat' dir='ltr'><strong>tiam</strong></span> <span class='ocrx_word' id='word_1_10' title='bbox 518 493 590 536; x_wconf 79' lang='lat' dir='ltr'><strong>ex</strong></span> <span class='ocrx_word' id='word_1_11' title='bbox 611 476 817 550; x_wconf 87' lang='lat' dir='ltr'><strong>Spiritu</strong></span> <span class='ocrx_word' id='word_1_12' title='bbox 839 481 1029 533; x_wconf 80' lang='lat' dir='ltr'><strong>sancto</strong></span> <span class='ocrx_word' id='word_1_13' title='bbox 1044 473 1369 531; x_wconf 83' lang='lat' dir='ltr'><strong>habentem:</strong></span> <span class='ocrx_word' id='word_1_14' title='bbox 1397 484 1461 526; x_wconf 80' lang='lat' dir='ltr'><strong>ex</strong></span> <span class='ocrx_word' id='word_1_15' title='bbox 1482 467 1762 540; x_wconf 79' lang='lat' dir='ltr'><strong>spir-itibus</strong></span> <span class='ocrx_word' id='word_1_16' title='bbox 1783 466 1957 529; x_wconf 85' lang='lat' dir='ltr'><strong>enim,</strong></span> <span class='ocrx_word' id='word_1_17' title='bbox 1986 470 2029 526; x_wconf 82' lang='grc' dir='ltr'><strong>Α</strong></span> <span class='ocrx_word' id='word_1_18' title='bbox 2062 464 2337 534; x_wconf 87' lang='lat' dir='ltr'><strong>quomodo</strong></span> <span class='ocrx_word' id='word_1_19' title='bbox 2367 463 2521 534; x_wconf 85' lang='lat' dir='ltr'><strong>jubet</strong></span> <span class='ocrx_word' id='word_1_20' title='bbox 2573 461 2651 515; x_wconf 84' lang='lat' dir='ltr'><strong>uti</strong></span> <span class='ocrx_word' id='word_1_21' title='bbox 2695 458 2913 531; x_wconf 86' lang='lat' dir='ltr'><strong>quando</strong></span> <span class='ocrx_word' id='word_1_22' title='bbox 2956 456 3327 527; x_wconf 78' lang='lat' dir='ltr'><strong>nosmetipsos</strong></span> <span class='ocrx_word' id='word_1_23' title='bbox 3355 452 3650 524; x_wconf 76' lang='lat' dir='ltr'><strong>perfeceri-</strong></span> 
     </span>
    </p>
   </div>
   <div class='ocr_carea' id='block_1_6' title="bbox 362 558 1956 633">
    <p class='ocr_par' dir='ltr' id='par_1_6' title="bbox 362 558 1956 633">
     <span class='ocr_line' id='line_1_6' title="bbox 362 558 1956 633; baseline -0.011 -5"><span class='ocrx_word' id='word_1_24' title='bbox 362 573 421 630; x_wconf 90' lang='lat' dir='ltr'><strong>id</strong></span> <span class='ocrx_word' id='word_1_25' title='bbox 466 580 553 628; x_wconf 90' lang='lat' dir='ltr'><strong>est</strong></span> <span class='ocrx_word' id='word_1_26' title='bbox 593 570 773 627; x_wconf 82' lang='lat' dir='ltr'><strong>ventis</strong></span> <span class='ocrx_word' id='word_1_27' title='bbox 814 569 992 624; x_wconf 88' lang='lat' dir='ltr'><strong>nubes</strong></span> <span class='ocrx_word' id='word_1_28' title='bbox 1032 567 1358 623; x_wconf 89' lang='lat' dir='ltr'><strong>subsistunt.</strong></span> <span class='ocrx_word' id='word_1_29' title='bbox 1397 564 1622 633; x_wconf 75' lang='lat' dir='ltr'><strong>Propter</strong></span> <span class='ocrx_word' id='word_1_30' title='bbox 1653 559 1796 630; x_wconf 90' lang='lat' dir='ltr'><strong>quod</strong></span> <span class='ocrx_word' id='word_1_31' title='bbox 1836 558 1956 627; x_wconf 57' lang='lat' dir='ltr'><strong>eius</strong></span> 
     </span>
    </p>
   </div>
   <div class='ocr_carea' id='block_1_7' title="bbox 364 652 1957 719">
    <p class='ocr_par' dir='ltr' id='par_1_7' title="bbox 364 652 1957 719">
     <span class='ocr_line' id='line_1_7' title="bbox 364 652 1957 719; baseline -0.011 0"><span class='ocrx_word' id='word_1_32' title='bbox 364 663 671 719; x_wconf 83' lang='lat' dir='ltr'><strong>subtilitate</strong></span> <span class='ocrx_word' id='word_1_33' title='bbox 697 661 859 717; x_wconf 87' lang='lat' dir='ltr'><strong>simul</strong></span> <span class='ocrx_word' id='word_1_34' title='bbox 888 668 945 717; x_wconf 89' lang='lat' dir='ltr'><strong>et</strong></span> <span class='ocrx_word' id='word_1_35' title='bbox 972 659 1199 715; x_wconf 90' lang='lat' dir='ltr'><strong>levitate</strong></span> <span class='ocrx_word' id='word_1_36' title='bbox 1222 655 1545 713; x_wconf 85' lang='lat' dir='ltr'><strong>munditiam</strong></span> <span class='ocrx_word' id='word_1_37' title='bbox 1575 652 1747 708; x_wconf 82' lang='lat' dir='ltr'><strong>lsaias</strong></span> <span class='ocrx_word' id='word_1_38' title='bbox 1768 659 1957 704; x_wconf 81' lang='lat' dir='ltr'><strong>osten-</strong></span> 
     </span>
    </p>
   </div>
   <div class='ocr_carea' id='block_1_8' title="bbox 359 740 1957 815">
    <p class='ocr_par' dir='ltr' id='par_1_8' title="bbox 359 740 1957 815">
     <span class='ocr_line' id='line_1_8' title="bbox 359 740 1957 815; baseline -0.013 -3"><span class='ocrx_word' id='word_1_39' title='bbox 359 756 501 812; x_wconf 87' lang='lat' dir='ltr'><strong>dens</strong></span> <span class='ocrx_word' id='word_1_40' title='bbox 517 754 767 810; x_wconf 87' lang='lat' dir='ltr'><strong>dicebat:</strong></span> <span class='ocrx_word' id='word_1_41' title='bbox 793 752 926 808; x_wconf 83' lang='lat' dir='ltr'><strong>Ecce</strong></span> <span class='ocrx_word' id='word_1_42' title='bbox 955 751 1212 806; x_wconf 79' lang='lat' dir='ltr'><strong>Dominus</strong></span> <span class='ocrx_word' id='word_1_43' title='bbox 1239 748 1475 804; x_wconf 77' lang='lat' dir='ltr'><strong>ascendit</strong></span> <span class='ocrx_word' id='word_1_44' title='bbox 1496 762 1652 815; x_wconf 87' lang='lat' dir='ltr'><strong>super</strong></span> <span class='ocrx_word' id='word_1_45' title='bbox 1674 742 1860 797; x_wconf 87' lang='lat' dir='ltr'><strong>nubem</strong></span> <span class='ocrx_word' id='word_1_46' title='bbox 1878 740 1957 793; x_wconf 80' lang='lat' dir='ltr'><strong>le-</strong></span> 
     </span>
    </p>
   </div>
   <div class='ocr_carea' id='block_1_9' title="bbox 358 833 1959 918">
    <p class='ocr_par' dir='ltr' id='par_1_9' title="bbox 358 833 1959 918">
     <span class='ocr_line' id='line_1_9' title="bbox 358 833 1959 918; baseline -0.011 -14"><span class='ocrx_word' id='word_1_47' title='bbox 358 861 498 913; x_wconf 80' lang='lat' dir='ltr'><strong>uem,</strong></span> <span class='ocrx_word' id='word_1_48' title='bbox 525 856 574 902; x_wconf 85' lang='lat' dir='ltr'><strong>et</strong></span> <span class='ocrx_word' id='word_1_49' title='bbox 607 844 933 918; x_wconf 75' lang='lat' dir='ltr'><strong>ingredietur</strong></span> <span class='ocrx_word' id='word_1_50' title='bbox 967 843 1278 913; x_wconf 60' lang='lat' dir='ltr'><strong>Egi/ptum,</strong></span> <span class='ocrx_word' id='word_1_51' title='bbox 1311 850 1360 896; x_wconf 89' lang='lat' dir='ltr'><strong>et</strong></span> <span class='ocrx_word' id='word_1_52' title='bbox 1390 837 1849 894; x_wconf 83' lang='lat' dir='ltr'><strong>commovebuntur</strong></span> <span class='ocrx_word' id='word_1_53' title='bbox 1884 833 1959 887; x_wconf 85' lang='lat' dir='ltr'><strong>si-</strong></span> 
     </span>
    </p>
   </div>
   <div class='ocr_carea' id='block_1_10' title="bbox 363 930 1969 1011">
    <p class='ocr_par' dir='ltr' id='par_1_10' title="bbox 363 930 1969 1011">
     <span class='ocr_line' id='line_1_10' title="bbox 363 930 1969 1011; baseline -0.009 -17"><span class='ocrx_word' id='word_1_54' title='bbox 363 939 611 995; x_wconf 85' lang='lat' dir='ltr'><strong>mulacra</strong></span> <span class='ocrx_word' id='word_1_55' title='bbox 655 931 961 1011; x_wconf 53' lang='lat' dir='ltr'><strong>igypti”,</strong></span> <span class='ocrx_word' id='word_1_56' title='bbox 994 937 1141 993; x_wconf 87' lang='lat' dir='ltr'><strong>nube</strong></span> <span class='ocrx_word' id='word_1_57' title='bbox 1198 934 1450 989; x_wconf 85' lang='lat' dir='ltr'><strong>similiter</strong></span> <span class='ocrx_word' id='word_1_58' title='bbox 1486 946 1598 987; x_wconf 88' lang='lat' dir='ltr'><strong>non</strong></span> <span class='ocrx_word' id='word_1_59' title='bbox 1658 930 1969 999; x_wconf 35' lang='lat' dir='ltr'><strong>incongrue,</strong></span> 
     </span>
    </p>
   </div>
   <div class='ocr_carea' id='block_1_11' title="bbox 358 1018 1955 1102">
    <p class='ocr_par' dir='ltr' id='par_1_11' title="bbox 358 1018 1955 1102">
     <span class='ocr_line' id='line_1_11' title="bbox 358 1018 1955 1102; baseline -0.009 -14"><span class='ocrx_word' id='word_1_60' title='bbox 358 1026 737 1102; x_wconf 79' lang='lat' dir='ltr'><strong>evangelicum</strong></span> <span class='ocrx_word' id='word_1_61' title='bbox 758 1024 1093 1100; x_wconf 85' lang='lat' dir='ltr'><strong>appellamus</strong></span> <span class='ocrx_word' id='word_1_62' title='bbox 1110 1024 1359 1089; x_wconf 83' lang='lat' dir='ltr'><strong>verbum,</strong></span> <span class='ocrx_word' id='word_1_63' title='bbox 1378 1024 1507 1094; x_wconf 83' lang='lat' dir='ltr'><strong>quia</strong></span> <span class='ocrx_word' id='word_1_64' title='bbox 1525 1036 1642 1077; x_wconf 88' lang='lat' dir='ltr'><strong>mos</strong></span> <span class='ocrx_word' id='word_1_65' title='bbox 1658 1029 1742 1077; x_wconf 89' lang='lat' dir='ltr'><strong>est</strong></span> <span class='ocrx_word' id='word_1_66' title='bbox 1756 1018 1955 1074; x_wconf 74' lang='lat' dir='ltr'><strong>divinae.</strong></span> 
     </span>
    </p>
   </div>
   <div class='ocr_carea' id='block_1_12' title="bbox 364 1107 1956 1193">
    <p class='ocr_par' dir='ltr' id='par_1_12' title="bbox 364 1107 1956 1193">
     <span class='ocr_line' id='line_1_12' title="bbox 364 1107 1956 1193; baseline -0.009 -16"><span class='ocrx_word' id='word_1_67' title='bbox 364 1123 669 1193; x_wconf 68' lang='lat' dir='ltr'><strong>Scriptura:</strong></span> <span class='ocrx_word' id='word_1_68' title='bbox 696 1120 869 1193; x_wconf 80' lang='lat' dir='ltr'><strong>sancti</strong></span> <span class='ocrx_word' id='word_1_69' title='bbox 901 1118 1138 1189; x_wconf 88' lang='lat' dir='ltr'><strong>Spiritus</strong></span> <span class='ocrx_word' id='word_1_70' title='bbox 1175 1114 1502 1179; x_wconf 81' lang='lat' dir='ltr'><strong>doctrinam,</strong></span> <span class='ocrx_word' id='word_1_71' title='bbox 1534 1112 1737 1167; x_wconf 87' lang='lat' dir='ltr'><strong>nubem</strong></span> <span class='ocrx_word' id='word_1_72' title='bbox 1768 1107 1956 1180; x_wconf 90' lang='lat' dir='ltr'><strong>appel-</strong></span> 
     </span>
    </p>
   </div>
   <div class='ocr_carea' id='block_1_13' title="bbox 360 1204 1956 1270">
    <p class='ocr_par' dir='ltr' id='par_1_13' title="bbox 360 1204 1956 1270">
     <span class='ocr_line' id='line_1_13' title="bbox 360 1204 1956 1270; baseline -0.009 0"><span class='ocrx_word' id='word_1_73' title='bbox 360 1216 497 1270; x_wconf 89' lang='lat' dir='ltr'><strong>lare.</strong></span> <span class='ocrx_word' id='word_1_74' title='bbox 542 1214 700 1270; x_wconf 89' lang='lat' dir='ltr'><strong>Unde</strong></span> <span class='ocrx_word' id='word_1_75' title='bbox 748 1222 801 1268; x_wconf 92' lang='lat' dir='ltr'><strong>et</strong></span> <span class='ocrx_word' id='word_1_76' title='bbox 854 1211 1070 1268; x_wconf 85' lang='lat' dir='ltr'><strong>vineam</strong></span> <span class='ocrx_word' id='word_1_77' title='bbox 1109 1209 1426 1266; x_wconf 66' lang='lat' dir='ltr'><strong>Judaaorum</strong></span> <span class='ocrx_word' id='word_1_78' title='bbox 1468 1207 1610 1262; x_wconf 87' lang='lat' dir='ltr'><strong>sicut</strong></span> <span class='ocrx_word' id='word_1_79' title='bbox 1649 1204 1956 1259; x_wconf 78' lang='lat' dir='ltr'><strong>infructuo-</strong></span> 
     </span>
    </p>
   </div>
   <div class='ocr_carea' id='block_1_14' title="bbox 360 1294 1955 1372">
    <p class='ocr_par' dir='ltr' id='par_1_14' title="bbox 360 1294 1955 1372">
     <span class='ocr_line' id='line_1_14' title="bbox 360 1294 1955 1372; baseline -0.009 -12"><span class='ocrx_word' id='word_1_80' title='bbox 360 1322 505 1372; x_wconf 88' lang='lat' dir='ltr'><strong>sam,</strong></span> <span class='ocrx_word' id='word_1_81' title='bbox 534 1304 793 1359; x_wconf 84' lang='lat' dir='ltr'><strong>auferens</strong></span> <span class='ocrx_word' id='word_1_82' title='bbox 821 1303 1038 1359; x_wconf 87' lang='lat' dir='ltr'><strong>dicebat</strong></span> <span class='ocrx_word' id='word_1_83' title='bbox 1069 1320 1081 1357; x_wconf 92' lang='lat'><strong>:</strong></span> <span class='ocrx_word' id='word_1_84' title='bbox 1112 1301 1375 1356; x_wconf 81' lang='lat' dir='ltr'><strong>Mandabo</strong></span> <span class='ocrx_word' id='word_1_85' title='bbox 1407 1298 1650 1358; x_wconf 80' lang='lat' dir='ltr'><strong>nubibus,</strong></span> <span class='ocrx_word' id='word_1_86' title='bbox 1679 1313 1743 1350; x_wconf 84' lang='lat' dir='ltr'><strong>ne</strong></span> <span class='ocrx_word' id='word_1_87' title='bbox 1768 1294 1955 1365; x_wconf 88' lang='lat' dir='ltr'><strong>pluant</strong></span> 
     </span>
    </p>
   </div>
   <div class='ocr_carea' id='block_1_15' title="bbox 359 1391 1955 1466">
    <p class='ocr_par' dir='ltr' id='par_1_15' title="bbox 359 1391 1955 1466">
     <span class='ocr_line' id='line_1_15' title="bbox 359 1391 1955 1466; baseline -0.006 -16"><span class='ocrx_word' id='word_1_88' title='bbox 359 1414 525 1466; x_wconf 74' lang='lat' dir='ltr'><strong>super</strong></span> <span class='ocrx_word' id='word_1_89' title='bbox 554 1412 672 1449; x_wconf 82' lang='lat' dir='ltr'><strong>eum</strong></span> <span class='ocrx_word' id='word_1_90' title='bbox 704 1396 925 1449; x_wconf 87' lang='lat' dir='ltr'><strong>imbrem</strong></span> <span class='ocrx_word' id='word_1_91' title='bbox 956 1395 1021 1449; x_wconf 74' lang='grc'><strong>⁸³.</strong></span> <span class='ocrx_word' id='word_1_92' title='bbox 1052 1394 1261 1449; x_wconf 86' lang='lat' dir='ltr'><strong>Deinde</strong></span> <span class='ocrx_word' id='word_1_93' title='bbox 1290 1407 1412 1463; x_wconf 71' lang='lat' dir='ltr'><strong>quae</strong></span> <span class='ocrx_word' id='word_1_94' title='bbox 1450 1391 1521 1447; x_wconf 87' lang='lat' dir='ltr'><strong>sit</strong></span> <span class='ocrx_word' id='word_1_95' title='bbox 1560 1391 1743 1453; x_wconf 90' lang='lat' dir='ltr'><strong>vinea,</strong></span> <span class='ocrx_word' id='word_1_96' title='bbox 1784 1401 1955 1458; x_wconf 82' lang='lat' dir='ltr'><strong>expo-</strong></span> 
     </span>
    </p>
   </div>
   <div class='ocr_carea' id='block_1_16' title="bbox 360 1479 1952 1549">
    <p class='ocr_par' dir='ltr' id='par_1_16' title="bbox 360 1479 1952 1549">
     <span class='ocr_line' id='line_1_16' title="bbox 360 1479 1952 1549; baseline -0.007 -7"><span class='ocrx_word' id='word_1_97' title='bbox 360 1503 507 1542; x_wconf 90' lang='lat' dir='ltr'><strong>nens</strong></span> <span class='ocrx_word' id='word_1_98' title='bbox 536 1487 721 1542; x_wconf 87' lang='lat' dir='ltr'><strong>subdit</strong></span> <span class='ocrx_word' id='word_1_99' title='bbox 755 1504 768 1540; x_wconf 89' lang='lat'><strong>:</strong></span> <span class='ocrx_word' id='word_1_100' title='bbox 803 1486 962 1541; x_wconf 80' lang='lat' dir='ltr'><strong>Vinea</strong></span> <span class='ocrx_word' id='word_1_101' title='bbox 991 1486 1129 1538; x_wconf 84' lang='lat' dir='ltr'><strong>enim</strong></span> <span class='ocrx_word' id='word_1_102' title='bbox 1155 1483 1411 1549; x_wconf 80' lang='lat' dir='ltr'><strong>Sabaoth,</strong></span> <span class='ocrx_word' id='word_1_103' title='bbox 1440 1483 1624 1536; x_wconf 83' lang='lat' dir='ltr'><strong>domus</strong></span> <span class='ocrx_word' id='word_1_104' title='bbox 1658 1479 1828 1535; x_wconf 80' lang='lat' dir='ltr'><strong>Israel</strong></span> <span class='ocrx_word' id='word_1_105' title='bbox 1855 1488 1952 1544; x_wconf 78' lang='lat' dir='ltr'><strong>est,</strong></span> 
     </span>
    </p>
   </div>
   <div class='ocr_carea' id='block_1_17' title="bbox 354 1574 1955 1643">
    <p class='ocr_par' dir='ltr' id='par_1_17' title="bbox 354 1574 1955 1643">
     <span class='ocr_line' id='line_1_17' title="bbox 354 1574 1955 1643; baseline -0.006 -8"><span class='ocrx_word' id='word_1_106' title='bbox 354 1592 411 1643; x_wconf 80' lang='lat' dir='ltr'><strong>et</strong></span> <span class='ocrx_word' id='word_1_107' title='bbox 443 1582 629 1635; x_wconf 84' lang='lat' dir='ltr'><strong>domus</strong></span> <span class='ocrx_word' id='word_1_108' title='bbox 672 1578 834 1642; x_wconf 73' lang='lat' dir='ltr'><strong>Iuda,</strong></span> <span class='ocrx_word' id='word_1_109' title='bbox 873 1577 1134 1633; x_wconf 82' lang='lat' dir='ltr'><strong>novellum</strong></span> <span class='ocrx_word' id='word_1_110' title='bbox 1182 1577 1431 1632; x_wconf 80' lang='lat' dir='ltr'><strong>delictum</strong></span> <span class='ocrx_word' id='word_1_111' title='bbox 1462 1575 1527 1629; x_wconf 70' lang='lat'><strong>‘°.</strong></span> <span class='ocrx_word' id='word_1_112' title='bbox 1572 1574 1633 1628; x_wconf 90' lang='lat' dir='ltr'><strong>ln</strong></span> <span class='ocrx_word' id='word_1_113' title='bbox 1682 1574 1784 1628; x_wconf 82' lang='lat' dir='ltr'><strong>hac</strong></span> <span class='ocrx_word' id='word_1_114' title='bbox 1825 1587 1955 1642; x_wconf 82' lang='lat' dir='ltr'><strong>ergo</strong></span> 
     </span>
    </p>
   </div>
   <div class='ocr_carea' id='block_1_18' title="bbox 356 1666 1956 1737">
    <p class='ocr_par' dir='ltr' id='par_1_18' title="bbox 356 1666 1956 1737">
     <span class='ocr_line' id='line_1_18' title="bbox 356 1666 1956 1737; baseline -0.006 -12"><span class='ocrx_word' id='word_1_115' title='bbox 356 1673 532 1737; x_wconf 86' lang='lat' dir='ltr'><strong>nube,</strong></span> <span class='ocrx_word' id='word_1_116' title='bbox 567 1669 713 1725; x_wconf 83' lang='lat' dir='ltr'><strong>Deus</strong></span> <span class='ocrx_word' id='word_1_117' title='bbox 755 1679 865 1724; x_wconf 89' lang='lat' dir='ltr'><strong>tam</strong></span> <span class='ocrx_word' id='word_1_118' title='bbox 897 1668 953 1723; x_wconf 91' lang='lat' dir='ltr'><strong>in</strong></span> <span class='ocrx_word' id='word_1_119' title='bbox 981 1669 1261 1724; x_wconf 88' lang='lat' dir='ltr'><strong>Dominica</strong></span> <span class='ocrx_word' id='word_1_120' title='bbox 1294 1683 1479 1732; x_wconf 89' lang='lat' dir='ltr'><strong>carne,</strong></span> <span class='ocrx_word' id='word_1_121' title='bbox 1508 1682 1668 1734; x_wconf 89' lang='lat' dir='ltr'><strong>quam</strong></span> <span class='ocrx_word' id='word_1_122' title='bbox 1703 1666 1756 1719; x_wconf 90' lang='lat' dir='ltr'><strong>in</strong></span> <span class='ocrx_word' id='word_1_123' title='bbox 1788 1678 1956 1719; x_wconf 88' lang='lat' dir='ltr'><strong>evan-</strong></span> 
     </span>
    </p>
   </div>
   <div class='ocr_carea' id='block_1_19' title="bbox 356 1754 1954 1835">
    <p class='ocr_par' dir='ltr' id='par_1_19' title="bbox 356 1754 1954 1835">
     <span class='ocr_line' id='line_1_19' title="bbox 356 1754 1954 1835; baseline -0.006 -17"><span class='ocrx_word' id='word_1_124' title='bbox 356 1764 537 1835; x_wconf 85' lang='lat' dir='ltr'><strong>gelica</strong></span> <span class='ocrx_word' id='word_1_125' title='bbox 593 1760 986 1832; x_wconf 74' lang='lat' dir='ltr'><strong>praedicatione</strong></span> <span class='ocrx_word' id='word_1_126' title='bbox 1042 1761 1372 1825; x_wconf 86' lang='lat' dir='ltr'><strong>insinuatur,</strong></span> <span class='ocrx_word' id='word_1_127' title='bbox 1423 1768 1479 1814; x_wconf 90' lang='lat' dir='ltr'><strong>et</strong></span> <span class='ocrx_word' id='word_1_128' title='bbox 1525 1758 1664 1813; x_wconf 86' lang='lat' dir='ltr'><strong>nihil</strong></span> <span class='ocrx_word' id='word_1_129' title='bbox 1719 1754 1954 1826; x_wconf 87' lang='lat' dir='ltr'><strong>amplius</strong></span> 
     </span>
    </p>
   </div>
   <div class='ocr_carea' id='block_1_20' title="bbox 353 1848 1946 1931">
    <p class='ocr_par' dir='ltr' id='par_1_20' title="bbox 353 1848 1946 1931">
     <span class='ocr_line' id='line_1_20' title="bbox 353 1848 1946 1931; baseline -0.006 -23"><span class='ocrx_word' id='word_1_130' title='bbox 353 1868 674 1931; x_wconf 65' lang='lat' dir='ltr'><strong>quaeramus</strong></span> <span class='ocrx_word' id='word_1_131' title='bbox 699 1867 802 1907; x_wconf 88' lang='lat' dir='ltr'><strong>nos</strong></span> <span class='ocrx_word' id='word_1_132' title='bbox 826 1852 918 1923; x_wconf 90' lang='lat' dir='ltr'><strong>qui</strong></span> <span class='ocrx_word' id='word_1_133' title='bbox 942 1851 1150 1922; x_wconf 86' lang='lat' dir='ltr'><strong>aliquid</strong></span> <span class='ocrx_word' id='word_1_134' title='bbox 1175 1853 1243 1907; x_wconf 90' lang='lat' dir='ltr'><strong>de</strong></span> <span class='ocrx_word' id='word_1_135' title='bbox 1272 1851 1382 1907; x_wconf 91' lang='lat' dir='ltr'><strong>Deo</strong></span> <span class='ocrx_word' id='word_1_136' title='bbox 1409 1849 1641 1906; x_wconf 87' lang='lat' dir='ltr'><strong>scrutari</strong></span> <span class='ocrx_word' id='word_1_137' title='bbox 1672 1848 1946 1910; x_wconf 87' lang='lat' dir='ltr'><strong>volumus,</strong></span> 
     </span>
    </p>
   </div>
   <div class='ocr_carea' id='block_1_21' title="bbox 355 1940 1948 2013">
    <p class='ocr_par' dir='ltr' id='par_1_21' title="bbox 355 1940 1948 2013">
     <span class='ocr_line' id='line_1_21' title="bbox 355 1940 1948 2013; baseline -0.007 -14"><span class='ocrx_word' id='word_1_138' title='bbox 355 1945 459 2000; x_wconf 90' lang='lat' dir='ltr'><strong>sed</strong></span> <span class='ocrx_word' id='word_1_139' title='bbox 486 1953 751 2013; x_wconf 87' lang='lat' dir='ltr'><strong>quantum</strong></span> <span class='ocrx_word' id='word_1_140' title='bbox 775 1941 936 1997; x_wconf 91' lang='lat' dir='ltr'><strong>nobis</strong></span> <span class='ocrx_word' id='word_1_141' title='bbox 962 1941 1309 2013; x_wconf 83' lang='lat' dir='ltr'><strong>evangelicus</strong></span> <span class='ocrx_word' id='word_1_142' title='bbox 1332 1955 1514 1997; x_wconf 87' lang='lat' dir='ltr'><strong>sermo</strong></span> <span class='ocrx_word' id='word_1_143' title='bbox 1537 1940 1720 2002; x_wconf 88' lang='lat' dir='ltr'><strong>tradit,</strong></span> <span class='ocrx_word' id='word_1_144' title='bbox 1745 1944 1948 2008; x_wconf 87' lang='lat' dir='ltr'><strong>quanta</strong></span> 
     </span>
    </p>
   </div>
   <div class='ocr_carea' id='block_1_22' title="bbox 352 2031 1951 2105">
    <p class='ocr_par' dir='ltr' id='par_1_22' title="bbox 352 2031 1951 2105">
     <span class='ocr_line' id='line_1_22' title="bbox 352 2031 1951 2105; baseline -0.004 -14"><span class='ocrx_word' id='word_1_145' title='bbox 352 2052 428 2091; x_wconf 75' lang='lat' dir='ltr'><strong>ex</strong></span> <span class='ocrx_word' id='word_1_146' title='bbox 459 2034 736 2090; x_wconf 84' lang='lat' dir='ltr'><strong>Dominica</strong></span> <span class='ocrx_word' id='word_1_147' title='bbox 764 2049 928 2089; x_wconf 89' lang='lat' dir='ltr'><strong>carne</strong></span> <span class='ocrx_word' id='word_1_148' title='bbox 956 2034 1290 2105; x_wconf 83' lang='lat' dir='ltr'><strong>percipimus</strong></span> <span class='ocrx_word' id='word_1_149' title='bbox 1320 2052 1332 2088; x_wconf 91' lang='lat'>:</span> <span class='ocrx_word' id='word_1_150' title='bbox 1359 2048 1539 2104; x_wconf 89' lang='lat' dir='ltr'><strong>neque</strong></span> <span class='ocrx_word' id='word_1_151' title='bbox 1567 2033 1714 2087; x_wconf 89' lang='lat' dir='ltr'><strong>enim</strong></span> <span class='ocrx_word' id='word_1_152' title='bbox 1746 2031 1951 2085; x_wconf 78' lang='lat' dir='ltr'><strong>frustra</strong></span> 
     </span>
    </p>
   </div>
   <div class='ocr_carea' id='block_1_23' title="bbox 352 2120 1952 2195">
    <p class='ocr_par' dir='ltr' id='par_1_23' title="bbox 352 2120 1952 2195">
     <span class='ocr_line' id='line_1_23' title="bbox 352 2120 1952 2195; baseline -0.005 -14"><span class='ocrx_word' id='word_1_153' title='bbox 352 2142 476 2182; x_wconf 81' lang='lat' dir='ltr'><strong>uno</strong></span> <span class='ocrx_word' id='word_1_154' title='bbox 504 2126 727 2180; x_wconf 88' lang='lat' dir='ltr'><strong>nomine</strong></span> <span class='ocrx_word' id='word_1_155' title='bbox 754 2140 977 2180; x_wconf 88' lang='lat' dir='ltr'><strong>carnem</strong></span> <span class='ocrx_word' id='word_1_156' title='bbox 1008 2123 1243 2190; x_wconf 87' lang='lat' dir='ltr'><strong>Domini,</strong></span> <span class='ocrx_word' id='word_1_157' title='bbox 1268 2131 1325 2179; x_wconf 90' lang='lat' dir='ltr'><strong>et</strong></span> <span class='ocrx_word' id='word_1_158' title='bbox 1350 2122 1703 2195; x_wconf 84' lang='lat' dir='ltr'><strong>Evangelium</strong></span> <span class='ocrx_word' id='word_1_159' title='bbox 1733 2120 1952 2191; x_wconf 72' lang='lat' dir='ltr'><strong>legisla~</strong></span> 
     </span>
    </p>
   </div>
   <div class='ocr_carea' id='block_1_24' title="bbox 355 2214 1950 2290">
    <p class='ocr_par' dir='ltr' id='par_1_24' title="bbox 355 2214 1950 2290">
     <span class='ocr_line' id='line_1_24' title="bbox 355 2214 1950 2290; baseline -0.004 -16"><span class='ocrx_word' id='word_1_160' title='bbox 355 2228 451 2275; x_wconf 87' lang='lat' dir='ltr'><strong>tor</strong></span> <span class='ocrx_word' id='word_1_161' title='bbox 483 2217 828 2290; x_wconf 86' lang='lat' dir='ltr'><strong>signiﬁcavit,</strong></span> <span class='ocrx_word' id='word_1_162' title='bbox 860 2217 959 2273; x_wconf 86' lang='lat' dir='ltr'><strong>sed</strong></span> <span class='ocrx_word' id='word_1_163' title='bbox 1003 2217 1132 2288; x_wconf 86' lang='lat' dir='ltr'><strong>quia</strong></span> <span class='ocrx_word' id='word_1_164' title='bbox 1181 2216 1498 2289; x_wconf 80' lang='lat' dir='ltr'><strong>Evangelia,</strong></span> <span class='ocrx_word' id='word_1_165' title='bbox 1529 2225 1586 2271; x_wconf 88' lang='lat' dir='ltr'><strong>et</strong></span> <span class='ocrx_word' id='word_1_166' title='bbox 1630 2230 1796 2270; x_wconf 87' lang='lat' dir='ltr'><strong>carne</strong></span> <span class='ocrx_word' id='word_1_167' title='bbox 1842 2214 1950 2268; x_wconf 86' lang='lat' dir='ltr'><strong>Do-</strong></span> 
     </span>
    </p>
   </div>
   <div class='ocr_carea' id='block_1_25' title="bbox 356 2304 1946 2378">
    <p class='ocr_par' dir='ltr' id='par_1_25' title="bbox 356 2304 1946 2378">
     <span class='ocr_line' id='line_1_25' title="bbox 356 2304 1946 2378; baseline -0.003 -15"><span class='ocrx_word' id='word_1_168' title='bbox 356 2309 588 2375; x_wconf 88' lang='lat' dir='ltr'><strong>minica,</strong></span> <span class='ocrx_word' id='word_1_169' title='bbox 614 2308 830 2363; x_wconf 88' lang='lat' dir='ltr'><strong>occasio</strong></span> <span class='ocrx_word' id='word_1_170' title='bbox 853 2316 1018 2378; x_wconf 89' lang='lat' dir='ltr'><strong>atque</strong></span> <span class='ocrx_word' id='word_1_171' title='bbox 1040 2307 1400 2362; x_wconf 88' lang='lat' dir='ltr'><strong>subsistentia</strong></span> <span class='ocrx_word' id='word_1_172' title='bbox 1429 2317 1533 2362; x_wconf 89' lang='lat' dir='ltr'><strong>est.</strong></span> <span class='ocrx_word' id='word_1_173' title='bbox 1560 2304 1946 2361; x_wconf 78' lang='lat' dir='ltr'><strong>Verumtamen</strong></span> 
     </span>
    </p>
   </div>
   <div class='ocr_carea' id='block_1_26' title="bbox 349 2395 1951 2467">
    <p class='ocr_par' dir='ltr' id='par_1_26' title="bbox 349 2395 1951 2467">
     <span class='ocr_line' id='line_1_26' title="bbox 349 2395 1951 2467; baseline -0.004 -11"><span class='ocrx_word' id='word_1_174' title='bbox 349 2410 415 2456; x_wconf 87' lang='lat' dir='ltr'><strong>et</strong></span> <span class='ocrx_word' id='word_1_175' title='bbox 445 2400 533 2454; x_wconf 89' lang='lat' dir='ltr'><strong>illa</strong></span> <span class='ocrx_word' id='word_1_176' title='bbox 571 2414 721 2454; x_wconf 88' lang='lat' dir='ltr'><strong>nunc</strong></span> <span class='ocrx_word' id='word_1_177' title='bbox 746 2398 967 2454; x_wconf 85' lang='lat' dir='ltr'><strong>iteratio</strong></span> <span class='ocrx_word' id='word_1_178' title='bbox 996 2398 1306 2463; x_wconf 88' lang='lat' dir='ltr'><strong>conﬁrmat,</strong></span> <span class='ocrx_word' id='word_1_179' title='bbox 1341 2397 1468 2467; x_wconf 86' lang='lat' dir='ltr'><strong>quia</strong></span> <span class='ocrx_word' id='word_1_180' title='bbox 1497 2412 1608 2452; x_wconf 83' lang='lat' dir='ltr'><strong>non</strong></span> <span class='ocrx_word' id='word_1_181' title='bbox 1638 2396 1814 2451; x_wconf 89' lang='lat' dir='ltr'><strong>solum</strong></span> <span class='ocrx_word' id='word_1_182' title='bbox 1845 2395 1951 2450; x_wconf 89' lang='lat' dir='ltr'><strong>hoc</strong></span> 
     </span>
    </p>
   </div>
   <div class='ocr_carea' id='block_1_27' title="bbox 352 2488 1950 2565">
    <p class='ocr_par' dir='ltr' id='par_1_27' title="bbox 352 2488 1950 2565">
     <span class='ocr_line' id='line_1_27' title="bbox 352 2488 1950 2565; baseline -0.005 -16"><span class='ocrx_word' id='word_1_183' title='bbox 352 2495 541 2565; x_wconf 89' lang='lat' dir='ltr'><strong>ipsum</strong></span> <span class='ocrx_word' id='word_1_184' title='bbox 572 2492 956 2548; x_wconf 70' lang='lat' dir='ltr'><strong>differentibus</strong></span> <span class='ocrx_word' id='word_1_185' title='bbox 984 2491 1301 2546; x_wconf 89' lang='lat' dir='ltr'><strong>nominibus</strong></span> <span class='ocrx_word' id='word_1_186' title='bbox 1329 2490 1517 2546; x_wconf 89' lang='lat' dir='ltr'><strong>divina</strong></span> <span class='ocrx_word' id='word_1_187' title='bbox 1545 2488 1770 2546; x_wconf 91' lang='lat' dir='ltr'><strong>nomina</strong></span> <span class='ocrx_word' id='word_1_188' title='bbox 1803 2488 1950 2543; x_wconf 86' lang='lat' dir='ltr'><strong>Scri-</strong></span> 
     </span>
    </p>
   </div>
   <div class='ocr_carea' id='block_1_28' title="bbox 352 2579 1949 2658">
    <p class='ocr_par' dir='ltr' id='par_1_28' title="bbox 352 2579 1949 2658">
     <span class='ocr_line' id='line_1_28' title="bbox 352 2579 1949 2658; baseline -0.005 -18"><span class='ocrx_word' id='word_1_189' title='bbox 352 2596 522 2658; x_wconf 74' lang='lat' dir='ltr'><strong>ptura</strong></span> <span class='ocrx_word' id='word_1_190' title='bbox 561 2592 622 2640; x_wconf 87' lang='lat' dir='ltr'><strong>ut</strong></span> <span class='ocrx_word' id='word_1_191' title='bbox 654 2584 975 2640; x_wconf 66' lang='lat' dir='ltr'><strong>differentes</strong></span> <span class='ocrx_word' id='word_1_192' title='bbox 1009 2581 1362 2653; x_wconf 79' lang='lat' dir='ltr'><strong>Operationes</strong></span> <span class='ocrx_word' id='word_1_193' title='bbox 1391 2580 1592 2651; x_wconf 89' lang='lat' dir='ltr'><strong>signet,</strong></span> <span class='ocrx_word' id='word_1_194' title='bbox 1633 2580 1727 2634; x_wconf 88' lang='lat' dir='ltr'><strong>scd</strong></span> <span class='ocrx_word' id='word_1_195' title='bbox 1761 2579 1814 2632; x_wconf 93' lang='lat' dir='ltr'><strong>in</strong></span> <span class='ocrx_word' id='word_1_196' title='bbox 1846 2593 1949 2632; x_wconf 86' lang='lat' dir='ltr'><strong>ne-</strong></span> 
     </span>
    </p>
   </div>
   <div class='ocr_carea' id='block_1_29' title="bbox 351 2673 1953 2744">
    <p class='ocr_par' dir='ltr' id='par_1_29' title="bbox 351 2673 1953 2744">
     <span class='ocr_line' id='line_1_29' title="bbox 351 2673 1953 2744; baseline -0.006 -9"><span class='ocrx_word' id='word_1_197' title='bbox 351 2679 601 2735; x_wconf 86' lang='lat' dir='ltr'><strong>minibus</strong></span> <span class='ocrx_word' id='word_1_198' title='bbox 621 2676 987 2733; x_wconf 82' lang='lat' dir='ltr'><strong>diﬁerentiam</strong></span> <span class='ocrx_word' id='word_1_199' title='bbox 1004 2676 1265 2739; x_wconf 87' lang='lat' dir='ltr'><strong>ostendit,</strong></span> <span class='ocrx_word' id='word_1_200' title='bbox 1289 2675 1614 2744; x_wconf 84' lang='lat' dir='ltr'><strong>plerumque</strong></span> <span class='ocrx_word' id='word_1_201' title='bbox 1640 2673 1807 2728; x_wconf 89' lang='lat' dir='ltr'><strong>etiam</strong></span> <span class='ocrx_word' id='word_1_202' title='bbox 1825 2686 1953 2727; x_wconf 85' lang='lat' dir='ltr'><strong>con-</strong></span> 
     </span>
    </p>
   </div>
   <div class='ocr_carea' id='block_1_30' title="bbox 351 2765 1953 2841">
    <p class='ocr_par' dir='ltr' id='par_1_30' title="bbox 351 2765 1953 2841">
     <span class='ocr_line' id='line_1_30' title="bbox 351 2765 1953 2841; baseline -0.006 -13"><span class='ocrx_word' id='word_1_203' title='bbox 351 2772 584 2828; x_wconf 89' lang='lat' dir='ltr'><strong>trariam</strong></span> <span class='ocrx_word' id='word_1_204' title='bbox 613 2790 627 2826; x_wconf 89' lang='lat'><strong>:</strong></span> <span class='ocrx_word' id='word_1_205' title='bbox 660 2786 786 2826; x_wconf 87' lang='lat' dir='ltr'><strong>nam</strong></span> <span class='ocrx_word' id='word_1_206' title='bbox 831 2769 1126 2841; x_wconf 87' lang='lat' dir='ltr'><strong>aliquando</strong></span> <span class='ocrx_word' id='word_1_207' title='bbox 1167 2768 1390 2839; x_wconf 88' lang='lat' dir='ltr'><strong>quidem</strong></span> <span class='ocrx_word' id='word_1_208' title='bbox 1425 2768 1653 2837; x_wconf 81' lang='lat' dir='ltr'><strong>sagittas</strong></span> <span class='ocrx_word' id='word_1_209' title='bbox 1676 2765 1866 2828; x_wconf 83' lang='lat' dir='ltr'><strong>malas,</strong></span> <span class='ocrx_word' id='word_1_210' title='bbox 1898 2771 1953 2819; x_wconf 89' lang='lat' dir='ltr'><strong>et</strong></span> 
     </span>
    </p>
   </div>
   <div class='ocr_carea' id='block_1_31' title="bbox 348 2856 1951 2934">
    <p class='ocr_par' dir='ltr' id='par_1_31' title="bbox 348 2856 1951 2934">
     <span class='ocr_line' id='line_1_31' title="bbox 348 2856 1951 2934; baseline -0.004 -17"><span class='ocrx_word' id='word_1_211' title='bbox 348 2863 568 2934; x_wconf 87' lang='lat' dir='ltr'><strong>igneas,</strong></span> <span class='ocrx_word' id='word_1_212' title='bbox 584 2862 703 2917; x_wconf 89' lang='lat' dir='ltr'><strong>illas</strong></span> <span class='ocrx_word' id='word_1_213' title='bbox 721 2878 842 2932; x_wconf 74' lang='lat' dir='ltr'><strong>quae</strong></span> <span class='ocrx_word' id='word_1_214' title='bbox 865 2870 993 2917; x_wconf 90' lang='lat' dir='ltr'><strong>sunt</strong></span> <span class='ocrx_word' id='word_1_215' title='bbox 1009 2858 1599 2931; x_wconf 88' lang='lat' dir='ltr'><strong>concupiscentiarum,</strong></span> <span class='ocrx_word' id='word_1_216' title='bbox 1615 2866 1709 2912; x_wconf 89' lang='lat' dir='ltr'><strong>aut</strong></span> <span class='ocrx_word' id='word_1_217' title='bbox 1724 2856 1951 2911; x_wconf 90' lang='lat' dir='ltr'><strong>alterius</strong></span> 
     </span>
    </p>
   </div>
   <div class='ocr_carea' id='block_1_32' title="bbox 346 2949 1950 3024">
    <p class='ocr_par' dir='ltr' id='par_1_32' title="bbox 346 2949 1950 3024">
     <span class='ocr_line' id='line_1_32' title="bbox 346 2949 1950 3024; baseline -0.002 -17"><span class='ocrx_word' id='word_1_218' title='bbox 346 2953 617 3023; x_wconf 67' lang='lat' dir='ltr'><strong>nequitia:</strong></span> <span class='ocrx_word' id='word_1_219' title='bbox 648 2968 876 3024; x_wconf 82' lang='lat' dir='ltr'><strong>organa,</strong></span> <span class='ocrx_word' id='word_1_220' title='bbox 898 2961 953 3008; x_wconf 88' lang='lat' dir='ltr'><strong>et</strong></span> <span class='ocrx_word' id='word_1_221' title='bbox 973 2955 1324 3023; x_wconf 87' lang='lat' dir='ltr'><strong>operationes</strong></span> <span class='ocrx_word' id='word_1_222' title='bbox 1353 2960 1514 3006; x_wconf 89' lang='lat' dir='ltr'><strong>vocat</strong></span> <span class='ocrx_word' id='word_1_223' title='bbox 1534 2950 1645 3021; x_wconf 85' lang='lat' dir='ltr'><strong>igni</strong></span> <span class='ocrx_word' id='word_1_224' title='bbox 1675 2949 1950 3005; x_wconf 90' lang='lat' dir='ltr'><strong>diabolum</strong></span> 
     </span>
    </p>
   </div>
   <div class='ocr_carea' id='block_1_33' title="bbox 346 3040 1953 3114">
    <p class='ocr_par' dir='ltr' id='par_1_33' title="bbox 346 3040 1953 3114">
     <span class='ocr_line' id='line_1_33' title="bbox 346 3040 1953 3114; baseline -0.002 -16"><span class='ocrx_word' id='word_1_225' title='bbox 346 3045 688 3108; x_wconf 82' lang='lat' dir='ltr'><strong>assimilans,</strong></span> <span class='ocrx_word' id='word_1_226' title='bbox 707 3044 835 3114; x_wconf 86' lang='lat' dir='ltr'><strong>quia</strong></span> <span class='ocrx_word' id='word_1_227' title='bbox 849 3043 1152 3113; x_wconf 86' lang='lat' dir='ltr'><strong>corrumpit</strong></span> <span class='ocrx_word' id='word_1_228' title='bbox 1165 3057 1261 3098; x_wconf 87' lang='lat' dir='ltr'><strong>eos</strong></span> <span class='ocrx_word' id='word_1_229' title='bbox 1275 3042 1368 3113; x_wconf 89' lang='lat' dir='ltr'><strong>qui</strong></span> <span class='ocrx_word' id='word_1_230' title='bbox 1383 3041 1430 3097; x_wconf 91' lang='lat' dir='ltr'><strong>ei</strong></span> <span class='ocrx_word' id='word_1_231' title='bbox 1443 3057 1505 3096; x_wconf 85' lang='lat' dir='ltr'><strong>se</strong></span> <span class='ocrx_word' id='word_1_232' title='bbox 1521 3040 1882 3112; x_wconf 76' lang='lat' dir='ltr'><strong>coniungunt,</strong></span> <span class='ocrx_word' id='word_1_233' title='bbox 1896 3047 1953 3095; x_wconf 87' lang='lat' dir='ltr'><strong>et</strong></span> 
     </span>
    </p>
   </div>
   <div class='ocr_carea' id='block_1_34' title="bbox 2061 543 3653 616">
    <p class='ocr_par' dir='ltr' id='par_1_34' title="bbox 2061 543 3653 616">
     <span class='ocr_line' id='line_1_34' title="bbox 2061 543 3653 616; baseline -0.011 -6"><span class='ocrx_word' id='word_1_234' title='bbox 2061 571 2186 610; x_wconf 86' lang='lat' dir='ltr'><strong>mus</strong></span> <span class='ocrx_word' id='word_1_235' title='bbox 2223 557 2340 610; x_wconf 90' lang='lat' dir='ltr'><strong>sive</strong></span> <span class='ocrx_word' id='word_1_236' title='bbox 2382 551 2972 616; x_wconf 83' lang='lat' dir='ltr'><strong>consummaverimus,</strong></span> <span class='ocrx_word' id='word_1_237' title='bbox 3007 563 3157 603; x_wconf 92' lang='lat' dir='ltr'><strong>nunc</strong></span> <span class='ocrx_word' id='word_1_238' title='bbox 3197 545 3441 607; x_wconf 84' lang='lat' dir='ltr'><strong>tradidit,</strong></span> <span class='ocrx_word' id='word_1_239' title='bbox 3475 543 3527 597; x_wconf 88' lang='lat' dir='ltr'><strong>id</strong></span> <span class='ocrx_word' id='word_1_240' title='bbox 3568 546 3653 596; x_wconf 83' lang='lat' dir='ltr'><strong>est</strong></span> 
     </span>
    </p>
   </div>
   <div class='ocr_carea' id='block_1_35' title="bbox 2061 634 3647 717">
    <p class='ocr_par' dir='ltr' id='par_1_35' title="bbox 2061 634 3647 717">
     <span class='ocr_line' id='line_1_35' title="bbox 2061 634 3647 717; baseline -0.01 -15"><span class='ocrx_word' id='word_1_241' title='bbox 2061 663 2172 702; x_wconf 88' lang='lat' dir='ltr'><strong>non</strong></span> <span class='ocrx_word' id='word_1_242' title='bbox 2202 647 2540 717; x_wconf 77' lang='lat' dir='ltr'><strong>ingrediatur</strong></span> <span class='ocrx_word' id='word_1_243' title='bbox 2576 644 2758 699; x_wconf 82' lang='lat' dir='ltr'><strong>Aaron</strong></span> <span class='ocrx_word' id='word_1_244' title='bbox 2799 643 2852 697; x_wconf 91' lang='lat' dir='ltr'><strong>in</strong></span> <span class='ocrx_word' id='word_1_245' title='bbox 2894 651 3104 703; x_wconf 79' lang='lat' dir='ltr'><strong>sancta,</strong></span> <span class='ocrx_word' id='word_1_246' title='bbox 3139 637 3246 693; x_wconf 87' lang='lat' dir='ltr'><strong>nisi</strong></span> <span class='ocrx_word' id='word_1_247' title='bbox 3285 638 3403 691; x_wconf 71' lang='lat' dir='ltr'><strong>hzec</strong></span> <span class='ocrx_word' id='word_1_248' title='bbox 3436 634 3647 690; x_wconf 82' lang='lat' dir='ltr'><strong>fecerit.</strong></span> 
     </span>
    </p>
   </div>
   <div class='ocr_carea' id='block_1_36' title="bbox 2061 721 3648 806">
    <p class='ocr_par' dir='ltr' id='par_1_36' title="bbox 2061 721 3648 806">
     <span class='ocr_line' id='line_1_36' title="bbox 2061 721 3648 806; baseline -0.011 -13"><span class='ocrx_word' id='word_1_249' title='bbox 2061 739 2165 794; x_wconf 84' lang='lat' dir='ltr'><strong>llic</strong></span> <span class='ocrx_word' id='word_1_250' title='bbox 2205 737 2469 798; x_wconf 81' lang='lat' dir='ltr'><strong>ostendit,</strong></span> <span class='ocrx_word' id='word_1_251' title='bbox 2503 735 2631 806; x_wconf 89' lang='lat' dir='ltr'><strong>quia</strong></span> <span class='ocrx_word' id='word_1_252' title='bbox 2664 750 2776 788; x_wconf 91' lang='lat' dir='ltr'><strong>non</strong></span> <span class='ocrx_word' id='word_1_253' title='bbox 2820 732 2995 787; x_wconf 90' lang='lat' dir='ltr'><strong>solum</strong></span> <span class='ocrx_word' id='word_1_254' title='bbox 3032 745 3142 785; x_wconf 90' lang='lat' dir='ltr'><strong>non</strong></span> <span class='ocrx_word' id='word_1_255' title='bbox 3183 727 3518 795; x_wconf 79' lang='lat' dir='ltr'><strong>frequenter,</strong></span> <span class='ocrx_word' id='word_1_256' title='bbox 3554 721 3648 776; x_wconf 68' lang='lat' dir='ltr'><strong>sed</strong></span> 
     </span>
    </p>
   </div>
   <div class='ocr_carea' id='block_1_37' title="bbox 2058 815 3648 896">
    <p class='ocr_par' dir='ltr' id='par_1_37' title="bbox 2058 815 3648 896">
     <span class='ocr_line' id='line_1_37' title="bbox 2058 815 3648 896; baseline -0.011 -12"><span class='ocrx_word' id='word_1_257' title='bbox 2058 846 2165 884; x_wconf 88' lang='lat' dir='ltr'><strong>nec</strong></span> <span class='ocrx_word' id='word_1_258' title='bbox 2205 828 2432 885; x_wconf 86' lang='lat' dir='ltr'><strong>omnino</strong></span> <span class='ocrx_word' id='word_1_259' title='bbox 2480 842 2591 881; x_wconf 90' lang='lat' dir='ltr'><strong>non</strong></span> <span class='ocrx_word' id='word_1_260' title='bbox 2635 824 2846 896; x_wconf 77' lang='lat' dir='ltr'><strong>ingredi</strong></span> <span class='ocrx_word' id='word_1_261' title='bbox 2890 824 2944 877; x_wconf 92' lang='lat' dir='ltr'><strong>in</strong></span> <span class='ocrx_word' id='word_1_262' title='bbox 2995 818 3372 876; x_wconf 90' lang='lat' dir='ltr'><strong>sublimiorem</strong></span> <span class='ocrx_word' id='word_1_263' title='bbox 3412 815 3648 871; x_wconf 77' lang='lat' dir='ltr'><strong>divinam</strong></span> 
     </span>
    </p>
   </div>
   <div class='ocr_carea' id='block_1_38' title="bbox 2059 910 3644 990">
    <p class='ocr_par' dir='ltr' id='par_1_38' title="bbox 2059 910 3644 990">
     <span class='ocr_line' id='line_1_38' title="bbox 2059 910 3644 990; baseline -0.01 -13"><span class='ocrx_word' id='word_1_264' title='bbox 2059 921 2583 990; x_wconf 86' lang='lat' dir='ltr'><strong>contemplationem</strong></span> <span class='ocrx_word' id='word_1_265' title='bbox 2614 918 2894 989; x_wconf 75' lang='lat' dir='ltr'><strong>praecepit,</strong></span> <span class='ocrx_word' id='word_1_266' title='bbox 2927 932 3089 986; x_wconf 89' lang='lat' dir='ltr'><strong>quam</strong></span> <span class='ocrx_word' id='word_1_267' title='bbox 3117 922 3173 969; x_wconf 91' lang='lat' dir='ltr'><strong>et</strong></span> <span class='ocrx_word' id='word_1_268' title='bbox 3196 910 3494 983; x_wconf 84' lang='lat' dir='ltr'><strong>appellavit</strong></span> <span class='ocrx_word' id='word_1_269' title='bbox 3524 924 3644 962; x_wconf 87' lang='lat' dir='ltr'><strong>san-</strong></span> 
     </span>
    </p>
   </div>
   <div class='ocr_carea' id='block_1_39' title="bbox 2058 1004 3645 1080">
    <p class='ocr_par' dir='ltr' id='par_1_39' title="bbox 2058 1004 3645 1080">
     <span class='ocr_line' id='line_1_39' title="bbox 2058 1004 3645 1080; baseline -0.009 -13"><span class='ocrx_word' id='word_1_270' title='bbox 2058 1012 2354 1071; x_wconf 89' lang='lat' dir='ltr'><strong>ctuarium.</strong></span> <span class='ocrx_word' id='word_1_271' title='bbox 2386 1019 2572 1080; x_wconf 83' lang='lat' dir='ltr'><strong>utpote</strong></span> <span class='ocrx_word' id='word_1_272' title='bbox 2600 1026 2722 1080; x_wconf 86' lang='lat' dir='ltr'><strong>quae</strong></span> <span class='ocrx_word' id='word_1_273' title='bbox 2753 1008 2820 1062; x_wconf 91' lang='lat' dir='ltr'><strong>de</strong></span> <span class='ocrx_word' id='word_1_274' title='bbox 2852 1009 2962 1062; x_wconf 87' lang='lat' dir='ltr'><strong>Deo</strong></span> <span class='ocrx_word' id='word_1_275' title='bbox 2993 1015 3097 1071; x_wconf 90' lang='lat' dir='ltr'><strong>cst,</strong></span> <span class='ocrx_word' id='word_1_276' title='bbox 3128 1004 3222 1074; x_wconf 90' lang='lat' dir='ltr'><strong>qui</strong></span> <span class='ocrx_word' id='word_1_277' title='bbox 3254 1006 3487 1058; x_wconf 81' lang='lat' dir='ltr'><strong>Sanctus</strong></span> <span class='ocrx_word' id='word_1_278' title='bbox 3516 1015 3645 1055; x_wconf 79' lang='lat' dir='ltr'><strong>san-</strong></span> 
     </span>
    </p>
   </div>
   <div class='ocr_carea' id='block_1_40' title="bbox 2058 1091 3645 1169">
    <p class='ocr_par' dir='ltr' id='par_1_40' title="bbox 2058 1091 3645 1169">
     <span class='ocr_line' id='line_1_40' title="bbox 2058 1091 3645 1169; baseline -0.008 -13"><span class='ocrx_word' id='word_1_279' title='bbox 2058 1113 2271 1156; x_wconf 89' lang='lat' dir='ltr'><strong>ctorum</strong></span> <span class='ocrx_word' id='word_1_280' title='bbox 2302 1110 2404 1164; x_wconf 88' lang='lat' dir='ltr'><strong>est,</strong></span> <span class='ocrx_word' id='word_1_281' title='bbox 2440 1111 2496 1156; x_wconf 89' lang='lat' dir='ltr'><strong>et</strong></span> <span class='ocrx_word' id='word_1_282' title='bbox 2527 1116 2651 1154; x_wconf 88' lang='lat' dir='ltr'><strong>eum</strong></span> <span class='ocrx_word' id='word_1_283' title='bbox 2691 1100 2782 1169; x_wconf 88' lang='lat' dir='ltr'><strong>qui</strong></span> <span class='ocrx_word' id='word_1_284' title='bbox 2829 1100 2972 1153; x_wconf 85' lang='lat' dir='ltr'><strong>bene</strong></span> <span class='ocrx_word' id='word_1_285' title='bbox 3001 1113 3065 1152; x_wconf 88' lang='lat' dir='ltr'><strong>ea</strong></span> <span class='ocrx_word' id='word_1_286' title='bbox 3100 1098 3292 1161; x_wconf 79' lang='lat' dir='ltr'><strong>uritur,</strong></span> <span class='ocrx_word' id='word_1_287' title='bbox 3324 1091 3645 1151; x_wconf 85' lang='lat' dir='ltr'><strong>sanctiﬁcat.</strong></span> 
     </span>
    </p>
   </div>
   <div class='ocr_carea' id='block_1_41' title="bbox 2058 1189 3646 1264">
    <p class='ocr_par' dir='ltr' id='par_1_41' title="bbox 2058 1189 3646 1264">
     <span class='ocr_line' id='line_1_41' title="bbox 2058 1189 3646 1264; baseline -0.009 -14"><span class='ocrx_word' id='word_1_288' title='bbox 2058 1196 2154 1251; x_wconf 91' lang='lat' dir='ltr'><strong>sed</strong></span> <span class='ocrx_word' id='word_1_289' title='bbox 2203 1195 2296 1264; x_wconf 86' lang='lat' dir='ltr'><strong>qui</strong></span> <span class='ocrx_word' id='word_1_290' title='bbox 2343 1195 2531 1263; x_wconf 90' lang='lat' dir='ltr'><strong>utique</strong></span> <span class='ocrx_word' id='word_1_291' title='bbox 2568 1195 2751 1247; x_wconf 82' lang='lat' dir='ltr'><strong>Aaron</strong></span> <span class='ocrx_word' id='word_1_292' title='bbox 2800 1199 2903 1257; x_wconf 90' lang='lat' dir='ltr'><strong>est,</strong></span> <span class='ocrx_word' id='word_1_293' title='bbox 2936 1190 2989 1244; x_wconf 95' lang='lat' dir='ltr'><strong>id</strong></span> <span class='ocrx_word' id='word_1_294' title='bbox 3024 1199 3126 1253; x_wconf 90' lang='lat' dir='ltr'><strong>est,</strong></span> <span class='ocrx_word' id='word_1_295' title='bbox 3158 1189 3323 1241; x_wconf 82' lang='lat' dir='ltr'><strong>altam</strong></span> <span class='ocrx_word' id='word_1_296' title='bbox 3356 1198 3646 1240; x_wconf 80' lang='lat' dir='ltr'><strong>conserva-</strong></span> 
     </span>
    </p>
   </div>
   <div class='ocr_carea' id='block_1_42' title="bbox 2059 1283 3646 1353">
    <p class='ocr_par' dir='ltr' id='par_1_42' title="bbox 2059 1283 3646 1353">
     <span class='ocr_line' id='line_1_42' title="bbox 2059 1283 3646 1353; baseline -0.01 -10"><span class='ocrx_word' id='word_1_297' title='bbox 2059 1289 2265 1344; x_wconf 86' lang='lat' dir='ltr'><strong>tionem</strong></span> <span class='ocrx_word' id='word_1_298' title='bbox 2318 1286 2550 1349; x_wconf 79' lang='lat' dir='ltr'><strong>habens,</strong></span> <span class='ocrx_word' id='word_1_299' title='bbox 2585 1293 2642 1338; x_wconf 89' lang='lat' dir='ltr'><strong>et</strong></span> <span class='ocrx_word' id='word_1_300' title='bbox 2694 1283 2785 1353; x_wconf 89' lang='lat' dir='ltr'><strong>qui</strong></span> <span class='ocrx_word' id='word_1_301' title='bbox 2837 1283 2894 1336; x_wconf 91' lang='lat' dir='ltr'><strong>in</strong></span> <span class='ocrx_word' id='word_1_302' title='bbox 2942 1290 3154 1336; x_wconf 90' lang='lat' dir='ltr'><strong>tantum</strong></span> <span class='ocrx_word' id='word_1_303' title='bbox 3205 1287 3499 1349; x_wconf 81' lang='lat' dir='ltr'><strong>provectus</strong></span> <span class='ocrx_word' id='word_1_304' title='bbox 3542 1283 3646 1340; x_wconf 90' lang='lat' dir='ltr'><strong>est,</strong></span> 
     </span>
    </p>
   </div>
   <div class='ocr_carea' id='block_1_43' title="bbox 2058 1365 3645 1435">
    <p class='ocr_par' dir='ltr' id='par_1_43' title="bbox 2058 1365 3645 1435">
     <span class='ocr_line' id='line_1_43' title="bbox 2058 1365 3645 1435; baseline -0.011 -1"><span class='ocrx_word' id='word_1_305' title='bbox 2058 1379 2364 1433; x_wconf 88' lang='lat' dir='ltr'><strong>ascendens</strong></span> <span class='ocrx_word' id='word_1_306' title='bbox 2396 1377 2465 1431; x_wconf 90' lang='lat' dir='ltr'><strong>ad</strong></span> <span class='ocrx_word' id='word_1_307' title='bbox 2505 1376 2602 1430; x_wconf 86' lang='lat' dir='ltr'><strong>Dei</strong></span> <span class='ocrx_word' id='word_1_308' title='bbox 2648 1374 3160 1435; x_wconf 82' lang='lat' dir='ltr'><strong>sanctiﬁcationem,</strong></span> <span class='ocrx_word' id='word_1_309' title='bbox 3196 1380 3257 1424; x_wconf 86' lang='lat' dir='ltr'><strong>ut</strong></span> <span class='ocrx_word' id='word_1_310' title='bbox 3291 1369 3432 1423; x_wconf 89' lang='lat' dir='ltr'><strong>sicut</strong></span> <span class='ocrx_word' id='word_1_311' title='bbox 3461 1365 3645 1421; x_wconf 89' lang='lat' dir='ltr'><strong>divina</strong></span> 
     </span>
    </p>
   </div>
   <div class='ocr_carea' id='block_1_44' title="bbox 2059 1459 3648 1539">
    <p class='ocr_par' dir='ltr' id='par_1_44' title="bbox 2059 1459 3648 1539">
     <span class='ocr_line' id='line_1_44' title="bbox 2059 1459 3648 1539; baseline -0.011 -14"><span class='ocrx_word' id='word_1_312' title='bbox 2059 1487 2185 1526; x_wconf 77' lang='lat' dir='ltr'><strong>arca</strong></span> <span class='ocrx_word' id='word_1_313' title='bbox 2228 1468 2565 1539; x_wconf 51' lang='lat' dir='ltr'><strong>restiondere</strong></span> <span class='ocrx_word' id='word_1_314' title='bbox 2598 1466 2793 1538; x_wconf 84' lang='lat' dir='ltr'><strong>possit,</strong></span> <span class='ocrx_word' id='word_1_315' title='bbox 2825 1466 2929 1518; x_wconf 88' lang='lat' dir='ltr'><strong>hoc</strong></span> <span class='ocrx_word' id='word_1_316' title='bbox 2969 1464 3113 1518; x_wconf 89' lang='lat' dir='ltr'><strong>enim</strong></span> <span class='ocrx_word' id='word_1_317' title='bbox 3154 1463 3335 1514; x_wconf 81' lang='lat' dir='ltr'><strong>Aaron</strong></span> <span class='ocrx_word' id='word_1_318' title='bbox 3375 1459 3648 1523; x_wconf 81' lang='lat' dir='ltr'><strong>interpre-</strong></span> 
     </span>
    </p>
   </div>
   <div class='ocr_carea' id='block_1_45' title="bbox 2060 1555 3648 1633">
    <p class='ocr_par' dir='ltr' id='par_1_45' title="bbox 2060 1555 3648 1633">
     <span class='ocr_line' id='line_1_45' title="bbox 2060 1555 3648 1633; baseline -0.013 -12"><span class='ocrx_word' id='word_1_319' title='bbox 2060 1574 2223 1627; x_wconf 90' lang='lat' dir='ltr'><strong>tatur,</strong></span> <span class='ocrx_word' id='word_1_320' title='bbox 2254 1563 2346 1617; x_wconf 89' lang='lat' dir='ltr'><strong>hic</strong></span> <span class='ocrx_word' id='word_1_321' title='bbox 2382 1561 2721 1633; x_wconf 68' lang='lat' dir='ltr'><strong>ingrediens,</strong></span> <span class='ocrx_word' id='word_1_322' title='bbox 2752 1558 2983 1613; x_wconf 88' lang='lat' dir='ltr'><strong>vitulum</strong></span> <span class='ocrx_word' id='word_1_323' title='bbox 3019 1555 3212 1610; x_wconf 80' lang='lat' dir='ltr'><strong>offeret</strong></span> <span class='ocrx_word' id='word_1_324' title='bbox 3258 1568 3357 1622; x_wconf 89' lang='lat' dir='ltr'><strong>pro</strong></span> <span class='ocrx_word' id='word_1_325' title='bbox 3400 1557 3648 1620; x_wconf 87' lang='lat' dir='ltr'><strong>peccato,</strong></span> 
     </span>
    </p>
   </div>
   <div class='ocr_carea' id='block_1_46' title="bbox 2057 1641 3650 1722">
    <p class='ocr_par' dir='ltr' id='par_1_46' title="bbox 2057 1641 3650 1722">
     <span class='ocr_line' id='line_1_46' title="bbox 2057 1641 3650 1722; baseline -0.013 -9"><span class='ocrx_word' id='word_1_326' title='bbox 2057 1657 2316 1713; x_wconf 85' lang='lat' dir='ltr'><strong>videlicet</strong></span> <span class='ocrx_word' id='word_1_327' title='bbox 2361 1656 2416 1710; x_wconf 89' lang='lat' dir='ltr'><strong>in</strong></span> <span class='ocrx_word' id='word_1_328' title='bbox 2465 1653 2737 1709; x_wconf 84' lang='lat' dir='ltr'><strong>sacriﬁcio</strong></span> <span class='ocrx_word' id='word_1_329' title='bbox 2785 1651 3088 1722; x_wconf 86' lang='lat' dir='ltr'><strong>ingreditur</strong></span> <span class='ocrx_word' id='word_1_330' title='bbox 3117 1645 3343 1703; x_wconf 88' lang='lat' dir='ltr'><strong>Christi.</strong></span> <span class='ocrx_word' id='word_1_331' title='bbox 3378 1643 3481 1710; x_wconf 78' lang='lat' dir='ltr'><strong>Qui</strong></span> <span class='ocrx_word' id='word_1_332' title='bbox 3521 1641 3650 1711; x_wconf 85' lang='lat' dir='ltr'><strong>quia</strong></span> 
     </span>
    </p>
   </div>
   <div class='ocr_carea' id='block_1_47' title="bbox 2058 1732 3651 1819">
    <p class='ocr_par' dir='ltr' id='par_1_47' title="bbox 2058 1732 3651 1819">
     <span class='ocr_line' id='line_1_47' title="bbox 2058 1732 3651 1819; baseline -0.013 -12"><span class='ocrx_word' id='word_1_333' title='bbox 2058 1769 2169 1808; x_wconf 90' lang='lat' dir='ltr'><strong>non</strong></span> <span class='ocrx_word' id='word_1_334' title='bbox 2201 1750 2378 1805; x_wconf 90' lang='lat' dir='ltr'><strong>solum</strong></span> <span class='ocrx_word' id='word_1_335' title='bbox 2424 1764 2523 1819; x_wconf 91' lang='lat' dir='ltr'><strong>pro</strong></span> <span class='ocrx_word' id='word_1_336' title='bbox 2564 1746 2804 1817; x_wconf 87' lang='lat' dir='ltr'><strong>peccatis</strong></span> <span class='ocrx_word' id='word_1_337' title='bbox 2833 1744 3038 1799; x_wconf 88' lang='lat' dir='ltr'><strong>nostris</strong></span> <span class='ocrx_word' id='word_1_338' title='bbox 3071 1740 3383 1796; x_wconf 78' lang='lat' dir='ltr'><strong>immolatus</strong></span> <span class='ocrx_word' id='word_1_339' title='bbox 3413 1743 3518 1800; x_wconf 90' lang='lat' dir='ltr'><strong>est,</strong></span> <span class='ocrx_word' id='word_1_340' title='bbox 3551 1732 3651 1788; x_wconf 87' lang='lat' dir='ltr'><strong>sed</strong></span> 
     </span>
    </p>
   </div>
   <div class='ocr_carea' id='block_1_48' title="bbox 1988 1825 3649 1910">
    <p class='ocr_par' dir='ltr' id='par_1_48' title="bbox 1988 1825 3649 1910">
     <span class='ocr_line' id='line_1_48' title="bbox 1988 1825 3649 1910; baseline -0.014 -9"><span class='ocrx_word' id='word_1_341' title='bbox 1988 1825 2027 1878; x_wconf 71' lang='grc' dir='ltr'><strong>Β</strong></span> <span class='ocrx_word' id='word_1_342' title='bbox 2056 1854 2113 1901; x_wconf 91' lang='lat' dir='ltr'><strong>et</strong></span> <span class='ocrx_word' id='word_1_343' title='bbox 2145 1845 2311 1900; x_wconf 86' lang='lat' dir='ltr'><strong>vitam</strong></span> <span class='ocrx_word' id='word_1_344' title='bbox 2353 1841 2514 1896; x_wconf 81' lang='lat' dir='ltr'><strong>nobis</strong></span> <span class='ocrx_word' id='word_1_345' title='bbox 2545 1846 2767 1910; x_wconf 68' lang='lat' dir='ltr'><strong>przestat</strong></span> <span class='ocrx_word' id='word_1_346' title='bbox 2803 1837 3126 1908; x_wconf 80' lang='lat' dir='ltr'><strong>perfectam,</strong></span> <span class='ocrx_word' id='word_1_347' title='bbox 3163 1842 3346 1887; x_wconf 89' lang='lat' dir='ltr'><strong>tamen</strong></span> <span class='ocrx_word' id='word_1_348' title='bbox 3390 1834 3649 1899; x_wconf 89' lang='lat' dir='ltr'><strong>peccato-</strong></span> 
     </span>
    </p>
   </div>
   <div class='ocr_carea' id='block_1_49' title="bbox 2054 1918 3651 1999">
    <p class='ocr_par' dir='ltr' id='par_1_49' title="bbox 2054 1918 3651 1999">
     <span class='ocr_line' id='line_1_49' title="bbox 2054 1918 3651 1999; baseline -0.014 -5"><span class='ocrx_word' id='word_1_349' title='bbox 2054 1955 2173 1994; x_wconf 90' lang='lat' dir='ltr'><strong>rum</strong></span> <span class='ocrx_word' id='word_1_350' title='bbox 2208 1937 2370 1992; x_wconf 89' lang='lat' dir='ltr'><strong>nobis</strong></span> <span class='ocrx_word' id='word_1_351' title='bbox 2399 1933 2827 1995; x_wconf 85' lang='lat' dir='ltr'><strong>absolutionem,</strong></span> <span class='ocrx_word' id='word_1_352' title='bbox 2853 1944 3017 1999; x_wconf 86' lang='lat' dir='ltr'><strong>quam</strong></span> <span class='ocrx_word' id='word_1_353' title='bbox 3059 1928 3323 1982; x_wconf 88' lang='lat' dir='ltr'><strong>virtutum</strong></span> <span class='ocrx_word' id='word_1_354' title='bbox 3355 1918 3651 1991; x_wconf 81' lang='lat' dir='ltr'><strong>perfectio-</strong></span> 
     </span>
    </p>
   </div>
   <div class='ocr_carea' id='block_1_50' title="bbox 2052 2007 3651 2090">
    <p class='ocr_par' dir='ltr' id='par_1_50' title="bbox 2052 2007 3651 2090">
     <span class='ocr_line' id='line_1_50' title="bbox 2052 2007 3651 2090; baseline -0.013 -7"><span class='ocrx_word' id='word_1_355' title='bbox 2052 2044 2181 2083; x_wconf 80' lang='lat' dir='ltr'><strong>nem</strong></span> <span class='ocrx_word' id='word_1_356' title='bbox 2227 2027 2319 2081; x_wconf 87' lang='lat' dir='ltr'><strong>Dei</strong></span> <span class='ocrx_word' id='word_1_357' title='bbox 2369 2022 2701 2080; x_wconf 89' lang='lat' dir='ltr'><strong>sacriﬁcium</strong></span> <span class='ocrx_word' id='word_1_358' title='bbox 2734 2018 3032 2090; x_wconf 89' lang='lat' dir='ltr'><strong>conquirit,</strong></span> <span class='ocrx_word' id='word_1_359' title='bbox 3069 2027 3124 2072; x_wconf 91' lang='lat' dir='ltr'><strong>ct</strong></span> <span class='ocrx_word' id='word_1_360' title='bbox 3158 2012 3406 2087; x_wconf 88' lang='lat' dir='ltr'><strong>apponit,</strong></span> <span class='ocrx_word' id='word_1_361' title='bbox 3442 2007 3651 2065; x_wconf 83' lang='lat' dir='ltr'><strong>addidit</strong></span> 
     </span>
    </p>
   </div>
   <div class='ocr_carea' id='block_1_51' title="bbox 2052 2116 2789 2190">
    <p class='ocr_par' dir='ltr' id='par_1_51' title="bbox 2052 2116 2789 2190">
     <span class='ocr_line' id='line_1_51' title="bbox 2052 2116 2789 2190; baseline -0.011 -15"><span class='ocrx_word' id='word_1_362' title='bbox 2052 2121 2350 2190; x_wconf 81' lang='lat' dir='ltr'><strong>legislator.</strong></span> <span class='ocrx_word' id='word_1_363' title='bbox 2772 2116 2789 2129; x_wconf 79' lang='grc'><em>“</em></span> 
     </span>
    </p>
   </div>
   <div class='ocr_carea' id='block_1_52' title="bbox 2128 2196 3649 2267">
    <p class='ocr_par' dir='ltr' id='par_1_52' title="bbox 2128 2196 3649 2267">
     <span class='ocr_line' id='line_1_52' title="bbox 2128 2196 3649 2267; baseline -0.011 0"><span class='ocrx_word' id='word_1_364' title='bbox 2128 2214 2192 2267; x_wconf 80' lang='lat' dir='ltr'><strong>Et</strong></span> <span class='ocrx_word' id='word_1_365' title='bbox 2246 2213 2466 2266; x_wconf 82' lang='lat' dir='ltr'><strong>arietem</strong></span> <span class='ocrx_word' id='word_1_366' title='bbox 2520 2210 2575 2263; x_wconf 86' lang='lat' dir='ltr'><strong>in</strong></span> <span class='ocrx_word' id='word_1_367' title='bbox 2617 2207 2999 2261; x_wconf 77' lang='lat' dir='ltr'><strong>holocaustum.</strong></span> <span class='ocrx_word' id='word_1_368' title='bbox 3046 2200 3190 2257; x_wconf 72' lang='lat' dir='ltr'><strong>LXX</strong></span> <span class='ocrx_word' id='word_1_369' title='bbox 3237 2207 3419 2255; x_wconf 85' lang='lat' dir='ltr'><strong>autem</strong></span> <span class='ocrx_word' id='word_1_370' title='bbox 3463 2196 3649 2252; x_wconf 83' lang='lat' dir='ltr'><strong>edide-</strong></span> 
     </span>
    </p>
   </div>
   <div class='ocr_carea' id='block_1_53' title="bbox 2054 2289 3645 2369">
    <p class='ocr_par' dir='ltr' id='par_1_53' title="bbox 2054 2289 3645 2369">
     <span class='ocr_line' id='line_1_53' title="bbox 2054 2289 3645 2369; baseline -0.011 -8"><span class='ocrx_word' id='word_1_371' title='bbox 2054 2316 2202 2369; x_wconf 86' lang='lat' dir='ltr'><strong>runt.</strong></span> <span class='ocrx_word' id='word_1_372' title='bbox 2235 2307 2298 2359; x_wconf 88' lang='lat' dir='ltr'><strong>de</strong></span> <span class='ocrx_word' id='word_1_373' title='bbox 2324 2303 2506 2359; x_wconf 87' lang='lat' dir='ltr'><strong>vitulo.</strong></span> <span class='ocrx_word' id='word_1_374' title='bbox 2541 2304 2616 2356; x_wconf 68' lang='lat' dir='ltr'><strong>lix</strong></span> <span class='ocrx_word' id='word_1_375' title='bbox 2648 2300 2825 2355; x_wconf 84' lang='lat' dir='ltr'><strong>bobus</strong></span> <span class='ocrx_word' id='word_1_376' title='bbox 2858 2297 2964 2351; x_wconf 90' lang='lat' dir='ltr'><strong>illis</strong></span> <span class='ocrx_word' id='word_1_377' title='bbox 2990 2293 3373 2364; x_wconf 84' lang='lat' dir='ltr'><strong>operatoribus</strong></span> <span class='ocrx_word' id='word_1_378' title='bbox 3398 2289 3645 2361; x_wconf 69' lang='lat' dir='ltr'><strong>justitiar,</strong></span> 
     </span>
    </p>
   </div>
   <div class='ocr_carea' id='block_1_54' title="bbox 2051 2383 3648 2458">
    <p class='ocr_par' dir='ltr' id='par_1_54' title="bbox 2051 2383 3648 2458">
     <span class='ocr_line' id='line_1_54' title="bbox 2051 2383 3648 2458; baseline -0.014 -1"><span class='ocrx_word' id='word_1_379' title='bbox 2051 2399 2355 2458; x_wconf 86' lang='lat' dir='ltr'><strong>secundum</strong></span> <span class='ocrx_word' id='word_1_380' title='bbox 2404 2410 2626 2451; x_wconf 86' lang='lat' dir='ltr'><strong>carnem</strong></span> <span class='ocrx_word' id='word_1_381' title='bbox 2676 2393 2856 2447; x_wconf 82' lang='lat' dir='ltr'><strong>lactus</strong></span> <span class='ocrx_word' id='word_1_382' title='bbox 2907 2396 3010 2450; x_wconf 83' lang='lat' dir='ltr'><strong>est,</strong></span> <span class='ocrx_word' id='word_1_383' title='bbox 3048 2387 3198 2441; x_wconf 86' lang='lat' dir='ltr'><strong>verbi</strong></span> <span class='ocrx_word' id='word_1_384' title='bbox 3235 2385 3426 2454; x_wconf 80' lang='lat' dir='ltr'><strong>gratia,</strong></span> <span class='ocrx_word' id='word_1_385' title='bbox 3471 2383 3648 2436; x_wconf 81' lang='lat' dir='ltr'><strong>Abra-</strong></span> 
     </span>
    </p>
   </div>
   <div class='ocr_carea' id='block_1_55' title="bbox 2052 2472 3649 2558">
    <p class='ocr_par' dir='ltr' id='par_1_55' title="bbox 2052 2472 3649 2558">
     <span class='ocr_line' id='line_1_55' title="bbox 2052 2472 3649 2558; baseline -0.015 -9"><span class='ocrx_word' id='word_1_386' title='bbox 2052 2494 2199 2558; x_wconf 90' lang='lat' dir='ltr'><strong>ham,</strong></span> <span class='ocrx_word' id='word_1_387' title='bbox 2241 2492 2411 2552; x_wconf 87' lang='lat' dir='ltr'><strong>lsaac.</strong></span> <span class='ocrx_word' id='word_1_388' title='bbox 2445 2487 2635 2548; x_wconf 76' lang='lat' dir='ltr'><strong>Jacob,</strong></span> <span class='ocrx_word' id='word_1_389' title='bbox 2670 2484 2840 2539; x_wconf 89' lang='lat' dir='ltr'><strong>David</strong></span> <span class='ocrx_word' id='word_1_390' title='bbox 2875 2502 2890 2546; x_wconf 88' lang='lat'><strong>;</strong></span> <span class='ocrx_word' id='word_1_391' title='bbox 2923 2497 3049 2536; x_wconf 88' lang='lat' dir='ltr'><strong>nam</strong></span> <span class='ocrx_word' id='word_1_392' title='bbox 3087 2481 3259 2535; x_wconf 86' lang='lat' dir='ltr'><strong>boves</strong></span> <span class='ocrx_word' id='word_1_393' title='bbox 3302 2478 3409 2542; x_wconf 79' lang='lat' dir='ltr'><strong>lex,</strong></span> <span class='ocrx_word' id='word_1_394' title='bbox 3431 2491 3525 2531; x_wconf 83' lang='lat' dir='ltr'><strong>eos</strong></span> <span class='ocrx_word' id='word_1_395' title='bbox 3556 2472 3649 2543; x_wconf 83' lang='lat' dir='ltr'><strong>qui</strong></span> 
     </span>
    </p>
   </div>
   <div class='ocr_carea' id='block_1_56' title="bbox 2048 2566 3650 2658">
    <p class='ocr_par' dir='ltr' id='par_1_56' title="bbox 2048 2566 3650 2658">
     <span class='ocr_line' id='line_1_56' title="bbox 2048 2566 3650 2658; baseline -0.014 -16"><span class='ocrx_word' id='word_1_396' title='bbox 2048 2587 2321 2658; x_wconf 84' lang='lat' dir='ltr'><strong>justitiam</strong></span> <span class='ocrx_word' id='word_1_397' title='bbox 2362 2590 2645 2654; x_wconf 89' lang='lat' dir='ltr'><strong>operatur,</strong></span> <span class='ocrx_word' id='word_1_398' title='bbox 2677 2578 2832 2633; x_wconf 87' lang='lat' dir='ltr'><strong>novit</strong></span> <span class='ocrx_word' id='word_1_399' title='bbox 2865 2576 3006 2630; x_wconf 83' lang='lat' dir='ltr'><strong>sicut</strong></span> <span class='ocrx_word' id='word_1_400' title='bbox 3040 2572 3199 2628; x_wconf 90' lang='lat' dir='ltr'><strong>nobis</strong></span> <span class='ocrx_word' id='word_1_401' title='bbox 3233 2571 3433 2625; x_wconf 82' lang='lat' dir='ltr'><strong>Paulus</strong></span> <span class='ocrx_word' id='word_1_402' title='bbox 3478 2566 3650 2621; x_wconf 86' lang='lat' dir='ltr'><strong>tradi-</strong></span> 
     </span>
    </p>
   </div>
   <div class='ocr_carea' id='block_1_57' title="bbox 2052 2663 3649 2745">
    <p class='ocr_par' dir='ltr' id='par_1_57' title="bbox 2052 2663 3649 2745">
     <span class='ocr_line' id='line_1_57' title="bbox 2052 2663 3649 2745; baseline -0.014 -10"><span class='ocrx_word' id='word_1_403' title='bbox 2052 2681 2152 2744; x_wconf 86' lang='lat' dir='ltr'><strong>dit,</strong></span> <span class='ocrx_word' id='word_1_404' title='bbox 2188 2678 2321 2732; x_wconf 90' lang='lat' dir='ltr'><strong>illud</strong></span> <span class='ocrx_word' id='word_1_405' title='bbox 2366 2676 2738 2745; x_wconf 89' lang='lat' dir='ltr'><strong>interpretans</strong></span> <span class='ocrx_word' id='word_1_406' title='bbox 2767 2669 3086 2724; x_wconf 88' lang='lat' dir='ltr'><strong>mandatum</strong></span> <span class='ocrx_word' id='word_1_407' title='bbox 3126 2685 3137 2720; x_wconf 94' lang='lat'><strong>:</strong></span> <span class='ocrx_word' id='word_1_408' title='bbox 3176 2665 3293 2719; x_wconf 82' lang='lat' dir='ltr'><strong>Non</strong></span> <span class='ocrx_word' id='word_1_409' title='bbox 3321 2663 3566 2733; x_wconf 81' lang='lat' dir='ltr'><strong>alligabis</strong></span> <span class='ocrx_word' id='word_1_410' title='bbox 3594 2676 3649 2712; x_wconf 81' lang='lat' dir='ltr'><strong>os</strong></span> 
     </span>
    </p>
   </div>
   <div class='ocr_carea' id='block_1_58' title="bbox 2052 2749 3651 2828">
    <p class='ocr_par' dir='ltr' id='par_1_58' title="bbox 2052 2749 3651 2828">
     <span class='ocr_line' id='line_1_58' title="bbox 2052 2749 3651 2828; baseline -0.015 -3"><span class='ocrx_word' id='word_1_411' title='bbox 2052 2769 2167 2826; x_wconf 84' lang='lat' dir='ltr'><strong>bovi</strong></span> <span class='ocrx_word' id='word_1_412' title='bbox 2200 2766 2473 2821; x_wconf 86' lang='lat' dir='ltr'><strong>trituranti</strong></span> <span class='ocrx_word' id='word_1_413' title='bbox 2505 2764 2547 2794; x_wconf 74' lang='lat'>“</span> <span class='ocrx_word' id='word_1_414' title='bbox 2575 2779 2590 2828; x_wconf 90' lang='lat'><strong>;</strong></span> <span class='ocrx_word' id='word_1_415' title='bbox 2627 2760 2825 2815; x_wconf 81' lang='lat' dir='ltr'><strong>deinde</strong></span> <span class='ocrx_word' id='word_1_416' title='bbox 2867 2756 3101 2825; x_wconf 78' lang='lat' dir='ltr'><strong>subjecit</strong></span> <span class='ocrx_word' id='word_1_417' title='bbox 3138 2773 3152 2808; x_wconf 86' lang='lat'><strong>:</strong></span> <span class='ocrx_word' id='word_1_418' title='bbox 3185 2752 3439 2823; x_wconf 74' lang='lat' dir='ltr'><strong>Nunquid</strong></span> <span class='ocrx_word' id='word_1_419' title='bbox 3466 2751 3527 2804; x_wconf 76' lang='lat' dir='ltr'><strong>de</strong></span> <span class='ocrx_word' id='word_1_420' title='bbox 3556 2749 3651 2802; x_wconf 82' lang='lat' dir='ltr'><strong>b0-</strong></span> 
     </span>
    </p>
   </div>
   <div class='ocr_carea' id='block_1_59' title="bbox 2054 2843 3647 2921">
    <p class='ocr_par' dir='ltr' id='par_1_59' title="bbox 2054 2843 3647 2921">
     <span class='ocr_line' id='line_1_59' title="bbox 2054 2843 3647 2921; baseline -0.015 -2"><span class='ocrx_word' id='word_1_421' title='bbox 2054 2864 2147 2919; x_wconf 83' lang='lat' dir='ltr'><strong>bus</strong></span> <span class='ocrx_word' id='word_1_422' title='bbox 2174 2879 2301 2916; x_wconf 88' lang='lat' dir='ltr'><strong>cura</strong></span> <span class='ocrx_word' id='word_1_423' title='bbox 2335 2868 2413 2914; x_wconf 84' lang='lat' dir='ltr'><strong>est</strong></span> <span class='ocrx_word' id='word_1_424' title='bbox 2454 2856 2563 2911; x_wconf 89' lang='lat' dir='ltr'><strong>Deo</strong></span> <span class='ocrx_word' id='word_1_425' title='bbox 2597 2854 2677 2907; x_wconf 74' lang='lat' dir='ltr'><strong>&quot;‘l</strong></span> <span class='ocrx_word' id='word_1_426' title='bbox 2718 2870 2787 2907; x_wconf 90' lang='lat' dir='ltr'><strong>an</strong></span> <span class='ocrx_word' id='word_1_427' title='bbox 2841 2861 3064 2921; x_wconf 81' lang='lat' dir='ltr'><strong>propter</strong></span> <span class='ocrx_word' id='word_1_428' title='bbox 3107 2863 3209 2903; x_wconf 90' lang='lat' dir='ltr'><strong>nos</strong></span> <span class='ocrx_word' id='word_1_429' title='bbox 3254 2846 3437 2915; x_wconf 82' lang='lat' dir='ltr'><strong>utique</strong></span> <span class='ocrx_word' id='word_1_430' title='bbox 3470 2843 3599 2897; x_wconf 75' lang='lat' dir='ltr'><strong>dicit</strong></span> <span class='ocrx_word' id='word_1_431' title='bbox 3635 2859 3647 2895; x_wconf 94' lang='lat'>:</span> 
     </span>
    </p>
   </div>
   <div class='ocr_carea' id='block_1_60' title="bbox 2055 2935 3651 3022">
    <p class='ocr_par' dir='ltr' id='par_1_60' title="bbox 2055 2935 3651 3022">
     <span class='ocr_line' id='line_1_60' title="bbox 2055 2935 3651 3022; baseline -0.014 -13"><span class='ocrx_word' id='word_1_432' title='bbox 2055 2955 2191 3022; x_wconf 80' lang='lat' dir='ltr'><strong>Quia</strong></span> <span class='ocrx_word' id='word_1_433' title='bbox 2223 2953 2371 3009; x_wconf 85' lang='lat' dir='ltr'><strong>debet</strong></span> <span class='ocrx_word' id='word_1_434' title='bbox 2413 2952 2468 3004; x_wconf 86' lang='lat' dir='ltr'><strong>in</strong></span> <span class='ocrx_word' id='word_1_435' title='bbox 2510 2965 2600 3016; x_wconf 87' lang='lat' dir='ltr'><strong>spe</strong></span> <span class='ocrx_word' id='word_1_436' title='bbox 2636 2948 2725 3017; x_wconf 83' lang='lat' dir='ltr'><strong>qui</strong></span> <span class='ocrx_word' id='word_1_437' title='bbox 2753 2954 2836 2999; x_wconf 84' lang='lat' dir='ltr'><strong>rat</strong></span> <span class='ocrx_word' id='word_1_438' title='bbox 2867 2959 3085 3008; x_wconf 84' lang='lat' dir='ltr'><strong>aarare,</strong></span> <span class='ocrx_word' id='word_1_439' title='bbox 3115 2952 3171 3022; x_wconf 73' lang='lat' dir='ltr'><strong>et</strong></span> <span class='ocrx_word' id='word_1_440' title='bbox 3201 2940 3291 3012; x_wconf 86' lang='lat' dir='ltr'><strong>qui</strong></span> <span class='ocrx_word' id='word_1_441' title='bbox 3324 2938 3564 3000; x_wconf 82' lang='lat' dir='ltr'><strong>triturat,</strong></span> <span class='ocrx_word' id='word_1_442' title='bbox 3594 2935 3651 2988; x_wconf 85' lang='lat' dir='ltr'><strong>in</strong></span> 
     </span>
    </p>
   </div>
   <div class='ocr_carea' id='block_1_61' title="bbox 2055 3018 3647 3118">
    <p class='ocr_par' dir='ltr' id='par_1_61' title="bbox 2055 3018 3647 3118">
     <span class='ocr_line' id='line_1_61' title="bbox 2055 3018 3647 3118; baseline -0.016 -15"><span class='ocrx_word' id='word_1_443' title='bbox 2055 3018 2143 3118; x_wconf 67' lang='lat' dir='ltr'><strong>spe</strong></span> <span class='ocrx_word' id='word_1_444' title='bbox 2180 3048 2380 3116; x_wconf 77' lang='lat' dir='ltr'><strong>fructus</strong></span> <span class='ocrx_word' id='word_1_445' title='bbox 2436 3039 2759 3112; x_wconf 77' lang='lat' dir='ltr'><strong>percipiendi</strong></span> <span class='ocrx_word' id='word_1_446' title='bbox 2787 3037 2868 3090; x_wconf 70' lang='grc'><strong>⁷⁸³2</strong></span> <span class='ocrx_word' id='word_1_447' title='bbox 2919 3034 3055 3102; x_wconf 84' lang='lat' dir='ltr'><strong>Quia</strong></span> <span class='ocrx_word' id='word_1_448' title='bbox 3100 3018 3283 3088; x_wconf 80' lang='lat' dir='ltr'><strong>autem</strong></span> <span class='ocrx_word' id='word_1_449' title='bbox 3320 3038 3373 3084; x_wconf 90' lang='lat' dir='ltr'><strong>ct</strong></span> <span class='ocrx_word' id='word_1_450' title='bbox 3423 3027 3647 3092; x_wconf 82' lang='lat' dir='ltr'><strong>vitulus,</strong></span> 
     </span>
    </p>
   </div>
   <div class='ocr_carea' id='block_1_62' title="bbox 348 3121 3647 3232">
    <p class='ocr_par' dir='ltr' id='par_1_62' title="bbox 348 3121 3647 3232">
     <span class='ocr_line' id='line_1_62' title="bbox 348 3121 3647 3232; baseline -0.012 -22"><span class='ocrx_word' id='word_1_451' title='bbox 348 3140 410 3193; x_wconf 69' lang='lat' dir='ltr'><strong>in</strong></span> <span class='ocrx_word' id='word_1_452' title='bbox 438 3153 506 3232; x_wconf 61' lang='lat'><strong>99</strong></span> <span class='ocrx_word' id='word_1_453' title='bbox 534 3152 593 3232; x_wconf 52' lang='lat'><strong>59</strong></span> <span class='ocrx_word' id='word_1_454' title='bbox 618 3135 1026 3232; x_wconf 60' lang='lat' dir='ltr'><strong>‘D‘OdammOdO</strong></span> <span class='ocrx_word' id='word_1_455' title='bbox 1058 3135 1304 3189; x_wconf 73' lang='grc' dir='ltr'><strong>ωίιιυηί·</strong></span> <span class='ocrx_word' id='word_1_456' title='bbox 1343 3133 1653 3204; x_wconf 72' lang='grc' dir='ltr'><strong>Αιίίιιιειηιιο</strong></span> <span class='ocrx_word' id='word_1_457' title='bbox 1677 3140 1862 3187; x_wconf 65' lang='lat' dir='ltr'><strong>amem</strong></span> <span class='ocrx_word' id='word_1_458' title='bbox 1894 3131 1949 3185; x_wconf 76' lang='grc' dir='ltr'><strong>ίη</strong></span> <span class='ocrx_word' id='word_1_459' title='bbox 1981 3175 2023 3232; x_wconf 74' lang='lat' dir='ltr'><strong>C</strong></span> <span class='ocrx_word' id='word_1_460' title='bbox 2059 3148 2205 3194; x_wconf 89' lang='lat' dir='ltr'><strong>recte</strong></span> <span class='ocrx_word' id='word_1_461' title='bbox 2255 3143 2481 3208; x_wconf 87' lang='lat' dir='ltr'><strong>propter</strong></span> <span class='ocrx_word' id='word_1_462' title='bbox 2528 3131 2883 3193; x_wconf 88' lang='lat' dir='ltr'><strong>sacriﬁcium,</strong></span> <span class='ocrx_word' id='word_1_463' title='bbox 2916 3137 2970 3183; x_wconf 90' lang='lat' dir='ltr'><strong>et</strong></span> <span class='ocrx_word' id='word_1_464' title='bbox 3005 3127 3266 3181; x_wconf 81' lang='lat' dir='ltr'><strong>virtutem</strong></span> <span class='ocrx_word' id='word_1_465' title='bbox 3317 3121 3647 3193; x_wconf 79' lang='lat' dir='ltr'><strong>appellatur,</strong></span> 
     </span>
    </p>
   </div>
   <div class='ocr_carea' id='block_1_63' title="bbox 344 3224 1952 3300">
    <p class='ocr_par' dir='ltr' id='par_1_63' title="bbox 344 3224 1952 3300">
     <span class='ocr_line' id='line_1_63' title="bbox 344 3224 1952 3300; baseline -0.004 -16"><span class='ocrx_word' id='word_1_466' title='bbox 344 3229 538 3300; x_wconf 77' lang='lat' dir='ltr'><strong>Specie</strong></span> <span class='ocrx_word' id='word_1_467' title='bbox 566 3228 726 3300; x_wconf 86' lang='lat' dir='ltr'><strong>ignis,</strong></span> <span class='ocrx_word' id='word_1_468' title='bbox 758 3237 870 3283; x_wconf 88' lang='lat' dir='ltr'><strong>tam</strong></span> <span class='ocrx_word' id='word_1_469' title='bbox 900 3227 1051 3292; x_wconf 88' lang='lat' dir='ltr'><strong>alibi,</strong></span> <span class='ocrx_word' id='word_1_470' title='bbox 1070 3242 1234 3298; x_wconf 90' lang='lat' dir='ltr'><strong>quam</strong></span> <span class='ocrx_word' id='word_1_471' title='bbox 1262 3227 1316 3281; x_wconf 92' lang='lat' dir='ltr'><strong>in</strong></span> <span class='ocrx_word' id='word_1_472' title='bbox 1340 3224 1479 3282; x_wconf 88' lang='lat' dir='ltr'><strong>rubo</strong></span> <span class='ocrx_word' id='word_1_473' title='bbox 1495 3227 1666 3281; x_wconf 90' lang='lat' dir='ltr'><strong>Deum</strong></span> <span class='ocrx_word' id='word_1_474' title='bbox 1689 3225 1952 3289; x_wconf 86' lang='lat' dir='ltr'><strong>insinuat,</strong></span> 
     </span>
    </p>
   </div>
   <div class='ocr_carea' id='block_1_64' title="bbox 343 3317 1957 3393">
    <p class='ocr_par' dir='ltr' id='par_1_64' title="bbox 343 3317 1957 3393">
     <span class='ocr_line' id='line_1_64' title="bbox 343 3317 1957 3393; baseline -0.004 -16"><span class='ocrx_word' id='word_1_475' title='bbox 343 3324 480 3393; x_wconf 89' lang='lat' dir='ltr'><strong>quia</strong></span> <span class='ocrx_word' id='word_1_476' title='bbox 515 3322 603 3376; x_wconf 79' lang='lat' dir='ltr'><strong>lux</strong></span> <span class='ocrx_word' id='word_1_477' title='bbox 628 3330 711 3376; x_wconf 89' lang='lat' dir='ltr'><strong>est</strong></span> <span class='ocrx_word' id='word_1_478' title='bbox 731 3336 921 3376; x_wconf 89' lang='lat' dir='ltr'><strong>eorum</strong></span> <span class='ocrx_word' id='word_1_479' title='bbox 944 3321 1036 3390; x_wconf 89' lang='lat' dir='ltr'><strong>qui</strong></span> <span class='ocrx_word' id='word_1_480' title='bbox 1077 3320 1146 3374; x_wconf 91' lang='lat' dir='ltr'><strong>ad</strong></span> <span class='ocrx_word' id='word_1_481' title='bbox 1177 3335 1303 3374; x_wconf 91' lang='lat' dir='ltr'><strong>eum</strong></span> <span class='ocrx_word' id='word_1_482' title='bbox 1323 3335 1421 3390; x_wconf 91' lang='lat' dir='ltr'><strong>per</strong></span> <span class='ocrx_word' id='word_1_483' title='bbox 1451 3318 1661 3390; x_wconf 87' lang='lat' dir='ltr'><strong>singula</strong></span> <span class='ocrx_word' id='word_1_484' title='bbox 1687 3317 1957 3373; x_wconf 89' lang='lat' dir='ltr'><strong>accedunt</strong></span> 
     </span>
    </p>
   </div>
   <div class='ocr_carea' id='block_1_65' title="bbox 343 3410 1954 3486">
    <p class='ocr_par' dir='ltr' id='par_1_65' title="bbox 343 3410 1954 3486">
     <span class='ocr_line' id='line_1_65' title="bbox 343 3410 1954 3486; baseline -0.004 -15"><span class='ocrx_word' id='word_1_485' title='bbox 343 3426 623 3486; x_wconf 88' lang='lat' dir='ltr'><strong>tempora.</strong></span> <span class='ocrx_word' id='word_1_486' title='bbox 654 3415 913 3484; x_wconf 89' lang='lat' dir='ltr'><strong>calorque</strong></span> <span class='ocrx_word' id='word_1_487' title='bbox 958 3413 1146 3468; x_wconf 87' lang='lat' dir='ltr'><strong>vitalis</strong></span> <span class='ocrx_word' id='word_1_488' title='bbox 1176 3423 1340 3483; x_wconf 88' lang='lat' dir='ltr'><strong>atque</strong></span> <span class='ocrx_word' id='word_1_489' title='bbox 1372 3413 1640 3483; x_wconf 83' lang='lat' dir='ltr'><strong>purgatio.</strong></span> <span class='ocrx_word' id='word_1_490' title='bbox 1676 3410 1794 3466; x_wconf 88' lang='lat' dir='ltr'><strong>Non</strong></span> <span class='ocrx_word' id='word_1_491' title='bbox 1825 3426 1954 3482; x_wconf 88' lang='lat' dir='ltr'><strong>ergo</strong></span> 
     </span>
    </p>
   </div>
   <div class='ocr_carea' id='block_1_66' title="bbox 342 3500 1951 3574">
    <p class='ocr_par' dir='ltr' id='par_1_66' title="bbox 342 3500 1951 3574">
     <span class='ocr_line' id='line_1_66' title="bbox 342 3500 1951 3574; baseline -0.005 -13"><span class='ocrx_word' id='word_1_492' title='bbox 342 3505 590 3561; x_wconf 62' lang='lat' dir='ltr'><strong>azstimes</strong></span> <span class='ocrx_word' id='word_1_493' title='bbox 637 3502 910 3574; x_wconf 80' lang='lat' dir='ltr'><strong>superflua</strong></span> <span class='ocrx_word' id='word_1_494' title='bbox 945 3501 1061 3558; x_wconf 87' lang='lat' dir='ltr'><strong>sive</strong></span> <span class='ocrx_word' id='word_1_495' title='bbox 1108 3517 1251 3556; x_wconf 88' lang='lat' dir='ltr'><strong>nova</strong></span> <span class='ocrx_word' id='word_1_496' title='bbox 1303 3502 1487 3556; x_wconf 89' lang='lat' dir='ltr'><strong>induci</strong></span> <span class='ocrx_word' id='word_1_497' title='bbox 1521 3516 1620 3572; x_wconf 88' lang='lat' dir='ltr'><strong>per</strong></span> <span class='ocrx_word' id='word_1_498' title='bbox 1651 3500 1951 3571; x_wconf 80' lang='lat' dir='ltr'><strong>expositio-</strong></span> 
     </span>
    </p>
   </div>
   <div class='ocr_carea' id='block_1_67' title="bbox 345 3593 1953 3666">
    <p class='ocr_par' dir='ltr' id='par_1_67' title="bbox 345 3593 1953 3666">
     <span class='ocr_line' id='line_1_67' title="bbox 345 3593 1953 3666; baseline -0.004 -14"><span class='ocrx_word' id='word_1_499' title='bbox 345 3613 502 3662; x_wconf 80' lang='lat' dir='ltr'><strong>nem,</strong></span> <span class='ocrx_word' id='word_1_500' title='bbox 543 3596 767 3666; x_wconf 89' lang='lat' dir='ltr'><strong>quando</strong></span> <span class='ocrx_word' id='word_1_501' title='bbox 822 3595 1029 3650; x_wconf 86' lang='lat' dir='ltr'><strong>eisdem</strong></span> <span class='ocrx_word' id='word_1_502' title='bbox 1082 3594 1402 3649; x_wconf 86' lang='lat' dir='ltr'><strong>nominibus</strong></span> <span class='ocrx_word' id='word_1_503' title='bbox 1452 3593 1508 3648; x_wconf 89' lang='lat' dir='ltr'><strong>in</strong></span> <span class='ocrx_word' id='word_1_504' title='bbox 1566 3593 1953 3648; x_wconf 73' lang='lat' dir='ltr'><strong>diﬁ‘erentibus</strong></span> 
     </span>
    </p>
   </div>
   <div class='ocr_carea' id='block_1_68' title="bbox 346 3685 1948 3753">
    <p class='ocr_par' dir='ltr' id='par_1_68' title="bbox 346 3685 1948 3753">
     <span class='ocr_line' id='line_1_68' title="bbox 346 3685 1948 3753; baseline -0.002 -10"><span class='ocrx_word' id='word_1_505' title='bbox 346 3689 526 3743; x_wconf 75' lang='lat' dir='ltr'><strong>utitur</strong></span> <span class='ocrx_word' id='word_1_506' title='bbox 579 3688 784 3753; x_wconf 86' lang='lat' dir='ltr'><strong>causis,</strong></span> <span class='ocrx_word' id='word_1_507' title='bbox 839 3696 937 3741; x_wconf 89' lang='lat' dir='ltr'><strong>aut</strong></span> <span class='ocrx_word' id='word_1_508' title='bbox 983 3686 1208 3740; x_wconf 89' lang='lat' dir='ltr'><strong>nomina</strong></span> <span class='ocrx_word' id='word_1_509' title='bbox 1266 3685 1575 3741; x_wconf 77' lang='lat' dir='ltr'><strong>differentia</strong></span> <span class='ocrx_word' id='word_1_510' title='bbox 1634 3686 1690 3739; x_wconf 91' lang='lat' dir='ltr'><strong>in</strong></span> <span class='ocrx_word' id='word_1_511' title='bbox 1740 3685 1948 3740; x_wconf 85' lang='lat' dir='ltr'><strong>eisdem</strong></span> 
     </span>
    </p>
   </div>
   <div class='ocr_carea' id='block_1_69' title="bbox 346 3779 1950 3852">
    <p class='ocr_par' dir='ltr' id='par_1_69' title="bbox 346 3779 1950 3852">
     <span class='ocr_line' id='line_1_69' title="bbox 346 3779 1950 3852; baseline -0.002 -15"><span class='ocrx_word' id='word_1_512' title='bbox 346 3781 555 3852; x_wconf 84' lang='lat' dir='ltr'><strong>accipit</strong></span> <span class='ocrx_word' id='word_1_513' title='bbox 580 3782 765 3836; x_wconf 88' lang='lat' dir='ltr'><strong>rebus.</strong></span> <span class='ocrx_word' id='word_1_514' title='bbox 797 3780 906 3836; x_wconf 89' lang='lat' dir='ltr'><strong>Sed</strong></span> <span class='ocrx_word' id='word_1_515' title='bbox 932 3779 1066 3834; x_wconf 90' lang='lat' dir='ltr'><strong>illud</strong></span> <span class='ocrx_word' id='word_1_516' title='bbox 1098 3779 1325 3835; x_wconf 87' lang='lat' dir='ltr'><strong>intende</strong></span> <span class='ocrx_word' id='word_1_517' title='bbox 1354 3788 1562 3834; x_wconf 88' lang='lat' dir='ltr'><strong>tantum</strong></span> <span class='ocrx_word' id='word_1_518' title='bbox 1591 3779 1634 3833; x_wconf 84' lang='lat' dir='ltr'><strong>si</strong></span> <span class='ocrx_word' id='word_1_519' title='bbox 1672 3796 1785 3833; x_wconf 89' lang='lat' dir='ltr'><strong>non</strong></span> <span class='ocrx_word' id='word_1_520' title='bbox 1821 3796 1950 3849; x_wconf 89' lang='lat' dir='ltr'><strong>pro-</strong></span> 
     </span>
    </p>
   </div>
   <div class='ocr_carea' id='block_1_70' title="bbox 344 3872 1951 3946">
    <p class='ocr_par' dir='ltr' id='par_1_70' title="bbox 344 3872 1951 3946">
     <span class='ocr_line' id='line_1_70' title="bbox 344 3872 1951 3946; baseline -0.001 -17"><span class='ocrx_word' id='word_1_521' title='bbox 344 3876 493 3946; x_wconf 88' lang='lat' dir='ltr'><strong>prie,</strong></span> <span class='ocrx_word' id='word_1_522' title='bbox 544 3884 602 3929; x_wconf 83' lang='lat' dir='ltr'><strong>et</strong></span> <span class='ocrx_word' id='word_1_523' title='bbox 651 3873 953 3928; x_wconf 89' lang='lat' dir='ltr'><strong>secundum</strong></span> <span class='ocrx_word' id='word_1_524' title='bbox 1006 3881 1246 3943; x_wconf 88' lang='lat' dir='ltr'><strong>tempus,</strong></span> <span class='ocrx_word' id='word_1_525' title='bbox 1299 3872 1729 3944; x_wconf 86' lang='lat' dir='ltr'><strong>signiﬁcationes</strong></span> <span class='ocrx_word' id='word_1_526' title='bbox 1770 3874 1951 3928; x_wconf 90' lang='lat' dir='ltr'><strong>nomi-</strong></span> 
     </span>
    </p>
   </div>
   <div class='ocr_carea' id='block_1_71' title="bbox 344 3965 1950 4037">
    <p class='ocr_par' dir='ltr' id='par_1_71' title="bbox 344 3965 1950 4037">
     <span class='ocr_line' id='line_1_71' title="bbox 344 3965 1950 4037; baseline 0.001 -15"><span class='ocrx_word' id='word_1_527' title='bbox 344 3984 484 4023; x_wconf 85' lang='lat' dir='ltr'><strong>num</strong></span> <span class='ocrx_word' id='word_1_528' title='bbox 545 3967 598 4021; x_wconf 90' lang='lat' dir='ltr'><strong>in</strong></span> <span class='ocrx_word' id='word_1_529' title='bbox 658 3965 1040 4037; x_wconf 86' lang='lat' dir='ltr'><strong>adjacentibus</strong></span> <span class='ocrx_word' id='word_1_530' title='bbox 1077 3965 1409 4037; x_wconf 80' lang='lat' dir='ltr'><strong>expositioni</strong></span> <span class='ocrx_word' id='word_1_531' title='bbox 1461 3966 1627 4021; x_wconf 89' lang='lat' dir='ltr'><strong>rebus</strong></span> <span class='ocrx_word' id='word_1_532' title='bbox 1675 3967 1950 4037; x_wconf 86' lang='lat' dir='ltr'><strong>interpres</strong></span> 
     </span>
    </p>
   </div>
   <div class='ocr_carea' id='block_1_72' title="bbox 346 4054 1951 4126">
    <p class='ocr_par' dir='ltr' id='par_1_72' title="bbox 346 4054 1951 4126">
     <span class='ocr_line' id='line_1_72' title="bbox 346 4054 1951 4126; baseline 0.001 -15"><span class='ocrx_word' id='word_1_533' title='bbox 346 4056 587 4126; x_wconf 87' lang='lat' dir='ltr'><strong>accepit.</strong></span> <span class='ocrx_word' id='word_1_534' title='bbox 623 4054 732 4111; x_wconf 88' lang='lat' dir='ltr'><strong>Sed</strong></span> <span class='ocrx_word' id='word_1_535' title='bbox 757 4056 870 4126; x_wconf 85' lang='lat' dir='ltr'><strong>jam</strong></span> <span class='ocrx_word' id='word_1_536' title='bbox 901 4071 1023 4126; x_wconf 73' lang='lat' dir='ltr'><strong>qum</strong></span> <span class='ocrx_word' id='word_1_537' title='bbox 1054 4064 1361 4126; x_wconf 80' lang='lat' dir='ltr'><strong>sequentur</strong></span> <span class='ocrx_word' id='word_1_538' title='bbox 1386 4055 1692 4112; x_wconf 88' lang='lat' dir='ltr'><strong>videamus.</strong></span> <span class='ocrx_word' id='word_1_539' title='bbox 1725 4055 1833 4112; x_wconf 86' lang='lat' dir='ltr'><strong>Sed</strong></span> <span class='ocrx_word' id='word_1_540' title='bbox 1872 4057 1951 4112; x_wconf 89' lang='lat' dir='ltr'><strong>sic</strong></span> 
     </span>
    </p>
   </div>
   <div class='ocr_carea' id='block_1_73' title="bbox 348 4149 1346 4219">
    <p class='ocr_par' dir='ltr' id='par_1_73' title="bbox 348 4149 1346 4219">
     <span class='ocr_line' id='line_1_73' title="bbox 348 4149 1346 4219; baseline -0.001 -14"><span class='ocrx_word' id='word_1_541' title='bbox 348 4149 699 4219; x_wconf 80' lang='lat' dir='ltr'><strong>ingrediatur</strong></span> <span class='ocrx_word' id='word_1_542' title='bbox 732 4151 915 4204; x_wconf 86' lang='lat' dir='ltr'><strong>Aaron</strong></span> <span class='ocrx_word' id='word_1_543' title='bbox 950 4149 1346 4205; x_wconf 87' lang='lat' dir='ltr'><strong>sanctuarium.</strong></span> 
     </span>
    </p>
   </div>
   <div class='ocr_carea' id='block_1_74' title="bbox 418 4240 1950 4311">
    <p class='ocr_par' dir='ltr' id='par_1_74' title="bbox 418 4240 1950 4311">
     <span class='ocr_line' id='line_1_74' title="bbox 418 4240 1950 4311; baseline 0 -16"><span class='ocrx_word' id='word_1_544' title='bbox 418 4240 593 4296; x_wconf 75' lang='lat' dir='ltr'><strong>Vsus.</strong></span> <span class='ocrx_word' id='word_1_545' title='bbox 630 4241 684 4306; x_wconf 78' lang='lat'><strong>5,</strong></span> <span class='ocrx_word' id='word_1_546' title='bbox 731 4240 787 4294; x_wconf 75' lang='grc'><strong>4.</strong></span> <span class='ocrx_word' id='word_1_547' title='bbox 835 4258 854 4292; x_wconf 76' lang='grc' dir='ltr'>ι</span> <span class='ocrx_word' id='word_1_548' title='bbox 895 4240 1139 4295; x_wconf 78' lang='lat' dir='ltr'><strong>Vitulum</strong></span> <span class='ocrx_word' id='word_1_549' title='bbox 1194 4240 1390 4295; x_wconf 73' lang='lat' dir='ltr'><strong>offeret</strong></span> <span class='ocrx_word' id='word_1_550' title='bbox 1442 4256 1544 4311; x_wconf 88' lang='lat' dir='ltr'><strong>pro</strong></span> <span class='ocrx_word' id='word_1_551' title='bbox 1596 4249 1843 4311; x_wconf 89' lang='lat' dir='ltr'><strong>peccato,</strong></span> <span class='ocrx_word' id='word_1_552' title='bbox 1894 4248 1950 4295; x_wconf 90' lang='lat' dir='ltr'><strong>et</strong></span> 
     </span>
    </p>
   </div>
   <div class='ocr_carea' id='block_1_75' title="bbox 348 4330 1950 4398">
    <p class='ocr_par' dir='ltr' id='par_1_75' title="bbox 348 4330 1950 4398">
     <span class='ocr_line' id='line_1_75' title="bbox 348 4330 1950 4398; baseline 0 -13"><span class='ocrx_word' id='word_1_553' title='bbox 348 4331 583 4387; x_wconf 84' lang='lat' dir='ltr'><strong>arietem</strong></span> <span class='ocrx_word' id='word_1_554' title='bbox 623 4331 680 4384; x_wconf 91' lang='lat' dir='ltr'><strong>in</strong></span> <span class='ocrx_word' id='word_1_555' title='bbox 715 4330 1120 4387; x_wconf 85' lang='lat' dir='ltr'><strong>holocaustum.</strong></span> <span class='ocrx_word' id='word_1_556' title='bbox 1150 4330 1358 4386; x_wconf 87' lang='lat' dir='ltr'><strong>Tunica</strong></span> <span class='ocrx_word' id='word_1_557' title='bbox 1394 4331 1537 4387; x_wconf 89' lang='lat' dir='ltr'><strong>linea</strong></span> <span class='ocrx_word' id='word_1_558' title='bbox 1574 4331 1860 4398; x_wconf 85' lang='lat' dir='ltr'><strong>vestietur,</strong></span> <span class='ocrx_word' id='word_1_559' title='bbox 1894 4338 1950 4386; x_wconf 91' lang='lat' dir='ltr'><strong>et</strong></span> 
     </span>
    </p>
   </div>
   <div class='ocr_carea' id='block_1_76' title="bbox 349 4424 1950 4497">
    <p class='ocr_par' dir='ltr' id='par_1_76' title="bbox 349 4424 1950 4497">
     <span class='ocr_line' id='line_1_76' title="bbox 349 4424 1950 4497; baseline -0.001 -17"><span class='ocrx_word' id='word_1_560' title='bbox 349 4424 709 4480; x_wconf 82' lang='lat' dir='ltr'><strong>feminalibus</strong></span> <span class='ocrx_word' id='word_1_561' title='bbox 763 4424 925 4480; x_wconf 90' lang='lat' dir='ltr'><strong>lineis</strong></span> <span class='ocrx_word' id='word_1_562' title='bbox 971 4425 1281 4482; x_wconf 84' lang='lat' dir='ltr'><strong>verecunda</strong></span> <span class='ocrx_word' id='word_1_563' title='bbox 1340 4424 1561 4480; x_wconf 87' lang='lat' dir='ltr'><strong>celabit.</strong></span> <span class='ocrx_word' id='word_1_564' title='bbox 1614 4425 1950 4497; x_wconf 83' lang='lat' dir='ltr'><strong>Accingetur</strong></span> 
     </span>
    </p>
   </div>
   <div class='ocr_carea' id='block_1_77' title="bbox 2057 3212 3651 3303">
    <p class='ocr_par' dir='ltr' id='par_1_77' title="bbox 2057 3212 3651 3303">
     <span class='ocr_line' id='line_1_77' title="bbox 2057 3212 3651 3303; baseline -0.014 -15"><span class='ocrx_word' id='word_1_565' title='bbox 2057 3231 2373 3303; x_wconf 87' lang='lat' dir='ltr'><strong>evangelica</strong></span> <span class='ocrx_word' id='word_1_566' title='bbox 2401 3228 2661 3297; x_wconf 77' lang='lat' dir='ltr'><strong>explanat</strong></span> <span class='ocrx_word' id='word_1_567' title='bbox 2691 3224 2946 3294; x_wconf 87' lang='lat' dir='ltr'><strong>parabola</strong></span> <span class='ocrx_word' id='word_1_568' title='bbox 2970 3222 3036 3283; x_wconf 61' lang='grc' dir='ltr'><strong>ν’.</strong></span> <span class='ocrx_word' id='word_1_569' title='bbox 3070 3221 3123 3275; x_wconf 90' lang='lat' dir='ltr'><strong>in</strong></span> <span class='ocrx_word' id='word_1_570' title='bbox 3149 3235 3252 3289; x_wconf 87' lang='lat' dir='ltr'><strong>qua</strong></span> <span class='ocrx_word' id='word_1_571' title='bbox 3284 3216 3514 3287; x_wconf 82' lang='lat' dir='ltr'><strong>prodigo</strong></span> <span class='ocrx_word' id='word_1_572' title='bbox 3541 3212 3651 3266; x_wconf 88' lang='lat' dir='ltr'><strong>ﬁlio</strong></span> 
     </span>
    </p>
   </div>
   <div class='ocr_carea' id='block_1_78' title="bbox 2057 3298 3651 3388">
    <p class='ocr_par' dir='ltr' id='par_1_78' title="bbox 2057 3298 3651 3388">
     <span class='ocr_line' id='line_1_78' title="bbox 2057 3298 3651 3388; baseline -0.012 -17"><span class='ocrx_word' id='word_1_573' title='bbox 2057 3298 2227 3388; x_wconf 38' lang='lat' dir='ltr'><strong>pater.</strong></span> <span class='ocrx_word' id='word_1_574' title='bbox 2251 3313 2573 3377; x_wconf 87' lang='lat' dir='ltr'><strong>revertenti,</strong></span> <span class='ocrx_word' id='word_1_575' title='bbox 2608 3310 2841 3381; x_wconf 86' lang='lat' dir='ltr'><strong>primam</strong></span> <span class='ocrx_word' id='word_1_576' title='bbox 2891 3307 3085 3361; x_wconf 85' lang='lat' dir='ltr'><strong>stolam</strong></span> <span class='ocrx_word' id='word_1_577' title='bbox 3127 3305 3262 3359; x_wconf 84' lang='lat' dir='ltr'><strong>dans</strong></span> <span class='ocrx_word' id='word_1_578' title='bbox 3309 3298 3651 3371; x_wconf 84' lang='lat' dir='ltr'><strong>baptismatis</strong></span> 
     </span>
    </p>
   </div>
   <div class='ocr_carea' id='block_1_79' title="bbox 2056 3389 3648 3474">
    <p class='ocr_par' dir='ltr' id='par_1_79' title="bbox 2056 3389 3648 3474">
     <span class='ocr_line' id='line_1_79' title="bbox 2056 3389 3648 3474; baseline -0.014 -9"><span class='ocrx_word' id='word_1_579' title='bbox 2056 3419 2111 3466; x_wconf 87' lang='lat' dir='ltr'><strong>et</strong></span> <span class='ocrx_word' id='word_1_580' title='bbox 2146 3408 2433 3472; x_wconf 85' lang='lat' dir='ltr'><strong>annulum,</strong></span> <span class='ocrx_word' id='word_1_581' title='bbox 2475 3405 2528 3459; x_wconf 87' lang='lat' dir='ltr'><strong>id</strong></span> <span class='ocrx_word' id='word_1_582' title='bbox 2560 3413 2646 3459; x_wconf 85' lang='lat' dir='ltr'><strong>est</strong></span> <span class='ocrx_word' id='word_1_583' title='bbox 2677 3400 3018 3474; x_wconf 77' lang='lat' dir='ltr'><strong>signaculum</strong></span> <span class='ocrx_word' id='word_1_584' title='bbox 3052 3396 3298 3468; x_wconf 84' lang='lat' dir='ltr'><strong>spiritus,</strong></span> <span class='ocrx_word' id='word_1_585' title='bbox 3330 3393 3561 3448; x_wconf 80' lang='lat' dir='ltr'><strong>vitulum</strong></span> <span class='ocrx_word' id='word_1_586' title='bbox 3598 3389 3648 3443; x_wconf 84' lang='lat' dir='ltr'><strong>ci</strong></span> 
     </span>
    </p>
   </div>
   <div class='ocr_carea' id='block_1_80' title="bbox 2057 3485 3649 3571">
    <p class='ocr_par' dir='ltr' id='par_1_80' title="bbox 2057 3485 3649 3571">
     <span class='ocr_line' id='line_1_80' title="bbox 2057 3485 3649 3571; baseline -0.014 -14"><span class='ocrx_word' id='word_1_587' title='bbox 2057 3500 2387 3571; x_wconf 75' lang='lat' dir='ltr'><strong>sacriﬁcium</strong></span> <span class='ocrx_word' id='word_1_588' title='bbox 2450 3494 2714 3567; x_wconf 85' lang='lat' dir='ltr'><strong>unigeniti</strong></span> <span class='ocrx_word' id='word_1_589' title='bbox 2765 3491 3084 3553; x_wconf 87' lang='lat' dir='ltr'><strong>immolavit,</strong></span> <span class='ocrx_word' id='word_1_590' title='bbox 3136 3489 3251 3558; x_wconf 90' lang='lat' dir='ltr'><strong>ipse</strong></span> <span class='ocrx_word' id='word_1_591' title='bbox 3307 3495 3363 3541; x_wconf 89' lang='lat' dir='ltr'><strong>et</strong></span> <span class='ocrx_word' id='word_1_592' title='bbox 3405 3485 3549 3539; x_wconf 84' lang='lat' dir='ltr'><strong>aries</strong></span> <span class='ocrx_word' id='word_1_593' title='bbox 3594 3485 3649 3536; x_wconf 92' lang='lat' dir='ltr'><strong>in</strong></span> 
     </span>
    </p>
   </div>
   <div class='ocr_carea' id='block_1_81' title="bbox 2059 3573 3651 3649">
    <p class='ocr_par' dir='ltr' id='par_1_81' title="bbox 2059 3573 3651 3649">
     <span class='ocr_line' id='line_1_81' title="bbox 2059 3573 3651 3649; baseline -0.012 -3"><span class='ocrx_word' id='word_1_594' title='bbox 2059 3591 2440 3646; x_wconf 88' lang='lat' dir='ltr'><strong>holocaustum</strong></span> <span class='ocrx_word' id='word_1_595' title='bbox 2493 3593 2594 3640; x_wconf 90' lang='lat' dir='ltr'><strong>est.</strong></span> <span class='ocrx_word' id='word_1_596' title='bbox 2655 3582 2768 3637; x_wconf 92' lang='lat' dir='ltr'><strong>lloc</strong></span> <span class='ocrx_word' id='word_1_597' title='bbox 2811 3582 2959 3636; x_wconf 83' lang='lat' dir='ltr'><strong>enim</strong></span> <span class='ocrx_word' id='word_1_598' title='bbox 3007 3595 3071 3635; x_wconf 89' lang='lat' dir='ltr'><strong>ea</strong></span> <span class='ocrx_word' id='word_1_599' title='bbox 3114 3594 3235 3649; x_wconf 80' lang='lat' dir='ltr'><strong>quae</strong></span> <span class='ocrx_word' id='word_1_600' title='bbox 3276 3584 3362 3631; x_wconf 89' lang='lat' dir='ltr'><strong>est</strong></span> <span class='ocrx_word' id='word_1_601' title='bbox 3400 3576 3467 3629; x_wconf 85' lang='lat' dir='ltr'><strong>de</strong></span> <span class='ocrx_word' id='word_1_602' title='bbox 3502 3573 3651 3627; x_wconf 86' lang='lat' dir='ltr'><strong>Isaac</strong></span> 
     </span>
    </p>
   </div>
   <div class='ocr_carea' id='block_1_82' title="bbox 2057 3671 3647 3756">
    <p class='ocr_par' dir='ltr' id='par_1_82' title="bbox 2057 3671 3647 3756">
     <span class='ocr_line' id='line_1_82' title="bbox 2057 3671 3647 3756; baseline -0.013 -13"><span class='ocrx_word' id='word_1_603' title='bbox 2057 3688 2285 3744; x_wconf 83' lang='lat' dir='ltr'><strong>historia</strong></span> <span class='ocrx_word' id='word_1_604' title='bbox 2319 3683 2654 3756; x_wconf 86' lang='lat' dir='ltr'><strong>explanavit,</strong></span> <span class='ocrx_word' id='word_1_605' title='bbox 2677 3679 2898 3750; x_wconf 74' lang='lat' dir='ltr'><strong>quando</strong></span> <span class='ocrx_word' id='word_1_606' title='bbox 2933 3693 3034 3749; x_wconf 89' lang='lat' dir='ltr'><strong>pro</strong></span> <span class='ocrx_word' id='word_1_607' title='bbox 3078 3676 3305 3731; x_wconf 87' lang='lat' dir='ltr'><strong>arietem</strong></span> <span class='ocrx_word' id='word_1_608' title='bbox 3342 3671 3647 3728; x_wconf 86' lang='lat' dir='ltr'><strong>secundum</strong></span> 
     </span>
    </p>
   </div>
   <div class='ocr_carea' id='block_1_83' title="bbox 2056 3762 3646 3846">
    <p class='ocr_par' dir='ltr' id='par_1_83' title="bbox 2056 3762 3646 3846">
     <span class='ocr_line' id='line_1_83' title="bbox 2056 3762 3646 3846; baseline -0.013 -11"><span class='ocrx_word' id='word_1_609' title='bbox 2056 3780 2219 3843; x_wconf 73' lang='lat' dir='ltr'><strong>LXX,</strong></span> <span class='ocrx_word' id='word_1_610' title='bbox 2262 3780 2319 3832; x_wconf 86' lang='lat' dir='ltr'><strong>in</strong></span> <span class='ocrx_word' id='word_1_611' title='bbox 2350 3776 2579 3846; x_wconf 84' lang='lat' dir='ltr'><strong>virgulto</strong></span> <span class='ocrx_word' id='word_1_612' title='bbox 2625 3773 2843 3837; x_wconf 82' lang='lat' dir='ltr'><strong>Sabech,</strong></span> <span class='ocrx_word' id='word_1_613' title='bbox 2878 3772 2930 3825; x_wconf 89' lang='lat' dir='ltr'><strong>id</strong></span> <span class='ocrx_word' id='word_1_614' title='bbox 2969 3779 3053 3825; x_wconf 89' lang='lat' dir='ltr'><strong>est</strong></span> <span class='ocrx_word' id='word_1_615' title='bbox 3093 3769 3146 3822; x_wconf 90' lang='lat' dir='ltr'><strong>in</strong></span> <span class='ocrx_word' id='word_1_616' title='bbox 3184 3766 3418 3837; x_wconf 80' lang='lat' dir='ltr'><strong>virgulto</strong></span> <span class='ocrx_word' id='word_1_617' title='bbox 3446 3762 3646 3825; x_wconf 65' lang='lat' dir='ltr'><strong>venias,</strong></span> 
     </span>
    </p>
   </div>
   <div class='ocr_carea' id='block_1_84' title="bbox 2040 3857 3647 3941">
    <p class='ocr_par' dir='ltr' id='par_1_84' title="bbox 2040 3857 3647 3941">
     <span class='ocr_line' id='line_1_84' title="bbox 2040 3857 3647 3941; baseline -0.012 -16"><span class='ocrx_word' id='word_1_618' title='bbox 2040 3887 2154 3941; x_wconf 77' lang='lat' dir='ltr'><strong>per</strong></span> <span class='ocrx_word' id='word_1_619' title='bbox 2183 3868 2329 3940; x_wconf 88' lang='lat' dir='ltr'><strong>quod</strong></span> <span class='ocrx_word' id='word_1_620' title='bbox 2360 3866 2610 3922; x_wconf 88' lang='lat' dir='ltr'><strong>absolute</strong></span> <span class='ocrx_word' id='word_1_621' title='bbox 2641 3878 2860 3920; x_wconf 85' lang='lat' dir='ltr'><strong>crucem</strong></span> <span class='ocrx_word' id='word_1_622' title='bbox 2901 3858 3282 3929; x_wconf 86' lang='lat' dir='ltr'><strong>intelligimus,</strong></span> <span class='ocrx_word' id='word_1_623' title='bbox 3322 3857 3376 3910; x_wconf 90' lang='lat' dir='ltr'><strong>in</strong></span> <span class='ocrx_word' id='word_1_624' title='bbox 3408 3872 3512 3924; x_wconf 86' lang='lat' dir='ltr'><strong>qua</strong></span> <span class='ocrx_word' id='word_1_625' title='bbox 3544 3869 3647 3907; x_wconf 77' lang='lat' dir='ltr'><strong>no-</strong></span> 
     </span>
    </p>
   </div>
   <div class='ocr_carea' id='block_1_85' title="bbox 2055 3947 3648 4035">
    <p class='ocr_par' dir='ltr' id='par_1_85' title="bbox 2055 3947 3648 4035">
     <span class='ocr_line' id='line_1_85' title="bbox 2055 3947 3648 4035; baseline -0.011 -17"><span class='ocrx_word' id='word_1_626' title='bbox 2055 3973 2296 4018; x_wconf 87' lang='lat' dir='ltr'><strong>strorum</strong></span> <span class='ocrx_word' id='word_1_627' title='bbox 2330 3969 2681 4035; x_wconf 81' lang='lat' dir='ltr'><strong>peccatorum</strong></span> <span class='ocrx_word' id='word_1_628' title='bbox 2715 3962 2934 4026; x_wconf 69' lang='lat' dir='ltr'><strong>peracta</strong></span> <span class='ocrx_word' id='word_1_629' title='bbox 2969 3961 3052 4006; x_wconf 86' lang='lat' dir='ltr'><strong>est</strong></span> <span class='ocrx_word' id='word_1_630' title='bbox 3081 3950 3259 4015; x_wconf 76' lang='lat' dir='ltr'><strong>venia,</strong></span> <span class='ocrx_word' id='word_1_631' title='bbox 3290 3965 3353 4003; x_wconf 85' lang='lat' dir='ltr'><strong>ex</strong></span> <span class='ocrx_word' id='word_1_632' title='bbox 3384 3947 3648 4001; x_wconf 85' lang='lat' dir='ltr'><strong>cornibus</strong></span> 
     </span>
    </p>
   </div>
   <div class='ocr_carea' id='block_1_86' title="bbox 2053 4044 3646 4127">
    <p class='ocr_par' dir='ltr' id='par_1_86' title="bbox 2053 4044 3646 4127">
     <span class='ocr_line' id='line_1_86' title="bbox 2053 4044 3646 4127; baseline -0.013 -15"><span class='ocrx_word' id='word_1_633' title='bbox 2053 4056 2369 4127; x_wconf 82' lang='lat' dir='ltr'><strong>colligatum</strong></span> <span class='ocrx_word' id='word_1_634' title='bbox 2417 4054 2610 4107; x_wconf 80' lang='lat' dir='ltr'><strong>videns</strong></span> <span class='ocrx_word' id='word_1_635' title='bbox 2642 4050 2914 4105; x_wconf 82' lang='lat' dir='ltr'><strong>Abraham</strong></span> <span class='ocrx_word' id='word_1_636' title='bbox 2952 4044 3256 4099; x_wconf 86' lang='lat' dir='ltr'><strong>immolavit</strong></span> <span class='ocrx_word' id='word_1_637' title='bbox 3287 4058 3436 4107; x_wconf 89' lang='lat' dir='ltr'><strong>cum,</strong></span> <span class='ocrx_word' id='word_1_638' title='bbox 3467 4049 3522 4094; x_wconf 88' lang='lat' dir='ltr'><strong>et</strong></span> <span class='ocrx_word' id='word_1_639' title='bbox 3558 4056 3646 4092; x_wconf 86' lang='lat' dir='ltr'><strong>sa-</strong></span> 
     </span>
    </p>
   </div>
   <div class='ocr_carea' id='block_1_87' title="bbox 2053 4134 3648 4213">
    <p class='ocr_par' dir='ltr' id='par_1_87' title="bbox 2053 4134 3648 4213">
     <span class='ocr_line' id='line_1_87' title="bbox 2053 4134 3648 4213; baseline -0.013 -9"><span class='ocrx_word' id='word_1_640' title='bbox 2053 4149 2244 4206; x_wconf 83' lang='lat' dir='ltr'><strong>criﬁcii</strong></span> <span class='ocrx_word' id='word_1_641' title='bbox 2272 4146 2477 4201; x_wconf 84' lang='lat' dir='ltr'><strong>Christi</strong></span> <span class='ocrx_word' id='word_1_642' title='bbox 2521 4142 2817 4213; x_wconf 83' lang='lat' dir='ltr'><strong>complevit</strong></span> <span class='ocrx_word' id='word_1_643' title='bbox 2864 4141 3178 4211; x_wconf 80' lang='lat' dir='ltr'><strong>imaginem.</strong></span> <span class='ocrx_word' id='word_1_644' title='bbox 3214 4136 3369 4192; x_wconf 89' lang='lat' dir='ltr'><strong>Unde</strong></span> <span class='ocrx_word' id='word_1_645' title='bbox 3400 4142 3455 4188; x_wconf 91' lang='lat' dir='ltr'><strong>et</strong></span> <span class='ocrx_word' id='word_1_646' title='bbox 3484 4134 3552 4186; x_wconf 87' lang='lat' dir='ltr'><strong>de</strong></span> <span class='ocrx_word' id='word_1_647' title='bbox 3581 4146 3648 4185; x_wconf 89' lang='lat' dir='ltr'><strong>eo</strong></span> 
     </span>
    </p>
   </div>
   <div class='ocr_carea' id='block_1_88' title="bbox 2055 4227 3648 4299">
    <p class='ocr_par' dir='ltr' id='par_1_88' title="bbox 2055 4227 3648 4299">
     <span class='ocr_line' id='line_1_88' title="bbox 2055 4227 3648 4299; baseline -0.013 -1"><span class='ocrx_word' id='word_1_648' title='bbox 2055 4241 2317 4299; x_wconf 86' lang='lat' dir='ltr'><strong>Dominus</strong></span> <span class='ocrx_word' id='word_1_649' title='bbox 2354 4239 2617 4295; x_wconf 84' lang='lat' dir='ltr'><strong>dicebat:</strong></span> <span class='ocrx_word' id='word_1_650' title='bbox 2659 4235 2929 4289; x_wconf 83' lang='lat' dir='ltr'><strong>Abraham</strong></span> <span class='ocrx_word' id='word_1_651' title='bbox 2984 4231 3291 4294; x_wconf 70' lang='lat' dir='ltr'><strong>exsultavit,</strong></span> <span class='ocrx_word' id='word_1_652' title='bbox 3345 4238 3399 4281; x_wconf 88' lang='lat' dir='ltr'><strong>ut</strong></span> <span class='ocrx_word' id='word_1_653' title='bbox 3452 4227 3648 4279; x_wconf 80' lang='lat' dir='ltr'><strong>videret</strong></span> 
     </span>
    </p>
   </div>
   <div class='ocr_carea' id='block_1_89' title="bbox 2052 4315 3651 4397">
    <p class='ocr_par' dir='ltr' id='par_1_89' title="bbox 2052 4315 3651 4397">
     <span class='ocr_line' id='line_1_89' title="bbox 2052 4315 3651 4397; baseline -0.013 -9"><span class='ocrx_word' id='word_1_654' title='bbox 2052 4335 2190 4388; x_wconf 87' lang='lat' dir='ltr'><strong>diem</strong></span> <span class='ocrx_word' id='word_1_655' title='bbox 2214 4347 2411 4397; x_wconf 88' lang='lat' dir='ltr'><strong>meum,</strong></span> <span class='ocrx_word' id='word_1_656' title='bbox 2438 4340 2486 4385; x_wconf 91' lang='lat' dir='ltr'><strong>et</strong></span> <span class='ocrx_word' id='word_1_657' title='bbox 2507 4329 2656 4391; x_wconf 82' lang='lat' dir='ltr'><strong>vidit,</strong></span> <span class='ocrx_word' id='word_1_658' title='bbox 2686 4336 2732 4380; x_wconf 90' lang='lat' dir='ltr'><strong>et</strong></span> <span class='ocrx_word' id='word_1_659' title='bbox 2764 4325 2974 4397; x_wconf 70' lang='lat' dir='ltr'><strong>gavisus</strong></span> <span class='ocrx_word' id='word_1_660' title='bbox 3002 4333 3076 4377; x_wconf 80' lang='lat' dir='ltr'><strong>cst</strong></span> <span class='ocrx_word' id='word_1_661' title='bbox 3100 4322 3165 4376; x_wconf 70' lang='grc'><strong>⁸⁵.</strong></span> <span class='ocrx_word' id='word_1_662' title='bbox 3196 4321 3335 4386; x_wconf 75' lang='lat' dir='ltr'><strong>Quia</strong></span> <span class='ocrx_word' id='word_1_663' title='bbox 3350 4333 3479 4387; x_wconf 87' lang='lat' dir='ltr'><strong>ergo</strong></span> <span class='ocrx_word' id='word_1_664' title='bbox 3508 4315 3651 4369; x_wconf 88' lang='lat' dir='ltr'><strong>aries</strong></span> 
     </span>
    </p>
   </div>
   <div class='ocr_carea' id='block_1_90' title="bbox 2052 4413 3646 4497">
    <p class='ocr_par' dir='ltr' id='par_1_90' title="bbox 2052 4413 3646 4497">
     <span class='ocr_line' id='line_1_90' title="bbox 2052 4413 3646 4497; baseline -0.014 -14"><span class='ocrx_word' id='word_1_665' title='bbox 2052 4444 2121 4483; x_wconf 79' lang='lat' dir='ltr'><strong>ex</strong></span> <span class='ocrx_word' id='word_1_666' title='bbox 2154 4441 2353 4497; x_wconf 79' lang='lat' dir='ltr'><strong>genere</strong></span> <span class='ocrx_word' id='word_1_667' title='bbox 2382 4425 2565 4479; x_wconf 82' lang='lat' dir='ltr'><strong>ovium</strong></span> <span class='ocrx_word' id='word_1_668' title='bbox 2615 4430 2718 4485; x_wconf 87' lang='lat' dir='ltr'><strong>est,</strong></span> <span class='ocrx_word' id='word_1_669' title='bbox 2758 4428 3135 4474; x_wconf 85' lang='lat' dir='ltr'><strong>verumtamen</strong></span> <span class='ocrx_word' id='word_1_670' title='bbox 3185 4424 3269 4470; x_wconf 81' lang='lat' dir='ltr'><strong>est</strong></span> <span class='ocrx_word' id='word_1_671' title='bbox 3316 4413 3646 4483; x_wconf 68' lang='lat' dir='ltr'><strong>prtecipuus,</strong></span> 
     </span>
    </p>
   </div>
   <div class='ocr_carea' id='block_1_91' title="bbox 346 4504 3650 4590">
    <p class='ocr_par' dir='ltr' id='par_1_91' title="bbox 346 4504 3650 4590">
     <span class='ocr_line' id='line_1_91' title="bbox 346 4504 3650 4590; baseline -0.005 -19"><span class='ocrx_word' id='word_1_672' title='bbox 346 4533 491 4575; x_wconf 82' lang='lat' dir='ltr'><strong>zona</strong></span> <span class='ocrx_word' id='word_1_673' title='bbox 534 4517 701 4582; x_wconf 89' lang='lat' dir='ltr'><strong>linea,</strong></span> <span class='ocrx_word' id='word_1_674' title='bbox 738 4516 976 4588; x_wconf 78' lang='lat' dir='ltr'><strong>cydarim</strong></span> <span class='ocrx_word' id='word_1_675' title='bbox 1034 4517 1235 4571; x_wconf 88' lang='lat' dir='ltr'><strong>lineam</strong></span> <span class='ocrx_word' id='word_1_676' title='bbox 1286 4517 1536 4587; x_wconf 86' lang='lat' dir='ltr'><strong>imponet</strong></span> <span class='ocrx_word' id='word_1_677' title='bbox 1585 4516 1773 4587; x_wconf 89' lang='lat' dir='ltr'><strong>capiti.</strong></span> <span class='ocrx_word' id='word_1_678' title='bbox 1819 4516 1947 4572; x_wconf 74' lang='lat' dir='ltr'><strong>llaec</strong></span> <span class='ocrx_word' id='word_1_679' title='bbox 1981 4518 2104 4578; x_wconf 88' lang='lat' dir='ltr'><strong>Det</strong></span> <span class='ocrx_word' id='word_1_680' title='bbox 2152 4518 2332 4590; x_wconf 81' lang='lat' dir='ltr'><strong>gregis</strong></span> <span class='ocrx_word' id='word_1_681' title='bbox 2383 4516 2516 4579; x_wconf 81' lang='lat' dir='ltr'><strong>dux,</strong></span> <span class='ocrx_word' id='word_1_682' title='bbox 2552 4523 2700 4570; x_wconf 88' lang='lat' dir='ltr'><strong>recte</strong></span> <span class='ocrx_word' id='word_1_683' title='bbox 2749 4513 3021 4584; x_wconf 83' lang='lat' dir='ltr'><strong>signiﬁcat</strong></span> <span class='ocrx_word' id='word_1_684' title='bbox 3068 4509 3375 4572; x_wconf 84' lang='lat' dir='ltr'><strong>Christum,</strong></span> <span class='ocrx_word' id='word_1_685' title='bbox 3415 4504 3506 4575; x_wconf 88' lang='lat' dir='ltr'><strong>qui</strong></span> <span class='ocrx_word' id='word_1_686' title='bbox 3564 4510 3650 4557; x_wconf 88' lang='lat' dir='ltr'><strong>cst</strong></span> 
     </span>
    </p>
   </div>
   <div class='ocr_carea' id='block_1_92' title="bbox 346 4610 1942 4682">
    <p class='ocr_par' dir='ltr' id='par_1_92' title="bbox 346 4610 1942 4682">
     <span class='ocr_line' id='line_1_92' title="bbox 346 4610 1942 4682; baseline 0.001 -18"><span class='ocrx_word' id='word_1_687' title='bbox 346 4610 502 4665; x_wconf 86' lang='lat' dir='ltr'><strong>enim</strong></span> <span class='ocrx_word' id='word_1_688' title='bbox 535 4610 863 4666; x_wconf 86' lang='lat' dir='ltr'><strong>vestimenta</strong></span> <span class='ocrx_word' id='word_1_689' title='bbox 899 4618 1028 4665; x_wconf 89' lang='lat' dir='ltr'><strong>sunt</strong></span> <span class='ocrx_word' id='word_1_690' title='bbox 1067 4617 1277 4677; x_wconf 86' lang='lat' dir='ltr'><strong>sancta,</strong></span> <span class='ocrx_word' id='word_1_691' title='bbox 1315 4610 1517 4682; x_wconf 87' lang='lat' dir='ltr'><strong>quibus</strong></span> <span class='ocrx_word' id='word_1_692' title='bbox 1550 4611 1784 4678; x_wconf 88' lang='lat' dir='ltr'><strong>cunctis,</strong></span> <span class='ocrx_word' id='word_1_693' title='bbox 1817 4629 1942 4668; x_wconf 80' lang='lat' dir='ltr'><strong>cum</strong></span> 
     </span>
    </p>
   </div>
   <div class='ocr_carea' id='block_1_93' title="bbox 272 4701 1079 4765">
    <p class='ocr_par' dir='ltr' id='par_1_93' title="bbox 272 4701 1079 4765">
     <span class='ocr_line' id='line_1_93' title="bbox 272 4701 1079 4765; baseline 0 -11"><span class='ocrx_word' id='word_1_694' title='bbox 272 4733 293 4754; x_wconf 79' lang='grc'><em>.</em></span> <span class='ocrx_word' id='word_1_695' title='bbox 345 4701 501 4757; x_wconf 86' lang='lat' dir='ltr'><strong>lotus</strong></span> <span class='ocrx_word' id='word_1_696' title='bbox 531 4701 718 4765; x_wconf 81' lang='lat' dir='ltr'><strong>fuerit,</strong></span> <span class='ocrx_word' id='word_1_697' title='bbox 752 4702 1030 4757; x_wconf 90' lang='lat' dir='ltr'><strong>induetur.</strong></span> <span class='ocrx_word' id='word_1_698' title='bbox 1058 4721 1079 4754; x_wconf 75' lang='grc' dir='ltr'><strong><em>ι</em></strong></span> 
     </span>
    </p>
   </div>
   <div class='ocr_carea' id='block_1_94' title="bbox 425 4795 1946 4866">
    <p class='ocr_par' dir='ltr' id='par_1_94' title="bbox 425 4795 1946 4866">
     <span class='ocr_line' id='line_1_94' title="bbox 425 4795 1946 4866; baseline 0.003 -17"><span class='ocrx_word' id='word_1_699' title='bbox 425 4795 750 4852; x_wconf 83' lang='lat' dir='ltr'><strong>Admirabili</strong></span> <span class='ocrx_word' id='word_1_700' title='bbox 799 4795 993 4851; x_wconf 75' lang='lat' dir='ltr'><strong>ordine</strong></span> <span class='ocrx_word' id='word_1_701' title='bbox 1039 4796 1205 4850; x_wconf 89' lang='lat' dir='ltr'><strong>etiam</strong></span> <span class='ocrx_word' id='word_1_702' title='bbox 1260 4812 1408 4853; x_wconf 89' lang='lat' dir='ltr'><strong>nunc</strong></span> <span class='ocrx_word' id='word_1_703' title='bbox 1457 4795 1735 4866; x_wconf 84' lang='lat' dir='ltr'><strong>legislator</strong></span> <span class='ocrx_word' id='word_1_704' title='bbox 1770 4803 1839 4852; x_wconf 83' lang='lat' dir='ltr'><strong>ad</strong></span> <span class='ocrx_word' id='word_1_705' title='bbox 1881 4815 1946 4854; x_wconf 83' lang='lat' dir='ltr'><strong>ea</strong></span> 
     </span>
    </p>
   </div>
   <div class='ocr_carea' id='block_1_95' title="bbox 347 4887 1946 4960">
    <p class='ocr_par' dir='ltr' id='par_1_95' title="bbox 347 4887 1946 4960">
     <span class='ocr_line' id='line_1_95' title="bbox 347 4887 1946 4960; baseline 0.002 -18"><span class='ocrx_word' id='word_1_706' title='bbox 347 4903 477 4960; x_wconf 72' lang='lat' dir='ltr'><strong>quae</strong></span> <span class='ocrx_word' id='word_1_707' title='bbox 500 4887 696 4957; x_wconf 85' lang='lat' dir='ltr'><strong>juvare</strong></span> <span class='ocrx_word' id='word_1_708' title='bbox 734 4895 986 4956; x_wconf 86' lang='lat' dir='ltr'><strong>possunt,</strong></span> <span class='ocrx_word' id='word_1_709' title='bbox 1025 4896 1079 4941; x_wconf 91' lang='lat' dir='ltr'><strong>et</strong></span> <span class='ocrx_word' id='word_1_710' title='bbox 1117 4887 1269 4941; x_wconf 90' lang='lat' dir='ltr'><strong>utilia</strong></span> <span class='ocrx_word' id='word_1_711' title='bbox 1323 4903 1447 4942; x_wconf 89' lang='lat' dir='ltr'><strong>esse</strong></span> <span class='ocrx_word' id='word_1_712' title='bbox 1501 4888 1810 4960; x_wconf 88' lang='lat' dir='ltr'><strong>legentibus</strong></span> <span class='ocrx_word' id='word_1_713' title='bbox 1865 4891 1946 4945; x_wconf 89' lang='lat' dir='ltr'><strong>le-</strong></span> 
     </span>
    </p>
   </div>
   <div class='ocr_carea' id='block_1_96' title="bbox 348 4978 1946 5052">
    <p class='ocr_par' dir='ltr' id='par_1_96' title="bbox 348 4978 1946 5052">
     <span class='ocr_line' id='line_1_96' title="bbox 348 4978 1946 5052; baseline 0.002 -19"><span class='ocrx_word' id='word_1_714' title='bbox 348 4996 499 5051; x_wconf 84' lang='lat' dir='ltr'><strong>gem,</strong></span> <span class='ocrx_word' id='word_1_715' title='bbox 526 4984 584 5033; x_wconf 87' lang='lat' dir='ltr'><strong>et</strong></span> <span class='ocrx_word' id='word_1_716' title='bbox 632 4978 723 5048; x_wconf 89' lang='lat' dir='ltr'><strong>qui</strong></span> <span class='ocrx_word' id='word_1_717' title='bbox 757 4978 1075 5032; x_wconf 86' lang='lat' dir='ltr'><strong>thesaurum</strong></span> <span class='ocrx_word' id='word_1_718' title='bbox 1129 4980 1469 5035; x_wconf 55' lang='lat' dir='ltr'><strong>rect-aditum</strong></span> <span class='ocrx_word' id='word_1_719' title='bbox 1500 4981 1556 5035; x_wconf 92' lang='lat' dir='ltr'><strong>in</strong></span> <span class='ocrx_word' id='word_1_720' title='bbox 1592 4997 1656 5036; x_wconf 90' lang='lat' dir='ltr'><strong>ea</strong></span> <span class='ocrx_word' id='word_1_721' title='bbox 1688 4998 1946 5052; x_wconf 83' lang='lat' dir='ltr'><strong>perscru-</strong></span> 
     </span>
    </p>
   </div>
   <div class='ocr_carea' id='block_1_97' title="bbox 348 5071 1945 5136">
    <p class='ocr_par' dir='ltr' id='par_1_97' title="bbox 348 5071 1945 5136">
     <span class='ocr_line' id='line_1_97' title="bbox 348 5071 1945 5136; baseline 0.001 -9"><span class='ocrx_word' id='word_1_722' title='bbox 348 5080 565 5136; x_wconf 84' lang='lat' dir='ltr'><strong>tantur,</strong></span> <span class='ocrx_word' id='word_1_723' title='bbox 595 5071 785 5127; x_wconf 87' lang='lat' dir='ltr'><strong>utitur.</strong></span> <span class='ocrx_word' id='word_1_724' title='bbox 823 5071 960 5126; x_wconf 86' lang='lat' dir='ltr'><strong>Cum</strong></span> <span class='ocrx_word' id='word_1_725' title='bbox 989 5071 1136 5126; x_wconf 88' lang='lat' dir='ltr'><strong>enim</strong></span> <span class='ocrx_word' id='word_1_726' title='bbox 1168 5072 1394 5127; x_wconf 82' lang='lat' dir='ltr'><strong>dixisset</strong></span> <span class='ocrx_word' id='word_1_727' title='bbox 1436 5089 1546 5127; x_wconf 89' lang='lat' dir='ltr'><strong>non</strong></span> <span class='ocrx_word' id='word_1_728' title='bbox 1590 5074 1756 5129; x_wconf 87' lang='lat' dir='ltr'><strong>licere</strong></span> <span class='ocrx_word' id='word_1_729' title='bbox 1794 5075 1945 5129; x_wconf 87' lang='lat' dir='ltr'><strong>omni</strong></span> 
     </span>
    </p>
   </div>
   <div class='ocr_carea' id='block_1_98' title="bbox 352 5162 1948 5231">
    <p class='ocr_par' dir='ltr' id='par_1_98' title="bbox 352 5162 1948 5231">
     <span class='ocr_line' id='line_1_98' title="bbox 352 5162 1948 5231; baseline 0.002 -12"><span class='ocrx_word' id='word_1_730' title='bbox 352 5167 517 5227; x_wconf 75' lang='lat' dir='ltr'><strong>hora,</strong></span> <span class='ocrx_word' id='word_1_731' title='bbox 542 5162 595 5218; x_wconf 92' lang='lat' dir='ltr'><strong>id</strong></span> <span class='ocrx_word' id='word_1_732' title='bbox 621 5176 835 5218; x_wconf 90' lang='lat' dir='ltr'><strong>estnon</strong></span> <span class='ocrx_word' id='word_1_733' title='bbox 865 5166 1146 5231; x_wconf 90' lang='lat' dir='ltr'><strong>continue,</strong></span> <span class='ocrx_word' id='word_1_734' title='bbox 1173 5165 1224 5219; x_wconf 88' lang='lat' dir='ltr'><strong>id</strong></span> <span class='ocrx_word' id='word_1_735' title='bbox 1249 5173 1352 5230; x_wconf 90' lang='lat' dir='ltr'><strong>est,</strong></span> <span class='ocrx_word' id='word_1_736' title='bbox 1388 5166 1508 5221; x_wconf 82' lang='lat' dir='ltr'><strong>sine</strong></span> <span class='ocrx_word' id='word_1_737' title='bbox 1536 5167 1948 5222; x_wconf 77' lang='lat' dir='ltr'><strong>intermiSsionc</strong></span> 
     </span>
    </p>
   </div>
   <div class='ocr_carea' id='block_1_99' title="bbox 352 5256 1946 5328">
    <p class='ocr_par' dir='ltr' id='par_1_99' title="bbox 352 5256 1946 5328">
     <span class='ocr_line' id='line_1_99' title="bbox 352 5256 1946 5328; baseline 0.001 -16"><span class='ocrx_word' id='word_1_738' title='bbox 352 5257 571 5328; x_wconf 78' lang='lat' dir='ltr'><strong>ingredi</strong></span> <span class='ocrx_word' id='word_1_739' title='bbox 607 5256 663 5311; x_wconf 92' lang='lat' dir='ltr'><strong>in</strong></span> <span class='ocrx_word' id='word_1_740' title='bbox 692 5256 893 5312; x_wconf 83' lang='lat' dir='ltr'><strong>Sam-ta</strong></span> <span class='ocrx_word' id='word_1_741' title='bbox 936 5270 1274 5324; x_wconf 83' lang='lat' dir='ltr'><strong>sanctorum,</strong></span> <span class='ocrx_word' id='word_1_742' title='bbox 1312 5274 1382 5313; x_wconf 92' lang='lat' dir='ltr'><strong>ne</strong></span> <span class='ocrx_word' id='word_1_743' title='bbox 1428 5260 1568 5315; x_wconf 80' lang='lat' dir='ltr'><strong>forte</strong></span> <span class='ocrx_word' id='word_1_744' title='bbox 1612 5262 1734 5316; x_wconf 89' lang='lat' dir='ltr'><strong>sine</strong></span> <span class='ocrx_word' id='word_1_745' title='bbox 1776 5270 1946 5324; x_wconf 88' lang='lat' dir='ltr'><strong>metu,</strong></span> 
     </span>
    </p>
   </div>
   <div class='ocr_carea' id='block_1_100' title="bbox 351 5349 1949 5423">
    <p class='ocr_par' dir='ltr' id='par_1_100' title="bbox 351 5349 1949 5423">
     <span class='ocr_line' id='line_1_100' title="bbox 351 5349 1949 5423; baseline 0 -18"><span class='ocrx_word' id='word_1_746' title='bbox 351 5361 407 5405; x_wconf 86' lang='lat' dir='ltr'><strong>et</strong></span> <span class='ocrx_word' id='word_1_747' title='bbox 436 5349 937 5419; x_wconf 79' lang='lat' dir='ltr'><strong>circumspectione</strong></span> <span class='ocrx_word' id='word_1_748' title='bbox 973 5351 1041 5405; x_wconf 89' lang='lat' dir='ltr'><strong>ad</strong></span> <span class='ocrx_word' id='word_1_749' title='bbox 1076 5366 1140 5405; x_wconf 87' lang='lat' dir='ltr'><strong>ea</strong></span> <span class='ocrx_word' id='word_1_750' title='bbox 1172 5366 1294 5420; x_wconf 66' lang='lat' dir='ltr'><strong>qua:</strong></span> <span class='ocrx_word' id='word_1_751' title='bbox 1329 5351 1511 5406; x_wconf 86' lang='lat' dir='ltr'><strong>divina</strong></span> <span class='ocrx_word' id='word_1_752' title='bbox 1554 5361 1704 5416; x_wconf 90' lang='lat' dir='ltr'><strong>sunt,</strong></span> <span class='ocrx_word' id='word_1_753' title='bbox 1741 5369 1949 5423; x_wconf 62' lang='lat' dir='ltr'><strong>praesu—</strong></span> 
     </span>
    </p>
   </div>
   <div class='ocr_carea' id='block_1_101' title="bbox 353 5442 1951 5516">
    <p class='ocr_par' dir='ltr' id='par_1_101' title="bbox 353 5442 1951 5516">
     <span class='ocr_line' id='line_1_101' title="bbox 353 5442 1951 5516; baseline 0.001 -17"><span class='ocrx_word' id='word_1_754' title='bbox 353 5458 573 5499; x_wconf 78' lang='lat' dir='ltr'><strong>mamus</strong></span> <span class='ocrx_word' id='word_1_755' title='bbox 614 5450 710 5497; x_wconf 83' lang='lat' dir='ltr'><strong>aut</strong></span> <span class='ocrx_word' id='word_1_756' title='bbox 755 5442 1100 5509; x_wconf 88' lang='lat' dir='ltr'><strong>accedamus,</strong></span> <span class='ocrx_word' id='word_1_757' title='bbox 1134 5459 1204 5500; x_wconf 90' lang='lat' dir='ltr'><strong>ne</strong></span> <span class='ocrx_word' id='word_1_758' title='bbox 1244 5446 1508 5516; x_wconf 78' lang='lat' dir='ltr'><strong>maiorem</strong></span> <span class='ocrx_word' id='word_1_759' title='bbox 1556 5445 1951 5516; x_wconf 87' lang='lat' dir='ltr'><strong>perscrutatio-</strong></span> 
     </span>
    </p>
   </div>
   <div class='ocr_carea' id='block_1_102' title="bbox 356 5536 1951 5609">
    <p class='ocr_par' dir='ltr' id='par_1_102' title="bbox 356 5536 1951 5609">
     <span class='ocr_line' id='line_1_102' title="bbox 356 5536 1951 5609; baseline 0 -18"><span class='ocrx_word' id='word_1_760' title='bbox 356 5551 484 5591; x_wconf 83' lang='lat' dir='ltr'><strong>ncm</strong></span> <span class='ocrx_word' id='word_1_761' title='bbox 526 5536 753 5590; x_wconf 86' lang='lat' dir='ltr'><strong>omnino</strong></span> <span class='ocrx_word' id='word_1_762' title='bbox 796 5536 1097 5604; x_wconf 87' lang='lat' dir='ltr'><strong>prohibuit,</strong></span> <span class='ocrx_word' id='word_1_763' title='bbox 1142 5539 1237 5593; x_wconf 90' lang='lat' dir='ltr'><strong>sed</strong></span> <span class='ocrx_word' id='word_1_764' title='bbox 1286 5539 1508 5609; x_wconf 88' lang='lat' dir='ltr'><strong>quando</strong></span> <span class='ocrx_word' id='word_1_765' title='bbox 1551 5554 1654 5593; x_wconf 90' lang='lat' dir='ltr'><strong>nos</strong></span> <span class='ocrx_word' id='word_1_766' title='bbox 1702 5539 1822 5603; x_wconf 89' lang='lat' dir='ltr'><strong>hac,</strong></span> <span class='ocrx_word' id='word_1_767' title='bbox 1858 5547 1951 5592; x_wconf 87' lang='lat' dir='ltr'><strong>aut</strong></span> 
     </span>
    </p>
   </div>
   <div class='ocr_carea' id='block_1_103' title="bbox 466 5742 1700 5799">
    <p class='ocr_par' dir='ltr' id='par_1_103' title="bbox 466 5742 1700 5799">
     <span class='ocr_line' id='line_1_103' title="bbox 466 5742 1700 5799; baseline 0.001 -2"><span class='ocrx_word' id='word_1_768' title='bbox 466 5745 511 5780; x_wconf 86' lang='grc'><strong>³⁸</strong></span> <span class='ocrx_word' id='word_1_769' title='bbox 540 5743 641 5797; x_wconf 79' lang='lat' dir='ltr'><strong>lsa.</strong></span> <span class='ocrx_word' id='word_1_770' title='bbox 674 5758 786 5799; x_wconf 71' lang='lat' dir='ltr'><strong>XIX.</strong></span> <span class='ocrx_word' id='word_1_771' title='bbox 828 5742 872 5794; x_wconf 87' lang='grc' dir='ltr'><strong>Ι.</strong></span> <span class='ocrx_word' id='word_1_772' title='bbox 987 5743 1030 5775; x_wconf 70' lang='grc'><strong>³⁸</strong></span> <span class='ocrx_word' id='word_1_773' title='bbox 1055 5743 1158 5796; x_wconf 84' lang='lat' dir='ltr'><strong>lsa.</strong></span> <span class='ocrx_word' id='word_1_774' title='bbox 1183 5742 1305 5793; x_wconf 70' lang='lat' dir='ltr'><strong>n’i.</strong></span> <span class='ocrx_word' id='word_1_775' title='bbox 1422 5745 1464 5774; x_wconf 70' lang='grc' dir='ltr'><strong>⁸ο</strong></span> <span class='ocrx_word' id='word_1_776' title='bbox 1488 5743 1621 5798; x_wconf 88' lang='lat' dir='ltr'><strong>ibid.</strong></span> <span class='ocrx_word' id='word_1_777' title='bbox 1651 5745 1700 5798; x_wconf 80' lang='lat'><strong>7.</strong></span> 
     </span>
    </p>
   </div>
   <div class='ocr_carea' id='block_1_104' title="bbox 359 5812 1292 5882">
    <p class='ocr_par' dir='ltr' id='par_1_104' title="bbox 359 5812 1292 5882">
     <span class='ocr_line' id='line_1_104' title="bbox 359 5812 1292 5882; baseline -0.004 -12"><span class='ocrx_word' id='word_1_778' title='bbox 359 5814 404 5851; x_wconf 69' lang='grc'><strong>⁸³</strong></span> <span class='ocrx_word' id='word_1_779' title='bbox 433 5814 595 5871; x_wconf 76' lang='lat' dir='ltr'><strong>Joan.</strong></span> <span class='ocrx_word' id='word_1_780' title='bbox 638 5829 750 5876; x_wconf 80' lang='lat' dir='ltr'><strong>\‘tll,</strong></span> <span class='ocrx_word' id='word_1_781' title='bbox 778 5812 920 5867; x_wconf 73' lang='lat'><strong>56.“</strong></span> <span class='ocrx_word' id='word_1_782' title='bbox 944 5812 1077 5869; x_wconf 87' lang='lat' dir='ltr'><strong>Luc.</strong></span> <span class='ocrx_word' id='word_1_783' title='bbox 1117 5830 1168 5882; x_wconf 64' lang='grc' dir='ltr'><strong>χ,</strong></span> <span class='ocrx_word' id='word_1_784' title='bbox 1205 5814 1292 5867; x_wconf 72' lang='lat'><strong>:22.</strong></span> 
     </span>
    </p>
   </div>
   <div class='ocr_carea' id='block_1_105' title="bbox 1780 5742 2229 5809">
    <p class='ocr_par' dir='ltr' id='par_1_105' title="bbox 1780 5742 2229 5809">
     <span class='ocr_line' id='line_1_105' title="bbox 1780 5742 2229 5809; baseline -0.004 -11"><span class='ocrx_word' id='word_1_785' title='bbox 1780 5742 1819 5774; x_wconf 70' lang='lat'>“</span> <span class='ocrx_word' id='word_1_786' title='bbox 1858 5744 1874 5797; x_wconf 93' lang='lat' dir='ltr'><strong>l</strong></span> <span class='ocrx_word' id='word_1_787' title='bbox 1907 5744 2033 5797; x_wconf 72' lang='lat' dir='ltr'><strong>Cor.</strong></span> <span class='ocrx_word' id='word_1_788' title='bbox 2070 5759 2144 5809; x_wconf 79' lang='lat' dir='ltr'><strong>Ix,</strong></span> <span class='ocrx_word' id='word_1_789' title='bbox 2178 5743 2229 5798; x_wconf 86' lang='lat'><strong>9.</strong></span> 
     </span>
    </p>
   </div>
   <div class='ocr_carea' id='block_1_106' title="bbox 2052 4604 3648 4681">
    <p class='ocr_par' dir='ltr' id='par_1_106' title="bbox 2052 4604 3648 4681">
     <span class='ocr_line' id='line_1_106' title="bbox 2052 4604 3648 4681; baseline -0.011 -11"><span class='ocrx_word' id='word_1_790' title='bbox 2052 4632 2118 4670; x_wconf 81' lang='lat' dir='ltr'><strong>ex</strong></span> <span class='ocrx_word' id='word_1_791' title='bbox 2149 4631 2330 4671; x_wconf 87' lang='lat' dir='ltr'><strong>massa</strong></span> <span class='ocrx_word' id='word_1_792' title='bbox 2373 4623 2583 4676; x_wconf 84' lang='lat' dir='ltr'><strong>nostra,</strong></span> <span class='ocrx_word' id='word_1_793' title='bbox 2612 4613 2707 4668; x_wconf 86' lang='lat' dir='ltr'><strong>sed</strong></span> <span class='ocrx_word' id='word_1_794' title='bbox 2751 4612 3080 4681; x_wconf 71' lang='lat' dir='ltr'><strong>prmeipuus,</strong></span> <span class='ocrx_word' id='word_1_795' title='bbox 3118 4615 3174 4662; x_wconf 88' lang='lat' dir='ltr'><strong>et</strong></span> <span class='ocrx_word' id='word_1_796' title='bbox 3214 4604 3493 4661; x_wconf 79' lang='lat' dir='ltr'><strong>excellens</strong></span> <span class='ocrx_word' id='word_1_797' title='bbox 3525 4616 3648 4664; x_wconf 89' lang='lat' dir='ltr'><strong>nos,</strong></span> 
     </span>
    </p>
   </div>
   <div class='ocr_carea' id='block_1_107' title="bbox 2053 4683 3649 4776">
    <p class='ocr_par' dir='ltr' id='par_1_107' title="bbox 2053 4683 3649 4776">
     <span class='ocr_line' id='line_1_107' title="bbox 2053 4683 3649 4776; baseline -0.009 -15"><span class='ocrx_word' id='word_1_798' title='bbox 2053 4715 2109 4761; x_wconf 90' lang='lat' dir='ltr'><strong>et</strong></span> <span class='ocrx_word' id='word_1_799' title='bbox 2137 4708 2246 4761; x_wconf 74' lang='lat' dir='ltr'><strong>dux</strong></span> <span class='ocrx_word' id='word_1_800' title='bbox 2273 4705 2490 4776; x_wconf 82' lang='lat' dir='ltr'><strong>generis</strong></span> <span class='ocrx_word' id='word_1_801' title='bbox 2528 4703 2754 4759; x_wconf 78' lang='lat' dir='ltr'><strong>hunnmi</strong></span> <span class='ocrx_word' id='word_1_802' title='bbox 2783 4712 2945 4772; x_wconf 86' lang='lat' dir='ltr'><strong>atque</strong></span> <span class='ocrx_word' id='word_1_803' title='bbox 2973 4716 3066 4755; x_wconf 78' lang='lat' dir='ltr'><strong>rex</strong></span> <span class='ocrx_word' id='word_1_804' title='bbox 3094 4707 3200 4753; x_wconf 88' lang='lat' dir='ltr'><strong>est.</strong></span> <span class='ocrx_word' id='word_1_805' title='bbox 3234 4698 3296 4752; x_wconf 84' lang='lat' dir='ltr'><strong>In</strong></span> <span class='ocrx_word' id='word_1_806' title='bbox 3327 4683 3453 4759; x_wconf 78' lang='lat' dir='ltr'><strong>lioc,</strong></span> <span class='ocrx_word' id='word_1_807' title='bbox 3483 4694 3534 4747; x_wconf 91' lang='lat' dir='ltr'><strong>id</strong></span> <span class='ocrx_word' id='word_1_808' title='bbox 3567 4700 3649 4746; x_wconf 89' lang='lat' dir='ltr'><strong>est</strong></span> 
     </span>
    </p>
   </div>
   <div class='ocr_carea' id='block_1_108' title="bbox 2054 4785 3646 4866">
    <p class='ocr_par' dir='ltr' id='par_1_108' title="bbox 2054 4785 3646 4866">
     <span class='ocr_line' id='line_1_108' title="bbox 2054 4785 3646 4866; baseline -0.012 -11"><span class='ocrx_word' id='word_1_809' title='bbox 2054 4801 2110 4855; x_wconf 89' lang='lat' dir='ltr'><strong>in</strong></span> <span class='ocrx_word' id='word_1_810' title='bbox 2138 4799 2377 4863; x_wconf 72' lang='lat' dir='ltr'><strong>tibristo,</strong></span> <span class='ocrx_word' id='word_1_811' title='bbox 2403 4797 2517 4851; x_wconf 89' lang='lat' dir='ltr'><strong>vult</strong></span> <span class='ocrx_word' id='word_1_812' title='bbox 2543 4813 2645 4851; x_wconf 90' lang='lat' dir='ltr'><strong>nos</strong></span> <span class='ocrx_word' id='word_1_813' title='bbox 2667 4795 2878 4866; x_wconf 88' lang='lat' dir='ltr'><strong>ingredi</strong></span> <span class='ocrx_word' id='word_1_814' title='bbox 2908 4795 2961 4847; x_wconf 89' lang='lat' dir='ltr'><strong>in</strong></span> <span class='ocrx_word' id='word_1_815' title='bbox 2990 4799 3180 4847; x_wconf 87' lang='lat' dir='ltr'><strong>sancta</strong></span> <span class='ocrx_word' id='word_1_816' title='bbox 3211 4808 3224 4844; x_wconf 90' lang='lat'>:</span> <span class='ocrx_word' id='word_1_817' title='bbox 3253 4788 3469 4843; x_wconf 86' lang='lat' dir='ltr'><strong>initium</strong></span> <span class='ocrx_word' id='word_1_818' title='bbox 3500 4785 3646 4839; x_wconf 91' lang='lat' dir='ltr'><strong>enim</strong></span> 
     </span>
    </p>
   </div>
   <div class='ocr_carea' id='block_1_109' title="bbox 2055 4878 3648 4962">
    <p class='ocr_par' dir='ltr' id='par_1_109' title="bbox 2055 4878 3648 4962">
     <span class='ocr_line' id='line_1_109' title="bbox 2055 4878 3648 4962; baseline -0.011 -14"><span class='ocrx_word' id='word_1_819' title='bbox 2055 4894 2123 4949; x_wconf 90' lang='lat' dir='ltr'><strong>de</strong></span> <span class='ocrx_word' id='word_1_820' title='bbox 2152 4895 2263 4947; x_wconf 89' lang='lat' dir='ltr'><strong>Deo</strong></span> <span class='ocrx_word' id='word_1_821' title='bbox 2289 4891 2569 4962; x_wconf 85' lang='lat' dir='ltr'><strong>loquendi,</strong></span> <span class='ocrx_word' id='word_1_822' title='bbox 2595 4889 2849 4945; x_wconf 87' lang='lat' dir='ltr'><strong>Christus</strong></span> <span class='ocrx_word' id='word_1_823' title='bbox 2887 4896 2992 4950; x_wconf 88' lang='lat' dir='ltr'><strong>est;</strong></span> <span class='ocrx_word' id='word_1_824' title='bbox 3034 4895 3089 4940; x_wconf 87' lang='lat' dir='ltr'><strong>et</strong></span> <span class='ocrx_word' id='word_1_825' title='bbox 3127 4884 3249 4953; x_wconf 81' lang='lat' dir='ltr'><strong>ejus</strong></span> <span class='ocrx_word' id='word_1_826' title='bbox 3277 4879 3483 4951; x_wconf 81' lang='lat' dir='ltr'><strong>passio.</strong></span> <span class='ocrx_word' id='word_1_827' title='bbox 3516 4878 3648 4942; x_wconf 62' lang='lat' dir='ltr'><strong>Quae</strong></span> 
     </span>
    </p>
   </div>
   <div class='ocr_carea' id='block_1_110' title="bbox 2057 4981 3647 5049">
    <p class='ocr_par' dir='ltr' id='par_1_110' title="bbox 2057 4981 3647 5049">
     <span class='ocr_line' id='line_1_110' title="bbox 2057 4981 3647 5049; baseline -0.012 -9"><span class='ocrx_word' id='word_1_828' title='bbox 2057 4985 2100 5040; x_wconf 84' lang='lat' dir='ltr'><strong>si</strong></span> <span class='ocrx_word' id='word_1_829' title='bbox 2134 5000 2242 5038; x_wconf 90' lang='lat' dir='ltr'><strong>non</strong></span> <span class='ocrx_word' id='word_1_830' title='bbox 2271 4990 2431 5038; x_wconf 87' lang='lat' dir='ltr'><strong>aucta</strong></span> <span class='ocrx_word' id='word_1_831' title='bbox 2456 4981 2647 5036; x_wconf 79' lang='lat' dir='ltr'><strong>fuiSSet</strong></span> <span class='ocrx_word' id='word_1_832' title='bbox 2677 4990 2732 5034; x_wconf 89' lang='lat' dir='ltr'><strong>et</strong></span> <span class='ocrx_word' id='word_1_833' title='bbox 2770 4989 2881 5034; x_wconf 87' lang='lat' dir='ltr'><strong>tam</strong></span> <span class='ocrx_word' id='word_1_834' title='bbox 2924 4991 3261 5049; x_wconf 85' lang='lat' dir='ltr'><strong>paganorum</strong></span> <span class='ocrx_word' id='word_1_835' title='bbox 3301 4987 3403 5027; x_wconf 90' lang='lat' dir='ltr'><strong>nos</strong></span> <span class='ocrx_word' id='word_1_836' title='bbox 3436 4983 3647 5029; x_wconf 87' lang='lat' dir='ltr'><strong>errore,</strong></span> 
     </span>
    </p>
   </div>
   <div class='ocr_carea' id='block_1_111' title="bbox 2057 5061 3647 5146">
    <p class='ocr_par' dir='ltr' id='par_1_111' title="bbox 2057 5061 3647 5146">
     <span class='ocr_line' id='line_1_111' title="bbox 2057 5061 3647 5146; baseline -0.011 -15"><span class='ocrx_word' id='word_1_837' title='bbox 2057 5094 2219 5146; x_wconf 85' lang='lat' dir='ltr'><strong>quam</strong></span> <span class='ocrx_word' id='word_1_838' title='bbox 2262 5077 2332 5131; x_wconf 91' lang='lat' dir='ltr'><strong>ab</strong></span> <span class='ocrx_word' id='word_1_839' title='bbox 2371 5076 2564 5130; x_wconf 84' lang='lat' dir='ltr'><strong>umbra</strong></span> <span class='ocrx_word' id='word_1_840' title='bbox 2595 5074 2729 5144; x_wconf 71' lang='lat' dir='ltr'><strong>legis</strong></span> <span class='ocrx_word' id='word_1_841' title='bbox 2754 5082 2808 5128; x_wconf 86' lang='lat' dir='ltr'><strong>et</strong></span> <span class='ocrx_word' id='word_1_842' title='bbox 2837 5070 3071 5142; x_wconf 87' lang='lat' dir='ltr'><strong>caligine</strong></span> <span class='ocrx_word' id='word_1_843' title='bbox 3100 5068 3410 5129; x_wconf 84' lang='lat' dir='ltr'><strong>liberasset,</strong></span> <span class='ocrx_word' id='word_1_844' title='bbox 3442 5078 3545 5117; x_wconf 86' lang='lat' dir='ltr'><strong>nos</strong></span> <span class='ocrx_word' id='word_1_845' title='bbox 3581 5061 3647 5115; x_wconf 86' lang='lat' dir='ltr'><strong>de</strong></span> 
     </span>
    </p>
   </div>
   <div class='ocr_carea' id='block_1_112' title="bbox 2059 5156 3647 5235">
    <p class='ocr_par' dir='ltr' id='par_1_112' title="bbox 2059 5156 3647 5235">
     <span class='ocr_line' id='line_1_112' title="bbox 2059 5156 3647 5235; baseline -0.013 -11"><span class='ocrx_word' id='word_1_846' title='bbox 2059 5170 2236 5226; x_wconf 78' lang='lat' dir='ltr'><strong>Patris</strong></span> <span class='ocrx_word' id='word_1_847' title='bbox 2265 5168 2554 5223; x_wconf 87' lang='lat' dir='ltr'><strong>divinitate</strong></span> <span class='ocrx_word' id='word_1_848' title='bbox 2589 5165 2735 5235; x_wconf 89' lang='lat' dir='ltr'><strong>loqui</strong></span> <span class='ocrx_word' id='word_1_849' title='bbox 2780 5163 3005 5220; x_wconf 89' lang='lat' dir='ltr'><strong>minime</strong></span> <span class='ocrx_word' id='word_1_850' title='bbox 3041 5160 3449 5232; x_wconf 85' lang='lat' dir='ltr'><strong>potuissemus:</strong></span> <span class='ocrx_word' id='word_1_851' title='bbox 3481 5156 3647 5207; x_wconf 80' lang='lat' dir='ltr'><strong>Nemo</strong></span> 
     </span>
    </p>
   </div>
   <div class='ocr_carea' id='block_1_113' title="bbox 2056 5246 3647 5325">
    <p class='ocr_par' dir='ltr' id='par_1_113' title="bbox 2056 5246 3647 5325">
     <span class='ocr_line' id='line_1_113' title="bbox 2056 5246 3647 5325; baseline -0.011 -10"><span class='ocrx_word' id='word_1_852' title='bbox 2056 5262 2192 5315; x_wconf 82' lang='lat' dir='ltr'><strong>enim</strong></span> <span class='ocrx_word' id='word_1_853' title='bbox 2230 5262 2326 5314; x_wconf 80' lang='lat' dir='ltr'><strong>scit</strong></span> <span class='ocrx_word' id='word_1_854' title='bbox 2372 5259 2605 5325; x_wconf 87' lang='lat' dir='ltr'><strong>Patrem,</strong></span> <span class='ocrx_word' id='word_1_855' title='bbox 2637 5258 2737 5312; x_wconf 82' lang='lat' dir='ltr'><strong>nisi</strong></span> <span class='ocrx_word' id='word_1_856' title='bbox 2777 5257 2965 5320; x_wconf 85' lang='lat' dir='ltr'><strong>Filius,</strong></span> <span class='ocrx_word' id='word_1_857' title='bbox 2998 5265 3046 5308; x_wconf 89' lang='lat' dir='ltr'><strong>et</strong></span> <span class='ocrx_word' id='word_1_858' title='bbox 3090 5254 3177 5307; x_wconf 89' lang='lat' dir='ltr'><strong>cui</strong></span> <span class='ocrx_word' id='word_1_859' title='bbox 3217 5249 3436 5306; x_wconf 74' lang='lat' dir='ltr'><strong>uoluerit</strong></span> <span class='ocrx_word' id='word_1_860' title='bbox 3476 5246 3647 5299; x_wconf 74' lang='lat' dir='ltr'><strong>Filius</strong></span> 
     </span>
    </p>
   </div>
   <div class='ocr_carea' id='block_1_114' title="bbox 2058 5345 3647 5421">
    <p class='ocr_par' dir='ltr' id='par_1_114' title="bbox 2058 5345 3647 5421">
     <span class='ocr_line' id='line_1_114' title="bbox 2058 5345 3647 5421; baseline -0.009 -13"><span class='ocrx_word' id='word_1_861' title='bbox 2058 5353 2295 5408; x_wconf 82' lang='lat' dir='ltr'><strong>revelare</strong></span> <span class='ocrx_word' id='word_1_862' title='bbox 2319 5351 2387 5406; x_wconf 63' lang='grc'><strong>⁸⁸.</strong></span> <span class='ocrx_word' id='word_1_863' title='bbox 2431 5351 2538 5407; x_wconf 89' lang='lat' dir='ltr'><strong>Sed</strong></span> <span class='ocrx_word' id='word_1_864' title='bbox 2572 5352 2699 5421; x_wconf 89' lang='lat' dir='ltr'><strong>quia</strong></span> <span class='ocrx_word' id='word_1_865' title='bbox 2731 5350 2837 5415; x_wconf 87' lang='lat' dir='ltr'><strong>his,</strong></span> <span class='ocrx_word' id='word_1_866' title='bbox 2867 5348 2958 5418; x_wconf 90' lang='lat' dir='ltr'><strong>qui</strong></span> <span class='ocrx_word' id='word_1_867' title='bbox 2990 5347 3059 5401; x_wconf 91' lang='lat' dir='ltr'><strong>de</strong></span> <span class='ocrx_word' id='word_1_868' title='bbox 3088 5345 3200 5400; x_wconf 89' lang='lat' dir='ltr'><strong>Deo</strong></span> <span class='ocrx_word' id='word_1_869' title='bbox 3226 5347 3511 5399; x_wconf 86' lang='lat' dir='ltr'><strong>locuturus</strong></span> <span class='ocrx_word' id='word_1_870' title='bbox 3541 5350 3647 5402; x_wconf 86' lang='lat' dir='ltr'><strong>est,</strong></span> 
     </span>
    </p>
   </div>
   <div class='ocr_carea' id='block_1_115' title="bbox 2058 5435 3645 5514">
    <p class='ocr_par' dir='ltr' id='par_1_115' title="bbox 2058 5435 3645 5514">
     <span class='ocr_line' id='line_1_115' title="bbox 2058 5435 3645 5514; baseline -0.009 -12"><span class='ocrx_word' id='word_1_871' title='bbox 2058 5456 2114 5502; x_wconf 90' lang='lat' dir='ltr'><strong>et</strong></span> <span class='ocrx_word' id='word_1_872' title='bbox 2153 5446 2353 5501; x_wconf 90' lang='lat' dir='ltr'><strong>intueri</strong></span> <span class='ocrx_word' id='word_1_873' title='bbox 2391 5446 2585 5511; x_wconf 87' lang='lat' dir='ltr'><strong>Deum,</strong></span> <span class='ocrx_word' id='word_1_874' title='bbox 2614 5447 2667 5500; x_wconf 92' lang='lat' dir='ltr'><strong>in</strong></span> <span class='ocrx_word' id='word_1_875' title='bbox 2703 5453 2970 5514; x_wconf 89' lang='lat' dir='ltr'><strong>quantum</strong></span> <span class='ocrx_word' id='word_1_876' title='bbox 3014 5440 3271 5511; x_wconf 86' lang='lat' dir='ltr'><strong>possibile</strong></span> <span class='ocrx_word' id='word_1_877' title='bbox 3301 5446 3387 5493; x_wconf 73' lang='lat' dir='ltr'><strong>est</strong></span> <span class='ocrx_word' id='word_1_878' title='bbox 3416 5435 3645 5489; x_wconf 86' lang='lat' dir='ltr'><strong>homini-</strong></span> 
     </span>
    </p>
   </div>
   <div class='ocr_carea' id='block_1_116' title="bbox 2056 5530 3647 5603">
    <p class='ocr_par' dir='ltr' id='par_1_116' title="bbox 2056 5530 3647 5603">
     <span class='ocr_line' id='line_1_116' title="bbox 2056 5530 3647 5603; baseline -0.009 -7"><span class='ocrx_word' id='word_1_879' title='bbox 2056 5539 2182 5602; x_wconf 87' lang='lat' dir='ltr'><strong>bus,</strong></span> <span class='ocrx_word' id='word_1_880' title='bbox 2217 5538 2351 5603; x_wconf 87' lang='lat' dir='ltr'><strong>vult,</strong></span> <span class='ocrx_word' id='word_1_881' title='bbox 2385 5554 2612 5593; x_wconf 83' lang='lat' dir='ltr'><strong>necesse</strong></span> <span class='ocrx_word' id='word_1_882' title='bbox 2641 5545 2725 5590; x_wconf 71' lang='lat' dir='ltr'><strong>est</strong></span> <span class='ocrx_word' id='word_1_883' title='bbox 2756 5543 2816 5590; x_wconf 90' lang='lat' dir='ltr'><strong>ut</strong></span> <span class='ocrx_word' id='word_1_884' title='bbox 2847 5534 3102 5591; x_wconf 82' lang='lat' dir='ltr'><strong>omnibus</strong></span> <span class='ocrx_word' id='word_1_885' title='bbox 3140 5530 3431 5586; x_wconf 74' lang='lat' dir='ltr'><strong>virtutibus</strong></span> <span class='ocrx_word' id='word_1_886' title='bbox 3468 5543 3647 5583; x_wconf 81' lang='lat' dir='ltr'><strong>armc-</strong></span> 
     </span>
    </p>
   </div>
   <div class='ocr_carea' id='block_1_117' title="bbox 2594 5734 3641 5801">
    <p class='ocr_par' dir='ltr' id='par_1_117' title="bbox 2594 5734 3641 5801">
     <span class='ocr_line' id='line_1_117' title="bbox 2594 5734 3641 5801; baseline -0.011 -6"><span class='ocrx_word' id='word_1_887' title='bbox 2594 5739 2804 5795; x_wconf 66' lang='lat' dir='ltr'><strong>“ibid.</strong></span> <span class='ocrx_word' id='word_1_888' title='bbox 2863 5738 2945 5792; x_wconf 78' lang='lat' dir='ltr'><strong>to.</strong></span> <span class='ocrx_word' id='word_1_889' title='bbox 3026 5734 3438 5797; x_wconf 69' lang='lat' dir='ltr'><strong>“LIIC.1V.H</strong></span> <span class='ocrx_word' id='word_1_890' title='bbox 3492 5744 3641 5801; x_wconf 72' lang='lat' dir='ltr'><strong>seqq.</strong></span> 
     </span>
    </p>
   </div>
   <div class='ocr_carea' id='block_1_118' title="bbox 2309 5741 2510 5799">
    <p class='ocr_par' dir='ltr' id='par_1_118' title="bbox 2309 5741 2510 5799">
     <span class='ocr_line' id='line_1_118' title="bbox 2309 5741 2510 5799; baseline -0.015 -2"><span class='ocrx_word' id='word_1_891' title='bbox 2309 5742 2353 5775; x_wconf 71' lang='grc'>⁸³</span> <span class='ocrx_word' id='word_1_892' title='bbox 2378 5741 2510 5799; x_wconf 89' lang='lat' dir='ltr'><strong>ibid.</strong></span> 
     </span>
    </p>
   </div>
  </div>
