3992 6450
488 4 615 20 πε
714 4 796 15 ,κῄ

417 397 520 458 987

417 503 526 553 tur.
553 499 790 554 Attende
805 509 862 553 et
885 500 988 554 hoc
1015 490 1472 568 quemadtitodum
1505 495 1860 565 approbavit:
1891 492 2005 545 vir-
2035 495 2080 550 Δ
2110 491 2491 548 holocaustum
2515 533 2530 556 ,
2596 493 2857 548 virtutum
2931 492 3180 546 γὶὀιιξιει
3258 494 3677 564 perfectionem;

417 598 566 645 tates
588 590 737 644 enim
757 598 994 660 quatuor
1015 588 1296 659 generales
1322 596 1470 650 sunt,
1493 585 1728 656 justitia,
1755 583 1997 648 castitas,

390 680 701 749 glortitudo,
737 681 1034 752 sapientia;
1063 689 1350 750 propterea
1387 677 1600 746 inquit:

487 775 686 830 Tunica
733 774 873 829 linea
912 775 1178 828 induetur.
1228 772 1286 826 Id
1328 781 1411 826 est
1450 769 1682 840 iustitia,
1704 769 1822 824 haec
1851 767 1998 823 enim

417 868 640 937 pr0prie
688 867 1074 922 vestimentum
1124 863 1364 920 hominis
1403 873 1516 928 est,
1567 866 1781 924 tunica,
1835 877 2000 932 quam

415 959 562 1014 LXX
589 959 974 1028 sanctiﬁcatum
1018 958 1206 1022 edunt,
1239 956 1364 1025 quia
1408 953 1780 1009 sanetiﬁcatur
1823 969 1853 1008 a
1887 951 2000 1007 Deo

417 1051 506 1120 qui
527 1051 797 1120 justitiam
830 1049 1024 1120 diligit,
1057 1057 1112 1104 et
1137 1047 1508 1118 principaliter
1533 1061 1598 1101 ea
1636 1045 1862 1100 indutus
1891 1053 1997 1099 est.

417 1140 572 1196 Unde
601 1143 669 1196 de
709 1157 776 1196 eo
811 1141 948 1196 dixit
987 1139 1158 1195 David
1187 1157 1201 1192 :
1237 1139 1419 1198 Iustus
1453 1138 1728 1197 Dominus.
1761 1148 1809 1192 et
1835 1139 2000 1208 justi-

415 1233 518 1285 tias
551 1232 734 1286 dilexit
777 1232 849 1286 ".
896 1231 998 1286 Per
1043 1231 1320 1286 feminalia
1371 1231 1594 1285 castitas
1639 1229 1995 1300 signiﬁcatur,

412 1325 555 1392 quod
597 1323 951 1379 manifestum
999 1335 1084 1380 est
1127 1340 1192 1379 ex
1237 1339 1305 1379 eo
1348 1325 1494 1394 quod
1528 1339 1639 1378 non
1671 1325 1998 1394 permittunt

411 1421 583 1476 videri
614 1423 800 1477 carnis
835 1433 1040 1479 nostrae
1069 1422 1472 1478 inhonestiora.
1510 1423 1646 1489 Quia
1681 1439 1813 1498 ergo
1849 1435 1997 1482 totus

411 1514 660 1584 corporis
711 1515 878 1570 decor
930 1515 1153 1572 castitas
1203 1525 1309 1582 est,
1357 1517 1670 1573 necessarie
1719 1517 1996 1590 legislator

411 1605 487 1658 ait
526 1623 538 1660 :

483 1697 844 1753 Feminalibus
877 1698 1029 1754 lineis
1062 1702 1350 1755 verecunda
1381 1701 1592 1756 celabit.
1633 1703 1797 1774 Atqui
1828 1721 1994 1776 super

410 1786 642 1853 femora,
681 1802 738 1846 et
781 1791 925 1846 circa
971 1791 1150 1847 vicina
1198 1794 1279 1848 eis
1329 1797 1596 1861 membra,
1637 1798 1814 1852 Solum
1863 1809 1994 1854 sunt

411 1879 715 1936 femiualia.
754 1884 862 1938 Sed
890 1885 1193 1939 ostendere
1221 1886 1356 1950 vult,
1393 1887 1518 1956 quia
1556 1887 1866 1944 feminalem
1903 1891 1995 1946 hic

411 1977 740 2038 castitatem,
787 1986 962 2030 totum
1007 1992 1209 2046 corpus
1253 1978 1652 2034 custodientem
1685 1981 1869 2036 carnis
1898 1999 1997 2037 no-

409 2075 537 2120 strae
587 2068 787 2135 signat.
845 2066 948 2120 Per
996 2082 1223 2130 zonam,
1283 2068 1660 2124 fortitudinem
1718 2071 1991 2139 intelligit,

407 2159 556 2211 unde
593 2157 736 2211 Deus
762 2157 867 2212 Job
912 2157 1206 2212 sublcvans
1244 2160 1590 2228 passionihus
1629 2177 1694 2216 ac
1735 2163 1994 2232 periculis

405 2265 729 2320 oppressum
775 2251 991 2305 dicebat
1025 2269 1038 2304 :
1073 2250 1297 2322 Accinge
1333 2262 1390 2306 ut
1429 2254 1512 2307 vir
1540 2253 1742 2310 lumbos
1776 2265 1892 2310 tuos
1922 2257 1990 2314 ⁸⁸.

403 2340 510 2394 Per
545 2341 812 2412 cydarim,
848 2341 974 2411 quia
1024 2341 1408 2398 indumentum
1455 2345 1648 2415 capitis
1683 2355 1788 2412 est,
1827 2348 1992 2403 intel-

403 2432 588 2503 ligitttr
618 2435 798 2488 modis
823 2435 1084 2489 omnibus
1114 2436 1382 2504 sapientia
1415 2454 1429 2490 :
1462 2437 1589 2506 quia
1620 2441 1767 2493 enim
1801 2440 1855 2494 in
1897 2457 1992 2496 ca-

402 2527 513 2594 pite
549 2527 835 2596 sapientiae
869 2537 954 2583 est
997 2544 1284 2599 organum,
1316 2545 1428 2584 non
1477 2531 1810 2602 ignoramus,
1846 2535 1992 2603 quod

401 2629 458 2673 ct
503 2621 796 2675 cerebrum
837 2621 1058 2686 dicitur,
1099 2629 1153 2674 et
1205 2622 1353 2676 unde
1397 2631 1453 2676 et
1501 2632 1665 2692 caput
1712 2624 1858 2677 omni
1909 2634 1994 2680 est

401 2711 782 2767 honorabilius
839 2713 1077 2782 corpori.
1142 2713 1250 2767 Sed
1311 2713 1431 2769 haec
1487 2715 1632 2770 linea
1695 2725 1989 2786 propterea

401 2815 526 2854 esse
571 2801 852 2871 praecepit.
883 2811 943 2856 ut
986 2803 1304 2857 ostenderet
1344 2805 1603 2860 virtutum
1649 2807 1988 2872 facilitatem,

401 2899 454 2944 et
506 2893 738 2948 celerem
790 2893 1276 2964 conquisitionem,
1311 2897 1399 2951 vel
1455 2898 1714 2964 habilem,
1753 2912 1990 2972 gratam-

401 2999 509 3052 que
554 2986 881 3055 adipisceuti
932 3001 1079 3052 esse,
1114 2988 1258 3042 sicut
1302 2997 1357 3044 et
1403 3006 1468 3046 ea
1508 3007 1630 3062 qua:
1671 2993 1815 3049 linea
1859 3006 1991 3052 sunt

401 3077 640 3146 corpori.
680 3094 848 3149 super
879 3081 1205 3149 quod‘sunt.

1609 381 1973 442 HESYCIIII
2030 379 2471 441 PRESBYTER
2485 420 2505 438 .

3581 389 3673 450 {:83

2111 585 2289 654 ipsum
2320 586 2467 640 enim
2501 587 2678 640 virum
2710 586 3034 655 perfectum,
3077 597 3132 640 et
3169 603 3484 642 mensuram
3517 591 3681 644 relatis

2109 676 2422 746 appellavit,
2459 677 2739 746 suscipere
2776 691 2898 743 nos,
2932 689 2988 730 et.
3027 677 3176 731 indui
3221 677 3429 738 volens.
3468 688 3680 748 propter

2107 769 2252 845 quod
2286 778 2338 823 et
2365 769 2709 838 baptismatis
2749 768 2978 840 gratiam
3028 769 3331 824 introduxit
3365 787 3378 823 :
3417 769 3546 839 quia
3593 787 3680 840 per

2107 859 2280 928 ipsam
2317 861 2557 914 maxime
2589 859 2866 916 Christum
2898 860 3200 916 induimur.
3233 862 3465 926 Quando
3509 874 3679 916 autem

2108 953 2224 1008 haec
2265 953 2448 1023 adepti
2489 953 2775 1022 fuerimus,
2810 955 2865 1009 in
2907 955 3106 1009 Sancta
3149 965 3462 1010 sanctorum
3509 955 3681 1026 ingre-

2107 1045 2342 1109 diemur,
2387 1062 2498 1100 non
2551 1046 2914 1100 substantiam
2964 1057 3372 1117 perscrutantes
3425 1048 3554 1111 Dei,
3607 1048 3680 1102 vel

2107 1134 2485 1200 discutientcs,
2520 1137 2622 1190 hoc
2654 1135 2800 1190 enim
2843 1137 3182 1206 prohibitum
3229 1145 3332 1198 est.
3369 1137 3464 1192 sed
3509 1139 3580 1192 ad
3622 1156 3680 1192 ea

2105 1241 2226 1295 quae
2277 1236 2406 1282 sunt
2454 1227 2524 1282 dc
2579 1228 2988 1298 dispensatione
3039 1229 3245 1284 Christi
3307 1231 3682 1302 sacriﬁcioque

2105 1318 2226 1387 ejus
2255 1335 2355 1388 pro
2386 1320 2564 1384 nobis,
2603 1331 2657 1376 ct
2688 1322 2852 1376 bonis
2891 1337 3012 1392 quae
3053 1338 3153 1405 per
3191 1339 3259 1376 ea
3307 1323 3563 1389 fruimur,
3600 1341 3681 1379 sa-

2103 1412 2324 1483 pientiae
2353 1415 2698 1486 dogmatibus
2729 1417 2969 1472 studium
2996 1417 3191 1472 dantes
3221 1435 3235 1470 :
3265 1417 3372 1472 hoc
3398 1417 3548 1472 enim
3577 1435 3683 1474 ma-

2104 1506 2365 1562 nifestum
2403 1507 2614 1564 faciunt
2642 1510 2878 1565 maxime
2907 1527 3030 1580 quae
3053 1522 3360 1580 sequuntur
3387 1528 3404 1566 :

2175 1599 2339 1657 Vsus.
2372 1602 2425 1666 5,
2457 1602 2511 1656 6.
2553 1621 2573 1654 ι
2611 1603 2882 1672 Suscipiet
2926 1603 2996 1660 ab
3033 1604 3290 1659 universa
3333 1603 3682 1660 multitudine

2103 1693 2336 1748 ﬁliorqu
2380 1695 2564 1773 Israel
2590 1695 2728 1751 duos
2768 1695 2949 1751 hircos
2995 1711 3096 1766 pro
3140 1704 3388 1766 peccato,
3423 1705 3480 1751 et
3517 1712 3680 1750 unum

2101 1787 2326 1842 arietem
2357 1788 2410 1841 in
2438 1788 2840 1844 holocaustum.
2864 1789 3112 1858 Cumque
3137 1789 3402 1845 obtulerit
3428 1791 3682 1851 vitulum.

2027 1857 2067 1910 Β
2097 1886 2154 1932 et
2182 1879 2422 1934 oraverit
2443 1896 2544 1950 pro
2569 1897 2630 1936 se
2655 1893 2712 1937 ct
2734 1897 2836 1950 pro
2863 1857 3168 1938 domosua.
3204 1902 3223 1935 ι

2169 1967 2337 2023 Multa
2382 1969 2471 2024 hic
2515 1970 2770 2036 intentio,
2817 1970 3053 2026 dicentis
3091 1971 3368 2042 simul,'et
3409 1971 3682 2028 audientis

2096 2070 2180 2117 cst
2212 2062 2542 2123 necessaria.
2579 2071 2637 2118 ut
2666 2079 2774 2118 non
2808 2063 3069 2118 recedant
3095 2063 3163 2118 ab
3199 2079 3266 2118 eo
3292 2065 3440 2136 quod
3471 2075 3676 2120 rectum

2095 2160 2200 2217 est,
2231 2151 2360 2222 quia
2400 2152 2634 2207 maxima
2665 2161 2794 2208 sunt
2823 2155 3102 2226 mysteria,
3143 2170 3209 2209 ea
3242 2170 3365 2224 quas
3399 2172 3552 2211 nunc
3588 2173 3679 2212 ex-

2095 2243 2251 2313 ponit
2281 2243 2390 2308 lex,
2427 2251 2482 2298 et
2521 2231 2742 2313 quidam
2782 2245 2836 2298 in
2878 2244 3012 2314 ipsis
3049 2243 3340 2319 oﬁ‘endunt
3367 2245 3682 2316 ignorantes

2097 2335 2290 2389 horum
2345 2335 2604 2390 virtutem
2655 2335 2948 2391 dictorum.
3002 2337 3111 2391 Sed
3167 2336 3287 2393 haec
3337 2338 3586 2407 quidem,
3628 2337 3679 2392 in

2093 2428 2294 2496 quibus
2341 2417 2649 2496 offendunt,
2687 2430 2945 2486 subtilius
2986 2430 3042 2485 in
3081 2431 3550 2501 subsequentibus
3598 2431 3681 2486 di-

2093 2532 2309 2576 centur.
2345 2522 2484 2590 Quia
2515 2534 2696 2579 autem
2727 2525 2796 2579 ad
2827 2525 3006 2594 ipsum
3036 2523 3316 2580 Christum
3345 2539 3410 2580 ea
3451 2523 3522 2580 de
3561 2523 3680 2594 qui-

2093 2615 2194 2669 bus
2246 2616 2461 2671 locutus
2511 2627 2595 2671 est
2647 2617 2944 2688 legislator.
2981 2617 3037 2671 in
3089 2619 3348 2687 praesenti
3400 2617 3681 2672 evidenter

2095 2708 2405 2762 referuntur
2453 2727 2466 2762 :
2516 2707 2871 2764 manifestam
2921 2709 3134 2779 species
3179 2707 3596 2769 sacriﬁciorum.
3628 2718 3680 2762 et

2091 2798 2342 2864 eth-ctus,
2372 2800 2467 2854 sed
2503 2809 2556 2854 et
2591 2799 2644 2854 hi
2689 2816 2720 2854 a
2763 2799 2964 2868 quibus
3000 2799 3268 2854 sacriﬁcia
3313 2797 3678 2868 accipiuntur.

2093 2894 2135 2946 A
2159 2908 2428 2962 synagoga
2455 2893 2622 2956 enim,
2656 2894 2740 2948 vel
2773 2893 3025 2949 universa
3056 2891 3410 2946 multitudine
3442 2891 3677 2944 ﬁliorum

2089 2987 2255 3042 Israel
2299 2987 2467 3057 accipi
2513 2987 2780 3042 sacriﬁcia
2814 2987 3110 3058 praecepit:
3143 2987 3270 3056 quia
3296 2982 3556 3041 Christus
3584 2983 3678 3054 qui

2090 3095 2190 3150 pro
2231 3081 2392 3134 nobis
2423 3080 2738 3136 immolatus
2773 3090 2876 3148 est,
2908 3095 2974 3135 ex
3009 3079 3134 3134 ﬁliis
3175 3078 3342 3134 Israel
3374 3077 3678 3134 secundum

471 3169 589 3224 Nisi
639 3171 698 3224 in
745 3173 874 3242 ipsis
923 3175 1133 3228 macula
1187 3176 1367 3246 eﬁecta
1409 3178 1587 3248 fuerit.
1639 3178 1775 3246 Quia
1823 3182 1988 3237 etiam
2015 3191 2058 3248 α
2095 3192 2316 3231 carnem
2344 3176 2464 3237 fuit.
2492 3176 2564 3230 ita
2588 3184 2649 3230 ut
2678 3174 2879 3230 Paulus
2906 3175 3115 3232 diceret
3147 3192 3162 3229 :
3194 3177 3278 3229 Ea:
3307 3174 3496 3245 quibus
3523 3172 3679 3227 Chri-

400 3282 524 3322 cum
557 3268 824 3324 sublimes
853 3271 984 3338 sint,
1019 3275 1365 3329 conversatio
1409 3291 1602 3330 eorum
1647 3286 1828 3347 potest
1866 3294 1990 3334 esse

401 3357 458 3412 in
511 3361 694 3416 terris.
741 3360 986 3427 Quorum
1041 3365 1252 3436 singula
1308 3367 1362 3422 in
1412 3369 1583 3422 linum
1631 3371 1984 3438 proveniunt,

400 3451 545 3520 quod
582 3451 752 3506 altum
783 3455 1004 3523 quidem
1037 3459 1306 3513 calamum
1341 3459 1528 3526 habet,
1561 3463 1656 3517 sed
1697 3462 1928 3517 multum
1957 3479 1988 3518 a

401 3549 546 3597 terra
580 3546 848 3608 ascendit,
881 3547 1146 3618 facileque
1181 3553 1429 3622 conquiri
1480 3561 1682 3624 potest-
1711 3570 1744 3610 a
1785 3572 1990 3628 paupe-

401 3632 573 3698 ribus,
619 3644 676 3689 et
721 3635 770 3689 ei
815 3637 909 3706 qui
956 3639 1061 3694 hoc
1107 3641 1386 3714 indu'etur,
1416 3653 1698 3714 acceptum
1745 3657 1989 3716 gratum-

399 3741 504 3794 que
549 3735 654 3788 est,
697 3729 840 3784 sicut
894 3747 1058 3802 supra
1111 3733 1370 3790 diximus.
1421 3735 1768 3793 Estuantem
1821 3740 1988 3794 etiam

399 3813 704 3886 refrigerat,
741 3819 838 3872 sed
887 3830 942 3876 et
991 3822 1044 3875 in
1093 3823 1216 3894 gelu
1265 3823 1434 3888 fovet,
1463 3827 1608 3896 quod
1647 3837 1733 3882 est
1769 3828 1988 3884 virtutis

399 3911 710 3980 proprium,
745 3925 866 3980 qua:
911 3913 1197 3985 refrigerat
1239 3917 1462 3986 quidem
1507 3919 1564 3974 in
1602 3930 1740 3974 testu
1777 3927 1986 3976 concué

386 3999 822 4070 'piscentiarum,
861 4004 914 4058 in
963 4006 1164 4076 frigore
1212 4017 1394 4064 autem
1439 4011 1802 4067 tentationum
1839 4013 1988 4068 cale-

397 4090 548 4153 facit.
580 4103 745 4165 atque
777 4097 843 4152 ad
881 4101 1058 4153 zelum
1108 4100 1354 4175 [ccelum]
1388 4105 1570 4176 erigit,
1604 4115 1662 4160 et
1705 4122 1816 4160 non
1859 4121 1988 4176 per-

398 4185 568 4242 mittit
612 4188 805 4242 scutiri
847 4201 1245 4258 persecutores.
1283 4193 1391 4250 Sed
1441 4205 1501 4250 ut
1548 4212 1660 4250 non
1697 4197 1858 4252 etiam
1895 4213 1985 4253 sa-

397 4273 526 4326 lutis
579 4276 776 4344 perdas
827 4279 1148 4348 capitulum,
1193 4285 1340 4353 quod
1399 4291 1484 4338 est
1535 4284 1831 4353 baptisma,
1881 4301 1986 4341 nec

397 4361 634 4422 restitues
683 4369 780 4422 tibi
835 4371 1082 4428 sutlicere
1127 4375 1398 4439 virtutes,
1438 4375 1558 4431 sine
1607 4377 1752 4430 dono
1808 4379 1986 4450 bapti-

395 4458 606 4516 smatis.
643 4462 852 4517 addidit
890 4482 904 4518 :
1287 4463 1296 4469 ’

2088 3277 2199 3320 stus
2235 3274 2522 3322 secundum
2571 3283 2807 3332 carnem,
2838 3267 2928 3334 qui
2973 3277 3048 3320 est
3106 3265 3242 3319 Deus
3285 3265 3586 3319 benedictus
3623 3265 3678 3318 in

2088 3361 2304 3416 stet-uta.
2347 3363 2511 3415 Amen
2558 3361 2626 3415 δ’.
2673 3360 2805 3415 Dein
2863 3359 3252 3414 sacriﬁciorum
3300 3359 3404 3414 alia
3457 3359 3680 3430 quidem

2089 3470 2190 3524 pro
2243 3453 2484 3522 peccatis
2531 3471 2544 3506 :
2593 3452 2699 3507 alia
2757 3462 2940 3506 autem
2996 3451 3050 3506 in
3100 3450 3484 3507 holocaustum
3523 3452 3682 3520 jubet

2089 3545 2297 3607 offerri,
2337 3545 2596 3616 ﬁgurans,
2636 3543 2780 3598 sicut
2816 3541 3126 3612 oportebat.
3160 3541 3363 3596 Christi
3399 3542 3682 3624 sacriﬁcio

2089 3637 2369 3697 virtutem,
2413 3635 2506 3706 qui
2560 3650 2660 3706 pro
2706 3634 2912 3689 nostris
2965 3632 3208 3704 peccatis
3250 3631 3519 3699 offertur;
3554 3635 3680 3687 audi

2088 3745 2218 3800 ergo
2258 3729 2485 3784 Paulum
2530 3730 2806 3784 dicentem
2837 3747 2851 3782 :
2884 3727 3123 3783 Christus
3159 3726 3322 3781 semel
3367 3726 3581 3781 oblatus
3613 3727 3686 3782 at!

2089 3819 2379 3874 multorum
2413 3820 2776 3874 exhauriendo
2820 3827 3058 3888 peccata,
3094 3817 3373 3872 novissime
3407 3819 3524 3872 sine
3565 3835 3684 3888 pec-

2089 3921 2210 3966 cato
2237 3911 2514 3982 apparebit
2551 3912 2971 3982 exspectantibus
2999 3929 3055 3966 se
3087 3913 3154 3967 ⁸⁸.
3205 3911 3344 3979 Quia
3379 3923 3564 3967 autem
3615 3913 3682 3966 ad

2089 4006 2467 4060 holocaustum
2513 4011 2570 4059 et
2617 4005 2686 4059 ad
2739 4003 3136 4074 perfectionem
3185 4005 3464 4070 videlicet,
3510 4015 3569 4060 et
3615 4007 3682 4060 ad

2087 4095 2391 4167 profectum
2435 4097 2584 4160 vitae,
2618 4103 2784 4167 atque
2823 4097 3090 4152 virtutum
3139 4096 3414 4168 Unigeniti
3464 4097 3684 4152 sacrm-

2087 4187 2232 4242 cium
2280 4186 2488 4242 factum
2547 4196 2652 4253 est,
2695 4187 2970 4258 quomodo
3016 4188 3273 4244 dubitare
3315 4188 3446 4244 licet
3491 4196 3685 4258 aperte

2088 4279 2256 4333 Paulo
2283 4279 2502 4335 dicente
2538 4301 2552 4336 :
2587 4281 2727 4352 Ergo
2761 4283 2974 4354 fratres,
3010 4291 3058 4337 ct
3089 4299 3178 4337 vos
3209 4283 3518 4352 morti/irati
3559 4285 3688 4337 estis

2088 4373 2208 4444 legi,
2239 4390 2331 4443 per
2359 4390 2546 4444 corpus
2579 4371 2790 4439 Christi,
2819 4384 2874 4428 ut
2914 4375 3034 4429 sitis
3067 4375 3286 4429 alterius
3314 4376 3404 4446 qui
3433 4393 3500 4430 ea:
3534 4393 3682 4432 mor-

2088 4468 2192 4520 tuis
2241 4468 2550 4531 resurrexit,
2589 4476 2644 4520 ut
2682 4467 3060 4538 fructiﬁccmetr
3105 4466 3210 4522 Deo
3248 4469 3317 4522 '".
3369 4467 3436 4523 Et
3487 4483 3684 4524 rursus

465 4549 590 4609 Haec
630 4553 767 4606 enim
809 4565 930 4608 sunt
974 4556 1280 4610 vestimenta
1319 4565 1528 4620 sancta,
1563 4557 1748 4628 quibus
1781 4560 1980 4614 cunctis
2013 4536 2058 4592 Β
2087 4559 2157 4612 de
2185 4573 2252 4613 eo
2281 4557 2456 4614 dixit:
2503 4559 2650 4615 Unde
2682 4536 2731 4614 et
2783 4536 2991 4614 saivare
3033 4562 3086 4614 in
3123 4572 3434 4631 perpetuum
3485 4573 3680 4632 potest,

395 4659 512 4696 cum
544 4643 679 4700 lotus
709 4648 866 4718 fuerit
894 4649 1162 4702 iuduetur.
1194 4649 1435 4703 Lavatur
1459 4665 1623 4703 omne
1653 4667 1852 4721 corpus
1883 4669 1982 4723 per

394 4752 587 4804 aquam
624 4739 992 4808 baptismatis,
1023 4741 1150 4811 quia
1197 4751 1376 4796 torum
1422 4751 1675 4797 nostrum
1724 4745 1888 4810 lavat,
1926 4755 1982 4799 ct

391 4838 623 4882 renovat
656 4831 954 4886 hominem.
991 4834 1132 4904 Ergo
1163 4833 1427 4903 baptizari
1461 4845 1678 4904 oportet
1717 4838 1982 4906 prius,'et

392 4937 462 4975 ex
514 4938 651 4992 aqua
711 4925 1044 4994 regenerari,
1081 4941 1143 4980 ac
1193 4927 1423 4996 Spiritu.
1464 4944 1528 4983 ac
1571 4929 1650 4983 sie
1702 4932 1977 5000 praedictis

392 5012 686 5069 virtutibus
739 5015 912 5081 indui,
946 5025 1003 5072 et
1046 5033 1142 5087 per
1189 5033 1284 5074 cas
1319 5019 1597 5074 Christum
1633 5039 1646 5074 :
1682 5021 1788 5076 hoc
1825 5023 1974 5077 enim

392 5117 445 5161 et
479 5106 595 5176 ipse
623 5117 917 5164 contextus
958 5110 1212 5181 legalium
1250 5111 1425 5182 signat
1468 5113 1782 5168 verborum.
1821 5114 1976 5170 Post-

392 5216 550 5268 quam
595 5200 743 5255 enim
792 5201 930 5256 dixit
975 5201 1270 5273 legislalor,
1311 5221 1381 5260 ne
1410 5206 1560 5261 out-iii
1597 5215 1846 5276 tempore
1885 5205 1974 5261 iu-

389 5294 670 5364 grcdiatur
697 5294 1094 5363 sanetuarium,
1123 5296 1228 5352 nisi
1261 5297 1379 5353 haec
1406 5307 1534 5353 ante
1566 5298 1759 5354 fecerit
1792 5316 1804 5350 :

462 5383 693 5438 l’itulum
733 5401 831 5455 pro
869 5395 1104 5453 peccato,
1132 5387 1379 5443 subdidit
1411 5405 1423 5442 :
1455 5399 1502 5442 et
1541 5391 1762 5444 arietem
1798 5390 1852 5443 iu
1882 5392 1976 5442 Ito-

391 5479 703 5530 tocaustum.
757 5475 952 5531 Tunica
995 5478 1136 5532 linea
1186 5481 1453 5545 vestietur,
1487 5489 1542 5535 et
1590 5483 1819 5552 reliqua.
1857 5481 1974 5536 Non

391 5569 564 5623 solum
614 5569 894 5624 Christum
945 5571 1338 5644 intelligibilcm
1393 5576 1642 5640 arietem,
1683 5585 1738 5630 et
1785 5592 1974 5630 verum

492 5769 711 5848 ιζρωιι.
763 5790 816 5840 x,
867 5773 925 5828 8.
1041 5774 1212 5830 “Job
1265 5791 1468 5844 xxxvii,
1516 5777 1568 5831 5.

400 5847 489 5904 ιιι,
512 5837 605 5892 25.

1681 5775 1726 5810 ‘9
1759 5773 1920 5832 Rom.
1972 5789 2046 5842 IX,

2081 4651 2385 4706 accedentes
2441 4668 2535 4722 per
2579 4667 2634 4705 se
2682 4653 2752 4704 ad
2797 4651 2967 4706 Deum
3015 4653 3083 4706 ⁸³.
3147 4653 3240 4708 Sic
3287 4654 3580 4724 perfectio,
3623 4665 3682 4712 ct

2079 4745 2393 4800 omnimoda
2420 4753 2608 4800 nostra
2641 4745 2808 4810 salus,
2841 4745 2986 4801 filius
3014 4763 3115 4818 per
3148 4747 3481 4803 sacriﬁcium
3512 4765 3680 4806 suum

2079 4833 2256 4888 factus
2286 4843 2390 4888 est.
2440 4833 2669 4904 Proprie
2709 4845 2892 4890 autem
2942 4837 2996 4890 in
3042 4837 3329 4893 effectibus
3373 4839 3680 4896 sacriﬁcio-

2079 4944 2223 4991 rum,
2254 4928 2467 4996 accepit
2497 4928 2772 5000 legislator
2801 4943 2863 4984 ea
2894 4946 3016 5000 quae
3046 4931 3478 4988 immolabuutur
3504 4951 3520 4988 :
3547 4949 3678 4990 cum

2081 5022 2228 5076 enim
2275 5022 2503 5078 dixisset
2535 5022 2718 5078 hircos
2755 5039 2854 5094 pro
2895 5035 3125 5094 peccato
3161 5025 3374 5088 oil‘erri.
3409 5027 3676 5096 quoniam

2083 5115 2188 5168 hoc
2222 5113 2426 5168 animal
2469 5113 2522 5167 in
2551 5123 2905 5184 peccatorum
2948 5129 3122 5184 genus
3165 5114 3351 5170 divina
3383 5113 3672 5186 Scriptura

2081 5207 2330 5276 accipere
2378 5197 2700 5271 consuevit,
2753 5206 3067 5262 nullatenus
3117 5208 3492 5272 immemores,
3521 5209 3672 5278 quia,

2074 5300 2298 5370 quando
2359 5300 2755 5355 sacriﬁciorum
2815 5299 2935 5354 haec
2989 5300 3329 5370 pmuitentia:
3395 5302 3673 5356 rationem

2075 5393 2480 5460 signiﬁcabant,
2512 5393 2861 5448 occasionem
2903 5410 2972 5448 ex
3005 5393 3158 5463 legali
3205 5393 3308 5448 hoc
3341 5394 3534 5449 codice
3575 5411 3670 5449 su-

2076 5494 2289 5538 mentes
2317 5485 2673 5554 exposuimus
2703 5503 2714 5538 :
2745 5485 2980 5548 bmdum,
3009 5487 3100 5554 qui
3146 5483 3336 5540 Grazce
3387 5486 3667 5540 chimarus

2076 5576 2276 5630 dicitur
2317 5585 2464 5631 recte
2496 5575 2765 5630 immolari
2799 5576 2868 5630 ab
2895 5591 2960 5632 eo
2990 5576 3079 5646 qui
3118 5575 3496 5656 pmtiitentiaiu
3533 5575 3662 5646 agit,

2264 5778 2309 5809 ⁵⁰
2336 5777 2504 5832 llebr.
2541 5792 2616 5841 ιχ,
2642 5775 2732 5831 28.
2847 5777 2888 5808 ⁵⁸
2927 5776 3086 5834 Rom.
3123 5793 3216 5844 vn,
3245 5777 3297 5833 4.
3416 5777 3462 5811 ¹¹
3488 5776 3652 5832 liel'r.
