3992 6426
330 404 430 471 989

1483 395 1564 455 ΙΝ
1602 390 2043 454 LEVlTlCUM.
2079 418 2139 428 -
2176 392 2323 452 LiB.
2355 392 2423 452 V.

3488 389 3596 455 990

331 513 653 576 ostendimus
689 526 704 564 :
736 515 928 580 utpote
954 509 1009 564 in
1044 516 1390 579 tempestate,
1420 516 1475 563 et
1501 506 1665 561 lluctu
1693 502 1901 558 consti-
1931 504 1977 562 Α
2010 517 2104 570 per
2134 502 2312 572 ipsum
2334 502 2578 573 Moysen,
2611 511 2666 556 et
2705 502 2945 568 fratrem,
2992 512 3046 559 et
3112 498 3283 557 tilium
3308 506 3363 553 et
3398 499 3588 567 filiam,

328 608 445 673 tuti,
482 619 650 675 usque
678 602 807 658 dum
837 600 1176 672 paenitentia:
1209 601 1331 679 ejus
1368 599 1698 669 suscipiatur
1724 595 1898 650 sacri-

326 702 522 762 ticium.
548 697 704 754 Aries
727 704 913 750 autem
948 703 1139 766 utpote
1164 694 1421 749 ducatum
1448 690 1595 763 gregi
1626 689 1898 760 praebens,

325 795 603 864 deputatus
650 798 797 844 recte
842 789 898 842 in
942 787 1344 849 holocaustum,
1377 785 1429 839 id
1466 793 1551 839 est
1588 785 1642 835 in
1700 781 1900 834 virtute

325 895 377 941 et
399 883 733 957 perfectione
761 881 886 935 vitae
918 880 1202 950 accipitur,
1229 893 1463 947 quorum
1492 884 1575 930 est
1604 874 1751 928 enim
1792 870 1899 926 nisi

322 977 728 1051 praepositorum
770 973 970 1029 docere
1013 971 1291 1042 perfecta?
1331 970 1426 1025 llis
1457 970 1528 1024 ita
1559 984 1617 1025 se
1646 966 1898 1022 habenti-

320 1071 435 1133 bus,
461 1065 776 1123 omnimodo
815 1064 968 1120 dicis.
1000 1064 1114 1118 Cur
1142 1063 1188 1118 si
1218 1064 1402 1118 hircos
1434 1078 1532 1133 pro
1561 1068 1785 1131 peccato
1811 1058 1898 1114 lex

281 1159 564 1236 Eprzeeepit
591 1156 801 1218 oli'erri.
827 1172 979 1213 nunc
1009 1157 1174 1211 etiam
1204 1156 1433 1211 vitulum
1461 1153 1648 1210 oll‘erri
1690 1166 1900 1223 praece-

285 1241 421 1327 }pit?
451 1254 570 1310 Una
597 1259 782 1306 autem
825 1249 1059 1310 ratione,
1081 1247 1343 1318 brevique
1364 1247 1500 1302 solvi
1527 1254 1689 1316 atque
1711 1243 1901 1314 expla-

286 1307 427 1401 ’ἔπει-ἰ
457 1351 658 1416 potest,
682 1341 811 1412 quia
838 1356 949 1395 non
991 1340 1155 1395 unius
1184 1338 1421 1410 generis,
1443 1338 1537 1394 sed
1567 1348 1676 1393 tam
1704 1350 1900 1407 pecca-

316 1447 506 1500 torum,
557 1450 722 1504 quam
770 1434 1045 1503 justorum
1091 1441 1175 1488 est
1217 1431 1493 1503 Unigeniti
1545 1428 1895 1485 sacriﬁcium.

314 1528 377 1584 Et
407 1538 697 1599 propterea
730 1530 893 1593 hirci,
918 1546 1017 1601 pro
1043 1546 1244 1602 genere
1272 1527 1676 1600 quodammodo
1701 1540 1899 1595 pecca-

315 1628 481 1674 torum
509 1618 696 1674 offerri
723 1621 1138 1691 praecipiuntur,
1165 1621 1322 1675 vivus
1359 1628 1545 1675 autem
1583 1633 1681 1688 pro
1709 1617 1896 1685 justis,

311 1710 427 1781 quia
464 1709 729 1777 bos,cum
778 1713 853 1767 sit
884 1712 949 1767 ad
988 1711 1327 1782 operandum
1358 1721 1546 1781 aptum
1581 1708 1804 1775 animal,
1842 1708 1896 1762 in

317 1818 538 1875 persona
571 1803 707 1873 justi
745 1806 1048 1861 secundum
1079 1804 1251 1876 legem
1283 1804 1571 1874 accipitur.

2003 604 2059 648 et
2086 595 2366 649 civitatem
2396 595 2690 666 integram,
2709 612 2827 666 quae
2854 596 2921 649 ad
2947 594 3085 649 idola
3110 595 3462 660 convertitur,
3480 595 3596 649 dis-

2004 687 2160 757 perdi
2217 688 2499 757 praecepit,
2530 696 2584 742 et
2615 688 2815 742 clamat
2854 687 3017 741 :Non
3053 697 3203 741 erunt
3245 685 3339 740 tibi
3369 687 3444 740 dii
3474 686 3594 753 alii,

2004 780 2201 851 absque
2222 797 2303 834 me
2332 780 2398 835 ⁸⁸.
2438 779 2539 834 Per
2567 779 2734 835 David
2760 787 2941 834 autem
2977 779 3110 835 dicit
3137 795 3150 831 :
3177 780 3296 832 Non
3334 777 3434 832 erit
3464 780 3520 831 in
3545 786 3595 831 te

2003 874 2143 927 Deus
2169 890 2364 936 recens,
2404 891 2567 945 neque
2623 874 2874 929 adorabis
2918 875 3084 928 Deum
3123 874 3362 927 alienum
3396 873 3462 926 ⁸⁷.
3497 872 3596 925 llic

2003 981 2134 1037 ergo
2159 967 2249 1035 qui
2273 967 2391 1020 haec
2424 968 2705 1037 prmeepit,
2731 983 2830 1038 pro
2866 983 2933 1022 eo
2988 967 3134 1037 quod
3165 981 3318 1020 suam
3343 965 3593 1037 gloriam,

2002 1072 2066 1112 ac
2091 1058 2473 1124 sacerdotium,
2493 1069 2546 1113 et
2570 1061 2778 1115 cultum
2805 1060 3090 1130 aequaturi,
3125 1067 3181 1113 et
3202 1075 3324 1112 eum
3356 1073 3422 1112 eo
3453 1055 3593 1111 divi-

2004 1150 2115 1203 suri
2139 1159 2317 1218 erant,
2394 1151 2499 1205 hoc
2542 1151 2716 1221 jubet,
2766 1160 2840 1206 .ut
2891 1152 3108 1207 duobus
3162 1152 3330 1207 hircis
3392 1150 3591 1206 oblatis

2004 1259 2174 1297 unum
2210 1242 2535 1314 prmciperet
2563 1244 2665 1298 sibi
2704 1245 2987 1314 applicari,
3027 1245 3193 1299 alium
3257 1253 3441 1300 autem
3492 1246 3592 1300 ad-

2003 1333 2246 1389 versario
2275 1350 2395 1401 suo,
2421 1350 2583 1404 quem
2609 1336 2955 1390 emissarium
2987 1337 3326 1407 putantdici.
3349 1337 3454 1392 Sed
3478 1352 3591 1391 non

2003 1436 2399 1497 cognoverunt,
2440 1442 2619 1497 neque
2646 1427 3057 1494 intellexerunt,
3113 1429 3168 1482 in
3206 1428 3447 1484 tenebris
3477 1445 3591 1482 am-

2005 1517 2212 1573 bulant.
2241 1516 2596 1574 Entissarium
2630 1517 2799 1585 enim,
2849 1533 2976 1573 eum
3026 1518 3264 1585 hircum,
3297 1519 3390 1588 qui
3420 1519 3590 1573 mitti-

2006 1616 2095 1662 tur
2125 1608 2178 1662 in
2203 1609 2504 1676 desertum,
2564 1609 2843 1681 legislator
2899 1609 3209 1679 appellavit.
3263 1610 3376 1662 Nos
3410 1620 3591 1662 autem

2004 1713 2069 1752 ex
2097 1697 2181 1753 his
2213 1714 2334 1768 quae
2371 1700 2438 1754 ad
2462 1699 2658 1754 littera:
2692 1700 2879 1772 legalis
2905 1700 3251 1754 traditionem
3286 1698 3587 1768 pertinent,

2003 1792 2464 1860 quemadmodum
2506 1809 2616 1847 non
2650 1793 3113 1848 essetverisimile
3148 1793 3251 1847 hoc
3292 1791 3590 1862 praecipere

378 1895 516 1951 Unde
553 1896 678 1949 etin
703 1896 890 1961 vitulo,
941 1896 1040 1962 ait,
1087 1897 1258 1950 orabit
1311 1913 1407 1964 pro
1431 1912 1504 1954 se,
1534 1904 1582 1948 ει
1610 1912 1705 1962 pro
1734 1895 1888 1949 domo
1920 1877 1961 1933 Β
1999 1888 2364 1959 legislatorem
2424 1887 2889 1954 demonstremus,
2962 1888 3164 1943 deinde
3224 1887 3586 1942 intentionem

314 2005 423 2043 sua.
452 1988 682 2042 Domum
717 1989 1008 2059 Deijustos
1031 1988 1335 2059 appellans,
1376 1988 1590 2043 habitat
1644 1989 1790 2043 enim
1834 1989 1889 2043 in

310 2080 399 2141 eis,
427 2089 481 2133 et
511 2079 839 2141 inambulat,
872 2080 992 2150 Ipse
1022 2089 1107 2134 est
1150 2095 1341 2135 eorum
1375 2079 1537 2146 Deus,
1577 2089 1631 2135 et
1661 2080 1736 2134 illi
1770 2081 1891 2149 ejus

310 2169 546 2239 populus.
575 2167 978 2239 Deprecabitur
1005 2177 1062 2224 et
1095 2185 1196 2239 pro
1252 2185 1340 2234 eo,
1369 2169 1420 2224 id
1454 2177 1538 2223 est
1575 2184 1676 2239 pro
1726 2169 1889 2225 domo

309 2260 527 2330 propria:
558 2261 768 2325 carnis,
806 2277 933 2317 nam
965 2262 1068 2317 etsi
1099 2272 1375 2331 peccatum
1434 2278 1537 2314 non
1594 2262 1740 2332 fecit,
1786 2277 1891 2316 nec

308 2352 444 2406 dolus
471 2353 714 2407 iuventus
739 2365 811 2407 est
841 2354 895 2407 in
923 2370 1014 2408 ore
1043 2353 1157 2423 ejus
1186 2354 1254 2418 ⁸³,
1301 2361 1683 2408 verumtamen
1715 2353 1887 2408 Adam

307 2442 513 2499 indutus
545 2455 651 2512 est,
674 2446 770 2516 qui
808 2447 1517 2518 propitiationem,propter
1539 2447 1887 2502 maledictum

307 2535 438 2607 quod
493 2538 666 2592 semel
724 2539 967 2594 humano
1024 2539 1478 2608 superinductum
1533 2549 1619 2594 est
1676 2540 1886 2611 generi,

306 2642 431 2695 opus
451 2626 702 2683 haberet.
740 2630 882 2685 Audi
915 2646 1045 2703 ergo
1074 2630 1305 2691 Paulum
1363 2632 1432 2686 ad
1498 2630 1759 2687 Hebraeos
1819 2635 1887 2689 de

306 2719 510 2775 Christo
535 2721 663 2775 talia
700 2721 1075 2777 scribentem:
1124 2721 1229 2788 Qui
1278 2740 1384 2777 non
1436 2724 1588 2778 habet
1656 2729 1889 2797 quotidie

307 2812 674 2876 necessitatem,
716 2814 1158 2883 quemadmodum
1185 2817 1502 2881 sacerdotes,
1538 2817 1769 2885 primum
1792 2835 1888 2887 pro

305 2900 403 2954 suis
429 2901 629 2956 delictis
649 2902 855 2958 hostias
876 2904 1081 2974 oﬂ'erre,
1121 2906 1308 2960 deinde
1351 2923 1447 2977 pro
1477 2908 1688 2979 populis
1721 2924 1740 2962 :
1793 2910 1889 2963 lmc

305 2988 428 3044 enim
456 2987 572 3059 fecit
603 2990 775 3047 semel
795 3008 849 3046 se
874 2994 1134 3064 o/j'erendo
1161 2994 1228 3049 ".

367 3078 521 3137 Vens.
550 3082 706 3138 6-10.
743 3103 762 3136 ι
801 3084 1050 3156 Cumque
1095 3087 1358 3143 obtulerit
1391 3089 1646 3157 vitulum,
1672 3099 1724 3146 et
1757 3107 1884 3146 ora-

1993 1981 2300 2037 sanctionis
2338 1997 2403 2036 ex
2435 1980 2663 2051 Spiritus
2714 1982 3161 2037 consideratione
3206 1996 3584 2035 exerceamus.

1995 2073 2138 2127 Duos
2168 2088 2298 2142 ergo
2331 2074 2511 2128 hircos
2540 2085 2782 2128 statuere
2797 2089 2981 2129 coram
3004 2074 3235 2128 Domino
3257 2074 3309 2127 in
3331 2074 3473 2129 ostio
3503 2081 3586 2127 ta-

1992 2166 2274 2222 bernaculi
2308 2167 2601 2221 testimonii
2632 2168 2908 2236 prtBCEpit,
2950 2183 3060 2222 non
3091 2177 3274 2222 autem
3304 2182 3399 2221 eos
3441 2166 3587 2221 abla-

1994 2270 2146 2313 turos
2181 2274 2304 2314 esse
2334 2259 2468 2325 Deo,
2502 2261 2605 2314 hoc
2630 2267 2715 2314 est
2738 2259 2883 2313 enim
2918 2275 3101 2314 coram
3143 2258 3392 2323 Domino,
3426 2273 3495 2311 ne
3516 2259 3585 2311 ad

1991 2351 2191 2403 ostium
2219 2349 2315 2404 Dei
2331 2364 2394 2404 ea
2418 2366 2539 2419 qum
2559 2350 2776 2406 diabolo
2820 2351 3199 2415 mittebantur,
3220 2349 3313 2403 sed
3345 2360 3401 2403 et
3460 2346 3582 2401 sor;

1993 2440 2369 2507 temmittere,
2407 2456 2570 2494 unam
2620 2439 2950 2505 Domino,ct
3006 2455 3166 2493 unam
3238 2438 3585 2494 lustrationis

1992 2533 2270 2604 praecepit.
2303 2533 2359 2587 Si
2400 2540 2583 2588 autem
2625 2533 2681 2586 in
2730 2532 2964 2601 alicujus
3010 2531 3230 2602 maligni
3290 2547 3581 2601 personam

1991 2629 2336 2683 emissarium
2376 2629 2698 2698 accepisset,
2750 2641 3096 2695 nequaquam
3122 2627 3190 2680 (le
3214 2641 3300 2691 eo,
3324 2641 3448 2679 cum
3516 2641 3582 2678 co

1990 2722 2078 2791 qui
2115 2721 2208 2775 Dei
2230 2729 2369 2785 erat,
2402 2737 2522 2775 sors
2551 2720 2878 2783 mitteretur,
2908 2720 3034 2789 quia
3054 2737 3157 2776 nec
3186 2737 3309 2774 cum
3340 2719 3583 2788 quoli1.et

1991 2816 2133 2870 malo
2161 2816 2462 2885 quemlibet
2489 2815 2695 2870 bonum
2753 2824 2957 2868 sortem
3014 2814 3216 2868 habere
3268 2814 3323 2867 in
3382 2813 3583 2867 divinis

1992 2909 2293 2980 Scripturis
2332 2908 2604 2963 invenies.
2643 2906 2747 2963 Sed
2788 2908 3004 2978 quoties
3059 2923 3178 2963 sors
3240 2908 3579 2967 mittebatur.

1987 3002 2224 3071 aequales
2250 3017 2377 3055 cum
2406 3000 2710 3071 aequalibus
2752 3000 3044 3055 mittebant
3094 3010 3292 3065 sortes,
3337 3000 3478 3054 sicut
3527 3010 3583 3053 et

1990 3096 2164 3150 tribus
2196 3091 2388 3159 Israel,
2411 3094 2763 3160 dividebant;
2789 3109 2916 3148 nam
2942 3094 3165 3164 quando
3189 3110 3288 3163 pro
3322 3093 3459 3148 Juda
3512 3094 3580 3147 ad

301 3173 427 3272 verit
456 3189 553 3242 pro
587 3190 675 3240 se,
704 3184 759 3230 et
788 3192 891 3246 pro
920 3177 1085 3232 domo
1108 3193 1228 3241 sua.
1256 3180 1397 3236 duos
1417 3183 1603 3239 hircos
1626 3195 1776 3239 stare
1809 3186 1882 3240 fa-
1910 3218 1955 3276 ο
1987 3187 2352 3258 apostolatum
2384 3187 2551 3242 alium
2580 3187 2782 3258 eligere
2819 3202 3045 3241 necesse
3080 3187 3376 3250 habebant,
3415 3202 3581 3254 super

298 3262 394 3318 ciet
420 3279 601 3319 coram
630 3266 890 3332 Domino,
914 3267 971 3322 in
1010 3268 1154 3324 ostio
1185 3270 1522 3326 tabernaculi
1557 3275 1877 3339 testimonii,

298 3355 567 3427 mittetque
589 3374 766 3429 super
795 3367 1090 3431 utrumque
1113 3371 1313 3430 sortes,
1347 3380 1515 3419 unam
1540 3366 1794 3436 Domino,
1822 3379 1876 3430 et

297 3449 440 3506 aliam
463 3467 632 3522 capro
662 3453 948 3509 emissario
976 3472 988 3508 :
1023 3455 1182 3526 cujus
1212 3472 1334 3512 sors
1391 3459 1611 3527 exierit,
1645 3460 1877 3519 Domino

296 3542 476 3598 olleret
505 3545 658 3601 illum
693 3562 794 3617 pro
819 3555 1070 3617 peccato;
1099 3549 1258 3620 cujus
1310 3565 1494 3607 autem
1546 3553 1603 3608 in
1649 3570 1874 3625 caprum

296 3635 650 3705 emissarium,
676 3648 880 3695 statuet
908 3654 1035 3695 eum
1069 3642 1253 3697 vivum
1300 3659 1482 3698 coram
1522 3644 1772 3714 Domino,
1817 3658 1877 3704 ut

296 3725 472 3783 fundat
500 3746 696 3799 preces
723 3747 891 3802 super
910 3746 1035 3788 eum
1059 3744 1113 3790 et
1148 3735 1330 3790 mittat
1351 3736 1504 3791 illum
1539 3737 1596 3792 in
1627 3741 1878 3797 solitudi-

294 3832 428 3875 nem.
459 3821 554 3877 His
583 3823 692 3877 rite
712 3823 1026 3891 celebratis,
1062 3825 1259 3881 oﬂ‘eret
1305 3827 1557 3895 vitulum,
1587 3839 1643 3886 et
1676 3847 1875 3905 rogans

294 3925 381 3978 pro
410 3924 468 3967 se
497 3921 552 3969 et
576 3930 682 3986 pro
703 3915 868 3973 domo
896 3933 1015 3974 sua.
1049 3937 1069 3970 ι

355 3998 538 4057 Solent
566 4006 697 4059 caeci
726 4004 780 4059 in
814 4006 1023 4061 lumine
1055 4007 1287 4074 oﬂ'endi,
1317 4021 1374 4068 et
1392 4012 1642 4070 inﬁdeles
1662 4014 1718 4068 in
1752 4015 1871 4086 lege

293 4091 373 4147 Dei
408 4098 791 4164 scandalizari,
823 4100 970 4169 quod
1014 4099 1213 4158 Petrus
1249 4104 1452 4168 sciens,
1491 4114 1598 4160 tam
1621 4107 1690 4161 de
1718 4107 1868 4163 Pauli

289 4188 421 4242 vasis
442 4188 727 4243 electionis
755 4190 1022 4261 epistolis,
1045 4206 1209 4263 quam
1237 4194 1305 4250 de
1328 4196 1477 4249 omni
1502 4196 1689 4253 divina
1715 4195 1868 4252 Scri-

289 4290 434 4353 ptura
463 4282 601 4338 dixit
632 4299 648 4335 :
678 4283 743 4338 In
774 4285 963 4348 quibus
991 4297 1112 4339 sunt
1162 4288 1411 4357 quaedam
1445 4289 1681 4361 difficilia
1714 4291 1871 4345 intel-

287 4370 409 4429 lectu
438 4391 555 4450 qum
601 4375 804 4431 indocti
851 4385 899 4429 et
939 4376 1214 4431 instabiles
1266 4385 1581 4448 depravant,
1638 4384 1775 4437 sicut
1818 4390 1871 4439 et

286 4473 491 4518 cteteras
527 4464 860 4534 Scripturas,
897 4466 969 4521 ad
989 4483 1142 4522 suam
1167 4468 1402 4536 ipsorum
1429 4472 1781 4541 perditionem
1794 4477 1862 4530 ⁸⁵.

1987 3280 2128 3335 duos
2156 3279 2304 3336 viros
2320 3280 2558 3350 aequales
2583 3280 2901 3346 virtutibus,
2933 3279 3274 3344 etdoetrina,
3299 3277 3578 3332 Matthiam

1988 3371 2264 3432 videlicet.
2300 3380 2357 3427 et
2382 3371 2583 3441 Joseph
2607 3371 2839 3441 justum.
2884 3378 3061 3425 sortes
3094 3371 3275 3424 missae
3303 3378 3454 3435 sunt,
3503 3370 3578 3423 ita

1986 3472 2049 3519 ut
2080 3464 2306 3520 'Petrus
2356 3463 2736 3518 concionando
2793 3462 3005 3517 diceret
3037 3475 3052 3513 :
3098 3460 3193 3527 Ta,
3216 3462 3460 3527 Domine,
3487 3463 3580 3531 qui

1986 3555 2144 3608 corda
2169 3555 2323 3607 nosti'
2351 3555 2610 3617 omnium,
2670 3553 2881 3607 ostende
2926 3569 3078 3623 quem
3121 3551 3335 3623 elegeris
3378 3568 3442 3606 ea:
3497 3553 3581 3609 Itis

1984 3645 2206 3710 duobus,
2238 3646 2475 3714 accipere
2505 3643 2678 3698 locum
2707 3643 2989 3698 ministerii
3016 3643 3199 3713 hujus,
3230 3653 3278 3697 et
3302 3643 3577 3713 apostola-

1985 3748 2068 3792 tus
2090 3738 2155 3791 ⁵³.
2188 3737 2308 3791 Non
2338 3737 2514 3792 solum
2537 3746 2720 3793 autem
2758 3745 3054 3807 antequam
3113 3752 3236 3790 sors
3264 3737 3583 3795 mitteretur

1983 3829 2037 3882 in
2063 3830 2201 3883 duos
2232 3828 2434 3895 hircos,
2457 3843 2641 3883 coram
2666 3828 2896 3883 Domino
2917 3844 3012 3883 eos
3033 3828 3149 3883 sisti
3176 3829 3454 3898 praecepit,
3478 3829 3579 3887 sed

1982 3931 2037 3976 et
2073 3923 2223 3980 illum
2248 3921 2310 3975 in
2341 3935 2453 3990 quo
2503 3935 2624 3975 sors
2681 3920 2994 3975 emissionis
3026 3906 3221 3986 dvenit,
3282 3929 3577 3990 postquam

1980 4002 2172 4068 eadem
2217 4028 2336 4068 sors
2385 4027 2550 4083 super
2579 4027 2707 4066 eum
2761 4012 3046 4076 ceciderit,
3087 3998 3164 4066 'et
3215 4011 3573 4066 manifestum

1978 4106 2148 4160 fuerit
2176 4105 2342 4160 statui
2374 4121 2560 4161 coram
2593 4105 2824 4159 Domino
2862 4106 3123 4175 praecepit
3152 4114 3207 4159 et
3238 4104 3449 4160 ell'undi
3472 4120 3568 4159 su.

1978 4215 2078 4270 per
2107 4215 2175 4254 eo
2207 4214 2421 4269 preces.
2452 4198 2741 4265 Quomodo
2780 4213 2912 4269 ergo
2951 4198 3042 4267 qui
3067 4207 3198 4252 ante
3230 4197 3426 4252 faciem
3465 4197 3566 4253 Dei

1978 4301 2216 4349 statutus
2238 4301 2342 4358 est,
2366 4292 2528 4362 eique
2559 4292 2799 4362 quodam
2851 4292 3014 4347 modo
3044 4301 3425 4357 consecratus,
3451 4290 3571 4359 ipse

1978 4403 2170 4443 rursus
2203 4386 2426 4442 diabolo
2458 4384 2731 4441 mittitur?
2764 4384 2863 4440 Vel
2904 4401 3014 4456 quo
3080 4386 3244 4440 modo
3300 4384 3572 4455 propitia-

1978 4480 2181 4535 tionem
2218 4489 2590 4550 peccatorum,
2627 4480 2731 4534 hoc
2763 4479 2911 4550 quod
2938 4478 3130 4548 iniquo
3149 4477 3566 4542 transmittitur,

289 4548 390 4608 lloc
429 4563 484 4609 et
507 4570 657 4611 nunc
685 4555 991 4626 patiuntur,
1014 4557 1104 4626 qui
1128 4559 1195 4613 ad
1223 4572 1380 4613 suam
1417 4561 1780 4630 voluntatem,
1805 4578 1863 4621 et
1900 4580 1943 4635 ι)
1975 4548 2303 4627 sacriﬁcium
2336 4570 2582 4643 peragit?
2619 4570 2676 4624 Si
2704 4548 2849 4625 enim
2879 4571 2999 4641 ejus
3029 4569 3264 4624 intentio
3287 4578 3373 4622 est
3396 4568 3566 4622 etiam

286 4657 385 4697 non
414 4646 479 4701 ad
521 4662 706 4702 veram
742 4647 1106 4706 intentionem
1167 4651 1481 4723 intelligunt
1534 4657 1708 4728 legem
1744 4659 1860 4726 Dei,

286 4742 336 4786 et
359 4737 572 4792 noxium
605 4738 802 4795 animm
844 4755 909 4794 ac
945 4741 1294 4811 pestilentem
1321 4744 1594 4803 idolorum
1645 4751 1860 4806 cultum

286 4828 605 4922 constituere
658 4847 725 4885 ex
776 4832 884 4899 bis,
931 4848 1052 4904 qua:
1083 4836 1227 4890 dicta
1287 4848 1419 4922 sunt
1458 4854 1489 4895 a
1528 4841 1857 4913 legislature,

287 4912 509 4975 inaniter
539 4920 802 4990 cogitant.
830 4921 966 4977 Nam
1025 4924 1219 4980 dicunt
1248 4942 1260 4977 :
1295 4910 1472 4997 Super
1494 4930 1632 4986 duos
1675 4910 1860 4991 hircos

287 5005 364 5063 lex
392 5024 589 5068 sortem
617 5016 759 5072 mitti
789 5020 1069 5090 praecepit,
1128 5037 1297 5077 unum
1337 5024 1591 5095 Domino,
1623 5030 1857 5088 alterum

287 5108 457 5159 autem
472 5107 538 5161 ad
554 5108 904 5166 emissionem
934 5117 1176 5183 separari
1206 5120 1481 5189 praecepit.
1506 5120 1858 5180 Emissarium

287 5203 455 5250 autem
483 5201 1074 5270 appellantdiabolum,
1126 5216 1185 5261 ut
1225 5225 1288 5264 ex
1359 5212 1462 5266 hoc
1511 5217 1858 5272 occasionem

288 5287 547 5353 pra-beant
572 5294 637 5347 ad
668 5294 957 5350 colendum
1011 5299 1306 5369 malignum
1343 5302 1396 5356 in
1430 5311 1641 5360 tantum
1695 5325 1857 5364 aures

1967 4663 2146 4733 justos
2180 4673 2497 4733 peccatores
2546 4661 2786 4728 edicere,
2851 4661 3128 4733 quomodo
3181 4660 3566 4730 peccatoribus

1970 4755 2418 4826 propitiationem
2443 4764 2662 4825 poterat
2692 4753 3027 4824 proﬂigare?
3061 4751 3348 4819 Quomodo
3376 4762 3563 4806 autem

1969 4849 2016 4902 is
2050 4849 2166 4918 ipse
2192 4858 2465 4919 peccator,
2495 4849 2565 4904 de
2595 4864 2706 4919 quo
2731 4848 2807 4903 ait
2836 4846 3005 4902 David
3037 4864 3051 4899 :
3081 4844 3350 4901 Constitue
3380 4861 3568 4913 pecca-

1970 4951 2135 4995 torem
2156 4943 2405 4996 adversus
2428 4958 2569 5008 eum,
2593 4952 2641 4996 et
2668 4942 2913 4996 diabolus
2941 4951 3042 4996 stet
3065 4960 3100 4996 a
3134 4942 3336 4996 dextris
3360 4940 3475 5010 ejus
3493 4941 3561 5002 ⁸⁸,

1970 5034 2420 5103 propitiationem
2451 5042 2633 5104 potest
2664 5034 2995 5103 conquirere
3043 5034 3444 5104 peccatorum?
3476 5048 3563 5086 so-

1970 5124 2076 5178 lius
2104 5125 2310 5195 quippe
2336 5125 2441 5179 hoc
2469 5125 2558 5180 Dei
2582 5133 2685 5187 est.
2719 5125 2788 5179 ad
2818 5140 2986 5195 quem
3022 5126 3189 5181 David
3217 5125 3458 5188 dicebat,
3492 5124 3563 5178 Et

1970 5216 2262 5285 propitiare
2282 5229 2495 5286 peccato
2530 5235 2663 5283 meo,
2729 5220 3000 5287 copiosum
3053 5227 3129 5272 est
3180 5218 3318 5271 enim
3342 5216 3409 5270 ⁸ο.
3465 5216 3561 5269 llis

1968 5324 2097 5379 ergo
2136 5310 2208 5363 ita
2227 5324 2287 5364 se
2318 5310 2666 5374 habentibus,
2724 5316 2782 5364 et
2812 5310 3056 5378 undique
3087 5309 3393 5380 incongruo
3456 5308 3561 5361 hoc

286 5377 609 5450 obturantes,
648 5386 791 5440 etin
847 5394 1058 5443 tantum
1127 5405 1308 5448 mente
1359 5397 1508 5452 ca'ci.
1568 5398 1855 5464 Quomodo

286 5479 402 5563 ergo
434 5472 626 5529 habeat
691 5479 979 5544 rationem,
1036 5482 1180 5538 haud
1237 5488 1501 5544 credibile
1547 5501 1652 5556 est,
1708 5498 1852 5563 quod

289 5555 418 5614 Deus
446 5562 555 5633 ipse
578 5570 905 5625 sacriﬁcium
934 5573 1153 5628 diabolo
1184 5576 1368 5633 olierri
1399 5555 1739 5653 praecipiat;
1757 5589 1848 5656 qui

1965 5411 2190 5457 ostenso
2210 5403 2486 5458 intellectu
2513 5418 2623 5457 non
2654 5403 2969 5473 ignoremus
2997 5417 3116 5463 nos,
3145 5402 3274 5470 quia
3306 5400 3373 5454 de
3398 5399 3560 5453 Chri-

1964 5497 2030 5551 sti
2065 5482 2333 5552 sacrilicio
2394 5498 2579 5568 procul
2613 5497 2793 5551 dubio-
2814 5494 3047 5549 maxime
3110 5495 3227 5548 haec
3280 5492 3560 5563 legislator

1961 5589 2173 5643 dixerit.
2251 5588 2402 5643 Umle
2444 5589 2656 5643 aestimo
2711 5588 2838 5640 mali
2888 5585 3202 5641 intellectus
3287 5582 3553 5638 zizaniam

453 5769 590 5827 Petr.
637 5794 696 5841 η,
738 5778 828 5834 22.

942 5782 989 5813 ⁵⁵
1019 5781 1182 5840 Hebr.
1226 5802 1316 5848 vn,
1342 5789 1432 5842 ‘27.

288 5845 340 5891 ιι.
366 5836 450 5893 24.

558 5843 605 5875 ’θ
634 5848 777 5907 Psal.
814 5866 966 5919 cvm,
1010 5853 1063 5911 5.

1548 5791 1591 5820 ”
1629 5792 1665 5845 ll
1694 5794 1838 5850 Patr.
1871 5812 1879 5850 ι

1987 5798 2065 5853 l6.
2180 5798 2224 5827 δα
2256 5796 2428 5855 EvoJ.
2466 5814 2555 5859 xx,
2580 5796 2632 5849 3.
2713 5792 2911 5850 “Psal
2962 5809 3119 5859 Lxxx,
3164 5794 3248 5850 10.
3335 5795 3379 5825 ⁵⁸
3420 5794 3541 5849 Act.

2713 5792 2911 5850 “Psal
2962 5809 3119 5861 Lxxx,
3164 5794 3248 5850 10.

1175 5855 1219 5886 ⁶⁰
1262 5858 1404 5913 l’sal.
1440 5877 1584 5927 χειν,
1622 5864 1704 5924 Η.

2180 5798 2224 5827 ⁵¹²
2256 5796 2428 5855 EvoJ.
2466 5814 2555 5865 xx,
2580 5796 2632 5849 3.
