3992 6398
412 307 510 377 991

1613 314 1975 376 IIESYCIIII
2010 311 2482 372 PRESBYTERI

3578 313 3687 377 992

410 432 774 487 disseminare
798 432 1003 488 inimici
1031 434 1276 489 veritatis
1304 435 1512 498 volunt,
1546 432 1727 503 glorim
1747 429 1988 502 mysterii
2024 432 2067 485 A
2167 428 2536 496 Caprumvcro
2564 444 2721 498 super
2748 447 2900 499 quem
2951 431 3145 484 venerit
3210 428 3507 484 emissionis
3548 446 3679 497 sors,

412 523 742 590 invidentes,
772 526 1093 595 clarumque
1144 527 1263 595 eius
1328 526 1701 581 testimonium
1752 541 1816 579 ex
1874 524 1994 594 lege

411 615 825 671 considerantes
858 617 1019 685 :quia
1051 617 1196 671 enim
1249 616 1413 682 Deus,
1447 626 1502 670 et
1537 617 1700 669 homo
1728 624 1866 678 erat,
1899 614 1993 684 qui

412 722 511 776 pro
529 707 687 761 nobis
710 708 1025 763 incarnatus
1049 720 1130 762 est
1155 709 1405 763 Christus
1447 709 1630 769 Jesus.
1684 707 1995 777 impassibi-

410 797 517 851 lem
535 798 874 854 divinitatem
893 801 1225 863 custodiens,
1281 802 1449 855 solam
1477 800 1836 870 passionibus
1893 800 1996 855 hu-

413 891 733 944 manitatem
764 893 1013 960 praebuit,
1048 891 1275 946 eﬂ'ectus
1340 902 1521 946 autem
1550 892 1822 962 passionis
1851 892 1992 960 ejus,

414 980 467 1034 id
496 990 579 1035 est
607 990 789 1035 nostra
819 981 1154 1050 propitiatio,
1181 998 1290 1035 non
1322 982 1497 1035 solum
1562 998 1736 1051 passze
1786 983 1994 1043 carnis,

414 1070 510 1125 sed
547 1071 719 1124 multo
748 1073 921 1140 magis
956 1072 1306 1141 impassibilis
1330 1072 1631 1126 divinitatis
1663 1072 1788 1136 fuit,
1851 1074 1998 1142 quod

414 1171 650 1217 testatur
677 1162 899 1223 Paulus.
934 1164 1167 1218 dicens:
1217 1162 1319 1228 Qui
1369 1181 1487 1217 cum
1550 1174 1682 1218 esset
1755 1165 2003 1234 splendor

414 1254 616 1325 glorias,
646 1265 695 1308 et
717 1255 890 1327 ﬁgura
925 1257 1232 1311 substantia:
1276 1257 1411 1326 ejus.
1473 1267 1789 1327 portansque
1824 1259 2002 1311 omnia

415 1345 566 1398 rerbo
596 1347 807 1400 virtutis
830 1363 941 1399 sua:
974 1348 1041 1400 ".
1080 1346 1472 1401 Demonstrans
1504 1356 1685 1402 autem
1717 1350 1861 1418 quod
1889 1350 2005 1403 hinc

414 1435 600 1490 omnia
629 1437 696 1488 de
726 1434 1004 1505 Unigcniti
1066 1435 1354 1489 divinitate
1399 1436 1671 1500 dicantur,
1706 1436 1951 1490 subdidit
1987 1452 2000 1487 :

420 1525 797 1593 Purgationem
830 1535 1160 1594 peccatorum
1216 1526 1432 1595 faciens,
1457 1526 1597 1579 sedet
1625 1526 1696 1578 ad
1735 1525 2007 1579 dexteram

423 1617 723 1686 majestatis
753 1618 807 1670 in
833 1618 1052 1670 ea'celsis
1097 1619 1165 1682 ⁶¹,
1199 1618 1300 1686 ipsi
1340 1618 1472 1683 Deo,
1523 1619 1691 1673 verbo
1733 1618 1893 1672 etiam
1943 1633 2006 1671 ea

423 1725 543 1778 qua:
575 1711 791 1778 proprie
822 1711 940 1777 eius
962 1720 1118 1764 erant
1150 1712 1353 1775 carnis,
1389 1713 1753 1781 conjungens.
1782 1713 1840 1768 Si
1874 1730 2005 1780 ergo

425 1801 541 1853 haec
572 1812 697 1868 apte
736 1800 878 1854 dicta
905 1809 1052 1865 sunt,
1076 1811 1365 1870 prepterea
1407 1788 1516 1857 duo
1539 1805 2005 1869 sumunturhirci,

423 1898 482 1944 et
517 1899 834 1944 statuuntur
862 1906 1047 1946 coram
1084 1894 1335 1957 Domino,
1371 1894 1423 1946 in
1479 1895 1622 1948 ostio
1666 1895 2007 1948 tabernaculi

424 1982 744 2045 testimonii,
784 1990 844 2035 ut
868 1983 932 2034 ad
963 1982 1251 2053 imaginem
1305 1983 1509 2037 Christi
1548 1985 1665 2038 hinc
1698 1984 1750 2037 in
1779 1985 1856 2038 eis
1880 2000 2008 2053 age-

424 2082 632 2126 rentur.
671 2073 791 2141 Ipse
821 2082 902 2126 est
931 2074 1076 2127 cnim
1106 2076 1308 2128 ostium
1328 2090 1537 2140 verum,
1558 2076 1703 2145 quod
1725 2077 1789 2129 ad
1810 2078 2010 2130 ostium

425 2165 761 2219 tabernaculi
795 2165 1114 2226 testimonii,
1148 2168 1293 2236 quod
1335 2177 1418 2221 est
1447 2169 1500 2221 in
1527 2168 1700 2232 curiis,
1740 2168 1908 2223 ducit.
1948 2168 2011 2223 Et

425 2259 587 2313 mittit
607 2260 785 2314 Aaron
819 2277 985 2329 super
1015 2270 1309 2330 utrumque
1341 2262 1555 2315 hircum
1580 2272 1808 2326 sortem,
1837 2278 2009 2316 unum

423 2351 661 2419 qu'dem.
698 2360 757 2405 ut
788 2354 987 2406 virtute
1026 2361 1079 2406 ct
1128 2352 1525 2422 signiﬁcatione
1574 2355 1805 2408 sortium
1845 2354 2011 2408 dividi

423 2441 893 2511 dispensationem
948 2443 1253 2497 divinitatis
1310 2444 1511 2497 Christi
1551 2452 1607 2497 et
1660 2444 2015 2498 humanitatis

423 2532 815 2603 intelligamus.
852 2534 1025 2588 υἱιΗί
1059 2551 1208 2601 vero,
1242 2544 1351 2588 tam
1403 2536 1530 2589 huic
1561 2552 1725 2605 quam
1764 2537 1840 2590 illi
1886 2544 2019 2589 sunt

426 2625 667 2694 propria,
709 2635 770 2679 ut
801 2627 917 2681 inec.
934 2628 1153 2696 quidem
1184 2629 1442 2696 patiatur,
1460 2628 1548 2680 illa
1579 2638 1762 2682 autem
1797 2630 2019 2681 confor-

429 2725 511 2770 tet
543 2718 862 2785 patientem,
891 2728 946 2771 et
978 2734 1073 2787 per
1092 2720 1372 2788 passiones
1405 2735 1525 2789 quae
1571 2720 1625 2772 in
1699 2735 1761 2773 ea
1823 2736 2020 2790 cpera-

429 2805 663 2873 bantur;
685 2816 793 2861 tam
826 2809 1117 2863 contrariie
1145 2809 1303 2864 nobis
1360 2810 1780 2865 moderarentur
1812 2814 2022 2881 passio-

431 2908 555 2959 nes,
599 2911 762 2964 quam
833 2914 985 2950 suam
1049 2899 1429 2952 manifestaret
1505 2901 2018 2971 impassibilitatem.

435 2986 642 3040 Deinde
669 2998 873 3042 sortem
898 3004 1082 3054 unam,
1122 2990 1219 3052 ait,
1267 2990 1517 3055 Domino,
1552 3003 1606 3045 ct
1635 2993 1799 3046 aliam
1855 3009 2023 3063 capro

2097 529 2293 575 statuet
2324 522 2493 576 vivum
2513 533 2635 576 ante
2656 523 2930 576 dominum
2956 564 2971 588 ,
3010 534 3066 576 ut
3121 525 3310 593 fundat
3328 538 3506 591 preces
3529 538 3689 593 super

2097 629 2176 667 eo.
2208 614 2343 680 Quia
2374 616 2517 668 enim
2535 623 2737 669 sortem
2771 616 3044 669 emissarii
3075 616 3311 670 diximus
3341 616 3572 687 ﬁgurate
3599 630 3689 669 re~

2102 705 2226 759 ferri
2252 706 2318 759 ad
2349 689 2554 760 Cliristi
2584 707 2951 771 divinitatem,
3013 714 3215 760 statuet
3270 707 3415 760 hanc
3479 707 3689 771 vivam,

2101 798 2494 867 impassibilem
2538 799 2879 862 custodiens,
2933 806 2993 853 ut
3024 813 3122 869 per
3163 813 3285 852 eam
3334 798 3688 867 deprecetur.

2100 887 2272 943 Nemo
2314 890 2460 943 enim
2509 898 2690 959 potest
2736 889 3014 944 dimittere
3072 897 3315 956 peccata,
3369 888 3482 943 nisi
3543 888 3698 942 solus

2108 980 2268 1034 Deus.
2313 979 2549 1034 Dimittit
2570 988 2752 1034 autem
2781 996 2907 1034 eum
2949 980 3013 1033 in
3046 978 3362 1043 solitudine,
3414 986 3492 1042 et,
3552 978 3700 1031 sicut

2105 1071 2256 1126 aiunt
2286 1070 2451 1135 LVX,
2482 1070 2709 1140 portabit
2742 1070 2918 1122 hircus
2952 1084 3110 1136 super
3140 1085 3196 1122 se
3219 1069 3436 1122 nomina
3489 1082 3699 1131 eorum,

2104 1166 2158 1218 iu
2194 1174 2389 1218 terram
2413 1162 2739 1224 solitariam.
2770 1161 2885 1216 sive
2910 1162 3129 1215 inviam.
3165 1160 3446 1214 Desertam
3469 1172 3700 1221 terram,

2106 1265 2162 1310 et
2194 1255 2512 1320 solitariam,
2547 1254 2662 1308 sive
2696 1254 2895 1307 inviam
2963 1252 3276 1307 nullatenus
3313 1250 3704 1304 existimemus

2107 1364 2255 1401 lltlllc
2289 1348 2341 1401 in
2370 1347 2614 1416 quolibet
2644 1346 2787 1400 malo
2822 1354 3081 1414 oportere
3120 1344 3323 1413 accipi,
3387 1357 3575 1412 neque
3605 1355 3706 1410 per

2111 1442 2213 1494 hoc
2249 1441 2460 1508 piorum
2486 1454 2667 1503 aures,
2697 1438 2751 1491 hi
2778 1437 2869 1507 qui
2901 1437 2967 1491 ad
3013 1436 3350 1505 impietatem
3380 1436 3557 1505 legem
3593 1441 3709 1487 tra—

2108 1532 2268 1596 hunt,
2308 1531 2657 1585 conturbent.
2697 1530 2977 1583 Desertam
3024 1529 3173 1581 enim
3215 1543 3245 1581 a
3278 1526 3421 1580 man
3443 1524 3600 1589 dicit,
3649 1533 3714 1579 et

2111 1622 2433 1685 solitariam,
2466 1619 2582 1673 sive
2612 1620 2841 1683 inviam,
2876 1635 2997 1689 qua:
3023 1619 3092 1673 ab
3137 1618 3575 1688 intelligibilihus
3601 1617 3715 1670 bo-

2112 1715 2287 1769 stibus
2308 1712 2575 1766 ambulari
2604 1727 2714 1764 non
2748 1720 2951 1779 potest,
2983 1710 3036 1763 in
3062 1726 3169 1779 qua
3194 1708 3338 1764 Deus
3366 1708 3599 1771 habitat,
3654 1715 3716 1760 et

2111 1814 2358 1876 apparet,
2380 1805 2524 1874 quod
2548 1802 2861 1857 manifestat
2895 1803 3059 1856 David
3081 1802 3276 1856 dicens
3309 1820 3322 1854 :
3386 1800 3527 1853 Deus
3564 1800 3717 1853 Deus

2116 1915 2281 1958 meus,
2314 1901 2383 1951 ad
2424 1906 2472 1949 te
2494 1897 2555 1950 de
2574 1896 2688 1949 luce
2717 1894 2897 1966 vigilo.
2942 1893 3118 1949 Sitit-it
3141 1894 3193 1946 in
3247 1892 3513 1946 te’anima
3562 1907 3718 1954 mea,

2114 2006 2273 2060 quam
2322 1988 2687 2056 multipliciter
2712 1988 2806 2040 tibi
2837 2003 2963 2040 caro
3000 2001 3138 2040 mea.
3192 1984 3253 2039 In
3297 1984 3524 2047 deserto,
3565 1993 3613 2037 et
3652 1984 3719 2036 in

2113 2083 2272 2145 invio,
2299 2092 2347 2134 ct
2377 2082 2652 2152 inaquoso,
2684 2081 2758 2134 sic
2792 2080 2847 2132 in
2886 2087 3069 2133 sancto
3094 2078 3324 2146 apparui
3346 2076 3461 2138 tibi,
3487 2085 3542 2128 ut
3564 2075 3719 2129 vide-

2118 2189 2224 2225 rem
2250 2174 2491 2226 virtutem
2524 2181 2690 2229 tuam.
2716 2182 2763 2225 et
2791 2172 3017 2242 gloriam
3052 2181 3199 2223 tuam
3241 2169 3308 2223 ⁸³.
3351 2170 3491 2238 Ergo
3517 2167 3722 2223 deser-

2119 2274 2231 2319 tum
2254 2273 2309 2317 et
2329 2263 2557 2327 invium,
2578 2271 2828 2317 sanctum
2862 2270 2966 2325 est,
2989 2269 3046 2315 et
3075 2260 3259 2314 Sancti
3285 2269 3595 2315 sanctorum
3617 2260 3737 2311 ha-

2118 2357 2436 2419 bitaculum,
2465 2356 2555 2408 ubi
2590 2356 2643 2409 in
2677 2356 2844 2410 caelos
2878 2354 3131 2409 divinitas
3157 2363 3404 2423 tempore
3442 2351 3727 2422 passionis

2120 2450 2321 2503 abiisse
2357 2448 2580 2513 dicitur,
2613 2462 2725 2501 non
2756 2447 2824 2499 de
2854 2446 2973 2500 loco
3010 2446 3078 2499 ad
3105 2446 3284 2499 locum
3322 2444 3583 2514 migrans,
3614 2442 3724 2497 sed

2120 2541 2388 2597 cohibens
2423 2539 2698 2609 propriam
2732 2538 2991 2592 virtutem
3032 2551 3097 2592 ex
3133 2536 3499 2594 humanitate.
3526 2543 3584 2587 ut
3612 2533 3726 2586 da-

2128 2643 2213 2686 ret
2244 2632 2482 2701 spatium
2511 2630 2776 2700 passioni,
2806 2630 2864 2682 in
2916 2629 3035 2683 loco
3083 2627 3251 2698 digno
3304 2626 3431 2691 sibi,
3491 2625 3544 2679 in
3586 2624 3727 2679 sinu

2125 2725 2301 2778 Patris
2336 2722 2589 2776 videlicet
2616 2736 2868 2775 manens.
2899 2719 2982 2773 Ad
3009 2735 3133 2788 quae
3157 2719 3339 2771 nullus
3357 2715 3726 2779 acc«dit,nisi

2126 2817 2244 2886 ipse
2279 2827 2327 2869 et
2365 2824 2589 2869 sanctus
2621 2813 2880 2883 Spiritus,
2905 2821 2961 2866 et
2988 2810 3115 2881 quia
3149 2810 3267 2879 ipse
3314 2810 3368 2863 in
3416 2809 3577 2863 Patre
3607 2817 3725 2869 est,

2127 2920 2174 2962 et
2212 2908 2448 2977 Spiritus
2468 2915 2713 2970 sanctus,
2735 2905 2878 2958 sicut
2907 2902 3239 2973 evangelicis
3263 2900 3556 2956 didicimus
3598 2898 3724 2953 Lit-

2129 3002 2280 3066 toris,
2313 3014 2441 3068 ergo
2474 2999 2645 3063 abire,
2683 2997 2944 3051 cohibere
2989 2995 3251 3065 intellige.
3283 2993 3376 3047 Sic
3409 2993 3555 3047 enim
3575 2990 3727 3045 Deus

431 3078 741 3145 emissario,
772 3095 883 3133 non
915 3080 1006 3134 alii
1046 3073 1148 3135 nisi
1171 3082 1406 3144 Christo,
1434 3084 1574 3137 sicut
1604 3086 1859 3154 superius
1881 3087 2023 3140 dixi—
2054 3104 2096 3160 ο
2132 3094 2303 3157 abire,
2330 3092 2419 3161 qui
2452 3090 2654 3160 ubique
2686 3104 2929 3160 praesens
2976 3096 3080 3149 est,
3120 3102 3243 3140 cum
3306 3100 3459 3138 suam
3500 3082 3728 3137 cohibet

432 3185 577 3246 mus.
606 3170 660 3224 Si
686 3171 910 3225 inimico
926 3173 1141 3226 cuidam
1190 3182 1246 3227 et
1297 3174 1533 3244 maligno
1575 3192 1694 3230 sors
1719 3186 1813 3231 aut
1842 3178 2029 3234 hircus

434 3263 681 3318 daretur.
708 3279 814 3316 non
847 3268 1135 3317 sortiretur
1169 3282 1292 3318 cum
1324 3266 1454 3323 Deo.
1490 3268 1583 3321 sed
1609 3284 1710 3321 nec
1733 3269 1799 3323 ad
1824 3269 2025 3323 ostiu-n

437 3357 774 3408 tabernaculi
796 3358 1092 3411 testimonii
1122 3359 1505 3424 deduceretur,
1534 3377 1637 3414 nec
1656 3378 1844 3432 preces
1865 3379 2033 3432 Sllpct’

437 3462 563 3500 etim
591 3446 975 3513 l‘umlcrcntur,
1021 3449 1108 3501 vel
1156 3450 1472 3519 propitiatio
1525 3452 1578 3504 in
1636 3468 1701 3506 co
1753 3466 2026 3523 ageretur.

439 3540 618 3609 (Zapcr
656 3556 782 3611 ergo
812 3541 1149 3599 emissarius.
1209 3551 1398 3611 utpote
1449 3545 1539 3613 qui
1568 3526 1805 3601 emissus
1833 3558 1916 3601 est
1976 3557 2032 3602 et

439 3632 900 3694 noniunnolatnr,
928 3634 1145 3687 dicitur.
1180 3633 1351 3702 Cujus
1393 3646 1572 3689 autem
1610 3637 1684 3690 rei
1710 3640 1880 3707 gratia
1918 3654 2030 3692 non

441 3724 777 3787 ienuiolatur,
799 3725 888 3792 qui
916 3725 978 3777 ad
1008 3724 1386 3792 ;on/irmatum
1421 3725 1718 3794 deputatus
1748 3730 1853 3791 est,
1886 3728 2031 3782 sicut

440 3818 633 3885 Aquila
661 3818 863 3871 edidit?
885 3818 1006 3886 quis
1032 3828 1217 3873 autem
1245 3819 1314 3873 sit
1343 3818 1696 3873 confirmatus
1720 3819 1832 3874 sive
1851 3820 2026 3885 fortis,

441 3909 567 3963 audi
605 3908 707 3963 Job
742 3909 1011 3975 dicentem
1047 3928 1059 3961 :
1086 3909 1225 3976 Scio,
1262 3912 1386 3980 quia
1414 3923 1595 3979 potens
1621 3929 1696 3975 es,
1723 3921 1772 3965 et
1803 3912 1951 3966 nulla
1983 3923 2030 3967 te

443 4004 573 4058 latet
611 4004 858 4072 cogitatio
893 4004 960 4057 θη.
1005 4004 1144 4057 Audi
1193 4012 1248 4058 et
1310 4004 1476 4058 David
1515 4022 1529 4057 :
1602 4005 2030 4060 Firmamentum

443 4104 518 4148 est
547 4093 799 4147 Dominus
831 4095 1134 4148 timentibus
1164 4111 1281 4148 cum
1313 4095 1376 4150 εδ.
1414 4097 1572 4165 Ergo,
1631 4110 1738 4149 una
1808 4096 2029 4165 quidem

444 4197 564 4236 sors
617 4182 909 4237 immolata
964 4182 1117 4236 carni
1176 4181 1409 4247 Christi,
1455 4198 1726 4251 quaecum
1762 4184 1913 4238 unita
1963 4185 2034 4237 sit

449 4276 558 4329 Deo
586 4275 785 4340 Verbo,
816 4286 964 4331 recte
996 4276 1259 4329 Dominus
1287 4276 1622 4329 nominatur.
1646 4274 1875 4344 Propter
1893 4277 2037 4345 quod

449 4368 645 4423 Paulus
669 4370 775 4423 ait:
808 4369 866 4424 Si
897 4384 1019 4440 ergo
1048 4369 1426 4438 cognovissent,
1460 4384 1732 4438 nunquam
1758 4368 2038 4422 Dominum

448 4461 628 4532 gloria:
709 4462 1090 4531 cruci/“txicsent
1119 4463 1183 4516 ⁸⁵.

450 4555 631 4608 Deitas
660 4555 947 4624 accipitur.

521 4645 946 4717 Sortisubjiciet.
1011 4646 1143 4701 Sors
1191 4648 1292 4701 ista
1324 4646 1380 4699 in
1432 4646 1534 4699 hac
1563 4646 1867 4714 a:-cipitur:
1923 4648 2039 4701 haec

453 4738 597 4791 enim
625 4740 808 4792 omnia
825 4739 1102 4801 obtinens,
1135 4740 1299 4793 etiam
1346 4738 1619 4808 propriam
1657 4754 1881 4793 carnem
1912 4755 2038 4809 pas-

453 4829 607 4884 sione
656 4839 805 4884 recte
861 4832 1224 4886 conﬁrmavit.
1276 4831 1568 4900 Propterea
1620 4832 1815 4886 olferet
1856 4832 2040 4887 Aaron

454 4938 701 4990 caprum,
736 4923 925 4992 inquo
960 4925 1174 4978 venerit
1215 4925 1264 4978 ei
1290 4940 1410 4979 sors
1459 4924 1707 4989 Dmnino,
1749 4932 1803 4978 et
1850 4925 2046 4979 oll‘errt

456 5031 580 5068 cum
609 5031 706 5084 pro
733 5024 977 5085 peccato.
1007 5017 1367 5087 lntelligibilis
1424 5017 1569 5071 enim
1634 5018 1839 5079 Aaron,
1875 5017 1920 5071 is
1951 5018 2045 5087 qui

456 5107 762 5163 sacerdotio
793 5116 984 5161 nostro
1027 5117 1243 5178 praeest.
1307 5109 1375 5163 de
1424 5124 1535 5177 quo
1600 5108 1800 5163 Paulus
1866 5109 2041 5163 dicit:

457 5200 604 5256 Sicut
630 5200 924 5257 Aaron.sic
953 5212 1002 5254 et
1042 5201 1278 5255 Christus
1319 5202 1656 5269 sentetipsum
1707 5200 2040 5271 gloriﬁcarit,

460 5303 512 5345 ut
545 5294 788 5346 sacerdos
819 5292 965 5360 ﬁeret
1002 5293 1067 5345 ⁵⁸.
1103 5292 1198 5347 llic
1225 5309 1377 5348 suam
1406 5307 1626 5346 carnem
1659 5291 1854 5345 olIerct
1880 5292 2043 5358 Patri,

461 5395 513 5439 rt
547 5386 598 5437 in
624 5386 740 5455 ipsa
769 5384 965 5439 olleret
990 5401 1087 5454 pro
1113 5394 1361 5454 peccato,
1403 5385 1471 5439 de
1521 5401 1629 5453 qua
1693 5385 1896 5439 Paulus
1944 5386 2047 5437 lle-

463 5479 622 5531 hraris
662 5479 883 5548 scripsit
918 5495 931 5532 :
969 5478 1065 5532 llic
1097 5496 1257 5531 uuam
1282 5495 1377 5548 pro
1422 5487 1635 5546 peccato
1685 5477 1903 5547 offerens
1955 5479 2048 5530 L’O-

465 5572 645 5634 διέστη,
681 5573 735 5623 in
765 5583 1073 5640 perpetuum
1107 5573 1246 5625 sedet
1286 5573 1339 5623 in
1368 5572 1554 5624 dextra
1580 5571 1673 5624 Dei
1703 5571 1766 5624 ⁸⁷.

538 5713 580 5742 ³η
615 5712 774 5766 Hebr.
812 5730 848 5775 ι,
884 5715 935 5767 5.
1051 5716 1094 5744 ⁸⁸
1128 5713 1262 5767 ibid.

474 5781 560 5836 1'2.
636 5783 681 5813 “
713 5784 851 5837 l'sd.
883 5800 1017 5846 Lm,
1056 5784 1169 5838 1-5.

1380 5714 1422 5743 ⁸³
1445 5712 1547 5765 .lo'h
1580 5730 1707 5769 XLII.
1738 5714 1784 5766 3.

1247 5785 1289 5817 “
1370 5783 1525 5838 Deut.
1569 5801 1639 5848 tv,
1660 5784 1749 5838 “ti.

1905 5712 1949 5741 ⁸⁵
1976 5710 2117 5764 Psal.
2155 5724 2295 5763 sstv.
2336 5707 2418 5759 Η.

1830 5785 1871 5813 το
1902 5781 2094 5836 Matth.
2137 5796 2224 5842 xv,
2257 5777 2350 5830 25.

2130 3184 2531 3255 operationem,
2568 3182 2790 3235 dicitur.
2827 3179 3015 3234 Portat
3057 3178 3225 3233 etiam
3266 3176 3589 3245 iniquitates
3615 3189 3727 3227 no-

2132 3288 2293 3339 stras,
2325 3276 2451 3345 quia
2489 3274 2629 3345 ignis
2658 3273 2937 3343 preprinm
2972 3278 3059 3325 est
3096 3269 3728 3330 lenumconsumere,ct

2130 3366 2432 3419 divinitatis
2463 3373 2748 3433 peccatum
2783 3362 3076 3432 perimere,
3127 3358 3271 3414 unde
3303 3365 3359 3413 et
3410 3356 3551 3427 ignis
3588 3371 3728 3411 con-

2131 3474 2356 3514 smm-ns
2384 3458 2525 3510 Dens
2556 3456 2762 3510 dicitur
2793 3455 2861 3508 θ’.

2205 3548 2366 3601 Vens.
2394 3547 2583 3599 ll-l5.
2624 3562 2642 3594 ι
2679 3545 2743 3597 Et
2764 3541 2958 3596 otl'eret
2984 3544 3165 3594 Aaron
3205 3538 3441 3593 vitulum
3477 3552 3579 3608 pro
3596 3550 3720 3606 pec~

2132 3648 2277 3699 cato.
2311 3648 2366 3690 et
2393 3650 2587 3707 rogans
2616 3650 2714 3705 pro
2749 3650 2831 3695 se.
2876 3643 2931 3688 et
2967 3649 3067 3703 pro
3106 3632 3271 3687 domo
3303 3647 3423 3697 sua,
3462 3630 3713 3685 immola-

2136 3732 2217 3786 bit
2245 3747 2391 3785 cum.
2418 3730 2825 3797 Assumptoque
2861 3726 3166 3792 thuribulo,
3197 3724 3346 3795 quod
3393 3724 3464 3779 de
3526 3723 3722 3793 prunis

2138 3823 2325 3876 altaris
2351 3820 2677 3889 impleverit,
2707 3826 2762 3871 et
2795 3817 3058 3872 hauriens
3119 3831 3288 3871 manu
3353 3814 3720 3884 compositum

2141 3914 2433 3985 thymiama
2466 3914 2522 3966 in
2555 3913 2862 3975 incensum,
2895 3910 3036 3963 ultra
3062 3909 3244 3963 velum
3270 3907 3500 3962 intrabit
3524 3907 3582 3961 in
3597 3920 3721 3959 san-

2139 4017 2248 4069 eta,
2302 4013 2367 4059 ut
2423 4005 2620 4074 positis
2672 4018 2839 4073 super
2889 4002 3069 4073 ignem
3128 4000 3488 4062 aromatibus,
3521 3999 3723 4059 nebula

2140 4112 2327 4151 eorum
2357 4103 2411 4149 et
2460 4111 2631 4163 vapor
2660 4094 2871 4163 operiat
2918 4092 3227 4153 oraculum.
3269 4091 3417 4161 quod
3447 4099 3537 4146 est
3564 4104 3727 4160 super

2142 4187 2537 4248 testimonium,
2567 4194 2621 4241 et
2649 4201 2761 4240 non
2792 4185 3077 4240 moriatur.
3113 4203 3131 4235 ι
3684 4254 3708 4267 ο

2213 4282 2347 4348 Quia
2367 4283 2532 4335 multa
2555 4282 2869 4351 frequenter
2910 4289 3031 4334 acta
3061 4279 3303 4335 diximus
3357 4293 3456 4348 per
3523 4276 3728 4331 sacriﬁ-

2144 4375 2285 4430 cium
2322 4371 2637 4430 Salvatoris.
2667 4370 2979 4424 necessarie
3018 4368 3165 4423 ineo
3218 4368 3407 4421 multae
3438 4365 3729 4435 exquisite

1274 4461 1334 4514 Ιιι
1417 4460 1797 4515 conﬁrmatum
1854 4472 2036 4515 autem
2075 4448 2115 4499 θ
2145 4476 2272 4522 sunt
2298 4467 2351 4520 in
2380 4466 2494 4536 lege
2512 4464 2858 4518 differentiae.
2883 4462 3274 4531 Principaliter
3301 4474 3434 4529 ergo
3498 4462 3631 4527 per'
3663 4457 3730 4510 il-

2144 4560 2261 4624 lud,
2288 4559 2387 4628 ipsi
2414 4557 2577 4611 Israel
2607 4557 2995 4627 proﬂiaabatur
3026 4554 3303 4609 absolutio
3338 4561 3568 4622 propter
3589 4548 3730 4620 quod

2146 4652 2397 4705 dicebat:
2438 4649 2557 4703 Non
2588 4649 2700 4702 reni
2734 4648 2833 4700 nisi
2868 4646 2937 4699 ad
2973 4662 3089 4698 oves
3117 4660 3235 4714 qua:
3261 4641 3732 4713 perieruntdomns

2146 4743 2313 4797 Israel
2336 4742 2379 4772 ⁷ο
2436 4742 2558 4794 Non
2588 4740 2761 4794 solum
2794 4748 2978 4792 autem
3026 4736 3197 4791 lsracl
3231 4733 3503 4798 liberatio,
3530 4732 3633 4787 sed
3680 4739 3733 4784 et

2148 4833 2392 4904 gentium
2423 4830 2675 4884 iueratin
2708 4829 2982 4883 sacriﬁcio
3031 4825 3231 4879 Christi
3270 4823 3566 4878 correctio.
3626 4818 3737 4874 lloc

2149 4932 2331 4977 autem
2364 4930 2552 4991 aperte
2580 4918 2780 4973 Paulus
2801 4931 3100 4986 exponens,
3129 4916 3193 4969 ad
3226 4912 3496 4983 Ephesios
3524 4911 3734 4966 scribe-

2150 5015 2274 5069 bat:
2306 5013 2365 5070 Ut
2395 5013 2524 5067 duos
2548 5010 2735 5064 condat
2772 5009 2825 5061 in
2871 5007 3169 5075 semetipso,
3220 5004 3273 5057 in
3337 5019 3502 5056 unum
3546 5015 3733 5056 nouum

2146 5105 2621 5175 ltominemfaciens
2651 5117 2779 5169 pace
2801 5118 2831 5152 ιι
2858 5109 2905 5153 et
2934 5097 3233 5153 reconciliet
3279 5096 3463 5149 ambos
3525 5094 3582 5147 in
3634 5107 3736 5147 uno

2148 5216 2364 5270 corpore
2406 5197 2528 5262 Deo,
2572 5213 2664 5266 per
2697 5210 2904 5248 crucem
2952 5188 3271 5260 interﬁciens
3322 5188 3642 5241 inimicitias
3684 5189 3739 5239 in

2152 5291 2449 5359 semetipso.
2479 5300 2526 5342 et
2567 5288 2774 5343 veniens
2824 5283 3201 5354 erangelizavit
3252 5297 3431 5348 pacem
3454 5277 3601 5332 vobis
3651 5275 3738 5347 qui

2156 5385 2306 5453 longe
2338 5381 2533 5451 fuistis,
2557 5389 2605 5432 et
2646 5393 2828 5446 putem
2859 5376 2936 5428 his
2977 5374 3066 5444 qui
3096 5389 3256 5442 prope
3286 5372 3351 5422 ⁷⁸.
3385 5370 3574 5439 Longe
3609 5381 3738 5439 gen-

2160 5487 2243 5531 tes
2274 5474 2558 5545 appellans
2583 5472 2711 5540 quia
2737 5470 2897 5537 longe
2949 5467 3017 5521 ab
3049 5466 3197 5518 omni
3258 5463 3440 5517 divina
3509 5457 3739 5514 scientia

2158 5576 2336 5625 erant.
2370 5567 2520 5633 juxta
2555 5561 2719 5617 lst'aei
2752 5576 2914 5629 quem
2949 5558 3320 5627 propinquare
3354 5552 3663 5637 prophetas,
3684 5554 3739 5602 et

3442 5642 3451 5665 l

2496 5705 2537 5733 ⁸³
2566 5704 2581 5757 l
2611 5705 2730 5755 iter.
2770 5717 2827 5758 ιι,
2867 5699 2918 5751 8.
2997 5701 3042 5735 ⁸⁸
3076 5696 3237 5751 Hebr.
3276 5714 3329 5763 v,
3363 5694 3414 5748 ι.
3494 5692 3544 5723 ⁸⁷
3574 5690 3736 5754 Hebr,

2423 5775 2465 5805 ⁷³
2504 5775 2702 5841 Ephes.
2735 5788 2793 5835 ιι,
2820 5770 3006 5824 lii-17.
3506 5792 3511 5793 ν
