3992 6400
257 437 368 502 993

1431 432 1510 493 IN
1555 429 1996 492 LEVlTiCURl.
2027 455 2093 464 -
2135 429 2282 489 LIB.
2318 427 2386 488 V.

3437 427 3536 492 994

257 550 348 604 lett
377 548 633 604 lacicb:~t-
671 549 880 604 Dchine
910 549 1244 605 subnectens
1271 544 1474 600 Paulus
1509 545 1671 598 dixit:
1705 541 1843 608 Quia
1879 553 1919 607 Α
1949 542 2214 595 Adeamus
2245 557 2362 594 cum
2389 541 2708 612 confidentia
2747 539 2816 593 ad
2849 541 3092 594 thronum
3117 537 3304 612 gloriae
3335 540 3446 608 ejus
3471 543 3541 592 ⁸⁸.

257 659 353 710 per
377 644 547 710 ipsum
564 641 814 694 habemus
833 657 1122 704 accessum,
1144 639 1356 710 utrique
1381 637 1434 690 in
1458 652 1562 690 uno
1577 636 1764 705 spiritu
1788 635 1860 688 ad

263 733 485 787 Patrem
515 732 581 786 τ’.
609 731 860 786 immolat
885 747 1018 802 ergo
1079 729 1446 800 intelligibilis
1477 731 1663 781 Aaron
1711 727 1851 780 vitu-

197 889 208 894 -
256 824 398 889 lum,
427 825 478 882 id
511 833 595 880 est
619 825 898 896 propriam
958 840 1209 891 carnem,
1240 824 1401 894 cujus
1439 822 1618 876 hostia
1641 819 1860 888 quando

258 917 317 971 in
331 916 574 972 Iudaica:
599 916 777 986 plebis
795 915 1182 971 liberationem
1209 915 1497 987 acc‘pitur,
1525 911 1860 968 sacriﬁcium

261 1009 420 1064 vituli
447 1009 758 1064 necessarie
785 1012 1088 1065 assumitur
1115 1026 1129 1076 ;
1166 1009 1405 1063 habebat
1434 1007 1582 1062 enim
1615 1007 1732 1075 ipse
1791 1005 1865 1058 le.

259 1103 440 1173 galem
471 1101 946 1172 justiﬁcationem,
987 1101 1231 1156 maxime
1291 1107 1352 1154 ut
1382 1108 1572 1174 aperte
1600 1098 1862 1167 prtedica-

260 1205 391 1250 ret:
429 1195 549 1248 Non
582 1198 700 1249 veni
729 1194 930 1248 solvere
959 1193 1146 1265 legem,
1180 1195 1270 1246 sed
1325 1191 1548 1262 implere
1571 1191 1638 1242 ⁷⁸.
1661 1189 1862 1244 Paulus

260 1298 452 1342 autem
477 1290 542 1342 de
575 1289 694 1358 ipso
729 1287 947 1344 dicebat
985 1305 996 1340 :
1055 1287 1201 1342 Misit
1251 1287 1394 1340 Deus
1435 1285 1636 1340 Filium
1684 1299 1858 1345 suum,

261 1381 472 1448 factum
495 1396 558 1434 ex
598 1377 842 1444 muliere,
863 1381 1066 1450 factum
1087 1380 1181 1433 sub
1206 1379 1338 1450 lege,
1391 1388 1448 1432 ut
1490 1394 1588 1432 .eos
1635 1377 1728 1442 qui
1769 1375 1861 1428 sub

261 1470 383 1542 lege
404 1481 577 1533 erant,
613 1471 898 1525 redimeret
923 1471 993 1525 τι.
1022 1470 1148 1525 llme
1199 1479 1386 1524 autem
1409 1469 1616 1524 vitulus
1641 1475 1864 1537 propter

250 1565 455 1637 jugum
493 1569 884 1624 mandatorum
908 1578 1034 1638 apte
1069 1568 1413 1640 intelligitur.

331 1659 548 1731 Rogans
579 1677 769 1727 prose.
795 1662 1067 1718 Videlicet
1129 1676 1229 1727 pro
1273 1661 1661 1727 humanitate;
1697 1659 1862 1729 hujus

251 1753 410 1808 enim
447 1755 502 1808 in
527 1755 829 1825 semetipso
847 1755 1076 1826 ﬁguram
1119 1754 1363 1826 gerebat.

331 1844 439 1902 Sed
465 1857 514 1900 et
549 1862 646 1918 pro
675 1847 970 1902 domosua.
1023 1846 1254 1918 Pmprie
1283 1861 1410 1900 cum
1449 1843 1540 1914 qui
1582 1843 1686 1897 sub
1745 1843 1863 1913 lege

254 1937 484 1994 vivebat
513 1940 798 2010 populum,
841 1940 933 2010 qui
963 1941 1174 2009 domus
1207 1938 1378 2008 ipsius
1409 1947 1632 2008 pmpter
1659 1951 1859 2006 cogna-

257 2030 472 2084 tionem
506 2029 627 2094 l'uit,
657 2031 806 2085 venit
851 2029 1109 2084 liberare.
1161 2029 1388 2097 Propter
1417 2027 1561 2096 quod
1591 2024 1860 2094 Cleuphas

251 2122 482 2176 dicebat
510 2138 523 2172 :
552 2121 664 2176 Nos
692 2131 871 2176 autem
895 2123 1265 2193 sperabamus,
1299 2121 1422 2192 quia
1455 2121 1562 2189 ipse
1603 2127 1737 2172 esset
1778 2133 1861 2170 re-

250 2213 572 2282 dempturus
599 2212 769 2265 Israel
793 2213 858 2268 ⁷⁵.

329 2303 896 2375 Immolabitqueeum.
960 2303 1080 2374 Ipse
1129 2303 1277 2358 enim
1306 2301 1585 2372 propriam
1637 2317 1873 2356 carnetn‘

253 2393 604 2459 immolavit;
639 2394 758 2463 ipse
798 2393 883 2448 sui
909 2393 1164 2448 sacriﬁcii
1197 2393 1439 2460 pontifex
1497 2393 1550 2444 in
1618 2391 1748 2444 Sion
1777 2393 1860 2446 l'a—

252 2496 386 2540 ctus
412 2497 518 2552 est,
559 2487 780 2556 quando
807 2485 1090 2557 sanguinis
1145 2487 1272 2539 novi
1328 2485 1647 2539 testamenti
1697 2485 1860 2540 dabat

254 2579 512 2635 calicem.

327 2670 712 2740 Assumptoque
733 2666 1030 2734 'thuribulo,
1085 2669 1225 2739 quod
1252 2669 1315 2722 de
1341 2668 1524 2737 prunis
1549 2667 1740 2721 altaris
1761 2668 1860 2720 im-

255 2763 503 2834 pleverit.
535 2764 928 2830 Thuribulum,
949 2765 1191 2834 linguam
1221 2762 1563 2817 Dominicam
1595 2762 1683 2816 hic
1705 2762 1856 2824 dicit,

260 2859 319 2913 in
346 2859 466 2928 ipsa
497 2858 645 2911 enim
674 2865 792 2912 erat
831 2855 1084 2927 Spiritus.
1125 2856 1303 2910 Sumit
1339 2871 1468 2926 ergo
1492 2855 1711 2926 plenum
1734 2857 1862 2908 thu-

259 2949 502 3004 ribulum
529 2947 884 3013 carbonibus,
935 2946 1062 3016 quia
1101 2945 1371 3000 sacriﬁcio
1427 2960 1528 2998 suo
1563 2943 1858 2998 doctoralia

259 3041 456 3106 verba,
490 3057 612 3111 quc
642 3048 801 3094 erant
831 3039 1019 3094 divina
1047 3047 1104 3093 et
1135 3038 1402 3103 coelestia,
1431 3037 1682 3107 protinus
1706 3037 1860 3091 addi-

261 3137 365 3200 dit,
400 3137 470 3190 de
509 3135 710 3206 quibus
752 3135 918 3190 David
987 3135 1205 3190 diccbat
1244 3151 1258 3186 :
1307 3133 1576 3188 Carbones
1626 3135 1859 3186 succensi

1963 633 2078 687 Iloe
2101 649 2233 704 ergo
2259 633 2606 704 intellig'bile
2629 631 3058 696 dicebataltare,
3108 633 3256 702 quod
3309 630 3540 686 manife-

1961 731 2249 792 stautqtue
2274 732 2583 793 sequuntur
2611 739 2624 789 ;
2659 723 2738 778 ait
2761 724 2908 778 enim
2943 740 2956 775 :
2999 725 3061 779 Ut
3089 725 3417 794 accipiamus
3449 724 3539 776 mi-

1961 813 2324 880 sericordiam,
2353 823 2401 868 et
2431 815 2662 884 gratiam
2698 815 3030 868 inveniamus
3057 816 3113 868 in
3134 817 3338 870 auxilio
3365 831 3544 886 oppor-

1963 914 2088 958 tuno
2116 907 2182 960 ει.
2217 907 2422 962 llorum
2459 909 2607 963 enim
2637 918 2931 977 utrumque
2947 909 3015 964 ab
3042 909 3197 964 altari
3229 910 3346 964 sine
3369 911 3546 980 aliqua

1962 995 2244 1052 dubietate
2280 997 2634 1068 percipimus.
2673 999 2777 1055 Sed
2805 1001 2936 1070 quid
2958 999 3013 1054 in
3046 1001 3131 1054 bis
3153 1015 3276 1070 qua:
3302 1015 3546 1070 sequun-

1965 1098 2076 1151 tur,
2105 1089 2390 1160 legislator
2425 1093 2706 1148 subdidit?

2036 1182 2104 1236 Et
2131 1183 2385 1236 hauriens
2410 1199 2572 1238 manu
2605 1187 2898 1256 thymiama
2920 1188 3261 1257 compositum
3281 1189 3337 1241 in
3365 1188 3545 1241 incen-

1918 1319 1926 1321 μ
1963 1289 2100 1335 sum,
2123 1273 2266 1326 ultra
2292 1274 2464 1328 velum
2493 1277 2716 1331 intrabit
2745 1279 2800 1332 in
2829 1291 3034 1333 sancta.
3074 1279 3168 1334 Vel
3195 1281 3335 1334 sicut
3364 1280 3541 1334 LXX:

1965 1364 2034 1418 Et
2059 1364 2296 1434 implebit
2357 1383 2546 1420 manus
2599 1384 2725 1422 suos
2765 1370 3111 1438 thymiamate
3157 1372 3548 1439 compositionis

1964 1457 2190 1522 subtilis,
2259 1467 2307 1511 et
2348 1459 2525 1528 offeret
2581 1459 2803 1514 interius
2842 1461 2898 1514 in
2948 1462 3200 1516 interiora
3252 1464 3547 1518 relaminis.

1968 1545 2110 1601 Dicit
2135 1557 2317 1601 autem
2347 1549 2656 1603 orationem
2683 1551 2752 1604 de
2783 1567 2888 1615 qua
2921 1552 3058 1606 dixit
3085 1553 3256 1607 David
3285 1570 3298 1604 :
3329 1555 3541 1624 Dirigu-

1969 1648 2059 1692 tur
2095 1641 2268 1693 oratio
2296 1658 2434 1704 mea,
2463 1641 2894 1697 sicut'incensum
2941 1645 2998 1696 in
3044 1658 3318 1714 conspectu
3373 1655 3461 1698 tuo
3482 1643 3550 1698 ⁸⁸.

1966 1733 2094 1787 Ηςυο
2121 1749 2252 1804 ergo
2285 1737 2508 1804 quando
2535 1735 2817 1790 saecularia
2879 1751 3122 1802 oramus,
3185 1753 3367 1792 crassa
3414 1753 3554 1808 quo-

1967 1826 2286 1890 dummodo,
2319 1833 2374 1880 et
2395 1842 2506 1882 non
2539 1828 2760 1882 subtilis
2798 1835 2900 1882 est.
2967 1828 3196 1894 Quando
3220 1837 3402 1884 autem
3439 1830 3554 1900 spi-

1969 1919 2146 1972 ritalia
2178 1919 2436 1988 petimus,
2481 1919 2533 1974 id
2557 1929 2640 1974 est
2663 1919 2950 1974 scientiam
2988 1921 3256 1984 divinam,
3322 1937 3554 1992 regnum

1969 2009 2260 2076 cas-lorum,
2299 2011 2684 2066 remissionem
2734 2021 3108 2082 peccatorum.
3141 2014 3359 2070 subtilis
3405 2031 3559 2084 quae-

1967 2101 2094 2155 dant
2128 2109 2233 2165 est,
2271 2111 2462 2172 utpote
2486 2103 2748 2173 spiritalis
2794 2113 2850 2158 et
2875 2104 3252 2182 intelligibilis,
3271 2123 3434 2177 quam
3470 2108 3571 2177 in-_

1967 2194 2265 2264 telligibilis
2283 2196 2542 2251 sacerdos
2563 2211 2664 2266 pro
2691 2197 2852 2252 nobis
2881 2197 3062 2252 oﬁ‘ert.
3086 2198 3436 2254 Manifestum
3455 2216 3558 2254 au-

1971 2298 2076 2342 tem
2111 2299 2194 2342 est
2227 2305 2294 2344 ex
2321 2303 2388 2342 eo
2419 2289 2567 2358 quod
2618 2304 2718 2358 pro
2749 2288 3036 2357 discipulis
3083 2289 3336 2345 Christus
3366 2307 3559 2357 orans,

1964 2379 2461 2434 sanctiﬁcationem
2494 2379 2574 2434 eis
2601 2389 2657 2434 ct
2685 2381 2957 2434 unitatem
2979 2395 3188 2446 secum,
3221 2381 3559 2435 libertatem-

1962 2487 2068 2540 que
2110 2471 2163 2525 in
2189 2472 2426 2546 'mnndo,
2453 2481 2510 2526 et
2545 2472 2649 2528 alia
2697 2473 2823 2527 talia
2869 2473 3222 2542 deposcebat.
3250 2473 3479 2528 Intrabit
3505 2475 3562 2526 in

1962 2574 2182 2628 sancta;
2208 2564 2344 2629 sive,
2377 2565 2677 2620 secundum
2714 2563 2945 2632 LXX,et
2977 2565 3152 2634 offeret
3195 2565 3251 2618 in
3301 2565 3560 2618 interiora

1967 2656 2280 2716 velaminis,
2307 2657 2494 2710 carnis
2521 2657 2780 2711 videlicet
2814 2672 2946 2710 suae.
2972 2657 3174 2712 Ollerct
3213 2667 3418 2718 autem,
3438 2657 3564 2711 cui?

1963 2749 2107 2803 Patri
2144 2749 2416 2815 videlicet,
2445 2751 2572 2820 quia
2603 2751 2718 2804 inec
2747 2749 2965 2820 quidem
2999 2747 3285 2804 manifesta
3313 2749 3565 2819 aspectui

1963 2841 2206 2894 omnium
2239 2839 2656 2910 przel'erebatur,
2682 2839 2802 2910 ipse
2817 2849 2998 2894 autem
3020 2847 3137 2894 erat
3165 2838 3458 2894 invisibilis
3487 2856 3502 2892 :

2042 2933 2105 2988 Ut
2136 2933 2323 3002 positis
2357 2949 2516 3002 super
2543 2935 2716 3002 ignem
2764 2931 3118 2996 aromatibus,
3158 2931 3350 2985 nebula
3383 2947 3566 2986 eorum

1964 3034 2012 3079 et
2043 3042 2209 3094 vapor
2245 3026 2450 3095 aperiat
2480 3023 2778 3089 oraculum,
2815 3029 2956 3095 quod
2997 3035 3070 3078 est
3117 3041 3280 3094 super
3327 3025 3565 3078 testimo-

1971 3119 2140 3181 nium,
2175 3128 2224 3172 et
2255 3135 2360 3198 non
2387 3119 2670 3172 moriatur.
2719 3117 3019 3186 Dupliciter
3064 3117 3153 3171 hic
3180 3117 3324 3186 quod
3361 3116 3568 3171 dicitur

261 3240 385 3283 sunt
413 3229 480 3282 ab
501 3245 560 3283 eo
583 3229 646 3280 ⁷⁸.
687 3227 804 3283 Iloe
834 3229 1076 3284 Joan..es
1105 3228 1159 3282 in
1215 3242 1370 3281 cceua
1403 3235 1521 3280 acta
1572 3235 1856 3296 postquam

1983 3210 2250 3282 iutcllige.
2303 3209 2443 3276 Quia
2468 3225 2596 3280 ergo
2629 3209 2810 3264 Aaron
2863 3207 3037 3278 ipsius
3077 3207 3282 3264 Christi
3337 3207 3567 3278 ﬁgurant

262 3321 436 3380 Judas
455 3334 541 3379 est
559 3337 816 3394 egressus
837 3321 1053 3392 scripsit
1072 3324 1142 3387 ⁷⁷,
1166 3319 1458 3390 inquibus,
1473 3320 1748 3390 quomodo
1763 3320 1880 3390 qui_

264 3420 392 3473 dem
423 3415 588 3473 Pater
625 3419 680 3471 iu
709 3419 851 3486 ipso,
874 3397 1164 3486 'quomodo
1209 3423 1393 3468 autem
1428 3413 1545 3484 ipse
1563 3429 1688 3468 cum
1721 3416 1791 3466 sit
1821 3413 1878 3468 in

266 3508 456 3575 Patre,
485 3508 674 3563 mittat
699 3508 908 3563 donum
941 3507 1185 3578 Spiritus
1211 3523 1226 3573 ;
1251 3505 1529 3576 quomodo
1571 3503 1736 3558 Pater
1797 3513 1881 3560 cst

263 3601 528 3672 agricola,
583 3595 701 3672 ipse
732 3600 880 3666 vitis,
907 3599 1143 3670 apostoli
1169 3613 1302 3651 vero
1325 3596 1575 3666 palmites
1601 3613 1616 3661 ;
1643 3609 1878 3665 quomo-

264 3697 337 3750 do
383 3693 642 3764 princeps
681 3691 874 3747 tnundi
916 3692 1084 3762 hujus
1135 3689 1441 3762 iudicetur,
1481 3688 1694 3758 aliaqtte
1713 3703 1880 3759 expo-

264 3786 352 3841 nit
379 3785 664 3851 miracula,
688 3800 809 3856 quae
845 3793 977 3838 sunt
1029 3785 1308 3840 carbones
1333 3782 1492 3853 ignis,
1518 3789 1705 3851 utpote
1733 3779 1880 3835 eale-

263 3878 528 3933 t‘acientia
553 3893 655 3933 nos
685 3878 754 3932 ad
781 3878 1066 3948 pietatem,
1113 3892 1238 3930 cum
1271 3877 1384 3929 sint
1416 3873 1746 3944 generaliter
1767 3871 1879 3946 spi-

261 3971 452 4025 ritalia
491 3971 626 4026 :sed
655 3971 926 4037 etaltare,
958 3969 1106 4041 quod
1155 3967 1462 4024 secundum
1520 3965 1686 4034 LXX,
1751 3973 1878 4020 ante

263 4063 583 4118 Dominum.
615 4062 730 4118 lloc
753 4071 940 4118 autem
984 4077 1104 4116 esse
1135 4077 1230 4115 sex
1275 4059 1598 4122 Cherubim,
1647 4060 1700 4112 in
1740 4058 1876 4128 ipsis

262 4155 563 4227 procemiis
591 4155 716 4209 libri
743 4155 916 4226 hujus
963 4153 1332 4209 ostendimus.
1357 4152 1472 4206 lllic
1503 4151 1651 4206 enim
1687 4151 1878 4206 carbo-

263 4264 373 4305 nes
442 4247 802 4322 intelligibilis
840 4247 982 4319 ignis
1040 4245 1370 4301 constitutos
1419 4259 1562 4306 esse,
1622 4241 1876 4296 Ezechiel

261 4341 546 4412 propheta
565 4339 1004 4406 demonstravit;
1074 4335 1369 4392 Dominum
1419 4335 1624 4404 quippe
1671 4337 1874 4402 ipsum,

263 4435 366 4504 qui
400 4442 521 4489 erat
547 4433 773 4488 indutus
805 4431 1034 4502 pedere,
1068 4439 1125 4485 et
1151 4430 1435 4484 accinctos
1470 4426 1706 4481 habebat
1737 4426 1878 4479 lutu-

263 4529 398 4590 bos,
444 4525 702 4597 proponit
728 4524 1007 4580 dicentem
1043 4538 1058 4575 :
1111 4521 1396 4592 Ingredere
1433 4521 1488 4573 in
1533 4519 1764 4573 medium
1785 4533 1875 4570 ro-

1984 3303 2146 3376 gerit,
2179 3311 2403 3372 propter
2427 3301 2718 3356 sacerdotii
2759 3301 3104 3372 dignitatem,
3143 3301 3371 3370 ﬁguram
3401 3300 3569 3354 etiam

1981 3396 2120 3468 gerit
2167 3395 2413 3466 corporis
2464 3395 2832 3450 sacerdotum.
2879 3393 3292 3464 Superimpouit
3347 3395 3570 3464 quidem

1985 3487 2449 3558 Christusigncm
2487 3493 2754 3550 aromata,
2807 3485 2862 3540 id
2919 3493 3004 3539 est
3043 3484 3348 3540 orationem
3405 3501 3573 3555 super

1980 3581 2385 3647 doctrinam,et
2415 3580 2594 3650 operit
2641 3594 2806 3649 vapor
2841 3594 3030 3633 eorum
3086 3578 3323 3644 nebulae,
3375 3577 3426 3632 id
3487 3587 3574 3632 cst

1981 3673 2249 3730 orationis
2281 3673 2479 3728 virtus.
2515 3671 2806 3727 Oraculum
2869 3670 3008 3742 quod
3039 3677 3114 3723 est
3137 3686 3296 3739 super
3335 3669 3570 3722 testimo-

1981 3773 2154 3836 nium;
2216 3769 2268 3822 id
2301 3776 2405 3833 est,
2437 3781 2661 3822 carnem
2699 3780 2876 3831 suam,
2906 3779 2970 3818 ex
3000 3779 3106 3832 qua
3136 3761 3453 3834 propitiatio
3470 3777 3570 3816 no-

1979 3863 2064 3919 bis
2092 3861 2406 3933 conqnisita
2431 3868 2518 3914 est
2549 3868 2919 3930 peccatorum,
2943 3864 2998 3911 et
3025 3856 3080 3908 in
3116 3855 3342 3910 salutari
3371 3864 3455 3908 est
3483 3853 3570 3907 vi-

1979 3957 2182 4012 delicet
2204 3955 2476 4026 passione.
2510 3952 2625 4006 Hoc
2649 3961 2831 4006 autem
2863 3965 2984 4005 esse
3015 3948 3389 4004 testimonium
3409 3948 3573 4020 paulo

1981 4048 2235 4119 superius
2257 4044 2621 4101 ostendimus.
2649 4042 2717 4097 Et
2771 4058 2873 4096 non
2899 4043 3158 4095 morietur
3201 4041 3572 4110 corruptionis

1981 4150 2180 4205 morte,
2213 4152 2402 4208 neque
2426 4135 2576 4190 enim
2629 4149 2756 4189 caro
2791 4133 2911 4202 eius
2953 4132 3092 4186 vidit
3135 4131 3569 4200 corruptionem,

1979 4233 2104 4304 quia
2123 4247 2325 4302 vapore
2351 4238 2658 4284 aromatum
2683 4227 2884 4280 virtute
2911 4225 3095 4294 utique
3121 4221 3387 4278 orationis
3408 4222 3572 4286 illius,

1980 4325 2354 4394 operiebatur,
2388 4321 2457 4376 de
2505 4335 2610 4390 qua
2677 4317 2844 4372 David
2898 4316 2992 4381 ait,
3028 4315 3307 4374 Christum
3356 4311 3574 4368 Patrem

1979 4419 2320 4488 deprecans:
2357 4411 2496 4478 Quia
2561 4426 2666 4464 non
2695 4408 3024 4478 derelinques
3055 4406 3293 4459 animam
3329 4419 3499 4462 meam
3522 4404 3578 4457 in

1980 4509 2208 4579 inferna,
2235 4521 2400 4576 neque
2431 4501 2582 4556 dabis
2611 4510 2855 4554 sanctum
2891 4508 3042 4550 tuum
3079 4497 3254 4550 videre
3277 4493 3578 4563 corruptio-

269 4631 456 4672 tarunt
480 4619 660 4672 subter
692 4613 1006 4680 Cherubim,
1037 4626 1086 4670 et
1118 4613 1282 4685 imple
1302 4628 1493 4666 manus
1520 4620 1639 4664 tuas
1672 4610 1736 4664 de
1766 4626 1877 4662 me-
1911 4605 1952 4659 D
1985 4617 2101 4655 nem
2125 4600 2194 4656 ⁸³,
2225 4596 2389 4651 Ponit
2416 4603 2598 4648 autem
2629 4589 3005 4660 unusquisque
3031 4587 3289 4685 sacerdos
3317 4586 3386 4685 de
3417 4585 3576 4685 Chri-

271 4713 366 4768 dio
390 4702 676 4768 Cherubim
693 4710 763 4764 7’.
788 4709 928 4776 Quia
954 4723 1084 4780 ergo
1111 4707 1284 4760 altare
1308 4703 1669 4774 intelligibile,
1699 4702 1752 4755 in
1773 4716 1885 4771 quo

273 4803 720 4876 carbonesiguis
747 4811 901 4867 sunt,
943 4804 1135 4857 sedem
1159 4797 1460 4854 Cherubim
1489 4803 1708 4866 oportet
1730 4793 1890 4849 intel-

275 4901 394 4973 ligi,
429 4899 556 4954 audi
590 4897 790 4953 lsaiam
813 4895 1132 4950 dicentem:
1163 4891 1234 4946 Et
1277 4891 1412 4946 venit
1457 4891 1529 4943 ad
1555 4905 1636 4942 me
1667 4905 1802 4942 unus
1822 4887 1886 4942 de

273 4992 583 5062 Seraphim,
609 4999 660 5044 et
689 4989 744 5042 in
769 5004 932 5042 manu
963 4987 1080 5056 ejus
1115 4983 1544 5064 calculus,.quent
1573 4982 1770 5052 forcipe
1801 4991 1887 5035 tu-

279 5085 417 5142 lerat
443 5085 506 5137 de
532 5081 722 5150 altari,
759 5090 809 5135 et
845 5081 1019 5166 tetigit
1065 5096 1121 5132 os
1145 5093 1320 5134 meum
1351 5077 1416 5132 ⁷⁸.
1467 5075 1623 5142 Quod
1647 5091 1780 5147 ergo
1828 5075 1881 5130 in

277 5178 421 5235 cosio
455 5185 541 5232 est
571 5177 744 5230 altare
777 5174 948 5240 aliud,
979 5173 1086 5228 nisi
1125 5169 1432 5228 Cherubim
1459 5170 1484 5222 ?
1519 5169 1627 5223 Sed
1660 5169 1770 5234 his,
1806 5169 1883 5222 si-

279 5281 374 5326 cut
395 5271 543 5326 enim
573 5278 682 5325 tam
707 5267 983 5340 pontifex,
1017 5283 1182 5338 quam
1230 5281 1352 5328 rex,
1405 5263 1546 5318 idem
1587 5271 1642 5316 et
1693 5263 1881 5317 sedem

281 5367 470 5431 habet,
505 5375 560 5419 et
589 5363 802 5418 altare:
839 5363 947 5421 hoc
970 5377 1103 5432 ergo
1125 5359 1332 5414 Paulus
1383 5357 1626 5427 Hebraeis
1671 5356 1882 5428 signiﬁ-

281 5471 417 5512 cans
445 5455 704 5512 dicebat:
751 5453 872 5508 Non
933 5455 1073 5507 enim
1119 5451 1371 5505 habemus
1426 5445 1744 5519 ponti/irent,
1795 5443 1886 5515 qui

285 5565 392 5603 non
409 5558 582 5620 potest
619 5549 852 5618 compati
901 5544 1300 5616 inﬁrmitatibus
1349 5541 1563 5601 nostris,
1629 5546 1886 5591 tentatum

285 5649 469 5696 autem
503 5656 600 5709 per
653 5640 831 5693 omnia
861 5654 956 5708 pro
1011 5635 1381 5700 similitudine,
1411 5633 1604 5701 absque
1652 5636 1885 5696 peccato.

356 5834 404 5864 ⁸³³
430 5831 638 5900 Epirus.
696 5843 759 5888 It,
794 5825 883 5900 l8.
961 5823 1008 5900 ’ξ
1045 5819 1238 5900 Matth.
1265 5835 1321 5884 v,
1361 5817 1450 5900 lii.

297 5887 500 5966 ἱερειρῖ
575 5899 622 5931 τε
654 5887 857 5954 Ezcrb.
893 5911 946 5959 Σ,
983 5894 1034 5948 l.
1110 5893 1156 5923 τ’
1181 5889 1282 5944 lsa.
1315 5905 1390 5952 .vt,
1428 5891 1480 5953 ti,
1504 5887 1555 5940 Ἰ.

1527 5811 1572 5844 ⁷⁵
1591 5809 1766 5864 Calat.
1819 5823 1892 5866 Iv,
1928 5806 1981 5860 4.

1633 5879 1870 5934 “’llcbr.
1908 5893 1982 5944 tv,
2025 5875 2109 5940 lii,
2143 5874 2232 5928 16.

1989 4687 2428 4759 stoloqucns,i_n
2456 4686 2634 4756 ignem
2677 4690 2940 4745 aromata,
3003 4677 3261 4750 spiritalis
3315 4676 3580 4730 doctrinae

1990 4757 2321 4844 orationem,
2378 4757 2434 4832 et
2483 4773 2749 4831 oratiOnis
2797 4773 2970 4829 virtus
3029 4771 3206 4840 operit
3271 4770 3576 4832 oraculum,

1995 4875 2142 4944 quod
2167 4881 2252 4926 est
2278 4885 2444 4940 super
2466 4865 2868 4923 testimonium.
2929 4860 3054 4918 Non
3076 4859 3345 4932 permittit
3395 4866 3578 4914 autem

1991 4984 2119 5024 eum
2154 4978 2401 5037 qu:ct'ere
2426 4963 2494 5018 de
2524 4959 2876 5031 passionibus
2926 4953 3224 5010 Dominicte
3260 4951 3470 5016 carnis,
3515 4965 3578 5004 ea

1991 5077 2112 5133 qua:
2173 5072 2342 5128 super
2405 5055 2663 5110 virtutem
2739 5047 3038 5120 qumrentis
3109 5053 3291 5110 sunt;
3353 5051 3411 5097 et
3465 5057 3576 5096 nun

1989 5155 2290 5210 msrieutur
2315 5167 2378 5206 ea
2409 5164 2530 5219 quae
2567 5145 2790 5203 deﬁnita
2835 5149 2922 5198 est
2970 5136 3349 5196 immoderatis
3395 5133 3578 5202 inqui-

1987 5249 2270 5309 sitoribus,
2296 5245 2388 5316 qui
2451 5257 2516 5298 ea
2577 5245 2836 5312 quturunt
2900 5251 3022 5306 quae
3089 5225 3408 5286 hominibus
3464 5242 3573 5279 nou

1987 5343 2119 5398 libet
2157 5354 2424 5412 quaerere,
2459 5345 2654 5392 morte.

2061 5434 2226 5490 Vens.
2254 5434 2344 5488 14.
2375 5452 2392 5483 ι
2421 5430 2599 5485 'l‘ollet
2619 5440 2836 5498 quoque
2865 5423 2932 5480 de
2949 5415 3216 5490 sanguine
3236 5413 3388 5469 vituli
3417 5419 3580 5466 etas-

1995 5537 2188 5601 pcrgct
2219 5524 2388 5598 digito
2411 5525 2614 5594 septies
2639 5509 3278 5588 contrapropitiatorium
3301 5507 3369 5562 ad
3391 5505 3577 5560 orien-

1993 5631 2124 5676 tem.
2169 5641 2186 5672 ι

2657 5795 2702 5827 τε
2732 5793 2872 5848 l’sal.
2914 5807 3058 5856 xvn,
3087 5791 3142 5847 9.
3218 5787 3264 5818 ⁷⁷
3300 5785 3457 5840 Joan.
3488 5796 3580 5852 xv,

2059 5804 2104 5836 "‘
2132 5803 2264 5856 an.
2312 5817 2457 5864 xxiv,
2490 5800 2580 5854 2|.
2657 5800 2702 5827 ⁷⁸
2732 5800 2872 5848 Psat.
2914 5807 3058 5856 xvn,
3087 5800 3142 5847 υ.
3219 5800 3260 5818 τ’
3300 5800 3457 5840 toan.

2059 5875 2109 5932 Ei,
2143 5874 2232 5928 16.
2309 5873 2349 5903 ⁸³
2385 5872 2519 5926 ibid.
2595 5868 2641 5900 "
2680 5865 2826 5921 Psal.
2857 5880 2974 5932 CXL,
3002 5870 3057 5919 τε.
3133 5861 3178 5892 ”
3207 5856 3354 5914 Psal.
3379 5867 3464 5911 xv.

2309 5873 2349 5903 "
2385 5872 2519 5926 ibid.
