3992 6398
469 405 577 471 995

1671 399 2031 461 HESYCIIII
2070 397 2546 461 PRESBYTEltI
3592 401 3675 468 996

537 519 668 579 Sive
696 527 756 575 ut
785 518 947 586 LXX,
988 524 1241 588 asperget
1290 513 1455 586 digito
1504 530 1604 569 suo
1640 530 1807 584 super
1865 516 2054 585 propi-
2086 520 2129 577 Α
2159 515 2281 568 dam
2317 531 2427 570 non
2466 528 2723 584 populus,
2756 526 2908 568 nunc
2931 521 3113 569 autem
3151 514 3397 584 populus,
3430 531 3490 571 ex
3514 520 3679 588 qundo

471 610 748 667 tiatorium
797 609 865 663 ad
917 610 1187 664 orientem
1250 614 1378 661 ante
1439 604 1633 659 faciem
1694 605 2057 675 propitiatorii

471 705 721 769 asperget
742 696 947 767 septies
978 697 1145 767 digito
1175 712 1295 751 suo.
1356 694 1696 749 Sacrificium
1755 693 2057 765 Unigeniti,

472 803 594 843 esse
622 788 842 857 quidem
882 788 1001 857 ejus
1026 787 1209 841 carnis
1246 801 1342 855 per
1361 787 1616 840 virtutem
1668 800 1858 839 rursus
1916 783 2058 839 divi-

473 880 661 936 nitatis
679 880 819 950 ejus,
844 891 901 935 et
933 896 1031 950 per
1060 877 1472 948 bcneplacitum
1520 876 1720 940 Patris,
1758 877 1824 932 ad
1865 877 2062 931 remis-

475 974 687 1029 sionem
754 980 1104 1043 peccatorum
1171 980 1506 1033 nostrorum,
1582 978 1636 1023 et
1698 969 2061 1038 erept'onem,

474 1063 746 1132 simulque
779 1062 847 1116 ad
879 1062 1081 1116 donum
1111 1059 1635 1115 subministrationis
1679 1059 1906 1129 spiritus
1935 1076 2063 1127 per—

474 1153 601 1224 agi,
652 1161 839 1222 aperte
894 1168 962 1207 ex
1024 1153 1108 1207 his
1141 1191 1157 1215 ,
1209 1168 1333 1221 quae
1387 1166 1535 1205 nunc
1584 1151 1719 1205 dicit
1766 1151 2061 1220 legislator,

476 1244 879 1299 manifestatur.
914 1243 1123 1315 Digitus
1154 1244 1298 1298 enim
1332 1242 1602 1314 signiﬁcat
1640 1242 1896 1298 virtutem
1926 1242 2067 1297 divi-

476 1335 693 1401 nitatis;
727 1335 875 1389 unde
926 1335 1097 1389 David
1156 1334 1330 1389 dixit:
1390 1333 1653 1399 Quoniam
1683 1332 1866 1387 videbo
1914 1333 2066 1387 caelos

478 1444 637 1496 opera
670 1429 960 1497 digitorum
1000 1438 1231 1494 tuorum,
1263 1428 1467 1493 lunam,
1518 1437 1566 1480 et
1618 1426 1799 1481 stellas
1825 1442 1956 1497 quas
2009 1435 2069 1479 tu

480 1520 720 1588 fundasti
740 1519 806 1572 ⁸⁵.
840 1518 1147 1588 Utrumque
1172 1534 1301 1589 ergo
1327 1517 1396 1573 ad
1429 1516 1729 1572 divinitatis
1768 1517 2070 1586 accipimus

416 1592 421 1599 ’
477 1609 766 1677 virtutem,
795 1608 1019 1678 ipseque
1051 1607 1274 1677 sanguis
1316 1607 1470 1662 vituli
1524 1621 1693 1675 super
1745 1606 2069 1676 propitiato-

481 1697 624 1751 rium
679 1697 747 1750 ad
794 1697 1063 1751 orientem
1110 1696 1438 1766 aspergitur.
1494 1694 1575 1749 Ad
1627 1693 2070 1764 propitiationem

482 1790 632 1844 enim
693 1798 960 1856 nostram,
1031 1789 1302 1858 simulque
1355 1788 1833 1854 illuminationem,
1888 1786 2069 1857 passio

2162 605 2322 659 nobis
2350 605 2620 673 primitias
2638 603 2802 660 Jesus
2830 606 3090 675 suscepit.
3129 606 3269 676 Ergo
3308 615 3363 660 ut
3390 607 3681 672 demonstra-

2162 704 2268 760 ret,
2323 695 2391 749 de
2447 694 2654 751 Judteis
2700 696 3077 767 principaliter
3118 698 3437 780 Christum,
3494 716 3684 777 propter

2163 786 2461 848 Abraham,
2490 788 2870 857 cognationem
2898 803 3043 856 esse,
3071 790 3166 845 sed
3193 798 3372 845 tamen
3399 796 3561 851 omnis
3606 812 3686 854 no-

2168 885 2302 932 strae
2329 885 2566 940 natura},
2594 893 2716 946 quae
2745 880 2801 932 in
2843 888 3068 948 peccato
3089 888 3172 934 est
3205 882 3461 949 primitias
3489 895 3687 953 portare.

2165 975 2391 1036 prepter
2418 965 2565 1035 quod
2615 965 2787 1019 Adam
2829 966 3136 1036 appellatus
3168 976 3271 1031 est,
3324 969 3537 1025 vitulum
3562 972 3692 1028 simul

2166 1066 2223 1112 et
2252 1057 2465 1112 hircum
2496 1056 2581 1111 lex
2625 1058 2691 1111 ad
2724 1060 2949 1127 ﬁguram
2992 1058 3243 1112 sacriﬁcii
3278 1059 3394 1129 ejus
3422 1064 3690 1133 assumpsit.

2166 1149 2305 1204 Cum
2345 1158 2528 1203 autem
2588 1164 2759 1203 unum
2829 1150 2900 1203 sit
2953 1149 3306 1213 sacriﬁcium,
3351 1151 3461 1207 sive
3506 1153 3693 1220 vitulus,

2169 1242 2286 1296 sive
2320 1240 2511 1295 hircus
2536 1240 2880 1304 nominetur,
2902 1238 3241 1310 eﬁ‘cctusqne
3260 1255 3400 1296 unus
3432 1241 3481 1294 in
3503 1252 3697 1312 utroque

2161 1332 2255 1395 ιίι,
2285 1340 2637 1401 peccatorum
2669 1327 2819 1383 enim
2866 1342 2935 1383 ex
2980 1342 3048 1383 eo
3082 1326 3397 1397 proﬁigatur
3440 1328 3691 1399 absolutio,

2162 1422 2478 1477 necessarie
2505 1418 2821 1475 communia
2867 1428 2997 1472 sunt
3029 1434 3115 1483 ea,
3146 1433 3268 1488 quae
3302 1418 3357 1472 in
3390 1419 3695 1489 hircofagun-

2164 1524 2274 1579 tur,
2325 1522 2382 1567 et
2439 1511 2634 1567 vitulo.
2684 1508 2878 1565 Cernis
2919 1510 3089 1575 enim,
3139 1510 3269 1579 quia
3312 1509 3469 1565 etiam
3519 1510 3698 1567 hircum

2162 1607 2448 1669 occidens,
2485 1612 2613 1658 ante
2650 1603 2939 1657 Dominum
2984 1601 3239 1657 videlicet
3269 1613 3498 1670 patrem,
3528 1611 3578 1656 et
3602 1618 3702 1657 san-

2164 1699 2384 1770 guinem
2422 1697 2670 1751 iufercns
2698 1696 2751 1749 in
2795 1695 3059 1750 interiora
3111 1693 3418 1754 velaminis,
3479 1691 3529 1747 id
3560 1693 3706 1748 estad

2167 1803 2402 1863 patrem.
2444 1789 2657 1845 Rursus
2709 1802 2843 1858 ergo
2897 1786 3047 1841 hunc
3097 1785 3332 1839 interius
3389 1784 3705 1854 intelligibilis

482 1876 739 1931 salutaris
790 1886 1012 1945 peracta
1066 1884 1191 1930 est:
1251 1875 1396 1929 unde
1450 1875 1564 1944 ipsa
1627 1873 1812 1944 passio
1870 1867 2477 1949 diCiWI'Bvelamiuis,
2510 1881 2742 1936 visibilis
2767 1879 3025 1936 videlicet
3065 1877 3278 1934 Domini
3310 1877 3489 1932 carnis
3535 1876 3706 1932 intelli-

482 1969 949 2045 propitiatorium,
998 1968 1141 2023 sicut
1178 1967 1494 2037 frequenter
1526 1966 1884 2022 ostendimus.
1921 1966 2066 2022 Dici-

481 2070 571 2117 tur
602 2071 784 2117 autem
817 2073 871 2116 et
891 2061 1112 2124 Oriens;
1144 2060 1221 2115 ait
1252 2063 1395 2115 enim
1426 2054 1494 2114 de
1529 2075 1594 2114 eo
1626 2060 1918 2114 Zacharias
1939 2058 2069 2113 Pro-
2104 2076 2111 2084 ·

483 2154 681 2222 pheta:
720 2152 852 2205 Ecce
880 2152 979 2215 vir,
1028 2150 1216 2206 Oriens
1264 2166 1453 2203 nomen
1506 2149 1641 2218 ejus,
1691 2158 1739 2202 et
1784 2149 1962 2203 subter
2008 2164 2070 2201 eo

482 2246 772 2301 orietur”.
816 2247 905 2299 Ait
931 2254 1113 2299 autem
1141 2252 1196 2299 et
1240 2243 1534 2298 Zacharias
1584 2243 1856 2307 sacerdos,
1916 2250 2068 2312 pater

479 2333 742 2389 Joannis:
773 2333 839 2387 In
885 2331 1071 2403 quibus
1118 2348 1210 2386 nos
1259 2331 1516 2395 uisitauit,
1556 2329 1765 2397 Oriens,
1817 2346 1881 2383 ea:
1936 2329 2067 2393 alto,

480 2425 796 2480 Illuminare
831 2426 912 2477 his
936 2424 1026 2495 qui
1052 2425 1107 2477 in
1163 2424 1384 2477 tenebris
1430 2425 1630 2488 sedent,
1685 2432 1735 2476 et
1776 2423 1830 2475 in
1881 2420 2072 2476 umbra

481 2515 759 2571 mortis“.
786 2516 970 2569 Sedet
1011 2524 1201 2570 contra
1253 2515 1710 2585 propitiatorium,
1762 2514 1817 2568 id
1872 2522 1955 2568 cst
2017 2513 2072 2567 in

481 2614 783 2676 conspectu
821 2608 1299 2681 patris,‘aspergct
1342 2607 1567 2676 septies,
1611 2615 1670 2660 ut
1717 2614 1827 2659 tam
1879 2604 2072 2659 remis-

481 2700 697 2755 sionem
739 2707 1113 2767 peccatorum,
1147 2714 1311 2768 quam
1344 2696 1583 2768 Spiritus
1611 2696 1785 2752 sancti
1841 2696 2069 2760 donum,

484 2796 556 2849 de
612 2794 904 2849 Dominico
938 2794 1204 2866 sanguine
1240 2810 1410 2863 genus
1432 2794 1715 2848 hominum
1751 2792 2070 2863 susciperet.

485 2887 793 2956 Utrumque
848 2886 998 2940 enim
1052 2884 1400 2957 septenarius
1461 2900 1726 2939 numerus
1761 2884 2071 2955 ,siguiﬁcat,

482 2982 611 3048 quia
638 2978 899 3032 videlicet
929 2985 1138 3044 septem
1168 2986 1298 3029 sunt
1324 2976 1468 3031 dona
1522 2974 1780 3045 Spiritus,
1827 2981 1883 3028 et
1929 2973 2073 3026 idem

485 3086 753 3125 numerus
781 3076 1135 3138 peccatorum
1172 3066 1444 3137 signiﬁcat
1488 3066 1885 3120 remissionem.
1939 3064 2074 3118 Nam

483 3160 649 3215 l‘etro
700 3161 979 3215 Christum
1033 3159 1425 3229 interrogante,
1462 3158 1523 3212 Si
1563 3158 1851 3228 peccaverit
1896 3158 1952 3210 in
1993 3171 2073 3208 me

484 3254 654 3325 frater
670 3268 835 3315 meus,
862 3252 1061 3322 quoties
1089 3251 1356 3304 dimittam
1384 3251 1450 3315 ei,
1473 3266 1634 3319 usque
1649 3249 1877 3318 septies?
1921 3248 2073 3305 Chri-

483 3355 595 3400 stus
625 3347 735 3398 ait:
769 3344 890 3399 Non
913 3345 1050 3411 dico,
1084 3346 1295 3414 septies,
1328 3344 1419 3396 sed
1449 3359 1611 3413 usque
1637 3343 1930 3413 septuagies
1954 3357 2074 3411 δειρ-

485 3438 663 3492 ties'".
703 3437 1067 3507 Multiplicans
1097 3451 1391 3491 numerum
1435 3436 1830 3505 septcnarium.

558 3525 721 3582 Vens.
770 3528 856 3581 15.
920 3547 939 3579 ι
996 3528 1247 3597 Cumque
1305 3527 1624 3581 mactaverit
1699 3526 1912 3581 hircum
1973 3542 2073 3596 pro

484 3629 715 3690 peccato
743 3621 952 3691 p0puli,
986 3620 1185 3674 inferet
1209 3621 1528 3690 sanguinem
1553 3620 1673 3689 ejus
1695 3620 1835 3673 intra
1867 3619 2071 3685 velum,

486 3712 633 3766 sicut
668 3720 1002 3782 praeceptum
1036 3719 1119 3765 est
1146 3711 1213 3765 de
1239 3711 1502 3783 sanguine
1521 3710 1702 3775 vituli,
1739 3718 1798 3764 ut
1820 3718 2074 3780 aspergat

484 3819 517 3858 e
550 3804 771 3875 regione
801 3803 1026 3870 oraculi,
1051 3813 1107 3858 et
1128 3803 1309 3873 expiet
1342 3802 1713 3857 sanctuarimn
1745 3802 1812 3857 ab
1836 3802 2073 3855 immun-

484 3895 632 3949 ditiis
662 3895 897 3950 ﬁliorum
917 3896 1082 3950 Israel
1124 3904 1181 3951 et
1208 3912 1237 3949 a
1268 3895 1809 3966 prievaricationibus
1841 3909 2029 3950 eorum
2053 3933 2069 3961 ,

484 3987 806 4056 cunctisque
847 3988 1104 4058 peccatis.
1148 4007 1168 4041 ι

557 4079 930 4133 Admirandus
957 4090 1044 4134 est
1069 4080 1372 4151 lcgislator,
1414 4079 1690 4135 sufﬁciens
1718 4079 1787 4134 ad
1845 4077 2071 4150 ﬁguram

486 4171 755 4241 mysterii,
777 4172 1201 4241 nullatenusque
1230 4173 1716 4244 reprehendendus
1738 4183 1822 4228 est
1842 4173 1895 4226 in
1929 4173 2072 4228 mul-

488 4259 559 4312 tis
579 4259 772 4313 formis
798 4261 1158 4331 multiplicem
1207 4262 1706 4333 prwﬁgurationem
1759 4263 2071 4318 necessarie

484 4350 757 4406 dividens.
802 4352 938 4419 Quia
966 4353 1115 4408 enim
1148 4353 1398 4410 Christus
1428 4354 1495 4410 de
1534 4354 1738 4410 Judaeis
1768 4355 2069 4410 secundum

485 4454 732 4506 carnem,
767 4444 859 4513 qui
893 4445 994 4499 sub
1016 4445 1146 4517 jugo
1176 4446 1309 4517 legis
1337 4447 1591 4500 vivebant
1625 4454 1777 4501 ortus
1798 4454 1900 4510 est,
1922 4454 2069 4501 recte

2166 1976 2270 2046 gis,
2298 1981 2482 2045 utpote
2507 1975 2561 2028 in
2573 1972 2840 2029 visibilent
2862 1970 3103 2026 inferens
3121 1970 3441 2039 sanguinem
3468 1968 3576 2038 ejus
3591 1970 3707 2023 intra

2173 2069 2379 2131 velum,
2415 2068 2565 2122 sicut
2604 2075 2935 2135 praeceptum
2976 2072 3086 2118 est.

2242 2159 2309 2213 Et
2335 2160 2398 2213 a’e
2426 2158 2681 2226 sanguine
2713 2155 2867 2210 rituli
2892 2162 3133 2224 asperget
3159 2152 3331 2223 digito
3349 2152 3535 2222 septies
3558 2158 3710 2205 contra

2170 2242 2613 2311 propitiatorium
2667 2241 2738 2294 ad
2790 2241 3064 2296 orientem.
3096 2239 3197 2297 Vel
3236 2242 3383 2299 sicut
3420 2241 3554 2299 LXX
3589 2260 3713 2313 super

2171 2334 2605 2404 propitiatorium
2664 2342 2789 2387 ante
2865 2334 3054 2405 faciem
3108 2336 3491 2406 propitiatorii.
3545 2334 3714 2393 Deinde

2172 2425 2302 2495 quid
2331 2424 2618 2494 sequitur?

2247 2516 2410 2571 Vsus.
2455 2515 2540 2571 l6.
2583 2536 2603 2570 ‹
2662 2518 2731 2573 Et
2761 2517 2946 2589 expiet
2993 2519 3371 2575 sanctuarium
3403 2519 3472 2575 ab
3513 2518 3716 2575 immun-

2174 2608 2324 2663 ditiis
2352 2609 2588 2663 ﬁliorum
2617 2609 2809 2675 lsrael,
2840 2617 2897 2665 et
2920 2625 2950 2664 a
2980 2610 3523 2681 praevaricationibus
3541 2624 3715 2673 eorum,

2174 2701 2498 2771 cunctisque
2524 2702 2783 2772 peccatis.
2833 2720 2853 2754 ι

2247 2792 2480 2848 Videtur
2538 2793 2760 2863 quidem
2812 2794 2881 2849 de
2947 2794 3303 2852 tabernaculo
3357 2796 3570 2863 dicere,
3614 2794 3719 2852 dicit

2175 2895 2359 2941 autem
2385 2901 2496 2940 non
2521 2885 2591 2941 de
2629 2900 2695 2941 eo
2718 2885 2863 2955 quod
2907 2886 3094 2942 sensui
3126 2886 3399 2959 subjacet.
3427 2887 3563 2954 Quid
3604 2886 3720 2941 enim

2176 2977 2505 3049 expiationis
2537 2993 2635 3034 seu
2671 2978 3084 3050 propitiationis
3112 2979 3259 3051 ligna
3289 2980 3541 3053 egerint?
3560 2977 3724 3048 quidve

2183 3073 2358 3141 pelles
2376 3071 2460 3126 vel
2479 3071 2779 3142 reliqua,ex
2798 3073 2997 3143 quibus
3014 3074 3433 3129 tabernaculum
3451 3073 3723 3129 Iuda-orum

2176 3165 2323 3235 quod
2355 3165 2539 3219 sensui
2571 3166 2909 3236 subjacebat,
2942 3166 3255 3224 confectum
3286 3167 3566 3223 erat‘ZSed
3600 3179 3726 3238 gene-

2179 3257 2473 3321 ralitatem,
2491 3257 2609 3312 sive
2633 3269 2801 3315 totam
2822 3260 2957 3315 dicit
2978 3262 3260 3318 hominum
3278 3264 3546 3335 speciem.
3563 3264 3727 3321 Sancta

2176 3350 2325 3406 enim
2359 3350 2459 3405 fuit
2482 3352 2551 3407 ab
2577 3352 2738 3408 initio
2776 3369 2956 3410 massa
2997 3366 3207 3423 nostra,
3248 3357 3327 3413 ita
3378 3368 3440 3415 ut
3471 3357 3562 3413 Dei
3602 3358 3651 3412 in
3677 3371 3728 3412 ea

2177 3447 2452 3504 habitaret
2480 3447 2729 3517 spiritus.
2765 3448 2924 3515 Quod
2961 3449 3375 3508 demonstratur
3408 3467 3473 3508 ex
3500 3468 3585 3519 eo,
3612 3450 3727 3520 quod

2175 3538 2395 3593 auferre
2426 3538 2560 3593 illud
2587 3538 2833 3595 irascens
2857 3540 3098 3596 minatus
3129 3551 3215 3597 est
3255 3542 3426 3610 Deus,
3464 3542 3665 3613 quando
3684 3540 3728 3597 lii

2175 3630 2267 3699 qui
2324 3643 2389 3683 ex
2422 3628 2558 3684 Seth
2621 3629 3055 3695 descendebant,
3100 3647 3226 3688 cum
3278 3643 3469 3690 essent
3508 3633 3645 3707 justi,
3687 3640 3731 3686 et

2175 3720 2272 3775 ﬁlii
2302 3720 2393 3775 Dei
2425 3720 2856 3791 appellarentur,
2899 3723 3364 3793 concupiscentes
3399 3742 3492 3782 eas
3537 3741 3644 3797 qua:
3676 3738 3729 3778 ex

2176 3828 2238 3866 ca
2280 3812 2335 3866 in
2392 3816 2754 3884 posterosque
2787 3814 2907 3885 ejus
2956 3831 3057 3886 per
3101 3817 3512 3873 successionem
3566 3816 3730 3888 genita

2175 3913 2324 3969 sunt,
2348 3920 2470 3975 quae
2505 3914 2561 3960 et
2581 3904 2706 3960 ﬁliae
2731 3905 3017 3961 hominum
3039 3907 3389 3976 dicebantur,
3423 3909 3582 3965 unius
3600 3920 3731 3980 gene-

2175 3998 2252 4052 ris
2291 4013 2419 4052 cum
2459 3997 2616 4053 malis
2660 4006 2718 4053 et
2761 3998 2960 4070 iniquis
3014 3998 3200 4054 eﬁecti
3226 4008 3378 4067 sunt,
3432 4000 3566 4057 dixit
3609 3996 3728 4053 enim

2175 4088 2256 4144 sic
2292 4107 2305 4144 :
2353 4089 2591 4145 l’identes
2619 4090 2719 4161 ﬁlii
2751 4090 2849 4145 Dei
2888 4091 3031 4161 ﬁlias
3076 4092 3370 4158 hominum,
3423 4094 3560 4163 quod
3594 4096 3730 4145 essent

2173 4180 2428 4251 pulchrte,
2460 4191 2771 4251 acceperunt
2796 4183 2897 4237 sibi
2918 4199 3106 4237 uxores
3130 4200 3195 4238 ea:
3216 4185 3460 4239 omnibus
3498 4201 3623 4257 quas
3646 4182 3730 4237 ele-

2178 4284 2386 4345 gerunt,
2419 4284 2468 4329 et
2494 4275 2631 4328 dixit
2669 4273 2922 4329 Dominus
2957 4273 3131 4330 Deus:
3151 4275 3273 4330 Non
3298 4275 3619 4346 permanebit
3642 4272 3729 4338 spi-

2176 4368 2311 4422 ritus
2335 4384 2480 4423 meus
2511 4368 2565 4422 in
2591 4368 2800 4422 homine
2844 4368 2901 4420 in
2946 4376 3225 4433 a'ternum,
3277 4370 3408 4438 quia
3440 4384 3564 4423 caro
3602 4360 3728 4421 est".

2181 4459 2322 4533 Ergo
2345 4461 2394 4517 si
2425 4462 2708 4518 habitabat
2734 4460 2959 4532 spiritus
2995 4461 3089 4516 Dei
3123 4461 3178 4516 in
3215 4462 3444 4517 homine
3469 4470 3730 4530 antequam

483 4534 640 4589 vituli
674 4538 1003 4593 sacriﬁcium
1036 4539 1374 4594 nominatur.
1414 4540 1597 4611 Legali
1638 4542 1785 4595 enim
1839 4540 1986 4610 iugo,
2014 4549 2071 4594 et
2102 4570 2148 4627 υ
2174 4569 2369 4611 omnes
2387 4554 2543 4625 sequi
2571 4555 2856 4625 passiones
2893 4553 3080 4609 carnis
3117 4554 3408 4625 inciperet,
3445 4561 3731 4609 sanctam.

482 4632 781 4704 pertinenti
824 4635 890 4690 ad
916 4651 1043 4690 eum
1100 4635 1428 4707 operationi,
1493 4644 1548 4690 et
1592 4635 1818 4704 justitia:
1869 4636 2071 4690 vitulus

482 4734 853 4794 comparatur,
908 4728 1102 4796 jugum
1145 4737 1447 4784 consuetus
1500 4725 1742 4790 trahere,
1785 4734 1947 4796 atque
1994 4727 2070 4781 ita

458 4823 685 4870 terram
708 4821 946 4888 operari.
988 4819 1126 4885 Quia
1164 4828 1346 4874 autem
1379 4818 1681 4873 secundum
1711 4821 1856 4887 quod
1884 4822 2069 4873 incar-

480 4918 644 4964 natus
670 4919 808 4979 erat,
844 4913 911 4967 de
933 4915 1211 4968 communi
1230 4928 1411 4969 massa
1438 4913 1718 4968 hominum
1755 4912 1927 4968 factus
1952 4923 2057 4978 est,

480 5011 771 5071 propterea
804 5020 995 5060 rursus
1018 5006 1205 5061 hircus
1250 5005 1575 5075 appellatur.
1623 5006 1893 5075 Asperum
1935 5022 2065 5076 ergo

480 5091 585 5146 hoc
608 5093 811 5148 animal
846 5095 1079 5163 pilorum
1139 5095 1521 5150 indumentum
1575 5095 1763 5165 gerit:
1811 5112 2067 5166 asperum

479 5193 662 5239 autem
711 5194 901 5257 utpote
957 5179 1187 5258 peccato
1221 5186 1508 5254 refertum,
1550 5203 1713 5243 omne
1764 5190 2065 5243 viventium

2176 4645 2282 4700 rito
2313 4654 2435 4701 erat
2469 4646 2755 4700 hominum
2784 4659 2998 4699 massa:
3027 4659 3153 4699 nam
3175 4659 3277 4700 nec
3314 4645 3585 4716 primitias
3606 4654 3732 4697 esca

2176 4737 2410 4793 Sanctus
2431 4740 3091 4792 sanctorum’assumcret.
3119 4736 3258 4803 Quia
3283 4746 3469 4793 autem
3490 4734 3732 4792 sordidata

2172 4838 2276 4893 est,
2310 4829 2549 4900 expiavit
2576 4843 2703 4883 eum
2749 4829 2820 4882 ab
2863 4828 3231 4884 immunditiis
3284 4828 3522 4883 ﬁliorum
3572 4823 3731 4881 Israel.

2172 4917 2418 4975 Primum
2449 4920 2669 4990 quidem
2700 4920 2980 4976 sensibilis
3029 4920 3163 4991 ipsis
3191 4920 3315 4976 data
3347 4928 3434 4976 est
3467 4921 3574 4988 lex,
3626 4915 3731 4987 quia

2174 5012 2501 5083 transgressi
2564 5020 2712 5079 sunt,
2781 5026 2906 5065 reos
2964 5010 3086 5067 illos
3131 5010 3445 5077 maledicto,
3487 5018 3542 5065 et
3594 5003 3729 5063 monti

2172 5105 2484 5168 constituit,
2554 5113 2617 5159 ut
2685 5115 2975 5174 propterea
3058 5106 3430 5159 necessariam
3493 5102 3732 5156 haberent

2173 5196 2565 5265 expiationem,
2599 5204 2654 5250 et
2690 5212 2790 5266 pro
2817 5196 2901 5250 eis
2951 5195 3174 5266 quidem
3205 5195 3578 5267 principaliter
3628 5187 3731 5245 uni-

478 5293 676 5345 genus,
711 5280 838 5347 quia
891 5280 1033 5333 nihil
1066 5289 1153 5335 est
1189 5290 1417 5350 peccato
1451 5282 1720 5351 asperius.
1766 5279 1919 5336 Unde
1961 5281 2065 5335 hoc
2096 5288 2128 5347 g
2175 5287 2343 5356 geniti
2381 5287 2698 5341 immolatur
2727 5285 3089 5343 sacriﬁcium:
3141 5287 3458 5343 immolatur
3493 5293 3661 5340 autem
3689 5287 3733 5334 ct

476 5370 783 5439 approbare
809 5379 996 5440 aperte
1027 5371 1301 5442 lcgislator
1336 5372 1525 5426 volens
1567 5372 1775 5442 inquit:

549 5458 790 5530 Cumque
861 5463 1175 5516 mactaverit
1212 5462 1417 5515 hircum
1451 5480 1547 5533 pro
1601 5473 1815 5535 peccato
1856 5463 2085 5534 populi..

478 5543 679 5602 Totum
702 5548 790 5604 hic
812 5548 1126 5623 intelligens
1157 5552 1457 5608 humanum
1484 5570 1674 5627 genus,
1702 5557 1849 5627 quod
1883 5572 2032 5627 quon

545 5741 770 5836 [:upsal'
801 5766 918 5815 ‘1'",
949 5751 1005 5808 4·
1080 5752 1126 5786 ⁸⁸
1153 5751 1319 5809 Zaeh.
1358 5772 1429 5817 vt,
1471 5756 1555 5811 lii.
1634 5759 1680 5790 ⁸⁸
1703 5758 1836 5814 Luc.
1864 5773 1904 5825 ι,
1929 5759 2018 5811 78.

2170 5759 2356 5815 Matth.
2390 5778 2544 5827 xvm,
2575 5748 2664 5828 91,
2702 5763 2793 5821 22.
2870 5767 2915 5800 ⁸⁸
2937 5765 3075 5823 Gen.
3114 5785 3188 5836 γι,
3233 5769 3339 5824 1-5.

480 5808 635 5867 lii-31
649 5853 661 5867 .

2164 5391 2265 5448 pro
2316 5378 2577 5433 omnibus
2605 5378 2945 5446 hominibus,
2994 5380 3068 5435 ita
3122 5390 3184 5435 ut
3239 5380 3472 5450 Caiphas
3515 5377 3729 5432 diceret:

2165 5468 2379 5540 Oportet
2422 5481 2479 5524 ut
2512 5488 2648 5527 unus
2688 5475 2843 5527 homo
2875 5475 3141 5527 moriatur
3198 5489 3296 5542 pro
3332 5471 3540 5542 populo,
3571 5477 3616 5523 et
3645 5479 3731 5519 non

2163 5570 2272 5614 tota
2315 5578 2437 5632 gens
2488 5573 2668 5631 pereat
2686 5564 2758 5622 θ’.
2797 5563 3065 5635 Quodque
3110 5565 3319 5620 dictum
3364 5572 3501 5631 erat,
3556 5555 3731 5615 conﬁr—

3414 5770 3459 5801 "
3484 5769 3632 5825 Joan.
3667 5778 3726 5817 si.
