3992 6398
293 431 418 498 997
1491 429 1572 491 IN
1613 429 1867 489 LEVl'l‘I

2018 430 2055 488 l.
2095 455 2161 464 -ο·
2202 429 2348 489 LIB.
2392 431 2457 491 ν.
3490 437 3594 502 998

301 555 468 596 rans
504 539 778 612 simulque
817 548 876 596 et
925 541 1204 614 corrigens
1257 542 1586 614 evangelista
1647 539 1910 604 Joannes,
1941 537 2296 597 Abonum".
2351 539 2524 595 Nemo
2583 540 2862 597 caelestem
2923 541 3402 599 conversationem
3465 554 3599 599 tune

294 633 554 688 addidit:
593 631 708 686 Hoc
742 641 917 688 autem
940 651 972 688 a
1000 635 1275 703 semetipso
1304 649 1405 688 non
1469 633 1623 697 dixit,
1645 633 1737 686 sed
1779 647 1896 686 cum
2003 630 2355 700 sequebatur,
2383 647 2488 687 nec
2511 633 2729 705 dignam
2757 635 2969 690 caelesti
2988 635 3214 691 homine
3241 633 3594 706 sapientiam,

293 736 442 779 esset
469 726 706 796 pontifex
737 727 866 780 anni
893 725 1058 791 illius,
1112 726 1461 798 prophetavit,
1495 728 1619 796 quia
1676 725 1900 778 moritu-
2005 723 2308 792 usquedum
2348 724 2401 777 in
2438 733 2629 781 sancto
2653 729 2890 797 proprias
2909 727 3094 784 carnis
3111 739 3324 798 rogaret
3355 741 3453 798 per
3467 741 3598 781 cru-

299 831 401 870 ras
436 819 576 872 esset
600 816 753 872 Jesus
779 834 876 889 pro
905 828 1076 889 gente,
1109 827 1157 872 et
1182 834 1286 872 non
1305 819 1474 872 solum
1495 833 1592 888 pro
1620 827 1788 888 gente,
1809 817 1900 870 sed
2003 827 2145 881 cem,
2177 823 2232 868 et
2263 830 2514 886 egressus
2536 827 2714 872 estex
2751 833 2815 874 ea
2865 819 2983 890 lege
3015 819 3326 874 communis
3370 817 3590 880 mortis,

306 918 362 960 ct
395 910 536 978 ﬁlios
569 909 689 974 Dei,
723 911 813 981 qui
843 911 1067 980 dispersi
1098 920 1248 964 erant
1280 911 1334 964 in
1362 926 1527 963 unum
1590 908 1854 978 colligeret
1882 924 1894 960 :
2002 905 2260 959 emittens
2284 908 2561 976 spiritum,
2585 919 2640 964 et
2659 925 2883 966 carnem
2922 907 3247 982 relinquens
3295 913 3349 966 in
3407 913 3600 982 sepul-

306 1011 509 1070 gentes
551 1002 827 1068 videlicet,
876 1002 945 1056 de
991 1001 1123 1072 ipsis
1153 1003 1298 1057 enim
1352 1002 1618 1056 Dominus
1647 1000 1897 1085 diepbat:
2003 1009 2136 1058 cro,
2173 997 2320 1064 quod
2363 998 2483 1066 ejus
2537 999 2825 1055 evidenter
2853 1003 3054 1057 exitus
3093 1003 3427 1058 nominatur.
3490 1003 3598 1057 Sed

305 1093 500 1150 Habeo
529 1094 667 1148 enim
701 1093 838 1148 alias
862 1109 1000 1158 oves,
1032 1110 1148 1166 qua:
1181 1110 1284 1147 non
1311 1103 1431 1147 sunt
1461 1093 1526 1147 de
1553 1093 1648 1146 Itoc
1679 1091 1819 1154 ovili,
1852 1099 1900 1144 et
2004 1103 2114 1142 non
2167 1091 2508 1159 generalitati
2563 1095 2810 1149 omnium
2863 1094 3150 1151 hominum
3209 1096 3414 1167 profuit
3483 1095 3594 1150 hoc

306 1183 442 1237 illas
486 1192 686 1253 oportet
717 1199 798 1236 me
819 1183 1063 1254 colligere
1085 1183 1152 1236 9°.
1193 1181 1396 1253 Aperte
1429 1191 1612 1236 autem
1651 1181 1743 1233 ﬁlii
1781 1178 1898 1246 Dei,
2003 1180 2148 1250 quod
2173 1197 2323 1236 nunc
2356 1193 2440 1237 est
2473 1187 2783 1255 expositum
2815 1189 3162 1244 sacriﬁcium.
3191 1189 3384 1244 Nullus
3420 1189 3602 1244 homi-

297 1275 490 1332 multo
520 1275 690 1347 magis
719 1285 846 1331 sunt
879 1273 1156 1340 lsraelitm,
1184 1275 1307 1346 quia
1328 1274 1494 1329 Israel
1520 1274 1712 1329 videns
1729 1273 1900 1328 Deum
2005 1287 2138 1326 num
2173 1273 2262 1338 sit,
2302 1274 2498 1344 inquit,
2558 1277 2612 1330 in
2646 1279 3022 1345 tabernaculo,
3073 1287 3292 1352 quando
3343 1281 3598 1336 Pontifex

297 1366 728 1436 interpretatur,
760 1375 816 1421 et
864 1367 1168 1421 secundum
1206 1367 1469 1420 rationem
1517 1381 1618 1434 pro
1657 1364 1901 1419 sensibili
2005 1363 2315 1436 ingreditur
2349 1370 2402 1420 in
2432 1372 2809 1425 sanctuarium
2833 1381 2894 1426 ut
2923 1383 3094 1442 roget.
3131 1375 3295 1444 Atqui
3334 1374 3388 1428 in
3423 1373 3600 1428 sacri-

295 1458 482 1512 lsrael
522 1457 678 1514 lesus
708 1457 1040 1525 immolatus,
1092 1459 1141 1512 id
1179 1466 1262 1513 cst
1309 1457 1658 1521 sacriﬁcium,
1705 1465 1760 1510 et
1803 1473 1902 1527 pro
2007 1457 2132 1512 ﬁcio
2166 1459 2314 1528 quod
2359 1469 2448 1515 est
2495 1463 2798 1516 secundum
2836 1463 3093 1531 litteram,
3151 1467 3299 1520 solus
3354 1480 3602 1536 praesens

292 1553 467 1606 omni
516 1551 760 1609 humano
797 1569 1020 1625 genere,
1067 1553 1134 1608 ad
1189 1553 1560 1624 expiationem
1601 1553 1903 1607 immundi-
2005 1559 2154 1604 esset
2182 1551 2417 1621 populus
2452 1550 2790 1610 indecorum.
2821 1551 2940 1608 Non
2963 1566 3147 1610 autem
3206 1557 3384 1609 omnis
3435 1555 3601 1608 homo

291 1645 511 1700 tiarum
542 1655 856 1701 nostrarum
886 1647 1104 1700 obtulit.
1125 1643 1366 1711 Quarum
1398 1643 1905 1699 immunditiarum?
2007 1642 2076 1698 de
2109 1643 2468 1698 tabernaculo
2519 1646 2822 1700 secundum
2869 1655 3087 1716 tempus
3130 1647 3404 1710 sacriﬁcii,
3453 1647 3603 1716 quod

288 1738 367 1792 Id
397 1747 487 1794 est
515 1753 547 1793 a
569 1737 1120 1809 praevaricationibus
1151 1753 1366 1803 eorum,
1406 1737 1604 1807 inquit,
1661 1737 1904 1792 cunctis-
2007 1749 2157 1791 nunc
2182 1734 2392 1790 dictum
2420 1743 2524 1798 est,
2549 1737 2978 1792 excluderetur:
3006 1738 3102 1793 sed
3119 1738 3406 1810 signiﬁcat,
3435 1751 3603 1793 omne

289 1847 418 1901 que
456 1831 717 1902 peccatis.
750 1830 964 1886 Animae
993 1830 1580 1902 quippeimmunditia,
1613 1845 1724 1898 non
1753 1846 1904 1885 mor-
1935 1884 1978 1902 η
2009 1826 2299 1881 hominum
2326 1843 2519 1898 genus,
2551 1837 2770 1884 terrena
2796 1845 2947 1885 nunc
2985 1845 3198 1900 sapere,
3251 1839 3308 1884 et
3357 1830 3412 1884 in
3470 1845 3606 1900 pec-

295 1884 391 1978 t'ui
435 1884 688 1994 prollutio,
743 1939 854 1981 non
907 1884 1170 1996 poricinlu‘s
1225 1923 1402 1990 cibus,
1455 1939 1566 1978 non
1623 1923 1901 1993 quippiam
1934 1884 1980 1944 Β
2011 1919 2148 1974 catis
2173 1933 2317 1983 esse,
2345 1934 2410 1973 ac
2443 1928 2738 1990 propterea
2783 1920 2840 1976 in
2872 1884 3202 1994 itttelligibili
3246 1884 3604 1976 tabernarqu

291 2016 464 2072 aliud
490 2017 690 2084 simile,
721 2017 819 2072 sed
857 2033 1060 2073 nocere
1088 2017 1340 2088 proximo
1368 2026 1471 2083 est,
1505 2025 1560 2071 et
1597 2031 1824 2087 peccare
1847 2015 1904 2072 in
2009 2012 2311 2068 testimonii
2348 2023 2497 2069 recte
2526 2029 2638 2069 non
2663 2014 2923 2070 inveniri.

296 2109 516 2175 Deum,
545 2109 633 2164 vel
665 2109 920 2164 mandata
943 2109 1060 2164 Dei.
1389 2177 1394 2182 '
2080 2104 2244 2160 Vens.
2281 2105 2371 2169 18,
2402 2106 2489 2161 l9.
2527 2125 2546 2157 ι
2582 2105 2726 2160 Cum
2784 2115 2971 2162 autem
3041 2105 3238 2162 exierit
3284 2105 3354 2160 ad
3405 2104 3604 2170 altare,

379 2203 550 2257 Juxta
586 2203 724 2257 hunc
756 2203 922 2257 ritum
972 2203 1130 2274 faciet
1184 2200 1590 2256 tabernaculum
1620 2202 1906 2256 testimonii
2008 2197 2158 2267 quod
2189 2212 2376 2253 coram
2428 2197 2664 2253 Domino
2691 2206 2777 2253 est
2808 2208 2931 2254 oret
2967 2213 3068 2268 pro
3113 2213 3174 2253 se
3211 2205 3266 2252 et
3318 2204 3598 2265 sumptum

294 2297 456 2364 quod
493 2293 655 2362 ﬁxum
689 2301 764 2349 est
785 2294 922 2348 inter
954 2310 1059 2358 eos,
1089 2294 1143 2347 in
1179 2293 1348 2347 medio
1366 2293 1588 2346 sortium
1619 2293 1904 2346 Itabitatio-
2007 2291 2336 2362 sanguinem
2391 2291 2548 2348 vituli
2583 2302 2748 2362 atque
2794 2292 2931 2347 hirci
2959 2292 3155 2348 fundat
3193 2307 3360 2360 super
3390 2305 3601 2346 cornua

301 2388 398 2441 nis
428 2403 633 2443 eorum.
662 2386 861 2442 Nullus
887 2379 1160 2442 hominum
1195 2387 1262 2440 sit
1283 2388 1336 2439 in
1360 2385 1721 2453 tabernaculo,
1743 2402 1908 2456 quan-
2007 2382 2130 2450 ejus
2153 2397 2250 2450 per
2277 2397 2492 2454 gyrum,
2527 2397 2903 2454 spargensque
2927 2383 3098 2454 digito
3127 2384 3352 2452 septies,
3385 2381 3595 2451 expiet,

299 2479 381 2531 do
415 2479 653 2550 pontifex
689 2479 985 2550 ingreditur
1009 2481 1062 2532 in
1099 2479 1488 2544 sanctuarium,
1531 2487 1588 2532 ut
1619 2487 1760 2550 roget
1811 2494 1906 2548 pro
2008 2469 2430 2538 sanctiﬁcetque
2528 2469 2662 2525 illud
2753 2469 2824 2525 ab
2915 2469 3282 2525 immunditiis
3363 2468 3600 2522 ﬁliorum

300 2588 369 2625 se
399 2581 452 2626 et
501 2589 598 2642 pro
627 2572 782 2627 domo
828 2589 945 2635 sua,
979 2581 1027 2626 et
1080 2588 1177 2642 pro
1229 2571 1470 2626 universo
1527 2581 1660 2625 coetu
1711 2571 1904 2626 Israel.
2007 2562 2198 2617 lsrael-
2247 2579 2268 2614 ι

304 2665 479 2731 Quod
531 2665 618 2720 [ex
675 2665 932 2736 superius
973 2665 1268 2736 appellavit
1325 2674 1532 2732 sancta,
1581 2681 1709 2721 cca:
1757 2682 1908 2722 nunc
2077 2653 2218 2720 Quia
2255 2670 2378 2725 qua:
2417 2654 2598 2722 γὶιιιιὶ,
2620 2663 2677 2710 et
2707 2655 2848 2710 heri
2875 2663 3084 2719 essent,
3118 2655 3251 2709 satis
3285 2655 3340 2710 in
3367 2653 3455 2709 his
3480 2669 3604 2724 (Illic

304 2754 732 2810 tabernaculum
793 2753 1096 2810 testimonii
1131 2753 1392 2824 appellat,
1426 2755 1574 2826 quod
1615 2753 1784 2809 ﬁxum
1823 2764 1908 2810 est
2009 2747 2155 2802 dicta
2195 2756 2346 2811 sunt,
2373 2747 2727 2816 explanatum
2759 2754 2862 2802 est.
2915 2745 3093 2800 Simul
3140 2746 3288 2802 enim
3317 2749 3608 2816 utriusque

305 2845 466 2900 inter
502 2861 620 2912 eos,
681 2847 740 2900 in
799 2845 984 2901 medio
1016 2846 1248 2901 sortium
1295 2845 1654 2900 habitationis
1691 2860 1903 2901 eorum.
2010 2857 2238 2898 sumens
2287 2845 2636 2914 sanguinem,
2695 2857 2978 2912 unumque
3037 2841 3170 2897 illud
3227 2841 3608 2913 conjunctioni

308 2935 452 2990 Sive
486 2937 790 2993 secundum
820 2935 963 2992 LXX
1004 2936 1334 2992 aediﬁcatum
1387 2937 1441 2991 in
1469 2938 1571 3000 eis,
1613 2937 1666 2991 in
1725 2937 1908 2992 medio
2009 2934 2419 3000 demonstrans,
2465 2949 2632 3004 super
2665 2950 2874 2990 cornua
2899 2934 3090 2988 altaris
3125 2935 3301 3005 ponit,
3331 2950 3428 2988 seu
3475 2933 3608 2989 fun-

304 3029 797 3086 immunditiarum
847 3046 1059 3086 eorum.
1093 3029 1293 3084 Eadem
1349 3029 1554 3101 quippe
1594 3031 1823 3095 ratione,
1855 3039 1909 3084 et
2011 3028 2110 3081 dit.
2165 3025 2277 3081 Sed
2333 3026 2463 3096 quid
2519 3025 2674 3096 agit?
2746 3024 3102 3094 Quaecunque
3159 3025 3404 3096 mystcrii
3466 3025 3604 3082 ordo

305 3129 507 3176 sancta
536 3137 682 3186 esse,
747 3134 803 3178 et
839 3123 1136 3179 testimonii
1169 3123 1431 3194 appellari
1470 3123 1904 3186 tabernaculum,
2012 3119 2200 3189 exigit,
2229 3127 2287 3173 et
2311 3117 2721 3187 consequentiae
2744 3117 2863 3172 vult
2897 3117 3088 3188 ﬁgura,
3111 3133 3274 3187 quam
3305 3133 3430 3172 cum
3452 3119 3606 3172 omni

291 3221 500 3270 massa
535 3224 720 3270 nostra
743 3224 945 3286 potest.
1007 3214 1063 3270 Si
1092 3215 1241 3270 enim
1296 3215 1710 3270 tabernaculum
1748 3217 1902 3271 testi-
1930 3225 1974 3284 α
2011 3209 2322 3265 subtilitate
2351 3209 2632 3280 legislator
2655 3209 2876 3279 scripsit
2899 3219 3088 3279 postea
3111 3217 3366 3264 nostrum
3415 3224 3609 3280 egres-

305 3305 492 3359 monii
549 3307 748 3361 cmlum
809 3306 1075 3374 diximus,
1137 3317 1286 3363 recte
1343 3317 1532 3363 sancta
1589 3310 1875 3365 nominatu

2035 3321 2132 3359 um
2189 3305 2260 3360 ad
2317 3304 2510 3370 altare,
2581 3303 2729 3373 quod
2786 3311 2873 3357 est
2924 3318 3110 3358 coram
3155 3301 3408 3357 Domino.
3467 3301 3611 3356 Dicit

303 3398 560 3453 caelestis
586 3407 775 3454 noster
798 3399 984 3463 homo,
1013 3399 1080 3454 de
1111 3416 1221 3470 quo
1247 3399 1326 3454 ait
1347 3398 1579 3456 Paulus:
1617 3399 1764 3458 Sicut
1787 3419 1912 3472 ρον·
2010 3407 2194 3453 autem
2225 3413 2375 3464 eum,
2405 3398 2500 3467 qui
2531 3405 2614 3452 est
2647 3394 3042 3468 thymiamatis,
3067 3395 3214 3465 quod
3264 3410 3388 3448 esse
3419 3395 3609 3448 sedem

305 3493 552 3548 lauimus
605 3493 890 3564 imaginem
935 3493 1150 3559 terreni,
1201 3502 1467 3562 portemus
1519 3503 1568 3547 et
1622 3495 1909 3565 imaginem
2009 3491 2700 3553 Cherubimostendimus,
2758 3507 2888 3546 cum
2949 3505 3114 3545 carne
3165 3487 3494 3553 ascendens,
3552 3497 3613 3542 et

306 3585 538 3639 valeatis
554 3584 623 3638 ".
662 3583 906 3640 Rursus:
943 3583 1000 3640 Si
1033 3585 1296 3640 terrestris
1319 3574 1506 3640 domus
1536 3596 1714 3640 nostra
1752 3587 1910 3657 hujus
2011 3590 2256 3634 nostram
2294 3581 2350 3634 in
2404 3595 2472 3634 eo
2502 3577 2877 3648 captivitatem
2925 3578 3253 3643 sublevavit,
3299 3577 3462 3630 simul
3506 3591 3612 3630 nos

306 3677 662 3732 habitationis
687 3677 1026 3752 dissolvatur,
1060 3679 1312 3733 habemus
1339 3679 1744 3748 aedificationem
1791 3697 1910 3750 qua:
2011 3673 2307 3743 suscitans,
2330 3682 2385 3728 et
2415 3670 2609 3728 sedere
2633 3671 2844 3726 faciens
2881 3671 2934 3724 in
2960 3671 3150 3725 dextra
3179 3669 3233 3732 in
3265 3669 3606 3725 caelestibus.

309 3784 384 3822 ea:
422 3766 529 3822 Deo
561 3776 658 3834 est,
705 3769 921 3822 domum
972 3785 1075 3822 non
1104 3786 1268 3823 manu
1310 3771 1528 3841 factam,
1577 3780 1828 3825 teter-nam
1855 3773 1912 3826 in
2011 3767 2080 3823 Et
2107 3777 2386 3837 sumptum
2427 3767 2754 3838 sanguinem
2797 3764 3223 3833 elluuditsuper
3247 3776 3455 3816 cornua
3489 3761 3611 3830 ejus

311 3859 548 3914 caelis”.
573 3859 742 3916 Recte
767 3877 896 3933 ergo
931 3871 1184 3916 sanctum
1219 3863 1561 3927 nominatur,
1589 3865 1715 3933 quia
1741 3865 1912 3920 sediﬁ-
2013 3875 2114 3930 per
2139 3874 2347 3930 gyrum,
2377 3872 2787 3929 aspergensque
2823 3855 2996 3927 digito
3052 3855 3276 3926 septies,
3315 3855 3501 3924 expiet
3556 3861 3614 3907 et

311 3965 479 4008 catus
511 3954 676 4008 estin
704 3953 884 4009 nobis.
919 3953 1162 4008 Primum
1197 3954 1335 4009 enim
1366 3956 1615 4026 formavit
1657 3955 1912 4012 Dominus
2014 3950 2320 4007 sanetiticet
2387 3951 2520 4004 illud
2578 3949 2648 4004 ab
2707 3947 3079 4002 immunditiis
3130 3945 3365 4000 ﬁliorum
3421 3944 3610 4000 Israel.

313 4045 468 4100 Deus
490 4047 554 4101 de
580 4045 794 4116 puluere
827 4057 981 4102 terra:
1009 4049 1296 4115 hominem,
1323 4060 1370 4103 et
1401 4059 1525 4104 tunc
1551 4050 1835 4121 insufflauit
1857 4051 1912 4105 in
2014 4044 2151 4111 Quia
2187 4043 2410 4114 propria
2450 4043 2708 4112 passione
2737 4057 2848 4096 non
2893 4039 3068 4095 solum
3105 4053 3311 4094 cornua
3342 4037 3481 4108 ejus,
3518 4035 3613 4106 qui

315 4137 513 4210 faciem
533 4137 648 4208 ejus
669 4139 918 4209 spiritum
947 4138 1147 4193 vitas”.
1183 4137 1282 4195 Hic
1309 4147 1546 4210 estergo
1572 4149 1763 4194 noster
1798 4155 1914 4195 εοε-
2015 4137 2182 4191 estin
2216 4137 2357 4192 coelo
2383 4135 2593 4196 altaris.
2629 4137 2865 4192 virtutes
2917 4135 3132 4190 scilicet
3182 4133 3511 4204 przccipuas,
3557 4139 3615 4186 ct

316 4230 478 4284 lestis
519 4230 705 4296 homo,
742 4228 836 4301 Qui
872 4233 927 4286 in
963 4231 1148 4286 medio
1188 4232 1659 4287 immunditiarutn
1693 4240 1914 4288 nostra-
2015 4229 2322 4301 generales,
2353 4229 2702 4300 sapientiam,
2738 4229 3152 4293 fortitudinem,
3180 4226 3488 4297 justitiam,
3519 4239 3616 4278 ca-

316 4335 451 4376 rum
481 4331 586 4389 est,
616 4323 708 4394 qui
742 4323 906 4378 etiam
939 4324 1291 4394 passionibus
1318 4325 1500 4380 carnis
1543 4335 1911 4396 oppugnatur,
2019 4313 2266 4376 stitatem
2301 4320 2690 4376 sanetiﬁcavit:
2723 4336 2845 4390 qua:
2889 4334 3098 4375 cornua
3135 4317 3436 4372 Cherubim
3471 4323 3616 4371 recte

317 4412 630 4467 secundum
672 4414 818 4484 quod
867 4415 1070 4471 Paulus
1121 4416 1294 4471 dixit:
1346 4416 1501 4470 Video
1555 4418 1695 4471 enim
1747 4417 1916 4470 aliam
2019 4422 2172 4480 sunt,
2239 4414 2441 4485 ﬁguras
2495 4413 2645 4468 enim
2703 4429 2894 4470 eorum
2953 4412 3182 4468 cteleste
3236 4410 3343 4464 hoc
3407 4407 3614 4462 animal

315 4505 494 4576 legem
511 4505 566 4560 in
582 4507 826 4562 membris
847 4509 998 4572 meis,
1021 4519 1401 4580 repugnantem
1427 4508 1528 4580 legi
1555 4509 1741 4562 mentis
1763 4524 1912 4575 mete,
2020 4507 2208 4574 habet,
2242 4508 2299 4563 in
2337 4523 2690 4578 personaque
2724 4507 2968 4563 hominis
2996 4517 3054 4560 et
3082 4503 3258 4560 leonis
3285 4511 3339 4557 et
3371 4499 3526 4556 vituli
3562 4507 3613 4552 ct

316 4605 372 4651 et
400 4596 667 4664 captivum
696 4615 780 4652 me
807 4599 1077 4653 ducentem
1108 4599 1165 4652 in
1199 4598 1309 4669 lege
1353 4599 1574 4670 peccati,
1607 4614 1726 4665 qua:
1753 4608 1828 4654 est
1859 4601 1916 4654 in
1949 4603 1993 4662 D
2021 4601 2218 4672 aquilas
2253 4602 2414 4674 gerit,
2461 4600 2748 4672 sapientia:
2773 4600 2994 4670 quidem
3024 4597 3080 4652 in
3119 4609 3360 4668 persona
3415 4592 3614 4656 leonis,

318 4687 576 4743 membris
599 4689 814 4745 uicis“.
845 4689 1077 4762 Propter
1098 4692 1247 4762 quod
1270 4691 1436 4746 nimis
1465 4691 1553 4748 lex
1583 4707 1920 4764 consequen-
2013 4693 2248 4766 iustitia:
2305 4694 2362 4748 in
2428 4709 2666 4765 persona
2723 4693 2904 4759 vituli,
2946 4689 3217 4747 castitatis
3263 4687 3320 4741 in
3381 4693 3618 4756 persona

319 4794 408 4836 ter
431 4780 718 4836 subdidit:
2015 4789 2244 4859 aquilae:
2273 4787 2342 4843 de
2379 4787 2582 4858 quibus
2619 4787 2839 4858 plenius
2886 4787 2940 4840 in
2981 4783 3270 4855 prophetae
3313 4775 3638 4867 Ezechielis.

399 4869 561 4925 Vens.
596 4871 684 4925 i7.
718 4889 737 4921 ι
775 4870 969 4926 Nullus
999 4871 1164 4928 homo
1189 4872 1259 4928 sit
1295 4872 1350 4928 in
1378 4873 1734 4930 tabernaculo
1765 4875 1918 4932 testi-
2017 4880 2476 4952 interpretatione
2507 4880 2636 4936 olim
2665 4879 3043 4950 exposuimus.
3336 4941 3341 4946 η

318 4962 521 5028 monii,
541 4963 764 5034 quando
789 4964 1037 5035 pontifex
1069 4965 1380 5036 ingreditur
1409 4975 1472 5023 ut
1511 4978 1664 5040 roget
1695 4984 1798 5040 pro
1837 4985 1918 5038 se,
2093 4971 2283 5042 Expiet
2313 4981 2364 5026 et
2384 4971 2677 5040 sanctiﬁcat
2709 4969 2844 5024 illud
2879 4968 2945 5022 ab
2981 4964 3340 5022 immunditiis
3382 4960 3613 5030 ﬁliorum

321 5066 378 5110 et
407 5071 510 5126 pro
544 5052 710 5112 domo
729 5071 850 5122 sua,
870 5066 927 5113 et
946 5074 1044 5130 pro
1073 5059 1334 5114 universo
1357 5069 1502 5116 coetu
1528 5059 1712 5117 Israel.
1752 5080 1773 5114 ›
2021 5065 2214 5120 Israel.
2236 5064 2447 5120 Christi
2488 5066 2636 5118 enim
2678 5063 2952 5120 sacriﬁcio
2996 5062 3291 5132 expiantur
3343 5067 3398 5110 et
3451 5051 3616 5106 cccle—

395 5151 631 5216 Quando
657 5153 804 5208 enim
827 5151 1082 5208 Christus
1129 5153 1439 5226 ingreditur
1467 5155 1523 5210 in
1555 5163 1828 5222 sanctum,
1866 5156 1920 5212 id
2023 5160 2127 5214 stia
2149 5159 2218 5222 ",
2245 5158 2320 5212 ita
2351 5167 2412 5213 ut
2443 5157 2646 5212 Paulus
2679 5157 2924 5211 diceret:
2951 5153 3315 5209 diﬁ'erentiam
3362 5143 3613 5216 legalium

318 5252 431 5310 est,
465 5244 1118 5314 quandoincarnabatur,
1141 5247 1419 5303 caelestem
1449 5247 1728 5304 hominem
1758 5257 1922 5320 atque
2021 5248 2441 5311 sacriﬁciorum,
2489 5259 2545 5302 et
2591 5245 2860 5318 unigeniti
2923 5242 3216 5299 ostendere
3250 5236 3437 5292 volens
3475 5245 3609 5285 :ne-

315 5349 390 5391 cx
428 5335 588 5395 nobis
619 5335 890 5407 primitias
917 5337 1194 5403 sumebat,
1231 5353 1392 5393 nemo
1411 5346 1531 5394 erat
1559 5327 1616 5394 in
1663 5339 1924 5410 intelligi.
2023 5355 2181 5394 cesse
2209 5347 2297 5394 est
2334 5353 2466 5410 ergo
2506 5335 2848 5416 exemplaria
2875 5333 3178 5390 caelestium
3213 5329 3300 5384 bis
3339 5320 3612 5416 mundari,

314 5428 422 5485 bili
456 5427 816 5485 tabernaculo
838 5429 1163 5494 testimonii,
1189 5445 1298 5505 nec
1313 5431 1533 5503 gentilis
1554 5447 1660 5486 nec
1683 5431 1919 5486 circum-
2026 5432 2142 5502 ipsa
2183 5441 2368 5486 autem
2397 5431 2648 5487 emlestia
2700 5413 3006 5500 majoribus
3053 5421 3246 5480 hostiis
3277 5431 3439 5505 quam
3469 5413 3610 5505 istis.

313 5521 494 5583 nisus,
528 5537 632 5576 nec
665 5521 852 5586 levita,
887 5537 993 5579 nec
1015 5503 1295 5587 sacerdos,
1321 5523 1448 5593 quia
1483 5539 1659 5578 omnes
1679 5522 1916 5577 declina-
2028 5522 2134 5576 Sed
2197 5520 2358 5590 cujus
2419 5519 2496 5574 rei
2555 5517 2726 5589 gratia
2784 5515 3094 5586 expiatione
3150 5523 3291 5580 opus
3337 5503 3614 5561 habebam

313 5622 536 5675 verunt,
567 5615 728 5668 simul
777 5615 992 5672 inutiles
1025 5615 1156 5686 facti
1195 5624 1338 5682 sunt,
1377 5631 1479 5676 non
1502 5625 1583 5669 est
1634 5616 1728 5685 qui
1751 5613 1917 5686 faciat
2027 5613 2274 5670 cmlestia
2308 5611 2583 5683 legislator
2613 5610 2875 5675 ostendit,
2905 5609 3125 5664 dicens:

397 5815 446 5842 "
469 5811 628 5867 Joan.
655 5827 706 5876 x,
748 5817 832 5878 16.
911 5814 1008 5869 “xl
1039 5814 1168 5870 Cor.
1229 5831 1320 5882 xv,
1353 5817 1442 5871 49.
1522 5815 1566 5846 ³³
1602 5813 1644 5867 ll
1682 5814 1807 5869 Cor.
1843 5829 1885 5867 v.

309 5878 366 5910 "‘
403 5884 574 5940 Hebr.
609 5898 685 5953 ιχ,
710 5881 800 5938 25.

2061 5813 2262 5867 9“Gen.
2333 5828 2392 5877 ιι,
2427 5813 2478 5865 7.
2556 5809 2788 5865 “Rom.
2843 5824 2940 5876 vn,
2974 5808 3062 5862 ‘23.
3138 5800 3356 5858 "P531.
3406 5796 3608 5866 stttp5-
