3992 6466
446 457 554 524 999

1642 448 2005 509 IIESYCIIII
2041 446 2515 509 PRESBYTERI

3634 98 3759 113 “nr—

3537 448 3652 517 1000

511 567 703 639 Expiet
741 566 1140 635 sanctificetque
1169 563 1301 619 illud
1327 562 1763 617 abimtnnnditiis
1795 560 2030 631 ﬁliorum
2062 567 2103 625 Α
2136 561 2334 615 emittit
2372 575 2497 613 eum
2553 572 2651 628 per
2680 555 2957 612 hominem
3012 565 3255 628 paratum
3287 556 3338 612 in
3393 558 3652 623 desertum.

439 658 629 715 Israel.
662 656 939 724 Quantum
957 656 1179 726 quidem
1223 655 1290 710 ad
1321 654 1584 709 cmlorum
1618 654 1868 718 virtutes,
1911 666 2022 705 non

440 762 664 803 necesse
693 755 811 801 erat
838 746 1096 816 quaelibet
1138 727 1400 815 eipiatio,
1432 744 1558 813 quia
1613 744 1667 798 in
1713 743 2024 799 sanctiﬁca-

440 842 589 896 tione
615 840 874 895 continua
905 846 1330 893 conversantur:
1376 839 1471 893 sed
1515 837 1640 907 quia
1670 836 1928 905 frequens
1956 836 2025 890 ad

439 936 607 989 cmlos
654 941 971 987 nostrorum
1008 938 1359 1001 peccatorum
1405 929 1657 984 ascendit
1702 928 1907 993 fumus,
1957 928 2026 983 de

437 1044 545 1097 quo
576 1025 933 1081 dixitDavid:
969 1024 1214 1077 Ascendit
1248 1024 1422 1094 [trinas
1444 1024 1502 1076 in
1528 1024 1611 1075 ira
1652 1022 1788 1092 ejus,
1818 1033 1866 1075 et
1890 1022 2025 1091 ignis

436 1120 573 1189 facie
600 1118 714 1187 ejus
745 1116 1134 1171 exardescit”:
1173 1115 1246 1170 ita
1280 1124 1337 1171 ut
1372 1116 1519 1171 Deus
1546 1116 1617 1171 ad
1654 1115 1850 1171 Jonam
1881 1114 2025 1170 dice«

435 1220 553 1263 ret:
601 1208 741 1262 Vade
769 1214 840 1262 ad
879 1208 1110 1262 Niniven
1141 1208 1412 1262 civitatem
1464 1225 1739 1280 magnam,
1790 1218 1841 1262 et
1884 1224 2020 1277 pra:-

434 1301 554 1352 dica
585 1300 723 1352 inea
765 1300 1201 1368 prtcdicationem
1258 1315 1416 1370 quam
1456 1315 1551 1371 ego
1610 1300 1795 1369 loquor
1835 1300 1906 1353 ad
1954 1309 2021 1362 te,

433 1392 560 1461 quia
620 1390 830 1444 malitia
854 1390 969 1460 ejus
1009 1392 1245 1445 ascendit
1299 1407 1479 1444 coram
1529 1392 1688 1444 me".
1720 1391 1788 1445 Et
1836 1404 2027 1445 rursus

434 1482 504 1535 ad
566 1482 841 1536 Abraham
895 1483 965 1536 de
1014 1481 1301 1536 Sodomis:
1364 1483 1710 1548 Descendunt,
1745 1492 1793 1536 et
1842 1481 2025 1536 videbo

432 1582 614 1625 atrum
647 1572 957 1632 clamorem,
985 1573 1076 1642 qui
1116 1575 1253 1627 venit
1280 1574 1351 1627 ad
1408 1590 1510 1639 me,
1543 1588 1698 1642 apere
1737 1573 2026 1642 compleve-

432 1666 562 1729 rint,
588 1679 660 1716 an
699 1663 882 1716 non”.
912 1663 1082 1718 Recte
1131 1663 1200 1718 dc
1244 1664 1449 1717 nostris
1482 1663 1844 1719 immunditiis
1901 1679 2027 1720 san-

434 1754 659 1815 ctiﬁcat.
692 1766 748 1809 et
777 1755 958 1823 expiat
1005 1770 1169 1825 super
1218 1770 1320 1809 nos
1344 1759 1562 1821 choros,
1595 1764 1655 1810 ut
1698 1754 1914 1810 auferat
1959 1771 2023 1809 ex

434 1848 517 1901 eis
568 1848 1019 1902 circumstantem
1074 1846 1606 1917 abominabilemque
1673 1848 1922 1913 odorem,
1968 1858 2025 1904 et

435 1939 817 2010 gloriationem
853 1938 1064 2004 falsam,
1096 1954 1258 2009 quam
1287 1947 1478 1995 contra
1508 1955 1603 1996 eos
1642 1940 2021 2010 deposuimus.

433 2034 730 2103 Propterea
756 2048 868 2087 non
899 2032 1223 2103 simpliciter
1256 2041 1528 2105 asperget,
1553 2034 1650 2088 sed
1697 2035 1922 2104 septies,
1964 2044 2024 2089 ut

433 2123 709 2194 intelligas
765 2123 987 2179 veniam
1045 2132 1399 2193 peccatorum
1462 2134 1818 2191 nostrorum,
1881 2125 2023 2180 hanc

432 2216 583 2270 enim
614 2217 965 2286 septenarius
1007 2232 1272 2271 numerus
1324 2217 1541 2288 ﬁgurat.
1590 2217 1734 2273 Loca
1779 2218 2022 2274 coelestia

431 2304 771 2359 mandantur
800 2305 1156 2361 abominabili
1187 2307 1378 2373 odore,
1411 2316 1467 2362 et
1496 2308 1823 2379 gloriatione
1857 2324 2022 2379 quam

428 2392 816 2460 deposuimus:
848 2392 1014 2462 hujus
1044 2394 1191 2448 enim
1227 2397 1307 2449 rei
1330 2410 1516 2455 causa.
1548 2395 1700 2465 prius
1736 2396 2020 2452 inimicitia

427 2483 668 2550 a'nohis,
693 2495 885 2542 contra
910 2502 975 2542 ca
1015 2502 1137 2558 qua:
1165 2496 1294 2543 sunt
1344 2489 1401 2542 in
1441 2488 1779 2553 coelestibus,
1834 2500 2020 2547 exorta

425 2583 529 2632 est.

498 2686 660 2742 Vens.
682 2689 774 2744 20.
810 2708 828 2742 ι
856 2689 1153 2759 Postquam
1181 2693 1565 2748 emundaverit
1614 2694 1985 2749 sanctuarium
2004 2736 2018 2748 .

426 2788 483 2833 et
517 2781 946 2846 tabernaculum,
975 2791 1031 2837 et
1055 2782 1244 2837 altare.
1287 2801 1305 2833 ι

460 2932 465 2933 ί
502 2868 596 2923 Vel
623 2870 764 2924 sicut
795 2871 960 2925 LXX.
1014 2870 1346 2944 Deﬁnietque
1380 2891 1606 2930 exorans
1652 2886 1916 2942 sanctum,
1967 2887 2016 2931 ct

429 2960 829 3016 tabernaculum
853 2962 1158 3028 testimonii,
1198 2974 1245 3018 et
1271 2964 1548 3033 altarium,
1578 2977 1626 3021 et
1645 2985 1740 3038 pro
1767 2970 2018 3024 sacerdo-

429 3051 565 3105 tibus
588 3054 856 3123 purgavit.
897 3054 1215 3110 Secundum
1243 3072 1481 3127 quorum
1514 3060 1835 3126 editionem,
1868 3072 2017 3117 recte

432 3145 516 3198 lex
548 3144 825 3213 praecipue
866 3147 1185 3200 memoriam
1239 3148 1584 3203 sacerdotqu
1640 3152 1790 3214 fecit,
1841 3162 1902 3207 ut
1959 3153 2015 3208 in

428 3233 692 3288 omnibus
721 3234 893 3305 ﬁgura
918 3236 1172 3291 sacrificii
1201 3237 1470 3309 unigeniti
1519 3240 1840 3297 salvaretur.
1875 3241 2013 3308 Quia
2046 3265 2091 3324 ρ

427 3322 576 3377 enim
612 3339 657 3401 a’
693 3323 916 3379 Christo
964 3326 1333 3382 sacerdotium
1377 3329 1581 3384 chorus
1629 3331 2021 3401 Apostolorum

428 3414 661 3470 sortitus
691 3425 795 3481 est,
829 3416 921 3487 qui
971 3426 1027 3473 et
1052 3434 1179 3490 pars
1212 3427 1332 3475 erat
1364 3420 1590 3477 butnani
1642 3424 1882 3493 generis,
1918 3439 2021 3494 pro

427 3522 538 3576 quo
569 3507 833 3566 Dominus
860 3512 1218 3583 semetipsum
1260 3514 1482 3582 obtulit,
1534 3516 1631 3572 sed
1680 3525 1864 3572 tamen
1891 3533 2021 3589 spe-

426 3599 586 3664 ciale,
642 3603 1103 3670 quemadmodum
1153 3615 1519 3677 unguentum,
1568 3618 1625 3664 et
1673 3612 2019 3681 praecipuum

427 3687 781 3755 sacrificium,
850 3691 1067 3746 Domini
1112 3695 1443 3764 appellavit:
1476 3697 1623 3764 quod
1675 3698 2022 3754 demonstrat

426 3778 716 3846 Dominus,
739 3782 808 3836 ad
838 3782 1057 3838 Patrem
1089 3785 1279 3840 dicens
1299 3802 1317 3838 :
1352 3784 1464 3857 Ego
1516 3791 1789 3858 sanctiﬁco
1851 3766 2019 3860 nieip-

424 3888 566 3937 sum,
598 3881 655 3925 ut
677 3874 781 3926 sint
806 3885 855 3927 et
890 3875 992 3944 ipsi
1033 3876 1357 3944 sanctiﬁcati
1386 3879 1441 3930 in
1469 3879 1749 3934 veritate‘.
1791 3881 1857 3934 Et
1896 3896 2020 3935 rur-

423 3976 518 4019 sus
547 3963 616 4018 ad
645 3978 778 4019 eos:
817 3964 1084 4035 .llajorem
1132 3969 1233 4021 hac
1261 3969 1595 4024 dilectionem
1647 3988 1799 4026 nemo
1840 3974 2015 4039 habet,

422 4070 583 4123 quam
615 4064 670 4108 ut
694 4056 936 4111 animam
960 4075 1115 4113 suam
1165 4062 1283 4131 quis
1321 4072 1484 4131 ponat
1517 4080 1611 4131 pro
1641 4065 1831 4119 amicis
1862 4067 2017 4132 suis;

422 4162 512 4199 vos
566 4149 727 4221 amici
768 4150 870 4202 mei
915 4152 1060 4216 estis,
1108 4154 1155 4206 si
1190 4155 1417 4224 feceritis
1471 4173 1589 4225 quae
1627 4173 1721 4227 ego
1767 4160 2016 4227 praecipio

422 4236 622 4291 vobis'.
657 4240 890 4308 Respice
937 4249 1122 4298 autem
1172 4253 1230 4299 et
1270 4246 1461 4318 legalis
1497 4247 1684 4317 figura:
1737 4249 2012 4318 ordinem,

423 4330 699 4396 quomodo
735 4331 802 4386 ad
832 4332 1004 4403 ipsam
1058 4336 1280 4393 deducit
1325 4339 1649 4405 veritatem;
1711 4342 2014 4397 secundum

426 4420 588 4488 LXX,
621 4424 769 4478 enim
791 4426 896 4481 ait:
932 4428 1154 4497 Deliniet
1194 4447 1420 4486 exorans
1446 4440 1712 4497 sanctum,
1746 4441 1797 4486 et
1842 4433 2016 4488 taber-

424 4519 673 4571 naculum
702 4520 1006 4584 testimonii,
1031 4534 1078 4576 et
1117 4522 1293 4576 altare
1317 4539 1336 4587 ;
1386 4523 1439 4577 id
1469 4533 1545 4577 est
1573 4524 1720 4591 ﬁniet
1752 4533 1800 4579 et
1830 4528 2016 4580 termi—

2127 653 2377 723 Cumque
2435 651 2737 722 portaverit
2757 650 2942 705 hircus
2962 664 3156 706 omnes
3188 650 3479 721 iniquitates
3495 670 3656 712 eorum

2128 747 2183 800 in
2221 756 2421 801 terram
2444 744 2765 811 solitariam,
2784 742 3114 798 eLdimissus
3142 743 3300 798 fuerit
3331 744 3382 798 in
3401 744 3611 802 deserto.
3635 768 3653 801 ι

2199 836 2402 890 Eadem
2436 834 2602 887 etiam
2635 849 2783 888 nunc
2839 833 3062 897 iterare,
3105 840 3322 903 propter
3368 849 3459 888 eos
3487 837 3571 904 qui
3613 837 3660 891 in

2128 926 2251 981 lucc
2285 926 2593 987 offendunt,
2624 940 2765 995 opus
2795 923 3082 979 habemus.
3112 922 3368 977 Probatur
3398 924 3529 977 enim
3555 927 3662 996 quia

2134 1017 2267 1071 nulli
2306 1017 2512 1087 iniquo,
2547 1016 2632 1069 vel
2665 1015 2924 1085 maligno,
2969 1015 3065 1069 sed
3098 1013 3200 1084 ipsi
3259 1014 3365 1068 Deo
3390 1014 3665 1072 eﬂiciuntur

2130 1120 2193 1158 ea
2218 1118 2339 1174 qua:
2370 1103 2595 1158 nuncin
2625 1102 2729 1157 hoc
2764 1101 2921 1156 hirco
2937 1102 3065 1157 vivo
3090 1101 3420 1156 sanciantur.
3457 1101 3664 1159 l'rhnum

2129 1194 2517 1263 quidem,quia
2554 1201 2844 1261 utramque
2899 1206 3124 1246 manum
3154 1191 3315 1261 capiti
3346 1191 3475 1246 hirci
3510 1208 3668 1248 sacer-
3752 1194 3755 1201 “

2129 1287 2228 1342 dos
2288 1286 2542 1355 imponit.
2618 1286 2882 1339 Manuum
2944 1283 3245 1355 impositio,
3317 1285 3372 1338 in
3435 1287 3669 1342 sacrificio

2129 1378 2473 1434 ministrabat
2508 1377 2969 1441 benedictionem,
2993 1386 3089 1431 aut
3118 1383 3456 1446 peccatorum
3502 1378 3672 1434 remis-

2129 1472 2363 1536 sionem,
2397 1479 2492 1524 aut
2550 1469 2724 1524 sancti
2766 1469 3004 1540 Spiritus
3033 1469 3350 1531 adventum,
3394 1479 3484 1523 aut
3521 1471 3675 1540 expia-

2131 1561 2716 1633 tionesintelligibiles.
2742 1559 3030 1627 Quomodo
3064 1576 3193 1632 ergo
3228 1561 3282 1615 in
3313 1560 3476 1625 hunc,
3508 1560 3559 1615 in
3584 1578 3675 1631 quo

2128 1670 2251 1709 sors
2284 1655 2517 1720 inimici,
2547 1665 2605 1710 et
2631 1654 2751 1725 ejus
2773 1652 2866 1724 qui
2889 1661 3085 1708 contra
3122 1651 3300 1707 Deum
3325 1652 3528 1718 militat,
3556 1653 3677 1708 sicut

2128 1748 2284 1803 aiunt
2315 1748 2367 1801 hi
2391 1747 2484 1817 qui
2510 1746 2656 1801 illius
2677 1746 2848 1817 partis
2878 1754 3027 1811 sunt,
3055 1745 3173 1800 haec
3205 1761 3328 1815 qua:
3364 1744 3503 1800 dicta
3547 1754 3678 1809 sunt,

2129 1841 2385 1896 sacerdos
2412 1848 2641 1896 acturus
2675 1838 2828 1895 erat?
2857 1837 2955 1893 Vel
3003 1839 3282 1909 quomodo
3315 1839 3371 1893 in
3428 1838 3540 1909 ipso
3564 1838 3681 1893 ﬁlio-

2130 1949 2251 1988 rum
2307 1931 2473 1987 lsrael
2507 1932 2846 2002 iniquitates,
2894 1937 2950 1984 et
3010 1930 3331 2001 injustitias,
3382 1940 3436 1984 et
3485 1936 3682 1999 peccata

2131 2024 2398 2080 redemit?
2440 2024 2709 2080 Conﬁteri
2763 2023 2969 2094 quippe
3009 2023 3268 2079 inimicus
3325 2033 3539 2093 peccata
3588 2037 3683 2076 non

2130 2117 2283 2181 sinit,
2317 2116 2414 2172 sed
2452 2116 2562 2171 imo
2583 2116 2847 2188 suggerit,
2875 2124 2936 2170 ut
2963 2116 3306 2171 occultemus
3343 2113 3534 2168 animae
3579 2112 3683 2168 vul-
3734 2144 3739 2151 ι

2128 2222 2283 2272 nera,
2313 2216 2373 2261 ut
2397 2222 2507 2261 non
2526 2206 2875 2262 inveniamus
2904 2206 3207 2270 medicum,
3230 2206 3323 2276 qui
3348 2205 3686 2259 medicamen-

2132 2305 2247 2349 tum
2287 2296 2461 2366 possit
2489 2295 2795 2366 imponere,
2827 2296 3173 2365 salutemque
3216 2303 3499 2366 prtestare.
3536 2292 3715 2364 Prop—1

2131 2398 2281 2443 terea
2322 2405 2447 2444 mox
2491 2398 2553 2443 ut
2586 2389 2902 2460 increpatus
2931 2397 3018 2444 est
3051 2388 3219 2443 David
3255 2404 3287 2442 a
3320 2386 3556 2450 Nathan,
3583 2385 3693 2440 Pec-

2130 2483 2246 2536 cavi
2318 2481 2584 2549 Domino,
2664 2483 3042 2538 exclamavit:
3114 2492 3171 2539 et
3239 2483 3388 2539 illico
3450 2480 3703 2553 propheta:

2129 2572 2405 2627 subdidit:
2459 2572 2527 2626 Et
2565 2572 2825 2628 Dominus
2881 2568 3158 2629 transtulit
3209 2583 3488 2644 peccatum
3544 2582 3692 2635 tuum,

2127 2676 2491 2719 verumtamen
2522 2682 2626 2720 non
2667 2667 2927 2733 morieris,
2966 2669 3095 2739 quia
3138 2667 3502 2737 blasphemare
3548 2663 3693 2735 {ecisti

2127 2758 2368 2811 inimicos
2387 2757 2606 2813 Domini
2627 2759 2669 2815 ³.
2721 2758 2876 2815 Unde
2903 2769 2959 2815 et
2987 2776 3087 2831 per
3116 2761 3403 2815 hominem
3447 2768 3694 2830 paratum.

2083 2880 2088 2883 -
2127 2849 2308 2904 emitti
2332 2850 2607 2921 lcgislator
2638 2852 2854 2908 hircum
2885 2854 2944 2908 in
2972 2852 3333 2909 solitudinem
3363 2853 3517 2907 dixit.
3568 2850 3695 2903 Prat-

2125 2949 2378 3012 paratum
2415 2952 2623 3008 autem,
2653 2945 2710 3000 id
2750 2947 3241 3003 est‘accedcntem
3271 2989 3286 3016 ,
3336 2947 3458 3003 sive
3509 2944 3699 2999 adeun-

2126 3045 2257 3090 tem.
2291 3035 2360 3089 Et
2394 3052 2499 3092 nec
2518 3037 2841 3109 dignitatem
2874 3037 3042 3110 hujus
3073 3039 3233 3105 dicit,
3279 3047 3466 3093 utrum
3507 3035 3696 3099 Levita,

2124 3145 2197 3185 an
2230 3131 2510 3196 sacerdos,
2569 3140 2666 3186 aut
2697 3131 2971 3201 quispiam
3025 3132 3094 3187 de
3142 3132 3356 3203 populo
3405 3138 3571 3195 esset,
3621 3127 3701 3198 qui

2127 3223 2235 3279 hoc
2272 3233 2479 3295 ageret.
2505 3222 2651 3295 Ergo
2681 3238 2807 3278 cum
2844 3223 3106 3278 omnibus
3153 3223 3444 3281 Christum
3481 3233 3703 3293 praesen-

2126 3324 2238 3371 tem
2275 3330 2400 3371 esse
2442 3314 2716 3387 significat
2750 3314 2978 3371 hircus:
3034 3315 3520 3382 Quemadmodum
3571 3311 3703 3369 enim

2125 3425 2226 3480 per
2259 3424 2484 3464 carnem
2516 3409 2576 3464 in
2602 3409 2782 3479 primo
2809 3408 3220 3471 immolabatur,
3244 3411 3329 3466 sic
3353 3425 3506 3465 nunc
3535 3407 3708 3462 vivens
3735 3467 3750 3491 .

2125 3512 2352 3574 propter
2414 3502 2764 3559 divinitatem
2818 3503 3048 3558 dicitur.
3105 3502 3218 3559 Sed
3278 3503 3412 3574 quia
3457 3515 3615 3568 ,unus
3662 3505 3712 3553 et

2126 3592 2505 3663 impassibilis,
2532 3602 2588 3647 et
2617 3593 2893 3664 passibilis
2920 3602 3025 3658 est,
3053 3594 3379 3667 necessarie
3413 3602 3472 3648 et
3521 3588 3709 3657 virenti

2125 3700 2323 3739 manus
2391 3685 2650 3741 sacerdos
2707 3674 2946 3756 imponit
2993 3694 3053 3739 ut
3100 3702 3307 3743 manus
3326 3731 3344 3753 _.
3373 3684 3713 3757 impositione

2125 3779 2475 3845 ostendatur,
2510 3779 2639 3849 quia
2674 3780 2870 3835 vivens
2909 3781 3138 3836 verbum
3190 3780 3315 3844 Dei,
3365 3776 3709 3852 impassihile.

2123 3879 2459 3944 immortale,
2490 3877 2597 3933 hoc
2622 3894 2723 3947 pro
2751 3878 2911 3934 nobis
2950 3894 3117 3933 carne
3148 3878 3476 3949 suscipiens
3526 3873 3717 3939 sacriﬁ-

2121 3973 2268 4027 cium
2302 3973 2567 4043 suscepit.
2594 3973 2766 4029 Recte
2792 3989 2944 4046 ergo.
3004 3975 3062 4029 in
3087 3974 3211 4044 ipso
3271 3975 3622 4045 iniquitates,
3667 3979 3715 4023 et

2124 4065 2446 4136 injustitias,
2480 4075 2535 4123 et
2586 4075 2818 4142 prcepta
2861 4067 3126 4122 sacerdos
3173 4066 3591 4138 pronuntiabit.
3629 4062 3720 4117 ilic

2120 4159 2302 4213 estde
2331 4174 2441 4228 quo
2497 4158 2669 4213 Isaias
2725 4160 2998 4229 propheta
3041 4160 3300 4216 dicebat:
3337 4160 3588 4225 Domine,
3615 4154 3718 4227 quis

2121 4248 2349 4301 credidit
2400 4248 2868 4316 auditnilnostro?
2919 4247 2990 4303 Et
3042 4249 3328 4305 brachium
3379 4247 3595 4303 Domini
3646 4243 3719 4298 cui

2120 4339 2412 4394 revelatum
2444 4339 2592 4393 est"?
2630 4339 2923 4395 Brachium
2958 4340 3176 4396 Domini
3205 4341 3393 4395 filium
3421 4337 3713 4410 appellans.

2119 4434 2258 4502 patri
2293 4433 2763 4488 consubstantiale
2788 4433 2858 4489 de
2883 4449 2995 4504 quo
3046 4444 3105 4489 et
3141 4449 3208 4489 ea
3246 4450 3383 4504 quae
3424 4438 3722 4503 sequuntur

2119 4524 2398 4580 subdidit:
2455 4525 2763 4596 Languores
2811 4535 3018 4580 nostros
3070 4527 3182 4596 ipse
3234 4526 3390 4593 tulit,
3431 4535 3484 4579 et
3528 4520 3719 4576 dolores

422 4606 572 4661 nubit
600 4609 1043 4679 deprecationem,
1072 4630 1195 4683 qua:
1221 4624 1340 4669 acta
1376 4624 1462 4670 est
1491 4631 1587 4684 per
1621 4631 1874 4684 etucem;
1909 4635 2013 4689 pro
2047 4605 2086 4659 θ
2120 4627 2327 4671 nostros
2356 4619 2468 4684 ipse
2493 4618 2750 4688 portavit.
2781 4616 2904 4687 Ipse
2936 4627 3118 4672 autem
3148 4618 3479 4673 vulneratus
3508 4624 3584 4670 est
3604 4628 3720 4684 pro-

422 4700 570 4752 omni
598 4717 798 4771 genere
828 4704 1137 4772 hominum,
1168 4716 1225 4761 et
1249 4722 1367 4761 eam
1396 4723 1519 4777 quae
1554 4707 1606 4761 in
1638 4708 1812 4764 altare
1843 4711 2011 4767 intel-

422 4787 641 4859 ligibilis
664 4790 788 4856 fuit,
812 4805 1102 4864 pOStquam
1142 4806 1457 4866 assumptus
1500 4797 1668 4853 fuerit
1697 4800 1754 4853 in
1787 4801 2011 4866 caelum.

376 4873 387 4887 ⁸
421 4889 478 4933 et
502 4882 706 4936 sederit
728 4884 783 4937 in
820 4884 1046 4942 dextera
1075 4889 1268 4957 patris.
1305 4891 1469 4961 Atqui
1513 4893 1581 4948 de
1633 4895 2013 4953 sacerdotibus

421 4985 531 5025 non
568 4974 771 5045 expiat,
801 4977 970 5033 mittit
1001 4980 1147 5033 enim
1172 4980 1252 5034 eis
1271 4984 1717 5040 emundationem
1738 5002 1838 5057 per
1860 4988 2018 5042 intel-

424 5061 683 5137 ligibjlem
739 5068 944 5139 ignem,
999 5081 1056 5126 et
1111 5087 1211 5141 per
1260 5074 1476 5146 linguas
1532 5076 1721 5147 igneas
1768 5080 2012 5150 spiritus,

423 5166 647 5226 propter
687 5160 833 5230 q‘uod
874 5163 1093 5220 dicebat
1130 5166 1248 5221 eis:
1297 5167 1409 5223 Vos
1460 5179 1645 5225 autem
1704 5172 2013 5243 haptizabi-

423 5249 556 5303 mini
585 5250 792 5320 Spiritu
824 5265 1037 5323 sancto,
1072 5273 1183 5312 non
1209 5268 1335 5329 post
1364 5261 1567 5317 multos
1593 5263 1694 5317 hos
1726 5264 1869 5319 dies.

506 5340 658 5396 Vens.
713 5345 803 5402 2-1.
850 5367 868 5400 ι
902 5346 1059 5404 Tunc
1097 5350 1297 5406 oll'eret
1353 5352 1566 5408 hircum
1611 5338 2011 5421 viventem,ict

425 5434 603 5501 posita
632 5444 862 5507 utraque
892 5457 1057 5496 manu
1091 5439 1257 5514 super
1302 5455 1469 5516 caput
1497 5446 1639 5517 ejus,
1684 5448 2011 5505 conﬁteatur

424 5539 616 5580 onlnes
644 5527 959 5598 iniquitates
981 5532 1214 5590 filiorum
1246 5535 1414 5591 Israel
1438 5578 1455 5611 ,
1483 5547 1538 5593 et
1575 5538 1831 5594 universa
1869 5540 2007 5595 deli-

424 5624 532 5683 cta,
550 5626 711 5687 atque
728 5633 951 5690 peccata
973 5640 1186 5684 eorum.
1205 5627 1339 5693 Quze
1359 5629 1648 5701 increpans
1667 5632 1831 5703 capiti
1863 5634 2003 5701 ejus,

499 5843 722 5934 {Fifth
757 5867 888 5934 xy",
1025 5856 1093 5934 λ’
1122 5857 1277 5934 {0"}?
1305 5876 1342 5926 ι,
1379 5863 1432 5917 9-
1508 5866 1553 5898 ⁹⁹
1587 5864 1724 5920 Gen.
1765 5879 1915 5934 xrtu,
1947 5865 2041 5920 ει.

432 5919 453 5951 ⁸
483 5914 600 5970 lsai.
626 5930 741 5983 Lm,
782 5921 834 5972 1-
876 5914 932 5954 "
962 5925 1097 5981 lbid.
1134 5929 1187 5997 4,
1225 5931 1275 5985 5.

2110 4720 2232 4780 pter
2263 4711 2579 4780 iniquitates
2619 4721 2849 4777 nostras,
2880 4712 3096 4766 attritus
3141 4722 3215 4766 est
3262 4721 3498 4781 propter
3532 4708 3717 4763 scelera

2111 4813 2313 4857 nostra.
2350 4802 2645 4873 Disciplina
2681 4805 2831 4872 pacis
2866 4811 3058 4857 nostrae
3087 4819 3246 4873 super
3287 4819 3442 4869 eum,
3479 4813 3527 4856 et
3573 4800 3722 4853 livore

2112 4896 2226 4965 ejus
2261 4897 2444 4949 sanati
2488 4896 2730 4950 sumus".
2769 4893 2863 4949 Sic
2917 4903 3108 4965 aperte
3162 4909 3341 4965 super
3378 4910 3445 4949 se
3504 4897 3758 4964 peccata.

2118 4997 2332 5057 nostra,
2385 4999 2441 5045 et
2482 4988 2808 5061 injustitias,
2859 4998 2915 5044 et
2963 4988 3294 5058 iniquitates
3340 4985 3620 5058 portaxit.
3663 4981 3725 5037 Ει

2119 5091 2412 5151 propterea
2449 5081 2755 5135 secundum
2803 5078 2972 5144 LXX,
3006 5081 3122 5135 ait:
3152 5080 3413 5150 lntponet
3456 5095 3552 5133 eas
3576 5089 3726 5144 super

2120 5184 2282 5244 caput
2315 5174 2458 5229 haedi
2485 5175 2613 5229 vivi:
2647 5174 2804 5244 hujus
2843 5175 2983 5228 enim
3033 5173 3207 5244 figura
3237 5183 3341 5239 est,
3377 5172 3536 5244 quod
3584 5178 3640 5226 et
3666 5181 3728 5222 ex

2118 5266 2293 5335 spinis
2317 5282 2577 5321 coronam
2605 5265 2814 5336 imponi
2843 5266 3006 5337 capiti
3035 5281 3137 5321 suo
3158 5264 3428 5320 Christus
3457 5261 3724 5336 permisit.

2084 5416 2087 5419 Α
2118 5358 2248 5428 quia
2283 5358 2338 5412 in
2369 5358 2545 5428 spinis
2573 5367 2802 5428 peccata
2842 5358 3020 5413 solent
3046 5356 3241 5428 accipi.
3276 5357 3537 5428 Propter
3586 5351 3728 5425 quod

2120 5460 2177 5504 et
2204 5451 2375 5505 Adam
2402 5450 2593 5520 spinas
2621 5450 2932 5520 germinare
2964 5458 3110 5505 terra
3141 5449 3502 5520 praecipitur,
3556 5444 3728 5516 siqui—

2121 5544 2246 5597 dem
2272 5551 2330 5597 et
2366 5540 2484 5613 ipse
2530 5557 2595 5596 ex
2645 5542 3018 5597 inobedientia
3064 5551 3293 5613 peccata
3362 5535 3729 5613 germinavit.

2118 5633 2226 5688 Sed
2275 5642 2329 5687 et
2381 5633 2637 5686 Saliimon
2702 5633 2780 5687 ait
2811 5650 2827 5688 :
2858 5631 3041 5703 Spina!
3097 5641 3405 5689 nascuntur
3459 5633 3519 5686 in
3569 5641 3727 5685 manu

2120 5867 2135 5897 ¹
2168 5863 2329 5919 Joan.
2371 5879 2502 5930 xvtt,
2538 5862 2625 5920 l9.
2705 5864 2724 5896 ²
2761 5864 2918 5921 Joan.
2958 5882 3041 5932 xv,
3081 5867 3166 5923 l5.
3276 5865 3299 5898 ⁸
3326 5865 3475 5939 Reg.
3501 5880 3602 5933 xu,
3636 5857 3721 5927 13,

3834 117 3859 775 1

3874 1348 3887 1365 β

3876 1382 3883 1391 .

3856 3374 3873 3467 i

3858 3476 3893 3599 ii

3891 3894 3894 3941 i

3840 3418 3849 3431 ι

3840 3474 3849 3485 t-

3832 3584 3879 3799 i

3832 3984 3841 3991 ,
3853 3968 3865 3985 ι

3832 3994 3871 4035 τὲ

3838 4048 3871 4121 ἐξ

3840 4134 3871 4167 3

3854 4058 3871 4113 ἴε

3854 4000 3894 4633 1

3854 4346 3855 4351 η
3866 4346 3872 4369 l
