3992 6462
255 444 384 514 1001

1400 446 1483 507 IN
1516 443 1956 507 LEVITICUM.
2001 469 2065 479 —
2104 442 2250 502 LIB.
2290 443 2353 503 V.

3379 442 3516 510 I002

251 561 575 628 temulenti“,
595 558 840 630 peccatis
871 557 1063 628 plenas
1082 569 1207 611 esse
1232 552 1480 609 actiones
1510 553 1633 623 ejus
1650 552 1828 623 signi-
1858 557 1904 613 Α
2002 548 2156 616 Quod
2196 551 2365 604 semel
2403 549 2604 605 factum
2645 560 2749 615 est,
2805 550 3137 623 unigenitum
3187 555 3516 613 sacriﬁcium

250 655 443 710 ﬁcans.
476 652 571 709 Sic
595 667 727 725 ergo
751 651 888 720 legis
907 648 1190 719 accipiens
1223 645 1413 707 verba,
1438 659 1549 699 non
1612 644 1830 714 ignora-

250 746 336 802 his
364 746 731 801 intentionem
761 743 904 813 ejus,
923 750 1086 811 atque
1117 740 1408 795 virtutem:
1447 734 1545 790 sed
1578 744 1634 789 et
1678 734 1831 789 inve-

250 839 369 894 nies
394 846 646 908 paratum
691 834 994 899 hominem,
1038 848 1136 903 per
1164 831 1324 899 cujus
1355 842 1576 883 manum
1644 828 1834 882 hircus

250 932 444 986 vivens
494 929 548 983 in
592 942 840 983 eremum
897 924 1152 980 mittitur.
1206 923 1462 979 Christus
1513 920 1662 979 enim
1714 918 1833 988 ipse

59 1008 163 1084 Π
253 1038 417 1077 omne
442 1021 524 1077 sui
559 1019 809 1075 sacriﬁcii
838 1008 1018 1073 factus
1047 1023 1133 1072 est
1164 1028 1220 1072 et
1251 1016 1528 1078 saccrdos,
1579 1021 1635 1067 et
1660 1010 1835 1067 sacri-

63 1093 169 1177 !
254 1114 461 1177 ﬁcium,
486 1120 542 1167 et
561 1112 822 1173 cultrum,
851 1117 910 1163 et
939 1107 1131 1163 altare.
1157 1107 1278 1176 Ipse
1310 1113 1396 1160 est
1419 1113 1476 1160 et
1497 1109 1835 1174 praeparatus

99 1193 185 1274 π
255 1204 444 1267 homo,
482 1210 707 1272 paratus
740 1216 838 1271 pro
866 1201 1027 1254 nobis
1057 1199 1125 1253 ad
1161 1197 1498 1268 passionem,
1534 1196 1609 1250 ita
1640 1193 1836 1263 utipse

145 1281 211 1367 If
255 1312 351 1367 per
386 1295 576 1351 Isaiam
609 1294 781 1348 dicat:
809 1291 923 1363 Ego
951 1305 1071 1346 vero
1102 1307 1205 1343 non
1232 1288 1621 1352 contradicam,
1642 1295 1838 1342 retror-

214 1382 371 1452 isum
400 1403 505 1440 non
538 1386 666 1439 abii.
708 1382 909 1452 Corpus
946 1398 1118 1437 meum
1147 1382 1265 1436 dedi
1308 1378 1737 1452 percutientibus,
1788 1384 1837 1432 et

261 1495 416 1542 uenas
441 1495 584 1532 meas
614 1475 940 1531 vellentibus.
970 1473 1188 1529 Faciem
1218 1488 1391 1527 meam
1444 1487 1549 1525 non
1575 1472 1744 1526 averti
1771 1474 1837 1528 ab

255 1553 650 1641 increpantibus
670 1579 721 1622 et
745 1566 1213 1639 conspuentibus".
1246 1563 1327 1617 Ad
1358 1577 1519 1630 quem
1562 1569 1618 1618 et
1671 1563 1839 1619 David

269 1665 416 1730 licit,
448 1660 848 1717 incarnationis
869 1660 994 1728 ejus
1015 1657 1338 1729 mysterium
1368 1658 1704 1730 signiﬁcans.
1746 1670 1842 1725 per

271 1743 404 1822 iuod
432 1764 678 1810 nostrum
699 1753 932 1821 adeptus
950 1761 1037 1805 est
1067 1765 1294 1822 regnum
1319 1770 1333 1804 :
1360 1751 1618 1805 Dominus
1648 1765 1842 1819 regna-

498 1863 626 1913 qrem
657 1844 851 1908 induit,
883 1843 1057 1896 induit
1091 1841 1343 1901 Dominus
1372 1843 1759 1913 fortitudinem,
1792 1850 1843 1896 et

68 1132 221 1406 ὶ

251 1406 314 1443 lu

124 1406 314 1612 Ie

280 1591 310 1612 π

295 1612 498 1641 ,νην-η

152 1612 416 1889 [lein
448 1665 498 1716 in

337 1757 404 1811 od
432 1771 498 1809 no

310 1858 332 1889 ι
372 1849 498 1889 Δ..

158 1889 498 2086 ﬂ

36 3204 39 3207 ,
432 3166 438 3200 l

32 3103 438 3379 ιι

32 3356 143 3379 ρ.

30 3388 47 3399 .
128 3388 139 3407 ,
460 3379 472 3398 .

32 3460 43 3475 .-
126 3412 141 3477 ἒ
450 3438 472 3475 e

418 3526 419 3529 ‘
454 3531 472 3566 ε

44 3653 464 3885 ll

242 3816 288 3868 Ρ

26 3885 429 4125 Μ

40 4269 428 4594 u

112 4594 261 4694 η

498 2030 685 2084 ebitur.
713 2029 921 2083 Parata
944 2030 1091 2083 sedes
1123 2036 1216 2082 tua
1257 2042 1323 2080 ea:
1357 2036 1482 2082 tunc
1497 2026 1540 2081 ⁸.
1590 2028 1844 2083 Christus

430 2122 786 2194 intelligibilis
810 2122 1017 2183 Aaron,
1069 2123 1425 2191 semetipsum
1476 2122 1642 2177 etiam
1696 2135 1845 2190 nunc

396 2220 609 2275 haedum
644 2217 953 2281 immolans,
985 2218 1103 2285 ipse
1132 2232 1230 2287 per
1253 2217 1534 2272 hominem
1569 2225 1843 2285 paratum,

362 2309 457 2370 sin
485 2330 653 2368 manu
686 2313 927 2368 hominis
960 2311 1157 2380 parati,
1205 2310 1257 2366 id
1283 2321 1389 2374 est,
1439 2324 1536 2378 per
1570 2309 1845 2378 propriam

380 2417 566 2473 utem,
627 2406 743 2476 ipse
798 2405 945 2459 enim
992 2419 1116 2458 eum
1171 2402 1244 2456 sit
1287 2411 1344 2457 ct
1397 2401 1582 2464 homo,
1624 2407 1848 2470 paratus

390 2516 521 2555 usus
545 2508 649 2554 est.
684 2499 753 2552 Et
789 2496 995 2553 emittit
1030 2496 1246 2550 hircum
1272 2494 1547 2549 viventem
1574 2492 1629 2546 in
1657 2492 1849 2546 solitu-

377 2598 475 2657 ειη,
508 2595 622 2647 sive
672 2591 727 2644 in
773 2600 974 2645 terram
1017 2588 1244 2650 inviam,
1281 2596 1338 2641 et
1393 2586 1670 2641 desertam
1702 2583 1846 2639 viam

383 2701 427 2750 tu
458 2694 513 2739 et
534 2684 923 2749 immortalem,
962 2693 1020 2736 et
1050 2679 1443 2750 impassibtlcm
1476 2677 1847 2742 divinitatem,

410 2780 517 2833 avia
553 2779 713 2833 nobis
769 2780 909 2839 loca,
944 2783 1000 2831 et
1039 2775 1109 2829 ab
1160 2775 1309 2830 omni
1366 2773 1570 2828 malitia
1606 2771 1846 2832 deserta,

393 2871 569 2935 indum
627 2869 771 2939 quod
800 2867 1041 2923 Joannes
1090 2866 1214 2921 ait:
1277 2866 1459 2920 Videas
1510 2862 1661 2918 Jesus
1723 2863 1848 2931 quia

405 2963 450 3016 ia
472 2963 610 3017 dedit
637 2963 682 3015 ei
704 2962 870 3016 Pater
897 2961 954 3015 in
982 2976 1191 3025 manus,
1213 2969 1261 3013 et
1282 2959 1405 3029 quia
1429 2975 1462 3011 α
1488 2956 1597 3011 Deo
1621 2957 1776 3011 exiuit
1800 2964 1850 3009 et

432 3072 535 3108 eum
555 3055 759 3107 vadit’.

432 3164 504 3201 us.
547 3145 634 3201 52.
681 3164 700 3195 ι
731 3144 978 3214 Expiabit
1022 3142 1172 3199 enim
1209 3141 1465 3197 sacerdos
1513 3140 1605 3209 qui
1655 3148 1853 3193 unctus

420 3246 459 3301 t,
493 3248 545 3292 et
571 3238 728 3307 cujus
753 3237 983 3305 expiata:
1005 3250 1224 3300 manus,
1267 3240 1327 3288 ut
1372 3231 1678 3289 sacerdotio
1722 3230 1852 3283 fun-

460 3345 552 3398 pro
581 3337 734 3399 patre
760 3342 880 3382 suo.
912 3344 931 3377 ι

450 3438 498 3487 e,
522 3431 577 3477 ut
603 3419 779 3475 LXX:
807 3418 1207 3490 Deprecabitur,
1224 3416 1418 3487 inquit,
1437 3420 1682 3471 sacerdos
1706 3430 1853 3485 qua:-

418 3509 481 3581 με
521 3514 746 3576 tinxerit,
800 3520 850 3566 et
908 3512 1201 3581 quicunque
1241 3517 1635 3562 consummatus
1697 3509 1856 3577 fuerit

487 3624 606 3660 suas
626 3621 930 3659 consecrare
953 3604 1021 3656 ad
1050 3612 1260 3672 patrem
1283 3617 1456 3654 suum.
1483 3599 1553 3655 lJt
1580 3599 1854 3654 Christum

427 3702 591 3770 aliqua
622 3700 899 3755 dubietate
925 3697 1260 3758 ostenderet,
1294 3695 1420 3764 quia
1439 3695 1587 3748 enim
1609 3692 1857 3748 Christus

425 3785 461 3852 is
508 3793 809 3847 secundum
856 3805 1103 3852 carnem,
1151 3787 1462 3842 ludat-orum
1509 3785 1854 3840 sacerdotum

423 3871 549 3955 iipes
587 3884 842 3949 habebat,
879 3881 972 3937 ﬁlii
1007 3881 1153 3939 enim
1198 3890 1254 3935 et
1282 3880 1381 3950 ipsi
1426 3879 1719 3945 Abraham,
1748 3880 1856 3934 sic-

448 3979 694 4035 Christus
722 3979 841 4033 fuit.
879 3975 1129 4033 Ostendit
1161 3977 1267 4042 lex,
1298 3986 1359 4030 ut
1389 3976 1515 4045 quia
1542 3975 1856 4031 Iudaeorum

429 4073 584 4128 dotes
612 4088 722 4127 non
759 4078 1028 4141 poterant,
1058 4070 1203 4126 sicut
1225 4069 1302 4123 ait
1340 4067 1561 4133 Paulus,
1587 4068 1857 4123 acceden—

425 4167 647 4222 srl‘ectos
677 4166 876 4231 facere,
909 4161 1245 4233 impossibile
1272 4162 1417 4216 enim
1442 4170 1560 4216 erat
1596 4162 1861 4233 sanguine

412 4255 557 4324 trum
597 4266 653 4313 ct
698 4259 975 4315 hircorum
1014 4255 1233 4311 auferre
1274 4263 1518 4323 peccata,
1549 4266 1697 4310 recte
1742 4255 1861 4324 ipse

415 4363 527 4409 stus
550 4369 602 4407 ιη
628 4351 995 4407 sacerdotium
1022 4358 1243 4413 unctus,
1274 4357 1331 4402 et
1372 4362 1567 4401 manus
1610 4362 1708 4417 per
1735 4362 1862 4402 cru-

259 4443 831 4516 a-cousummans,
871 4443 1056 4513 expiat
1096 4458 1218 4499 nos.
1248 4443 1324 4498 De
1355 4459 1469 4514 quo
1500 4444 1555 4498 in
1599 4444 1706 4498 alio
1742 4444 1864 4499 loco

462 4541 547 4595 lex
584 4541 750 4595 dicit:
790 4540 1059 4596 Sacerdos
1097 4558 1259 4612 quem
1319 4543 1579 4597 unxerint
1626 4550 1683 4597 et
1730 4557 1864 4597 con-

249 4740 486 4801 patrem
521 4745 704 4783 suum.
746 4731 985 4787 Primum
1022 4730 1169 4785 enim
1205 4735 1353 4790 hunc
1391 4742 1546 4804 pater
1572 4731 1746 4795 unxit,
1779 4744 1866 4785 se-

256 4824 518 4879 cundum
553 4825 699 4894 quod
725 4824 801 4879 ait
856 4824 1024 4880 David
1060 4825 1389 4896 :Propterea
1444 4828 1597 4880 aitait
1628 4834 1677 4879 te
1703 4824 1863 4889 Deus,

262 4919 416 4973 Deus
438 4925 562 4972 tuus
587 4919 650 4974 ¹⁰.
674 4918 842 4974 Unxit
894 4928 1079 4974 autem
1129 4919 1360 4975 dicens:
1396 4921 1475 4971 Tu
1512 4933 1565 4972 es
1608 4919 1866 4972 Sacerdos

257 5012 325 5065 in
357 5021 639 5077 teternum,
657 5012 943 5066 secundum
958 5012 1193 5065 ordinem
1213 5011 1582 5066 Melchisedech
1614 5013 1677 5063 ιι.
1707 5011 1867 5066 Post-

262 5121 335 5160 ea
375 5106 447 5159 ab
490 5105 809 5160 hominibus
875 5104 968 5175 qui
1021 5104 1469 5160 ministraverunt
1533 5088 1769 5173 passioni
1813 5111 1868 5157 et

264 5198 548 5255 sacriﬁcio
593 5207 793 5253 unctus
828 5206 956 5253 est:
996 5197 1177 5254 crucis
1228 5198 1374 5252 enim
1418 5196 1769 5259 sacriﬁcium,
1813 5203 1869 5250 et

263 5305 501 5362 agnum,
566 5299 623 5345 et
678 5291 1037 5352 sacerdotem,
1094 5298 1159 5345 et
1214 5289 1563 5344 liberatorem
1614 5296 1865 5343 nostrum

263 5384 535 5439 ostendit.
570 5383 797 5455 Propter
825 5383 968 5454 quod
1004 5383 1070 5438 ad
1109 5384 1231 5453 ejus
1278 5384 1581 5453 planiorem
1637 5384 1869 5437 demon-
1920 5448 1925 5457 ι

265 5478 638 5544 strationem,
710 5486 766 5534 et
819 5478 1160 5533 subtiliorem
1216 5476 1405 5548 ﬁgura:
1466 5474 1869 5529 manifestatio-

263 5580 404 5622 nem
425 5583 442 5620 τ

483 1933 534 1992 Ξίι
562 1954 633 1991 se.
666 1936 877 1990 Etenim
918 1934 1151 2004 ﬁrmavit
1180 1933 1351 1989 orbem
1386 1944 1559 2000 terrae,
1619 1934 1709 2004 qui
1740 1950 1844 1988 non
1875 1938 1916 1995 Β
1949 1957 2130 2021 Israel,
2163 1967 2217 2013 et
2251 1933 2403 2015 (li-ses
2432 1962 2499 2015 ad
2525 1978 2657 2017 ens:

1932 643 2218 697 ostendere
2285 644 2530 712 cupiens,
2558 656 2618 697 ut
2665 642 2870 699 dictum
2918 644 3308 701 est:C/rristus
3356 649 3519 704 semel

1936 734 2144 789 oblatus
2192 737 2261 789 ad
2297 735 2583 791 multorum
2615 735 2971 791 exltaurienda
3011 747 3248 806 peccata,
3290 741 3522 795 secundo

1926 822 2047 881 sine
2072 839 2285 896 peccato
2303 830 2575 899 apparebit
2598 831 3020 901 exspectantibus
3052 847 3107 885 se
3123 832 3179 885 in
3201 832 3429 889 salutem
3452 838 3515 894 ἐ,
3560 822 3570 881 ἓ

3556 700 3575 738 l

1935 935 2034 989 per
2057 919 2237 983 ﬁdem,
2268 935 2390 974 cum
2419 937 2524 989 qua
2562 921 2655 991 qui
2718 921 2885 989 legem
2917 921 3232 986 meditatur,
3294 939 3520 993 compar
3563 908 3569 923 ’

1938 1010 2147 1064 invenit
2191 1009 2318 1065 huic
2363 1010 2735 1082 Evangelium,
2781 1011 3122 1082 multumque
3166 1030 3331 1070 verax
3369 1017 3519 1085 quod

1937 1100 2205 1162 Christus.
2234 1102 2288 1157 id
2312 1112 2397 1159 est
2425 1104 2645 1166 veritas,
2674 1102 2877 1159 ludatis
2902 1104 3117 1161 locutus
3145 1116 3229 1163 est
3258 1127 3272 1163 :
3304 1107 3364 1163 Si
3404 1126 3520 1165 ere-

1938 1194 2128 1248 deretis
2156 1195 2349 1265 Moysi,
2384 1198 2662 1252 crederetis
2681 1200 2860 1270 utique
2884 1210 2932 1255 et
2971 1201 3132 1266 mihi;
3172 1204 3236 1256 de
3269 1218 3351 1256 me
3378 1204 3521 1257 enim

1940 1284 2028 1339 ille
2058 1286 2268 1355 scripsit
2306 1287 2368 1341 ¹³.
2401 1286 2540 1353 Quid
2598 1298 2803 1356 autem,
2831 1300 2925 1346 aut
2985 1291 3100 1357 ubi,
3131 1307 3242 1348 non
3290 1292 3518 1359 addidit,

1939 1380 2065 1450 quia
2088 1396 2431 1451 quaecunque
2461 1383 2703 1453 mystica,
2731 1400 3071 1455 quacunque
3096 1386 3225 1451 alta,
3256 1402 3522 1457 quaecun-

1940 1487 2049 1541 que
2079 1472 2261 1528 divina
2291 1481 2440 1539 sunt,
2477 1474 2594 1529 Itmc
2617 1474 2685 1530 de
2715 1475 2939 1533 Christo
2961 1475 3191 1544 alloyse
3217 1477 3272 1531 in
3304 1477 3523 1542 umbra,

1942 1573 1997 1619 et
2028 1563 2220 1635 ﬁgura,
2247 1571 2304 1621 et
2334 1564 2665 1638 imaginibus
2690 1566 3033 1630 dicebantur.

2521 1683 2752 1742 CAPUT
2779 1684 2943 1741 XVII.

2015 1773 2176 1829 Vens.
2204 1777 2319 1830 4-7.
2363 1796 2382 1829 ι
2409 1778 2473 1833 Et
2511 1778 2725 1834 locutus
2767 1789 2852 1835 est
2882 1779 3150 1837 Dominus
3198 1782 3264 1836 ad
3306 1766 3528 1855 Moysen

1945 1865 2168 1921 dicens:
2202 1867 2449 1940 Loquere
2470 1870 2648 1925 Aaron
2687 1880 2743 1927 ct
2763 1870 2885 1926 ﬁliis
2905 1872 3044 1941 ejus,
3067 1881 3124 1926 et
3168 1876 3380 1930 cunctis
3403 1875 3529 1930 ﬁliis

2686 1962 2788 2017 Istc
2813 1971 2897 2017 est
2927 1980 3107 2019 sermo
3147 1982 3308 2035 quem
3372 1981 3529 2021 man-

1947 2050 2096 2103 davit
2142 2050 2402 2106 Dominus
2455 2054 2645 2109 dicens
2685 2069 2697 2104 :
2741 2054 2914 2108 llomo
2964 2056 3189 2124 quilibet
3242 2057 3310 2111 de
3367 2057 3531 2111 domo

1948 2139 2134 2202 Israel,
2153 2140 2196 2194 si
2219 2141 2477 2197 occiderit
2495 2143 2710 2208 bovem,
2731 2144 2846 2199 sive
2866 2160 3109 2215 capram,
3136 2147 3189 2201 in
3212 2148 3427 2215 castris,
3443 2151 3530 2204 vel

1948 2241 2100 2286 extra
2122 2243 2321 2293 castra.
2345 2245 2397 2289 et
2429 2251 2542 2289 non
2578 2237 2835 2291 obtulerit
2863 2237 2932 2292 ad
2966 2239 3165 2293 ostium
3190 2241 3530 2297 tabernaculi

1949 2326 2277 2381 oblationem
2320 2327 2570 2395 Domino,
2632 2331 2913 2401 sanguinis
2958 2346 3086 2386 reus
3125 2334 3261 2401 erit;
3296 2336 3453 2404 quasi
3484 2337 3530 2391 si

1948 2418 2270 2488 sanguinem
2302 2419 2521 2485 fuderit,
2555 2424 2634 2476 sic
2670 2422 2867 2491 peribit
2894 2423 2963 2477 de
2988 2424 3169 2479 medio
3197 2428 3380 2495 populi
3418 2429 3530 2483 Sui.

1952 2508 2079 2563 Ideo
2136 2510 2333 2565 oﬁerre
2392 2513 2593 2567 debent
2637 2515 2900 2568 sacerdoti
2962 2514 3055 2568 ﬁlii
3101 2514 3268 2571 Israel
3323 2518 3533 2576 hostias

1951 2616 2079 2656 suas
2099 2618 2234 2671 quas
2262 2605 2517 2661 occidunt
2559 2608 2612 2660 in
2667 2623 2816 2677 agro,
2845 2619 2905 2665 ut
2954 2610 3368 2667 sanctiﬁcentur
3424 2613 3533 2666 Do-

1951 2693 2104 2745 mino
2136 2702 2261 2747 ante
2295 2696 2496 2751 ostium
2527 2699 2859 2755 tabernaculi
2899 2702 3220 2767 testimonii,
3257 2710 3312 2757 et
3334 2706 3533 2757 immo-

1952 2782 2066 2835 lent
2094 2799 2186 2837 cas
2210 2785 2417 2839 hostias
2443 2787 2698 2855 paciﬁcus
2721 2792 2975 2845 DOIIIIIIO.
3005 2791 3327 2860 Fundetque
3354 2807 3537 2846 sacer-

1953 2875 2051 2931 dos
2081 2878 2401 2947 sanguinem
2434 2880 2536 2934 sub
2573 2881 2742 2935 altare
2770 2880 3006 2945 Domini,
3034 2892 3090 2937 et
3111 2884 3179 2937 ad
3210 2883 3408 2937 ostium
3453 2892 3538 2937 ta-

1952 2969 2231 3023 bernaculi
2264 2972 2584 3039 testimonii,
2621 2982 2675 3027 et
2697 2975 2934 3029 adolehit
2967 2977 3183 3046 adipem
3223 2976 3277 3029 in
3311 2977 3537 3033 odorem

1953 3060 2237 3114 suavitatis
2259 3059 2507 3116 Domino.
2543 3065 2606 3116 Et
2630 3078 2969 3134 nequaquam
3005 3065 3144 3119 ultra
3175 3066 3542 3120 immolabunt

1955 3151 2158 3207 hostias
2184 3168 2312 3207 suas
2339 3154 2699 3222 daemonibus,
2725 3172 2849 3211 eum
2871 3157 3070 3227 quibus
3104 3157 3354 3213 fornicati
3385 3167 3539 3213 sunt.

1957 3241 2282 3313 [tegitimum
2338 3247 2733 3315 sempiternum
2788 3250 2894 3303 erit
2935 3247 3062 3316 illis,
3099 3256 3155 3302 et
3183 3249 3418 3318 posteris
3449 3265 3544 3304 eo-

1960 3349 2104 3387 l‘lllll.
2149 3353 2168 3384 ι

2024 3427 2164 3492 Quia
2205 3442 2397 3495 parum
2427 3428 2720 3499 legislatori
2753 3430 2821 3484 de
2859 3429 3044 3500 ﬁguris
3078 3433 3403 3501 pertinebat,
3447 3435 3543 3489 sed

1954 3521 2174 3588 etquod
2203 3521 2272 3575 de
2300 3520 2383 3575 eis
2415 3522 2688 3592 cogitabat
2747 3524 2918 3593 magis
2952 3535 3174 3595 propter
3223 3526 3546 3598 praeﬁgura-

1959 3619 2065 3664 tam
2100 3612 2154 3664 in
2194 3612 2276 3666 eis
2307 3613 2615 3679 veritatem,
2657 3629 2762 3683 qua
2804 3623 2993 3684 postea
3042 3618 3382 3686 temporibus
3433 3619 3549 3673 suis

1956 3702 2269 3772 dispensata
2307 3704 2425 3760 illas
2446 3722 2665 3761 cessare
2702 3707 2833 3767 vult,
2858 3716 3044 3777 aperte
3075 3723 3315 3777 prmsens
3337 3712 3549 3766 sanctio
3606 3746 3609 3752 ς

1957 3795 2313 3862 demonstrat,
2336 3814 2457 3867 quae
2511 3814 2619 3853 non
2680 3800 2998 3870 simpliciter
3050 3802 3117 3854 ad
3179 3800 3418 3872 Moysen,
3452 3806 3548 3859 sed

1958 3891 2025 3943 ad
2048 3891 2224 3944 Aaron
2252 3900 2307 3945 et
2335 3891 2474 3947 ﬁlios
2503 3893 2643 3961 ejus,
2671 3901 2725 3947 et
2758 3894 2822 3947 ad
2850 3908 3043 3948 omnes
3068 3894 3208 3949 ﬁlios
3231 3893 3389 3950 Israel
3409 3912 3550 3966 prte-

1961 3982 2105 4052 cepit
2119 4000 2132 4036 :
2145 3984 2239 4038 sed
2255 3994 2441 4054 aperte
2462 3985 2969 4055 manifestans,quia
2986 3987 3099 4042 haec
3111 3987 3243 4058 legis
3256 3992 3552 4060 pnnccptio

1960 4090 2070 4129 non
2093 4092 2479 4148 magnum,non
2497 4078 2874 4147 perfectiorem
2886 4080 3333 4150 quempiam,non
3353 4082 3553 4153 imper-

1963 4165 2166 4220 Iccium
2202 4166 2450 4237 ignorare
2470 4166 2604 4229 vult,
2636 4169 2780 4237 quod
2806 4168 3025 4236 expedit
3048 4168 3130 4222 eis
3163 4169 3322 4232 scire,
3362 4170 3415 4224 id
3445 4179 3551 4235 est,

1963 4261 2088 4330 quia
2107 4260 2419 4330 temporalis
2435 4270 2518 4315 est
2532 4261 2724 4316 littene
2743 4263 2916 4327 ch,ut
2941 4272 3186 4332 tempore
3199 4264 3555 4332 expleto,non

1959 4354 2069 4425 jam
2084 4354 2227 4409 circa
2247 4353 2415 4423 ipsam
2438 4352 2633 4409 frustra
2659 4365 2712 4410 et
2733 4371 3066 4425 supervacue
3086 4356 3451 4426 nosmetiptms
3472 4348 3561 4411 oc-

1965 4462 2249 4517 cupemus.
2280 4447 2411 4513 Quis
2427 4458 2607 4503 autem
2633 4458 2716 4503 est
2737 4459 3042 4519 temporum
3063 4450 3186 4504 ﬁnis
3203 4451 3558 4506 ?0mnimoda

1967 4540 2070 4594 loci
2104 4540 2275 4609 ipsius
2300 4541 2554 4609 perditio,
2585 4542 2640 4595 in
2663 4557 2773 4611 quo
2806 4542 3072 4597 sacriﬁcia
3112 4541 3301 4596 offerri
3348 4557 3559 4612 ρι’-ωρο-

231 4631 673 4694 πῐῐιηιιιγοτίιιι
702 4651 921 4703 manus,
964 4634 1333 4691 sacerdotium
1372 4636 1690 4691 ministrare
1739 4645 1865 4705 post
1898 4648 1943 4704 ι)
1970 4632 2070 4702 pit,
2099 4631 2486 4687 comminando
2528 4633 2872 4702 praecipiens,
2902 4648 3025 4687 eum
3058 4632 3147 4703 qui
3185 4633 3325 4687 intra
3358 4641 3560 4698 castra,

1972 4731 2089 4785 sive
2120 4727 2273 4788 foris,
2300 4736 2449 4782 extra
2478 4736 2663 4781 tamen
2705 4727 3117 4782 tabernaculum
3144 4725 3442 4781 testimonii
3471 4741 3561 4780 sa-

1969 4825 2239 4884 criﬁcium
2272 4824 2365 4879 Dei
2393 4823 2592 4893 explet,
2629 4822 2855 4875 interire
2888 4821 2955 4874 dc
2982 4818 3205 4888 pepulo.
3250 4817 3563 4887 thuando

1972 4914 2384 4971 tabernaculum
2418 4910 2735 4973 testimonii,
2768 4918 2825 4963 et
2857 4907 3119 4977 templum
3147 4904 3295 4975 quod
3324 4904 3392 4958 ad
3440 4902 3564 4971 ejus

1970 5006 2260 5078 imaginem
2291 5004 2493 5059 factum
2523 5009 2626 5064 est,
2656 5000 3014 5071 disperditum
3047 4996 3231 5061 fuerit,
3266 5007 3566 5065 cognosca-

1973 5111 2062 5156 tur
2090 5100 2215 5169 quia
2242 5098 2406 5152 ﬁnem
2445 5097 2648 5150 habent
2676 5096 2861 5147 omnia
2890 5107 3013 5162 quae
3044 5090 3115 5145 ibi
3152 5088 3266 5143 ﬁeri
3298 5088 3382 5141 lex
3426 5100 3566 5155 pra:-

1972 5192 2152 5262 cepit;
2181 5193 2345 5248 etiam
2378 5191 2465 5246 illa
2502 5191 2614 5245 Deo
2647 5204 2756 5243 non
2782 5187 3018 5258 placent,
3049 5198 3229 5252 neque
3257 5178 3404 5236 enim
3426 5178 3565 5231 alias

1972 5285 2393 5356 disperdidisset
2442 5283 2621 5337 locum
2660 5280 2713 5333 in
2758 5293 2867 5349 quo
2895 5275 3077 5348 peragi
3124 5271 3438 5327 omnimodo
3472 5282 3561 5322 se-

1974 5379 2216 5433 cundum
2269 5377 2440 5448 legem
2483 5374 2783 5429 debuisset.
2817 5369 2976 5436 Quod
3023 5366 3183 5422 etiam
3234 5362 3402 5424 dices,
3432 5374 3563 5414 cum

1977 5471 2057 5525 sic
2075 5470 2252 5540 justas
2282 5468 2550 5531 actiones,
2579 5467 2630 5521 id
2677 5472 2898 5519 estnon
2944 5457 3213 5519 occidere,
3240 5466 3350 5507 non
3407 5450 3565 5505 adul-

1984 5562 2171 5627 terari,
2202 5577 2310 5615 non
2349 5560 2540 5624 furari,
2574 5573 2686 5613 non
2730 5555 2925 5609 falsum
2950 5546 3322 5606 testimonium
3359 5543 3566 5605 dicere,

348 5654 516 5711 Vens.
545 5656 640 5711 54.
687 5676 706 5709 ι
745 5658 947 5727 Semel,
978 5657 1191 5729 inquit,
1225 5658 1277 5712 in
1311 5673 1456 5714 anno
1480 5658 1641 5714 faciet
1682 5657 1807 5711 hoc.
1850 5675 1870 5708 ι
1983 5664 2192 5728 patrem
2252 5663 2308 5709 et
2354 5661 2585 5707 matrem
2640 5652 2929 5710 honorare,
2982 5643 3205 5712 diligere
3267 5636 3569 5708 proximos,

2586 5829 2630 5862 ¹⁰
2666 5825 2807 5881 Psal.
2834 5839 2978 5890 xuv,
3004 5821 3057 5877 8.
3173 5819 3213 5849 ⁸⁸
3249 5816 3338 5872 Ps.
3368 5828 3483 5879 cut,
3515 5812 3582 5868 ιρ

355 5839 378 5869 ⁸
409 5837 577 5894 Prov.
611 5855 755 5904 xxvi,
780 5840 833 5895 9.
946 5841 967 5871 "
996 5841 1119 5896 lsai.
1160 5858 1211 5904 ι,
1248 5843 1302 5906 5,
1326 5842 1376 5896 6.
1493 5836 1679 5894 'Psal.
1714 5848 1849 5903 xcn,

2022 5835 2043 5867 ’
2078 5832 2235 5889 Joan.
2270 5848 2389 5896 xm,
2416 5833 2467 5887 5.

262 5911 317 5979 ν
352 5908 525 5967 Hebr.
557 5926 634 5979 ιιι,
658 5911 749 5963 28.
829 5911 873 5941 ’³
910 5911 1066 5966 Joan.
1100 5929 1152 5975 v,
1184 5912 1274 5967 46.

646 6004 894 6064 ΡΑΤιιοι.
961 6008 1073 6066 Gn.
1119 6005 1327 6069 XCIII.

1493 5842 1513 5872 ⁸
1532 5836 1679 5894 Psal.
1714 5848 1849 5903 κειι,
1870 5835 1922 5889 1.

3143 5978 3218 6042 32
