3992 6460
465 449 598 513 1003

1652 446 1943 510 HESYCH
1955 446 2009 503 Il
2064 443 2538 503 PRESBYTER!

3604 438 3732 508 1004

455 579 642 619 servos
670 565 871 621 liberos
893 565 1090 633 facere,
1116 565 1362 636 jejunare
1387 564 1722 634 frequenter,
1753 563 1835 617 vel
1855 576 2032 625 orare,
2069 570 2111 623 Α
2142 565 2196 610 et
2245 557 2406 611 docet
2435 559 2593 627 quale
2635 565 2717 612 est
2738 557 3120 613 fornicationis
3153 567 3466 628 peccatum,
3500 567 3550 612 ut
3621 558 3730 612 ido-

381 646 384 650 ’
458 675 565 712 non
598 658 1164 723 circumscribitloco,
1193 657 1319 727 quia
1350 672 1564 727 semper
1604 665 1732 709 sunt
1775 653 1948 718 utilia,
1986 662 2041 705 et

455 765 581 803 cum
614 749 924 821 evangelica
974 750 1388 806 conversatione
1414 746 1747 803 communia.
1778 743 1902 799 llaec
1948 760 2042 797 au-

459 853 563 896 tem
588 858 710 912 quae
738 845 1042 899 secundum
1072 842 1366 913 semetipsa
1412 849 1541 897 sunt
1595 837 1890 910 superﬂua,
1946 834 2039 891 sed

454 949 635 990 causa!
683 936 965 1007 cujusdam
1021 944 1152 991 sunt
1209 933 1476 1004 exquisita
1519 933 1716 1003 gratia,
1765 929 2043 985 concludit

453 1026 590 1093 loco,
630 1036 688 1082 ut
738 1038 1069 1098 cegnoscant
1096 1027 1221 1098 quia
1278 1024 1599 1097 temporalia
1641 1029 1770 1079 sunt
1806 1039 1820 1075 :
1860 1020 2040 1075 omnia

452 1117 599 1171 enim
644 1132 769 1187 qua
822 1118 941 1173 loco
987 1118 1255 1182 serviunt,
1303 1116 1514 1173 servire
1565 1115 1730 1171 etiam
1789 1113 2041 1169 ordinata

451 1219 581 1264 sunt
607 1209 862 1278 tempori.
898 1208 1167 1280 Deputata
1203 1217 1332 1264 sunt
1380 1208 1544 1280 igitur
1591 1208 1710 1262 loco
1754 1204 2039 1269 sacriﬁcia,

450 1298 870 1353 emundationes
924 1307 1293 1362 mortuorum,
1324 1307 1380 1353 et
1431 1297 1656 1353 seminis
1694 1294 1899 1350 ﬁuxum
1946 1309 2045 1364 pa-

450 1389 730 1455 tientium,
765 1397 822 1445 et
860 1389 1227 1459 leprosorum,
1270 1396 1327 1443 et
1375 1395 1836 1443 menstruatarum
1873 1404 1886 1438 :
1918 1384 2044 1454 quia

447 1488 504 1535 et
563 1480 681 1535 haec
720 1494 818 1550 per
868 1479 1134 1534 sacriﬁcia
1180 1479 1438 1535 effectum
1506 1479 1754 1534 habent:
1797 1476 2047 1531 similiter

446 1587 659 1644 azyma,
688 1581 745 1627 et
769 1572 1060 1644 ﬁguratum
1079 1574 1303 1644 pascha,
1333 1571 1679 1642 scenopegia,
1705 1577 2040 1640 pentecoste,

447 1680 663 1720 necnon
726 1666 1053 1727 neomeniaa.
1107 1674 1165 1720 et
1211 1664 1438 1720 sabbata
1482 1680 1499 1718 :
1553 1662 1839 1734 oportebat
1897 1661 2044 1714 enim

448 1759 599 1814 omni
642 1758 806 1814 modo
848 1758 1114 1814 sacriﬁcia
1148 1758 1200 1811 in
1248 1757 1368 1812 istis
1418 1756 1624 1812 oﬁerri.
1666 1755 1803 1822 Quia
1857 1762 2041 1810 autem

450 1849 566 1905 haec
592 1848 975 1919 mysteriorum
1000 1849 1230 1904 Domino
1262 1848 1666 1919 implendorum
1714 1847 1914 1919 ﬁguras
1945 1849 2044 1904 ha-

2143 648 2318 700 lorum
2359 648 2529 713 cultu,
2559 648 2997 716 fornicationem,
3030 659 3085 705 et
3120 650 3189 705 ad
3214 650 3492 705 daemones
3541 650 3731 704 confu-

2144 736 2314 807 gium,
2356 737 2777 793 fornicationem
2800 741 3179 796 nominaretur
3204 757 3216 792 :

2216 825 2376 881 Vens.
2402 828 2456 892 8,
2481 829 2536 884 9.
2575 847 2592 879 ο
2619 830 2685 883 Ει
2711 830 2862 885 dices
2911 832 2979 886 ad
3038 833 3224 902 ipsos:
3266 832 3442 887 llonto
3480 834 3549 888 de
3613 832 3735 888 ﬁliis

2144 913 2330 982 Israel,
2356 923 2413 970 et
2441 917 2509 971 de
2536 917 2763 974 advenis
2817 921 2910 990 qui
2933 921 3356 991 peregrinantur
3413 923 3558 992 apud
3616 940 3734 989 vos,

2142 1006 2237 1077 qui
2290 1007 2552 1064 obtulerit
2607 1010 3014 1079 holocaustum,
3077 1016 3192 1070 sive
3241 1016 3543 1085 victimam,
3573 1028 3627 1073 et
3674 1021 3737 1073 ad

2145 1101 2345 1155 ostium
2378 1101 2712 1158 tabernaculi
2765 1105 3062 1160 testimonii
3101 1122 3212 1162 non
3261 1108 3553 1164 adduxerit
3597 1125 3736 1176 eam,

2146 1199 2206 1247 ut
2244 1191 2509 1248 oﬁeratur
2541 1196 2790 1264 Domino,
2835 1199 3078 1253 interibit
3105 1201 3173 1254 de
3201 1201 3404 1271 populo
3425 1218 3549 1257 suo.
3585 1223 3605 1256 ι

2218 1284 2285 1340 Et
2346 1285 2392 1339 si
2445 1286 2638 1341 eadem
2666 1287 2851 1344 dicere
2909 1289 3181 1361 legislator
3230 1292 3467 1359 videtur,
3526 1311 3748 1350 verum-

2145 1383 2329 1432 tamen
2357 1379 2643 1449 populum,
2712 1381 2803 1436 cui
2834 1381 2904 1437 ab
2943 1398 3010 1438 eo
3057 1384 3140 1439 lex
3165 1385 3483 1456 imponitur,
3525 1396 3747 1444 eaut-un

2147 1469 2330 1525 reddit
2366 1488 2379 1524 :
2412 1472 2605 1527 eadem
2627 1475 2830 1544 quippe
2870 1473 3188 1544 frequenter
3231 1476 3444 1544 dicens,
3499 1480 3750 1534 ostendit

2148 1560 2251 1615 hoc
2283 1564 2601 1619 mandatum
2660 1568 3037 1621 necessarium
3103 1582 3246 1634 esse,
3284 1569 3561 1640 nimisque
3588 1571 3745 1625 utile.

2153 1650 2537 1709 Verumtamen
2572 1670 2643 1711 ne
2690 1656 2894 1712 frustra
2943 1656 3182 1727 idipsum
3234 1673 3425 1714 rursus
3455 1659 3608 1720 dicit,
3653 1662 3751 1715 sed

2148 1760 2314 1814 supra
2335 1746 2553 1815 quidem
2579 1747 2917 1803 occidentem
2943 1748 3311 1815 solummodo,
3339 1758 3396 1804 ut
3418 1746 3640 1821 aliquod
3670 1749 3759 1804 [ἃς

2149 1843 2301 1890 ceret
2319 1837 2667 1905 sacriﬁcium,
2692 1854 2804 1894 non
2834 1848 3015 1896 tamen
3048 1841 3198 1895 omni
3242 1842 3405 1896 modo
3434 1851 3492 1897 et
3534 1843 3750 1914 reliqua

448 1940 691 2007 hebant,
743 1940 797 1997 in
862 1941 1240 2013 superioribus
1286 1940 1621 1996 sufﬁcienter
1678 1939 2043 1995 ostendimus.

2155 1927 2402 1983 sacriﬁcii
2430 1928 2747 1995 facientem,
2778 1945 2955 2000 paenae
3005 1932 3259 2003 subjecit,
3313 1933 3391 1988 ait
3419 1933 3566 1988 enim
3601 1934 3751 2000 τρυε

448 2033 714 2090 Parvulas
736 2049 870 2106 ergo
899 2050 1022 2091 cum
1058 2046 1206 2091 esset
1256 2021 1518 2106 populus,
1545 2033 1636 2104 qui
1666 2033 1839 2104 legem
1891 2031 2046 2087 acci-

447 2123 632 2193 piebat
651 2164 663 2188 ,
695 2132 751 2180 et
779 2123 847 2179 ad
880 2140 943 2179 ea
973 2140 1096 2195 qua:
1122 2133 1250 2180 sunt
1299 2124 1616 2195 imperfecta
1653 2123 1890 2188 inhians,
1919 2123 2046 2192 quia

446 2215 815 2272 adhaesiturus
837 2225 957 2272 erat
988 2217 1218 2280 umbris,
1250 2226 1307 2272 et
1331 2229 1720 2287 compassurus
1754 2213 1910 2278 locis,
1935 2214 2047 2270 sic-

449 2319 510 2363 ut
567 2309 828 2379 parvulus
874 2309 929 2364 in
961 2309 1289 2379 quibusdam
1328 2308 1464 2363 locis
1520 2308 1843 2372 delectatur,
1886 2307 2046 2362 inve-

443 2404 528 2458 nit
550 2404 771 2459 modum
804 2403 1097 2475 legislator,
1125 2419 1222 2474 per
1252 2417 1415 2473 quem
1455 2416 1522 2457 ex
1548 2400 1874 2456 necessitate
1921 2400 2043 2456 illos

444 2505 772 2552 removeata
802 2495 1011 2568 ﬁguris,
1061 2496 1283 2566 quando
1317 2504 1563 2564 tempore
1622 2494 1815 2548 harum
1862 2508 2042 2548 reces-

445 2586 615 2642 sionis
646 2586 834 2652 fuerit,
869 2586 993 2642 loco
1024 2586 1464 2643 circumcludens
1517 2600 1611 2639 eas
1640 2600 1761 2655 qua:
1820 2584 2044 2638 destru-

443 2689 630 2735 eturus
680 2687 820 2746 erat,
878 2689 934 2733 et
970 2679 1294 2749 praecipiens
1340 2685 1496 2732 extra
1537 2676 1717 2731 locum
1771 2676 1918 2730 lnmc
1966 2674 2065 2729 nil‘

443 2786 634 2827 eorum
664 2786 787 2842 quae
816 2771 961 2827 dicta
991 2779 1142 2835 sunt,
1190 2770 1332 2836 ﬁeri,
1364 2771 1459 2826 sed
1486 2785 1611 2825 eum
1642 2769 1735 2841 qui
1786 2777 2041 2836 tentaret,

446 2876 571 2917 esse
597 2863 742 2917 sicut
764 2862 1086 2932 sanguinem
1135 2860 1531 2916 effundentem.
1559 2859 1700 2930 Ergo
1727 2858 2042 2929 quicunque

444 2963 501 3010 et
532 2969 681 3008 nunc
727 2953 929 3025 ﬁguras
962 2969 1226 3025 peragere
1287 2952 1552 3008 destructi
1593 2961 1863 3006 conantur
1912 2951 2039 3017 loci,

445 3044 772 3115 sanguinem
804 3041 1122 3110 eﬁ'undunt,
1153 3042 1206 3099 id
1233 3051 1318 3098 est
1356 3057 1708 3097 communem
1743 3057 2041 3098 conversa-

448 3134 652 3190 tionem
688 3133 958 3204 polluunt,
999 3133 1055 3187 in
1086 3147 1380 3189 commune
1410 3141 1659 3202 peccant,
1695 3132 1840 3187 sicut
1867 3141 1924 3187 et
1984 3132 2040 3188 hi

444 3229 538 3299 qui
605 3227 927 3298 sanguinem
987 3225 1245 3291 fundunt,
1305 3224 1664 3294 similiterque
1718 3224 2040 3296 sanguinem

446 3324 570 3394 ejus
591 3320 684 3392 qui
730 3320 800 3375 ab
830 3319 910 3374 eis
940 3319 993 3372 in
1023 3332 1267 3372 errorem
1291 3316 1542 3383 mittitur,
1561 3315 1796 3372 fundunt
1822 3334 1835 3371 ε
1866 3317 2049 3387 perdi-

446 3415 611 3472 tionis
643 3415 791 3470 enim
823 3415 874 3468 ei
920 3426 1086 3467 causa
1117 3409 1447 3466 ellieiuntur.
1483 3408 1620 3475 Quia
1650 3417 1834 3464 autem
1872 3409 2043 3479 possi-

446 3504 560 3561 bile
585 3505 688 3559 fuit
710 3504 831 3558 illos
861 3503 1223 3572 interrogare,
1259 3506 1354 3555 aut
1384 3499 1644 3569 cogitare,
1665 3509 1720 3553 et
1753 3498 1914 3569 cujus
1969 3498 2048 3553 rei

447 3598 618 3670 gratia
654 3596 773 3652 haec
799 3596 1008 3651 sancita
1034 3604 1184 3659 sunt,
1216 3594 1260 3648 si
1284 3594 1475 3649 localia
1507 3604 1635 3649 sunt
1662 3632 1677 3660 ,
1710 3593 1781 3647 ad
1833 3602 2050 3663 tempus

445 3692 701 3757 dicimus,
731 3688 854 3761 quia
886 3703 1109 3743 causam
1133 3686 1429 3757 ﬁgurarum
1474 3700 1806 3756 cognoscere
1859 3694 2050 3755 aperte

446 3801 557 3840 non
620 3793 893 3856 poterant,
944 3798 1125 3852 neque
1177 3780 1474 3851 cupiebant
1534 3779 1771 3833 revelate
1809 3779 2045 3845 discere,

446 3878 574 3948 quia
602 3878 832 3931 aliorum
867 3876 1137 3931 baberent
1182 3873 1448 3944 imagines
1486 3885 1550 3925 ea
1576 3886 1696 3941 quae
1723 3871 2048 3927 sanciebatu-

447 3979 559 4025 tur.
593 3969 960 4035 Quamobrem
983 3982 1205 4023 causam
1242 3966 1351 4021 illis
1380 3963 1544 4018 aliam
1578 3965 1847 4019 veriorem
1871 3965 2048 4035 ipsam

446 4063 731 4137 legislator
765 4062 1010 4133 scripsit,
1044 4075 1209 4131 quam
1243 4059 1390 4113 hanc
1420 4075 1434 4110 :

521 4156 592 4211 Et
622 4171 958 4229 nequaquam
988 4154 1130 4207 ultra
1154 4150 1508 4206 immolabant
1540 4151 1740 4206 hostias
1780 4168 1907 4206 suas
1939 4152 2049 4206 da"-

449 4249 690 4304 manibus
713 4265 832 4304 cum
855 4248 1046 4319 quibus
1070 4246 1320 4318 fornicati
1346 4255 1486 4298 sunt.
1508 4244 1660 4311 Sive,
1686 4253 1745 4300 ut
1771 4244 1907 4299 LXX
1937 4261 1951 4298 :
1982 4245 2049 4299 Et

449 4358 555 4397 non
605 4340 953 4395 immolabant
985 4338 1128 4393 ultra
1184 4336 1451 4406 sacriﬁcia
1514 4352 1612 4389 sua
1656 4337 2046 4407 supervacuis:

448 4452 573 4491 cum
612 4439 694 4491 eis
726 4435 890 4489 allen
942 4439 1279 4502 praeceptum
1330 4429 1704 4485 fuissetzNon
1740 4430 1903 4502 facies
1954 4429 2053 4484 tibi

450 4526 671 4590 idolum,
701 4542 791 4581 nec
813 4540 1018 4581 omnem
1049 4522 1449 4577 similitudinem
1478 4538 1662 4576 eorum
1698 4538 1816 4590 qua:
1837 4524 1892 4576 in
1924 4522 2052 4578 caelo

2151 2021 2401 2075 occiderit
2434 2023 2632 2088 bovem,
2666 2033 2761 2077 aut
2796 2040 2962 2091 orem,
2988 2026 3096 2079 sive
3141 2027 3198 2079 in
3226 2027 3437 2093 castris,
3462 2026 3545 2081 vel
3597 2038 3752 2082 extra

2149 2124 2350 2179 castra,
2380 2126 2428 2170 et
2462 2132 2567 2170 non
2589 2117 2835 2173 obtulerit
2864 2119 2936 2172 ad
2973 2121 3166 2174 ostium
3211 2120 3545 2176 tabernaculi
3599 2123 3753 2176 oblu-

2150 2209 2344 2262 tionem
2410 2208 2657 2264 Domino.
2704 2208 2783 2265 lbi
2842 2212 3157 2281 prohibitus
3221 2213 3542 2286 intelligitur
3564 2216 3639 2270 ab
3687 2230 3755 2270 eo

2146 2302 2294 2371 quod
2324 2303 2551 2358 tentavit
2595 2321 2608 2356 :
2644 2303 2734 2359 hic
2755 2317 2938 2361 autem
2965 2321 3075 2361 non
3106 2308 3200 2375 ita,
3234 2309 3333 2364 sed
3363 2327 3376 2365 :
3405 2308 3507 2374 Qui
3538 2311 3755 2365 obtule-

2152 2393 2225 2447 rit
2252 2392 2636 2463 holocaustum,
2664 2398 2772 2452 sive
2790 2398 3084 2466 victimam,
3114 2411 3163 2455 et
3190 2402 3261 2455 ad
3286 2404 3478 2457 ostium
3509 2405 3756 2458 taberna-

2151 2484 2258 2539 culi
2293 2488 2576 2541 testimonii
2598 2504 2702 2542 non
2722 2491 3006 2545 adduxerit
3033 2508 3173 2558 eam,
3200 2501 3255 2546 ut
3284 2494 3536 2564 offeratur
3566 2495 3756 2550 Domi-

2146 2592 2234 2635 no.
2265 2577 2719 2663 consummatum
2749 2582 2863 2637 sive
2916 2582 3246 2639 sacriﬁcium
3291 2586 3605 2656 perfectum
3668 2589 3755 2644 di-

2146 2685 2297 2736 cens,
2321 2671 2375 2725 in
2400 2680 2613 2727 tantum
2644 2681 2705 2728 ut
2735 2675 3115 2731 holocaustum
3144 2676 3322 2745 ﬁeret,
3361 2680 3621 2736 eamdem
3669 2691 3755 2736 ta-

2146 2778 2275 2819 men
2306 2764 2443 2819 etin
2473 2765 2577 2821 hoc
2623 2782 2840 2837 poenam
2875 2770 3153 2840 praecepit.
3184 2768 3290 2836 Qui
3330 2771 3479 2826 enim
3532 2772 3753 2829 initium

2146 2854 2410 2912 fecithoc
2440 2860 2788 2928 attrectandi,
2831 2871 2887 2917 et
2914 2863 3225 2932 prohibitus
3256 2871 3359 2931 est,
3400 2864 3541 2920 nihil
3564 2865 3757 2922 dilert

2143 2949 2215 3005 ab
2237 2964 2306 3005 eo
2338 2951 2431 3022 qui
2453 2952 2765 3023 complevit.
2800 2953 2908 3008 Sed
2930 2964 2987 3010 et
3018 2956 3303 3027 utriusque
3362 2973 3544 3028 paena,
3568 2958 3757 3029 perdi-

2148 3042 2225 3098 tio
2256 3044 2325 3100 de
2347 3046 2552 3116 populo
2581 3055 2685 3111 est,
2714 3047 2788 3102 ita
2813 3056 2875 3102 ut
2901 3063 3012 3103 non
3040 3050 3215 3118 possit
3245 3051 3390 3105 ultra
3416 3052 3508 3106 hic
3548 3052 3606 3106 in
3651 3068 3753 3122 po-

2150 3137 2283 3208 pulo
2309 3137 2528 3210 degere,
2553 3154 2731 3207 neque
2761 3140 2831 3195 de
2856 3141 3277 3197 circumcisione
3300 3143 3544 3214 gloriari,
3569 3160 3755 3214 neque

2153 3229 2221 3286 de
2241 3246 2442 3302 genere
2471 3228 2747 3286 Abraham
2788 3234 3149 3304 semetipsum
3184 3250 3404 3301 ornare,
3438 3244 3534 3291 aut
3564 3236 3752 3293 Israeo

2075 3282 2119 3341 C
2151 3282 2273 3376 litaq
2298 3323 2427 3387 dici,
2456 3322 2551 3378 sed
2586 3323 2730 3379 inter
2780 3282 3108 3395 praeputium
3135 3326 3403 3382 habentes
3440 3338 3496 3384 et
3549 3330 3753 3384 alieni-

2153 3428 2320 3485 genas
2348 3415 2735 3481 constituatur,
2771 3416 2877 3472 hoc
2909 3427 2996 3473 est
3025 3418 3263 3488 disperdi
3325 3421 3642 3491 quempiam
3684 3424 3756 3478 de

2152 3511 2359 3577 populo
2386 3522 2506 3563 suo.
2552 3506 2696 3577 Ergo
2750 3509 3065 3580 quicunque
3098 3527 3246 3566 nunc
3279 3511 3414 3585 legis
3471 3513 3753 3580 mandata,

2152 3611 2253 3651 seu
2281 3598 2546 3655 terminos
2576 3599 3077 3670 transgrediuntur,
3102 3611 3255 3656 extra
3305 3603 3569 3673 templum
3593 3619 3757 3676 agen-

2153 3693 2238 3742 tes
2282 3704 2626 3760 quaecunque
2679 3693 2961 3747 destructo
2991 3693 3195 3763 templo
3228 3693 3313 3748 lex
3340 3695 3425 3765 agi
3460 3709 3575 3749 non
3613 3696 3754 3760 vult,

2148 3780 2261 3852 jam
2292 3796 2403 3836 non
2435 3793 2566 3838 sunt
2595 3783 2874 3848 lsraelitae,
2906 3800 3010 3839 nec
3069 3785 3389 3842 Iudaeorum
3424 3787 3755 3857 appellatio-

2152 3887 2278 3927 nem
2300 3874 2446 3944 juste
2469 3874 2570 3929 sibi
2601 3884 2885 3946 usurpant.
2918 3876 3023 3932 Sed
3059 3877 3222 3931 etiam
3256 3877 3388 3932 illud
3428 3893 3539 3948 pra:
3565 3879 3755 3932 omni-

2152 3966 2256 4021 bus
2278 3968 2456 4021 notari
2483 3977 2717 4038 Oportet,
2745 3969 2893 4039 quod
2914 3985 3028 4024 non
3052 3971 3231 4025 solum
3259 3986 3357 4026 eos
3378 3971 3471 4041 qui
3500 3988 3567 4026 ex
3626 3972 3756 4027 ﬁliis

2155 4057 2319 4112 Israel
2350 4067 2498 4123 sunt,
2553 4066 2670 4116 haec
2722 4063 2982 4131 prmeepit
3005 4064 3306 4129 custodire,
3339 4064 3435 4118 sed
3466 4080 3590 4118 cum
3619 4064 3756 4134 ipsis

2154 4162 2211 4206 et
2241 4152 2565 4224 proselytas,
2593 4156 2710 4209 sive
2765 4155 3023 4222 advenas,
3055 4155 3150 4225 qui
3208 4155 3635 4227 petcgrinantur
3664 4158 3752 4211 in-

2158 4252 2238 4297 ter
2274 4258 2390 4309 eos,
2427 4245 2482 4299 id
2507 4254 2593 4299 est
2618 4246 2870 4317 gentiles,
2905 4245 2963 4301 hi
2993 4248 3142 4302 enim
3176 4262 3289 4302 non
3339 4248 3422 4303 eis
3467 4249 3752 4319 conjuncti

2155 4343 2303 4401 sunt,
2335 4336 2432 4391 sed
2452 4336 2599 4407 apud
2627 4352 2725 4392 eos
2751 4347 2902 4404 sunt,
2935 4339 3063 4409 quia
3093 4340 3240 4410 apud
3265 4355 3362 4395 eos
3408 4355 3623 4408 sumus,
3660 4350 3755 4395 ut.

2157 4436 2285 4498 pote
2306 4428 2483 4500 legem
2513 4445 2727 4502 eorum,
2762 4438 2818 4486 et
2851 4432 3172 4502 prophetas,
3207 4440 3266 4487 et
3309 4432 3639 4503 promissam
3672 4434 3758 4488 eis

2160 4520 2536 4577 haereditatem
2563 4522 2851 4579 habentes.
2877 4524 3237 4581 Adhaeremus
3270 4533 3453 4579 autem
3499 4539 3614 4580 non
3669 4526 3758 4596 ip-

449 4630 571 4675 sunt
600 4637 833 4683 sursum,
859 4628 906 4673 et
952 4606 1010 4671 in
1037 4625 1181 4670 terra
1228 4616 1497 4682 deorsum,
1547 4625 1597 4669 et
1627 4632 1952 4687 quaecunque
1994 4616 2050 4669 in
2085 4626 2128 4683 ι)
2156 4614 2250 4681 sis,
2278 4616 2376 4670 sed
2420 4616 2568 4671 Deo:
2608 4626 2878 4687 praeterea
2907 4618 3213 4674 secundum
3247 4616 3415 4683 LXX,
3446 4618 3615 4673 homo
3671 4619 3759 4673 di-

449 4711 603 4782 aquis
628 4710 811 4766 subtus
872 4718 1072 4763 terram
1105 4708 1169 4761 ι’.
1201 4705 1443 4761 Vitulum
1503 4706 1757 4763 fecerunt
1801 4707 2053 4763 conﬂati-

450 4804 557 4857 lem
596 4811 652 4857 et
688 4802 860 4857 vitulo
915 4802 1242 4858 sacriﬁcium
1262 4800 1602 4865 obtulerunt,
1642 4814 1806 4854 causa
1856 4800 2052 4870 gastri-

450 4893 673 4965 margia:
703 4909 923 4950 sumere
963 4893 1232 4950 sacriﬁcia
1264 4892 1529 4950 volentes.
1568 4890 1901 4963 Padagogus
1953 4908 2041 4947 eo‘

451 4999 573 5038 rum
608 4984 716 5048 lex,
746 4985 814 5039 de
869 4985 950 5041 eis
1014 4983 1215 5040 offerre
1271 4981 1538 5038 sacriﬁcia
1567 4983 1846 5054 praecepit,
1882 4992 1941 5037 ut
1990 4983 2046 5036 in

448 5078 571 5135 ltzec
622 5077 872 5147 occupati
901 5077 970 5133 ab
994 5077 1147 5132 omni
1183 5074 1502 5131 idololatriae
1524 5075 1794 5132 sacriﬁcio
1847 5082 2050 5131 semet-

451 5168 602 5239 ipsos
634 5167 952 5223 abstineant
978 5185 990 5220 :
1027 5176 1084 5221 et
1106 5166 1224 5220 haec
1255 5167 1455 5230 sancit,
1475 5181 1598 5235 quae
1626 5165 1710 5221 lex
1737 5180 1833 5220 eos
1855 5164 2049 5234 prohi-

449 5260 589 5316 bens
608 5260 677 5315 ab
706 5260 974 5314 idolorum
1007 5256 1314 5324 sacriﬁciis,
1343 5256 1504 5312 simul
1534 5256 1733 5311 docere
1771 5256 1933 5309 etiam
1987 5253 2051 5312 ft-

404 5350 408 5377 ³
452 5368 617 5424 guras
647 5352 1029 5423 mysteriorum
1061 5351 1368 5406 futurorum
1393 5348 1721 5420 potuissent.
1756 5347 1902 5403 Bene
1954 5362 2053 5403 au-

454 5457 563 5501 tem
602 5445 810 5505 servire
832 5444 1016 5509 idolis,
1050 5443 1470 5500 fornicationem
1506 5439 1840 5511 appellavit:
1867 5449 2055 5511 aperte

403 5532 412 5577 ἓ
456 5549 559 5592 tros
587 5535 818 5596 docens,
853 5536 978 5605 quia
1008 5542 1225 5590 nostras
1246 5532 1458 5587 animas
1483 5531 1629 5587 Deus
1659 5532 1763 5588 sibi
1796 5532 1863 5588 ad
1904 5533 2052 5588 salu-

405 5616 412 5654 ⁸
458 5639 570 5688 tem
599 5628 909 5698 despondit,
946 5641 1001 5683 et
1035 5628 1156 5683 ideo
1181 5626 1472 5682 fornicatio
1496 5627 1697 5681 dicitur
1721 5627 1791 5682 ab
1824 5627 1915 5685 illo
1944 5626 2055 5685 dis-

452 5719 654 5775 cessio.
690 5721 919 5792 insuper
942 5728 1113 5775 terret
1145 5734 1243 5773 eos
1270 5718 1365 5790 qui
1410 5718 1466 5774 in
1491 5733 1659 5775 carne
1679 5719 2048 5787 fornicamur,

539 5926 582 5959 “
619 5927 789 5989 Exod.
820 5944 914 5997 xx,
951 5928 984 5984 4
1011 5933 1068 5982 et
1098 5923 1275 5980 Levit.
1306 5941 1453 5995 xxvi,
1493 5927 1541 5982 t.

2161 4709 2259 4774 xit,
2285 4718 2412 4764 cum
2436 4708 2625 4764 liceret
2660 4710 2985 4781 simpliciter
3026 4710 3210 4766 dicere
3247 4710 3550 4777 hominem,
3576 4711 3759 4781 dupli-

2158 4812 2250 4857 cat
2274 4811 2479 4869 tamen,
2506 4813 2568 4858 ut
2604 4804 2857 4859 ostendat
2902 4813 3012 4859 tam
3051 4818 3178 4859 eum
3209 4803 3304 4873 qui
3363 4803 3419 4857 in
3468 4804 3763 4861 circumci-

2157 4906 2336 4959 sione,
2372 4909 2535 4964 quam
2569 4895 2663 4965 qui
2692 4894 2750 4949 in
2786 4894 3054 4966 praeputio
3073 4894 3316 4950 adhaeret
3360 4894 3494 4963 Deo,
3529 4895 3637 4951 hoc
3656 4895 3759 4951 de-

2159 4982 2291 5039 bere
2322 4985 2598 5040 custodire
2625 4986 2969 5042 mandatum.

2233 5073 2397 5130 Vens.
2437 5074 2627 5133 10-12.
2659 5095 2677 5128 σ
2706 5076 2882 5132 llomo
2924 5076 3157 5147 quilibet
3198 5077 3269 5133 de
3299 5076 3464 5133 domo
3490 5075 3680 5142 Israel,
3703 5086 3760 5132 et

2155 5168 2224 5222 de
2252 5167 2477 5224 advenis
2508 5169 2603 5239 qui
2640 5169 3063 5241 peregrinantur
3092 5170 3242 5226 inter
3268 5186 3384 5238 eos,
3424 5172 3470 5227 si
3502 5172 3761 5227 comede-'-

2155 5261 2229 5316 rit
2261 5261 2608 5332 sanguinem,
2635 5262 2941 5318 obﬁrmabo
2970 5262 3166 5319 faciem
3198 5278 3377 5318 meam
3402 5273 3595 5320 contra
3634 5263 3760 5318 ani-

2157 5368 2306 5409 mam
2334 5353 2500 5421 illius,
2524 5362 2582 5409 et
2613 5354 2927 5425 disperdam
2954 5370 3077 5411 eam
3112 5357 3181 5413 de
3224 5357 3429 5428 populo
3461 5371 3583 5412 suo.
3617 5355 3757 5422 Quia

2160 5444 2343 5500 anima
2370 5445 2553 5501 carnis
2579 5446 2633 5500 in
2659 5446 2927 5518 sanguine
2960 5456 3067 5514 est,
3102 5458 3159 5503 et
3192 5463 3293 5519 ego
3326 5447 3454 5503 dedi
3486 5448 3638 5501 illum
3667 5459 3733 5499 vo

2159 5538 2265 5603 bis,
2298 5545 2359 5593 ut
2387 5554 2552 5610 super
2577 5540 2744 5595 altare
2768 5540 2823 5594 in
2851 5555 2920 5595 eo
2953 5540 3183 5611 expietis
3206 5557 3306 5612 pro
3345 5540 3641 5595 animabus
3662 5550 3761 5592 ve-

2162 5629 2313 5693 stris,
2344 5639 2399 5684 et
2423 5631 2644 5702 sanguis
2671 5646 2772 5701 pro
2799 5631 2998 5685 animae
3029 5632 3248 5702 piaculo
3273 5630 3364 5695 sit,
3393 5624 3602 5682 idcirco
3646 5624 3759 5680 dixi

2165 5722 2289 5778 ﬁliis
2317 5722 2483 5778 Israel
2515 5721 2749 5780 :Omnis
2797 5723 2980 5780 anima
3037 5738 3104 5778 ex
3153 5721 3312 5779 vobis
3355 5734 3464 5776 non
3506 5715 3764 5773 comedet
