3992 6462
307 466 433 533 1005

303 588 637 659 sanguinem,
673 598 776 641 nec
800 599 866 639 ex
901 583 1126 638 advenis
1155 581 1246 651 qui
1282 580 1700 651 peregrinantur
1740 588 1883 631 inter
1913 592 1953 647 Α

302 692 415 734 VOS.
455 694 475 728 Ι

369 766 508 823 LXX
530 776 714 821 autem
741 766 827 819 hic
848 765 1039 828 edunt,
1073 762 1241 817 Homo
1262 765 1437 815 homo.
1472 762 1625 827 Quod
1654 777 1885 830 quoum—

301 862 371 916 do
399 867 648 931 oporteat
681 858 933 927 intelligi,
966 855 1222 925 superius
1256 856 1516 909 diximus.
1552 854 1693 924 Ergo
1722 869 1886 922 opor—

305 960 378 1007 tet
405 951 646 1005 mandati
681 951 846 1012 huius
878 949 1117 1002 litteram
1141 948 1442 1010 custodire,
1476 956 1534 1000 et
1573 948 1887 1001 nullatenus

302 1043 588 1099 comedere
619 1034 968 1112 sanguinem.’
989 1039 1105 1095 Hoc
1136 1042 1285 1095 enim
1317 1050 1374 1095 et
1406 1040 1681 1109 apostolos
1729 1040 1886 1094 inve-

305 1136 420 1191 nies
452 1134 797 1205 praecepisse,
829 1134 1048 1203 quando
1076 1134 1145 1188 de
1170 1132 1498 1203 quibusdam
1515 1131 1757 1188 Judaicis
1787 1131 1888 1185 ob-

303 1227 702 1282 servationibus
746 1225 1099 1280 contentione
1143 1226 1198 1279 in
1242 1226 1596 1281 Antiochensi
1646 1225 1890 1279 Ecclesia

305 1319 464 1382 facta,
491 1319 558 1373 ad
591 1334 686 1373 eos
711 1318 882 1372 relata
920 1328 1006 1373 est
1040 1318 1291 1387 quaaStio,
1326 1318 1420 1388 qui
1472 1318 1646 1389 legem
1687 1333 1889 1388 posue-

304 1421 451 1473 runt,
483 1411 760 1465 solventes
790 1410 1150 1480 quaestionem
1180 1412 1341 1479 hanc,
1395 1421 1453 1467 et
1506 1412 1836 1469 deﬁnientes
1871 1431 1885 1469 :

306 1503 483 1557 Visum
512 1512 587 1557 est
614 1520 736 1573 ergo
765 1501 988 1573 Spiritui
1014 1515 1196 1558 sancto
1234 1515 1282 1559 et
1306 1507 1471 1569 nobis,
1503 1506 1637 1560 nihil
1661 1506 1891 1575 amplius

300 1594 569 1662 imponere
620 1593 760 1646 vobis
813 1594 1005 1657 oneris,
1039 1610 1202 1664 quam
1252 1603 1309 1648 ut
1354 1595 1664 1649 abstineatis
1706 1612 1795 1649 vos
1824 1596 1889 1649 ab

301 1685 593 1739 immolatis
645 1685 1077 1752 simulacrorum,
1115 1696 1165 1739 et
1209 1686 1486 1757 sanguine,
1520 1694 1568 1740 et
1618 1687 1887 1756 suﬂ'ocato,

299 1788 351 1832 et
379 1777 728 1850 fornicatione
749 1779 815 1832 ι’.
858 1779 1155 1848 Propterea
1181 1778 1499 1850 sanguinem
1524 1779 1743 1848 quidem
1765 1794 1892 1849 pro-

300 1871 420 1942 prie
449 1872 825 1939 homicidium,
850 1887 1072 1927 omnem
1112 1880 1294 1927 autem
1350 1873 1693 1942 sanguinem,
1726 1888 1891 1928 omne

1444 460 1523 519 IN
1562 454 2000 518 LEVl'I‘lCUM.
2043 478 2107 489 ν-
2141 453 2288 512 LIB.
2327 453 2394 514 v.
2456 438 2460 442 ‘

3437 443 3576 511 1006
3622 464 3633 473 '

1986 569 2081 631 cit,
2109 569 2301 623 Anima
2334 568 2513 623 oninis
2554 567 2735 622 carnis
2764 568 2817 621 in
2849 566 3113 637 sanguine
3158 565 3279 633 ejus
3318 572 3422 626 est,
3454 566 3578 618 nul-

1988 662 2202 715 latenus
2227 660 2587 716 substantiam
2615 660 2812 715 animae
2838 660 3158 731 sanguinem
3182 659 3574 728 intelligamus,
3586 696 3620 767 ἰ
3649 738 3655 753 .

1990 754 2085 807 sed
2120 757 2246 823 quia
2280 754 2600 809 societatem
2632 770 2758 808 cum
2782 770 2946 809 carne
2973 770 3071 823 per
3118 754 3437 825 sanguinem
3477 754 3616 842 Ιιεικξ
3651 788 3658 811 ς

1989 846 2101 910 bet,
2139 857 2193 899 et
2223 848 2442 915 quando
2472 847 2580 902 hoc
2612 856 2934 908 evacuatum
2962 849 3147 913 fuerit,
3181 859 3275 903 aut
3307 849 3603 919 frigucrit,‘

1992 946 2123 992 tunc
2151 954 2181 992 a
2207 954 2370 994 carne
2399 941 2716 997 dissolvitur
2759 943 2837 997 sic
2860 941 3120 998 Creatore
3177 954 3431 1000 naturam
3479 960 3582 998 no-

1993 1040 2162 1085 stram
2193 1033 2539 1102 disponente.
2581 1034 2718 1099 Quia
2768 1049 2898 1106 ergo
2947 1036 3199 1093 Christus
3256 1040 3579 1109 sanguinem

1991 1136 2151 1175 suum
2182 1122 2249 1176 ad
2274 1123 2636 1192 expiationem
2661 1127 2969 1181 animarum
3026 1138 3341 1184 nostrarum
3400 1132 3578 1194 dedit.

1992 1223 2052 1269 ut
2080 1214 2149 1269 ab
2180 1218 2327 1270 omni
2356 1232 2456 1271 nos
2481 1218 2797 1283 homicidio,
2819 1222 3078 1292 omnique
3107 1224 3211 1278 alia
3262 1224 3577 1296 iniquitate,

1989 1322 2110 1375 qum
2138 1307 2434 1363 homicidio
2451 1311 2699 1379 proxima
2728 1320 2833 1378 est,
2885 1314 3281 1372 abstineamus.
3320 1320 3581 1374 Commu—

1991 1398 2078 1452 nis
2102 1399 2252 1453 enim
2286 1400 2372 1454 lex
2406 1410 2510 1468 est,
2534 1411 2588 1456 et
2616 1405 3031 1460 contra'omnes
3055 1410 3388 1465 extenditur.

2064 1490 2224 1547 Vens.
2271 1493 2356 1558 l5,
2393 1494 2479 1547 14.
2519 1513 2536 1544 ι
2574 1494 2748 1550 ΙΙυιηο
2770 1497 3085 1567 quicunque
3120 1501 3188 1554 dc
3221 1503 3345 1557 ﬁliis
3391 1503 3587 1567 Israel,“

1992 1594 2046 1639 ct
2075 1585 2142 1639 de
2166 1585 2394 1641 advenis
2420 1588 2512 1657 qui
2538 1589 2962 1659 peregrinantur
2990 1594 3135 1661 apud
3164 1610 3280 1660 vos,
3319 1596 3364 1650 si
3415 1612 3585 1651 vena-

1943 1678 1946 1681 ’
1995 1674 2142 1728 tione
2190 1685 2355 1746 atque
2380 1679 2613 1747 aucupio
2635 1680 2846 1748 ceperit
2875 1680 3046 1736 feram
3074 1684 3158 1739 vel
3178 1700 3359 1751 avem,
3386 1689 3587 1757 quibus

1991 1768 2137 1822 vesci
2173 1769 2378 1823 licitum
2404 1779 2506 1835 est,
2539 1772 2729 1827 fundat
2751 1774 3072 1845 sanguinem
3106 1778 3246 1847 ejus,
3280 1788 3334 1833 et
3377 1782 3590 1856 Opi-ria}

1995 1860 2146 1915 illum
2183 1871 2323 1916 terra
2354 1879 2366 1916 :
2403 1865 2582 1919 anima
2614 1867 2759 1920 enim
2802 1869 2983 1923 omnis
3008 1872 3190 1927 carnis
3233 1874 3289 1928 in
3320 1877 3588 1946 sanguine

297 1961 607 2017 fraternum
628 1964 814 2018 odium
841 1964 1222 2035 intelligamus,
1254 1965 1380 2034 quia
1412 1966 1502 2036 qui
1527 1967 1635 2019 οιίὶι
1671 1968 1892 2035 fratrem
1928 1943 1968 2001 Β
1997 1964 2102 2009 est.
2156 1955 2312 2011 Unde
2369 1957 2480 2012 dixi
2534 1958 2662 2013 ﬁliis
2709 1960 2911 2015 Israel:
2946 1961 3278 2035 Sanguinem
3318 1943 3590 2025 universa:

297 2067 477 2120 suum,
524 2053 790 2109 homicida
819 2064 897 2107 est
923 2055 987 2119 ιδ,
1020 2054 1163 2109 sicut
1213 2054 1454 2110 Joannes
1477 2056 1715 2126 scripsit.
1754 2056 1892 2111 Dicit

295 2157 433 2214 ergo
485 2159 704 2199 omnem
755 2144 1118 2217 sanguinem,
1171 2146 1496 2217 injustitiam
1554 2147 1889 2201 dolosorum.

303 2234 489 2289 Virum
549 2237 688 2290 enim
739 2238 1059 2308 sanguinum
1116 2248 1164 2292 et
1217 2239 1453 2293 dolosam
1505 2240 1896 2293 abominabitur

296 2326 561 2382 Dominus
613 2329 699 2382 ‘7:
757 2337 815 2384 et
855 2346 1200 2401 quaecunque
1268 2332 1640 2402 proximorum
1693 2343 1897 2388 nocent

299 2420 453 2486 vitas,
484 2436 582 2491 per
616 2421 846 2477 insidias
869 2424 1168 2493 quaslibet,
1196 2424 1270 2478 ita
1302 2433 1362 2478 ut
1409 2425 1709 2481 homicidio
1765 2442 1895 2480 san-

295 2515 491 2586 guinis
506 2526 913 2586 comparentur.
944 2518 1010 2572 Et
1044 2526 1335 2588 propterea
1363 2524 1432 2574 ab
1451 2520 1601 2574 omni
1632 2522 1897 2591 sanguine

296 2606 573 2662 abstineri
595 2617 836 2678 oportet,
868 2610 1107 2666 scientes
1137 2611 1265 2681 quia
1310 2627 1478 2682 super
1507 2613 1746 2667 animam
1775 2629 1898 2683 quae

298 2701 472 2755 talem
502 2702 827 2771 sanguinem
852 2703 1170 2769 comedunt,
1200 2704 1269 2759 de
1301 2704 1502 2774 quibus
1533 2705 1752 2760 dicebat
1791 2706 1894 2761 Da-

294 2793 434 2849 vid:
462 2793 564 2858 Qui
585 2799 837 2849 devorant
861 2795 1060 2865 plebem
1092 2812 1265 2850 meam
1295 2797 1430 2850 sicut
1453 2814 1625 2851 escam
1655 2800 1810 2868 panis
1830 2800 1897 2866 ¹⁸,

294 2887 508 2943 faciem
532 2904 685 2943 suam
707 2888 964 2944 obﬁrmat
997 2889 1161 2955 Deus,
1185 2891 1439 2947 videlicet
1468 2892 1740 2947 Christus.
1780 2893 1901 2963 Ipse

296 2989 394 3037 est
423 2982 573 3035 enim
612 2982 791 3052 imago
826 2980 1020 3051 patris,
1054 2982 1180 3050 quia
1215 2982 1308 3051 qui
1352 2982 1486 3037 vidit
1518 2982 1736 3049 Filium,
1767 2982 1904 3038 vidit

295 3082 359 3129 et
388 3071 628 3127 Patrem.
664 3072 783 3143 Ipse
821 3073 989 3127 etiam
1015 3074 1181 3144 juilex
1219 3080 1336 3139 est,
1368 3081 1423 3127 et
1457 3074 1773 3129 necessarie
1804 3076 1805 3079 “
1833 3074 1901 3129 ad

295 3166 758 3221 comminandum
808 3166 896 3223 his
931 3169 1021 3237 qui
1071 3167 1341 3222 malorum
1396 3177 1526 3223 sunt
1564 3177 1901 3238 operatores,

292 3259 613 3328 dispertiunt
645 3258 887 3330 ponitur,
919 3261 1064 3330 quod
1094 3261 1438 3316 demonstrat
1471 3259 1638 3317 David
1660 3262 1855 3317 dicens
1886 3281 1899 3317 :
1934 3285 1976 3342 ο

309 3352 510 3409 Vultus
539 3362 719 3407 autem
747 3354 959 3407 Domini
1004 3371 1162 3424 super
1197 3356 1450 3426 facientes
1487 3355 1654 3419 mala,
1688 3365 1743 3410 ut
1781 3373 1901 3427 per-

299 3443 404 3497 dat
437 3443 504 3496 de
529 3452 672 3496 terra
707 3444 1020 3498 memoriam
1052 3461 1233 3498 eorum
1265 3446 1326 3499 ‘9.
1362 3446 1465 3499 Hic
1497 3447 1736 3499 animam
1769 3461 1900 3500 san-

299 3536 534 3608 guinem
590 3538 967 3592 comedentem
1030 3539 1210 3608 perdit
1254 3538 1323 3594 de
1379 3541 1587 3609 populo
1631 3541 1771 3610 ejus,
1830 3538 1901 3593 de

299 3630 590 3685 communi
617 3630 868 3686 videlicet
888 3630 1173 3686 hominum
1198 3646 1430 3702 genere;
1461 3632 1603 3687 hanc
1629 3633 1773 3687 enim
1797 3632 1905 3686 sic-

300 3732 371 3778 ut
402 3707 895 3779 immisericordem
926 3732 983 3778 et
1029 3724 1253 3793 impiam
1308 3738 1592 3795 separans,
1628 3740 1752 3779 cum
1786 3740 1903 3778 ma-

298 3813 477 3883 lignis
523 3815 856 3869 condemnat
902 3814 1263 3879 dazmonibus,
1292 3824 1349 3870 et
1396 3815 1453 3870 in
1509 3814 1905 3886 ignem'mittit

297 3917 603 3974 atternum,
627 3911 717 3981 qui
743 3918 968 3980 paratus
991 3917 1064 3963 est
1093 3909 1323 3969 diabolo,
1366 3920 1415 3963 et
1454 3910 1656 3979 angelis
1685 3910 1801 3980 ejus
1833 3910 1900 3963 ²⁰.

305 4004 525 4062 Deinde
569 4004 857 4059 insinuans
898 4013 1165 4074 quantum
1201 4021 1302 4061 nos
1328 4005 1592 4060 debemus
1641 4005 1902 4074 compari,

301 4106 367 4154 et
404 4097 793 4153 misericordes
834 4111 977 4159 esse,
1037 4097 1270 4151 invicem
1325 4098 1632 4168 diligentes,
1676 4104 1906 4167 propter

301 4204 440 4245 eum
462 4188 558 4258 qui
584 4196 788 4243 tantam
818 4188 1078 4257 pietatem
1110 4188 1164 4241 in
1192 4187 1350 4241 nobis
1370 4187 1630 4251 ostendit,
1664 4195 1724 4241 ut
1744 4202 1905 4242 suum

303 4278 639 4350 sanguinem
665 4277 921 4332 funderet
944 4278 1010 4331 ad
1058 4278 1503 4348 propitiationem
1548 4286 1816 4342 nostram,
1853 4286 1906 4330 et

305 4388 417 4443 pro
439 4371 647 4426 nostris
678 4371 967 4425 animabus
991 4370 1169 4436 daret,
1200 4372 1314 4424 ait:
1351 4368 1489 4435 Quia
1512 4370 1693 4424 anima
1740 4370 1909 4424 omnis

307 4466 498 4520 carnis
524 4465 585 4518 in
611 4465 869 4533 sanguine
891 4472 985 4528 est,
1014 4473 1063 4517 et
1096 4479 1190 4534 ego
1228 4463 1351 4517 dedi
1370 4463 1522 4517 illum
1547 4463 1709 4528 vobis,
1727 4474 1794 4537 .ut
1819 4480 1910 4517 su-

307 4573 409 4627 per
430 4556 611 4611 altare
638 4558 694 4610 in
715 4573 774 4611 eo
799 4557 1019 4626 expietis
1044 4572 1140 4626 pro
1164 4555 1444 4610 animabus
1472 4556 1656 4609 vestris
1683 4557 1749 4610 ".
1794 4554 1909 4626 My-

1999 2048 2179 2101 carnis
2199 2063 2309 2103 non
2344 2051 2662 2116 comedetis,
2690 2055 2819 2122 quia
2867 2056 3050 2110 anima
3105 2060 3287 2116 carnis
3344 2061 3400 2115 in
3460 2079 3592 2117 san-

1998 2143 2163 2212 guine
2220 2152 2320 2197 est.
2377 2143 2442 2198 Et
2482 2145 2793 2217 quicunque
2837 2148 2987 2203 illum
3039 2154 3374 2221 comederit,
3420 2157 3593 2214 inter-

2006 2233 2124 2289 ibit.
2157 2252 2176 2285 ι

2074 2325 2298 2381 Multum
2335 2344 2480 2384 cura:
2535 2339 2617 2384 est
2655 2332 2767 2385 Deo
2801 2342 2861 2387 ut
2898 2334 3221 2391 alterutrum
3269 2339 3430 2394 nobis
3486 2341 3593 2395 mi-

2000 2419 2148 2473 nime
2211 2436 2523 2477 noceamus.
2562 2424 2854 2494 Propterea
2898 2430 3230 2497 percutienti
3292 2433 3589 2498 maxillam,

2001 2511 2144 2576 cedi,
2176 2520 2231 2566 ct
2258 2528 2367 2566 non
2398 2529 2520 2567 cum
2552 2517 2844 2585 eojudicio
2899 2521 3258 2587 contendere,
3312 2522 3595 2579 similiter‘

2001 2618 2108 2672 que
2138 2612 2191 2656 et
2218 2604 2285 2657 de
2311 2618 2379 2658 eo
2408 2605 2498 2674 qui
2532 2606 2712 2662 aufert
2742 2609 2902 2663 nobis
2942 2611 3164 2679 pallium
3190 2612 3350 2671 Jesus
3385 2632 3591 2686 praece-

2004 2696 2125 2767 pit:
2161 2705 2221 2750 ut
2270 2713 2341 2753 ne
2400 2700 2621 2768 quidem
2651 2716 2718 2755 ex
2765 2704 3120 2759 contentione
3167 2707 3236 2760 ad
3284 2709 3593 2763 nocendum

2003 2788 2253 2857 proximo
2305 2806 2687 2860 provocemur,
2714 2794 2809 2847 sed
2845 2793 2955 2848 imo
2984 2803 3044 2849 ut
3070 2811 3198 2850 eum
3246 2798 3337 2867 qui
3393 2800 3599 2870 injuste

2004 2890 2194 2935 contra
2225 2898 2326 2937 nos
2358 2884 2488 2954 agit,
2527 2900 2625 2954 per
2670 2895 2912 2941 nostram
2978 2890 3296 2959 patientiam
3353 2895 3598 2965 corriga-

1980 2976 2150 3028 mus.
2190 2974 2338 3029 Nihil
2366 2990 2497 3047 ergo
2544 2978 2800 3049 amplius,
2831 2996 2994 3049 quam
3045 2981 3332 3051 injustitia,
3375 2995 3429 3041 et
3467 3002 3599 3042 ava-

2006 3066 2129 3121 ritia
2154 3109 2168 3133 ,
2210 3076 2263 3122 et
2304 3068 2578 3123 alternum
2616 3071 2801 3126 odium
2847 3082 3090 3128 coarctat
3126 3077 3294 3149 vitam
3330 3087 3597 3135 nostram.

2008 3156 2089 3211 Ad
2128 3157 2233 3213 hoc
2286 3158 2581 3215 intendens
2616 3162 2912 3234 legislator,
2965 3170 3251 3239 sanguinis
3284 3173 3601 3229 mandatum

2009 3262 2120 3301 non
2149 3248 2350 3305 frustra
2377 3252 2780 3323 recapitulavit,
2812 3257 2908 3312 sed
2943 3259 3071 3328 quia
3118 3262 3341 3330 quidam
3393 3261 3606 3321 lraudi-

2010 3339 2113 3394 bus
2144 3340 2494 3410 quibusdam,
2520 3352 2575 3399 et
2603 3347 3126 3417 machinationibus,
3156 3353 3433 3425 variisque
3462 3357 3606 3413 dolis

2008 3446 2212 3486 nocere
2242 3435 2618 3503 popularibus,
2652 3440 2805 3507 quasi
2850 3440 3167 3511 ignorantes
3219 3446 3419 3515 solent,
3456 3450 3606 3519 peri-

2010 3540 2162 3580 mere
2189 3527 2355 3581 etiam
2408 3524 2724 3600 hujusmodi
2784 3535 3068 3591 molimina
3129 3542 3435 3609 perspexit.
3466 3542 3604 3598 Nam

2011 3616 2135 3671 vide
2157 3619 2286 3688 quid
2309 3623 2622 3693 praecipiat.

2081 3711 2142 3767 Si
2170 3717 2446 3770 uenatione
2475 3726 2637 3789 atque
2663 3724 2891 3793 aucupio
2915 3726 3109 3793 ceperit
3136 3727 3326 3798 feram,
3346 3730 3430 3783 uel
3457 3747 3609 3785 avem

2012 3801 2200 3872 quibus
2243 3806 2378 3858 vesci
2428 3805 2632 3861 licitum
2673 3818 2771 3871 est,
2821 3812 3011 3883 fundat
3041 3817 3357 3885 sanguinem
3387 3818 3524 3887 ejus,
3557 3829 3610 3873 et

2014 3897 2219 3964 aperiat
2245 3895 2398 3950 illum
2432 3906 2597 3952 terra.
2638 3898 2794 3966 Quod
2833 3903 3051 3959 venatio
3096 3906 3333 3962 maxime
3381 3908 3611 3978 injusti-

2015 3984 2169 4047 tiam,
2202 3985 2531 4056 iniustitiam
2584 3998 2768 4044 autem
2810 4008 2919 4046 non
2987 3996 3307 4062 quamlibet,
3368 3999 3463 4053 sed
3487 4016 3610 4056 eam

2013 4091 2135 4146 qua:
2148 4078 2215 4132 ad
2234 4079 2552 4150 sanguinem
2568 4082 2766 4149 tendit,
2783 4084 3057 4155 vitamque
3076 4085 3189 4155 ipsa
3199 4090 3613 4159 mquodammo-

2015 4168 2086 4223 do
2111 4184 2211 4239 per
2223 4170 2409 4225 dolum
2428 4171 2785 4245 fraudemque
2816 4176 3083 4245 injustitia
3109 4181 3370 4249 patientis
3383 4194 3563 4251 nocet,
3581 4202 3613 4240 a

2018 4262 2201 4317 divina
2241 4262 2528 4335 Scriptura
2542 4267 2712 4338 accipi
2738 4270 2934 4338 soleat,
2960 4272 3084 4328 audi
3108 4271 3276 4328 David
3294 4275 3567 4332 dicentem
3594 4302 3609 4335 ς

2017 4353 2319 4420 Captabunt
2356 4358 2410 4412 in
2465 4360 2704 4414 animam
2736 4361 2895 4431 justi,
2928 4373 2976 4416 et
3014 4368 3328 4431 sanguinem
3359 4369 3615 4425 innocen-

2020 4456 2122 4501 tem
2151 4451 2571 4505 condcmnabunt
2593 4454 2659 4506 ”.
2688 4453 2757 4508 Et
2782 4470 3008 4511 rursus:
3046 4458 3241 4512 Anima
3266 4474 3444 4515 nostra
3478 4463 3615 4518 sicut

2018 4558 2208 4612 passer
2277 4554 2459 4615 erepta
2508 4556 2584 4600 est
2628 4548 2693 4602 de
2725 4548 2909 4619 laqueo
2954 4553 3262 4606 venantium
3285 4555 3349 4608 “.
3401 4553 3457 4610 Si
3491 4558 3617 4627 quis

308 4651 520 4705 sticum
540 4647 746 4703 Christi
775 4648 1100 4719 sanguinem
1153 4647 1504 4719 signiﬁcans;
1531 4647 1754 4716 sanguis
1785 4662 1915 4718 ergo
1946 4646 1992 4701 D
2020 4649 2151 4706 ετεο
2191 4638 2537 4692 venationem
2577 4641 2829 4710 εοεβετίιν
2862 4643 2917 4697 id
2948 4651 3033 4697 εει
3060 4655 3380 4713 Peccantem
3414 4648 3619 4704 Viderit

311 4742 497 4812 ipsius
533 4756 634 4810 pro
683 4741 884 4796 animae
909 4741 1130 4811 piaculo
1154 4742 1284 4796 erit.
1314 4741 1553 4813 Sanguis
1617 4759 1786 4814 super
1834 4743 1917 4797 al-

313 4839 439 4884 tare
467 4828 540 4883 ad
568 4828 940 4898 expiationem
969 4830 1280 4885 animarum
1311 4840 1648 4899 nostrarum,
1673 4848 1771 4902 pro
1795 4833 1916 4886 ani~

314 4937 411 4977 ma
442 4922 692 4991 expians,
722 4921 811 4975 hic
860 4931 945 4976 est
971 4938 1136 4992 quem
1157 4924 1350 4979 eﬂ'udit
1379 4940 1481 4994 pro
1518 4925 1682 4979 nobis
1733 4925 1918 4979 cruci-

314 5014 491 5074 ﬁxus,
524 5022 581 5070 et
632 5014 1026 5083 expiationem,
1061 5014 1178 5070 sive
1220 5015 1665 5086 propitiationem
1727 5017 1917 5087 generi

320 5107 573 5162 humano
600 5106 875 5175 praestitit,
899 5106 1171 5176 primitias
1197 5108 1457 5174 oli'erens,
1502 5119 1730 5180 propter
1773 5109 1919 5179 quod

305 5206 480 5252 "recte
517 5196 656 5250 dicit
685 5216 698 5252 :

402 5288 474 5345 Et
511 5291 729 5360 sanguis
747 5305 843 5359 pro
874 5291 1071 5346 animae
1099 5291 1309 5359 piaculo
1361 5293 1452 5346 sit.
1517 5292 1715 5347 Anima
1772 5292 1920 5348 enim

321 5383 473 5452 ejus,
508 5383 750 5452 primum
777 5382 1000 5452 quidem
1029 5400 1152 5454 quae
1177 5385 1246 5440 ab
1277 5401 1343 5440 eo
1401 5386 1690 5457 plasmata,
1720 5387 1921 5444 deinde

322 5472 461 5542 quia
513 5482 721 5528 nostra:
761 5489 884 5528 eam
929 5476 1456 5533 consubstantialem
1512 5479 1734 5541 animae.
1797 5495 1921 5534 cum

322 5565 724 5622 incarnaretur
775 5568 1008 5636 accepit,
1042 5576 1102 5623 ut
1152 5569 1270 5638 ipse
1322 5586 1422 5640 pro
1452 5571 1614 5626 nobis
1671 5571 1929 5626 redderet

321 5673 501 5730 quam
527 5673 631 5712 nos
653 5657 991 5714 debebamus
1016 5671 1270 5715 mortem.
1297 5663 1565 5726 Quoniam
1601 5672 1784 5717 autem
1842 5663 1929 5718 di-

412 5865 459 5896 ¹³
499 5862 623 5917 Act.
658 5879 745 5925 xv.
789 5864 878 5919 28.
960 5866 1002 5897 ¹⁸
1035 5867 1052 5918 1
1087 5865 1246 5922 Joan.
1279 5883 1335 5933 ll,
1378 5870 1429 5922 ll
1462 5877 1517 5925 et
1540 5885 1621 5934 ιιι,
1650 5869 1737 5923 15.

1816 5869 1858 5900 ¹⁷
1879 5869 2023 5923 Psal.
2046 5884 2154 5930 Ltv,
2187 5867 2278 5922 ‘2‘.

2022 4739 2148 4778 cum
2190 4727 2284 4795 qui
2320 4728 2601 4782 venationi
2632 4745 2697 4782 ex
2738 4729 3059 4786 inﬁrmitate
3106 4733 3192 4787 vel
3242 4748 3309 4789 ex
3348 4735 3618 4806 simplici-

2025 4827 2136 4874 tate
2197 4822 2481 4891 expositus
2536 4832 2641 4889 cst,
2695 4825 2845 4877 hunc
2882 4825 3118 4881 dicimus
3170 4843 3294 4883 esse
3342 4845 3459 4883 rem
3494 4846 3619 4900 quae

2025 4914 2262 4983 capitur.
2312 4915 2545 4986 Propter
2569 4918 2716 4987 quod
2744 4918 2881 4973 dixit
2916 4941 2928 4975 :
2961 4905 3156 4975 Ferant
3181 4921 3263 4977 vel
3290 4940 3461 4989 avem,
3493 4925 3620 4995 qui-

2029 5005 2124 5060 bus
2159 5008 2297 5061 vesci
2342 5008 2548 5062 licitum
2599 5020 2697 5064 est.
2730 5009 2835 5064 Per
2882 5011 3077 5081 feram,
3118 5014 3187 5070 de
3231 5015 3396 5086 vulgo
3421 5030 3619 5083 quem-

2028 5100 2175 5169 piam
2228 5101 2503 5156 camalem
2538 5110 2749 5157 tantum
2797 5112 2854 5159 et
2878 5105 3228 5175 pastionibus
3256 5107 3618 5163 incubantem

2026 5193 2362 5265 signiﬁcans,
2398 5207 2787 5266 expertemque
2818 5197 3259 5254 commistionem
3303 5214 3617 5255 causarum.

2027 5285 2130 5341 Per
2173 5303 2331 5343 avem
2375 5297 2582 5358 autem,
2611 5304 2737 5345 eum
2782 5291 2875 5359 qui
2916 5305 2945 5344 a
2978 5292 3212 5347 terrenis
3258 5292 3618 5361 semetipsum

2030 5391 2275 5453 removet
2303 5381 2487 5436 rebus.
2522 5382 2845 5453 Huiusmodi
2880 5384 3026 5438 enim
3054 5383 3308 5440 homines
3338 5400 3368 5438 a
3414 5384 3624 5440 violen-

2030 5473 2099 5527 tis
2136 5481 2192 5527 et
2226 5473 2430 5540 avaris,
2476 5474 2535 5529 in
2562 5475 2744 5529 causis
2792 5474 3152 5555 smcularibus
3193 5483 3622 5542 consumuntur,

2039 5568 2127 5621 illa
2158 5569 2415 5623 videlicet
2459 5569 2757 5639 incongrua
2823 5568 3167 5639 malignaque
3196 5572 3625 5637 comessationc,

2038 5663 2103 5717 dc
2135 5677 2239 5732 qua
2289 5662 2491 5717 Paulus
2539 5662 2885 5731 prohibebat.
2918 5661 3145 5719 dicens:
3182 5661 3243 5719 Si
3291 5665 3362 5720 ad
3406 5665 3628 5721 inuicem

2358 5867 2401 5899 ¹⁸
2438 5867 2578 5921 Ρειιῖ.
2614 5883 2732 5933 xm,
2767 5871 2802 5926 4
2831 5875 2884 5922 et
2916 5883 3013 5939 ml,
3048 5866 3102 5921 ii.
3182 5867 3225 5901 "
3256 5865 3403 5939 Psal.
3431 5883 3628 5939 xxxut,

328 5935 429 5990 17.
512 5934 557 5964 ’τ’
586 5934 780 5988 Matth.
810 5951 934 6001 xxv,
970 5936 1057 5990 il.
1136 5939 1179 5968 "
1206 5939 1383 5993 chit.
1419 5957 1513 6007 vn,
1538 5940 1629 5994 ‘26.
1708 5940 1753 5971 ²²
1786 5939 1902 6025 Ψ

2011 5957 2062 6007 v,
2089 5940 2176 5994 79.
2251 5940 2301 5971 ³³
2329 5940 2476 5994 Psal.
2503 5955 2693 6006 xcvm,
2730 5939 2818 5994 Ἡ.
2896 5940 2943 5969 ’⁵
2969 5938 3112 5992 l’sal.
3141 5953 3342 6006 cxxm,
3375 5938 3432 5994 7.
