3992 6456
566 442 699 510 1007

1753 444 2112 504 IIESYCHII
2169 446 2649 506 PRESBYTERI

3662 450 3767 521 1008

558 556 848 619 comeditis,
900 555 1003 609 vidi
1019 562 1068 608 te
1100 570 1163 608 ne
1193 553 1259 607 ab
1287 552 1509 605 invicem
1556 552 2014 605 consumamini".
2047 553 2156 607 Aut
2184 561 2229 617 Α
2259 554 2621 623 pollutionum
2673 554 2941 610 sacriﬁcia
3009 554 3288 623 legislator
3338 571 3629 627 exponeret.
3679 569 3763 625 sed

559 664 620 707 ut
656 651 749 722 qui
799 650 949 720 prius
974 657 1132 702 erant
1155 647 1311 717 justi,
1343 645 1487 699 inter
1511 660 1576 698 ea
1614 644 1816 714 quibus
1844 644 1995 698 vesci
2020 645 2144 699 lici-

559 756 673 799 tum
726 752 831 802 est.
888 742 941 796 id
992 749 1077 795 est
1125 740 1268 793 inter
1317 738 1541 802 munda,
1588 748 1736 793 recte
1762 737 2141 792 nominantur.

563 834 942 888 Verumtamen
983 829 1030 883 si
1069 827 1192 896 quis
1238 824 1539 895 peccantis,
1586 827 1736 881 velut
1786 825 2018 880 inferius
2062 827 2146 895 ja-

554 926 752 987 centis,
788 933 841 978 et
879 918 1204 991 poenitentia
1248 918 1470 987 sepulti,
1516 916 1749 972 eﬁ‘undit
1792 917 2140 988 sanguinem,

554 1015 611 1071 id
635 1024 720 1070 est
750 1021 1034 1083 peccatum
1058 1009 1203 1080 quod
1228 1008 1492 1079 peccavit,
1523 1009 1756 1064 eﬁuudit
1775 1016 1960 1063 autem
1985 1008 2141 1075 illud,

553 1106 621 1160 ad
667 1101 1043 1173 operationem
1095 1099 1362 1154 accedens
1407 1108 1462 1153 et
1497 1098 1918 1162 confessionem,
1941 1113 2138 1168 quem-

551 1198 843 1255 admodum
913 1195 992 1249 ait
1040 1193 1256 1248 David:
1291 1192 1574 1262 Eﬂ‘uudam
1622 1193 1678 1245 in
1710 1204 1982 1261 conspectu
2026 1192 2141 1260 ejus

548 1292 838 1346 orationem
867 1303 1062 1351 meam,
1094 1286 1298 1355 aperiat
1321 1284 1455 1338 illud
1484 1285 1707 1338 terra“.
1736 1283 1963 1339 Peccata
1992 1284 2138 1339 enim

549 1382 931 1439 conﬁtentium
959 1390 1103 1434 terra
1132 1377 1334 1446 operit,
1367 1382 1557 1444 utpote
1584 1372 1815 1428 inferius
1841 1386 2140 1427 remanen-

550 1478 649 1541 tia,
687 1483 742 1529 et
790 1471 1115 1542 paenitentia
1164 1466 1507 1522 mortiﬁcata.
1561 1466 1629 1533 Et
1661 1479 1895 1534 quorum
1944 1464 2138 1533 prohi-

550 1570 699 1625 bitus
736 1575 823 1621 est
852 1566 1061 1619 clamor
1105 1563 1172 1615 ad
1214 1560 1384 1615 caelos
1415 1559 1736 1621 ascendere,
1773 1556 2135 1626 quenmdmo-

550 1663 682 1718 dum
718 1660 1081 1716 Sodomorum
1141 1654 1505 1709 ascendebat:
1536 1667 1640 1707 nec
1686 1651 1831 1706 enim
1885 1649 2137 1703 volebant

548 1754 926 1827 paenitentiam
998 1764 1179 1822 agere,
1247 1749 1318 1802 ita
1409 1755 1468 1800 ut
1542 1745 1684 1800 Deus
1758 1742 1827 1797 de
1884 1741 2017 1811 ipsis
2066 1742 2135 1796 ab

545 1848 823 1903 Abraham
892 1845 1101 1899 diceret
1152 1858 1165 1895 :
1212 1839 1563 1901 Descendam,
1634 1846 1682 1890 et
1730 1834 1909 1888 videbo
1955 1842 2132 1886 utrum

2251 645 2361 699 illic
2394 646 2638 714 quidem,
2670 662 2796 701 eum
2840 650 2933 716 qui
2976 647 3156 718 tetigit
3199 648 3501 715 morticina,
3543 658 3766 713 autabe-

2247 737 2373 791 stiis
2416 747 2596 807 capta,
2635 739 2687 793 id
2731 750 2836 804 est,
2887 740 2983 809 qui
3038 741 3475 805 communicavit,
3504 745 3605 799 sive
3633 752 3767 813 parti-

2246 841 2377 896 ceps
2429 827 2534 881 luit
2570 844 2695 883 cum
2755 828 2839 882 his
2884 830 2978 897 qui
3012 830 3260 898 praedicti
3304 840 3448 896 sunt,
3499 833 3659 890 dicit:
3703 838 3772 894 hic

2243 928 2429 973 autem
2456 934 2581 973 eum
2620 921 2715 989 qui
2742 922 3004 986 comedit,
3044 920 3297 975 videlicet
3334 922 3424 991 qui
3461 931 3616 979 totqu
3656 927 3770 984 illius

2244 1010 2527 1081 peccatum
2558 1026 2717 1065 suum
2743 1012 3026 1082 proprium
3059 1012 3207 1079 iecit,
3241 1017 3771 1088 suamque‘malignam

2243 1102 2609 1156 intentionem
2649 1102 2887 1171 explevit
2915 1118 2984 1157 ex
3016 1104 3156 1158 malo
3207 1104 3353 1173 quod
3400 1105 3487 1160 ille
3527 1111 3773 1165 commisit.

2243 1195 2384 1248 sicut
2408 1194 2633 1250 fuerunt
2662 1179 2850 1249 Anua's
2872 1204 2928 1250 et
2955 1195 3217 1265 Caiphae,
3247 1198 3340 1264 qui
3363 1211 3470 1250 non
3495 1198 3767 1268 simpliciter

2239 1286 2399 1341 Iuda:
2433 1288 2728 1359 participes
2757 1295 2889 1342 sunt
2933 1288 3261 1358 proditionis
3317 1288 3514 1355 ell‘ecti,
3546 1292 3634 1362 ipsi
3652 1296 3768 1350 enim

2240 1392 2491 1437 ementes
2567 1381 2897 1452 proditionis
2949 1382 3031 1437 eis
3097 1382 3368 1436 dederunt
3410 1384 3694 1451 pecuniam,
3734 1398 3779 1442 et

2238 1474 2367 1530 olim
2407 1475 2736 1542 esurientes,
2786 1475 2873 1529 vel
2903 1474 3282 1529 desiderantes
3312 1484 3536 1528 mortem
3574 1476 3769 1543 Domini,

2238 1568 2305 1622 ad
2336 1569 2664 1637 pascendam
2696 1567 3123 1622 nutriendamve
3166 1581 3323 1621 suam
3371 1566 3718 1626 intentionem.
3739 1581 3781 1624 et

2237 1663 2307 1717 ad
2333 1661 2783 1717 satisfaciendum
2814 1661 3112 1725 desiderio,
3162 1674 3260 1728 per
3299 1659 3497 1714 Iudam
3524 1662 3778 1729 prtevalue-

2237 1765 2405 1809 runt:
2458 1753 2774 1824 hujusmudi
2810 1753 3102 1808 comedere
3150 1751 3465 1819 morticina,
3496 1761 3597 1806 eta
3621 1752 3778 1809 bestiis

2237 1854 2391 1914 capta
2437 1845 2718 1900 dicuntur.
2765 1842 2869 1908 Qui
2920 1857 3148 1897 necesse
3186 1841 3398 1896 habent
3439 1842 3615 1897 lavare
3639 1844 3777 1897 vesti-

545 1938 831 1992 clamorem
884 1934 973 2004 qui
1016 1931 1153 1985 venit
1200 1931 1270 1983 ad
1304 1945 1386 1983 me
1418 1944 1570 1996 opere
1618 1923 2017 1994 compleverunt,
2061 1938 2132 1975 an
2165 1928 2205 1982 Β
2234 1941 2416 1988 meum
2466 1948 2585 1997 sua,
2624 1940 2683 1986 ει
2729 1948 2975 2001 corpus;
3035 1932 3177 1986 lava;
3210 1940 3400 1986 autem
3428 1941 3624 1987 vestem
3655 1948 3776 1987 suam

548 2046 652 2083 non
695 2039 768 2083 est
800 2029 896 2091 ita,
931 2036 989 2078 ut
1025 2023 1273 2078 scium".
1314 2020 1423 2075 Sed
1456 2028 1513 2074 et
1552 2018 1656 2074 Job
1696 2017 1810 2072 sive
1832 2032 1862 2070 a
1885 2015 2127 2081 diabolo,

545 2125 660 2179 sive
714 2133 820 2176 tam
851 2121 1021 2182 illam,
1058 2118 1175 2173 sive
1203 2117 1272 2171 ab
1306 2115 1390 2169 bis
1419 2113 1512 2183 qui
1540 2109 1925 2181 exprobrando
1957 2108 2008 2163 ei
2042 2108 2128 2162 in-

542 2211 807 2283 gerebant
834 2206 1200 2276 iniquitatern,
1245 2218 1356 2256 non
1386 2201 1559 2255 latere
1591 2199 1907 2260 Dominum,
1947 2197 1998 2250 id
2046 2204 2132 2251 est

541 2319 652 2357 non
707 2300 912 2370 despici
966 2298 1035 2352 ab
1096 2313 1182 2359 co,
1235 2310 1403 2350 orans
1463 2289 1991 2353 clamabat:Terra,
2026 2304 2130 2340 non

541 2397 829 2450 abscondas
861 2392 1171 2461 sanguinem
1219 2378 1413 2447 meum,
1475 2400 1641 2455 neque
1690 2383 1924 2437 inveniat
1958 2381 2129 2435 locum

537 2492 670 2543 inte
707 2486 905 2541 latendi
938 2484 1139 2538 clamor
1166 2498 1308 2535 meus
1329 2480 1392 2533 ⁸⁸.
1434 2478 1493 2533 Id
1523 2485 1628 2542 est,
1664 2491 1775 2530 non
1807 2474 2130 2529 cohibeatur

538 2582 684 2645 loco,
710 2580 804 2634 sed
836 2579 904 2632 ad
930 2578 1100 2631 Deum
1134 2573 1417 2628 ascendat.
1446 2571 1676 2639 Propter
1707 2568 1853 2637 quod
1876 2566 2086 2620 addidit
2112 2582 2125 2618 :

538 2674 676 2728 Ecce
727 2688 865 2726 nunc
918 2672 974 2723 in
1023 2668 1151 2721 creto
1201 2666 1345 2720 testis
1405 2679 1571 2727 meus,
1615 2671 1663 2715 et
1708 2660 1944 2713 conscius
1984 2673 2127 2712 orcus

540 2769 598 2820 in
623 2765 839 2820 excelsis
859 2764 945 2817 ’3‘.
968 2760 1284 2816 Secundum
1313 2758 1456 2811 hanc
1478 2770 1608 2823 ergo
1632 2752 2013 2815 intentionem,
2046 2748 2126 2802 le-

540 2858 763 2928 gislator
790 2871 853 2909 ea
875 2868 994 2923 quae
1021 2853 1163 2906 dicta
1189 2857 1317 2903 sunt
1343 2861 1574 2915 ponens,
1594 2842 1803 2897 addidit
1829 2856 1844 2894 :

612 2949 803 3003 Anima
833 2947 970 2998 enim
1017 2942 1184 2997 omnis
1214 2938 1391 2992 carnis
1419 2938 1473 2989 in
1503 2935 1758 3006 sanguine
1788 2942 1882 2986 est.
1920 2929 2128 2985 Deinde

541 3043 731 3115 adﬁcit
760 3059 773 3095 :
811 3039 953 3095 Unde
1003 3036 1113 3089 dixi
1143 3034 1268 3104 ﬁliis
1310 3029 1502 3084 Israel.
1550 3030 1605 3083 ld
1633 3038 1716 3081 est
1746 3026 1870 3081 dic:
1898 3023 1975 3077 De
2003 3040 2129 3077 san-

540 3133 697 3204 guine
744 3129 1001 3183 universa:
1063 3124 1241 3177 carnis
1285 3137 1390 3175 non
1440 3118 1717 3172 comedetis
1765 3116 1889 3185 quia
1942 3113 2125 3167 anima

539 3225 717 3279 curuis
741 3223 795 3276 in
828 3219 1087 3291 sanguine
1123 3226 1238 3279 est,
1281 3222 1600 3269 contestans
1631 3211 1698 3263 ab
1738 3207 1887 3263 omni
1924 3204 2125 3276 iniqui-

2232 2036 2287 2082 et
2339 2039 2561 2094 corpus,
2603 2026 2696 2092 qui
2733 2025 2962 2078 mundat
3005 2024 3366 2092 semetipsum
3411 2033 3603 2089 totum,
3655 2025 3703 2078 id
3722 2031 3783 2079 est

2230 2118 2548 2173 interiorem
2613 2127 3052 2186 exterioremque
3109 2124 3272 2171 suum
3317 2116 3629 2178 hominem,
3675 2116 3772 2186 quia

2228 2211 2373 2265 intra
2403 2212 2726 2266 vestimenta
2757 2226 2957 2280 corpus
2992 2217 3103 2277 est;
3133 2208 3277 2263 sicut
3323 2209 3473 2263 intra
3503 2209 3782 2263 exteriorem

2231 2303 2510 2357 hominem
2536 2306 2697 2356 homo
2719 2303 2812 2371 qui
2839 2302 3086 2355 interior.
3115 2299 3407 2365 Quomodo
3433 2311 3609 2354 autem
3639 2298 3784 2352 lavat?

2231 2393 2332 2449 I’er
2362 2395 2716 2464 baptismum,
2751 2405 2844 2448 aut
2874 2409 2972 2462 per
3001 2393 3405 2446 abundantiam
3439 2392 3780 2462 lacrymarum,

2230 2487 2561 2541 imitantium
2609 2502 2783 2555 aquas
2817 2484 3184 2554 baptismatis.
3217 2482 3328 2549 Qui
3370 2491 3556 2537 autem
3586 2482 3680 2536 hoc
3701 2496 3782 2534 non

2230 2581 2379 2645 facit,
2416 2580 2658 2650 portabit
2686 2578 3035 2648 iniquitatem
3065 2592 3244 2639 suam,
3288 2576 3696 2630 retributionem
3725 2572 3786 2627 vi-

2229 2674 2427 2728 delicet
2456 2672 2763 2741 injustilite.
2801 2670 2891 2725 Sic
2922 2669 3071 2723 enim
3100 2668 3349 2723 divinam
3395 2666 3716 2736 Scripturam
3743 2663 3784 2716 in

2230 2768 2467 2837 peccatis
2500 2765 2847 2835 potissimum
2882 2761 3179 2815 restituere
3199 2759 3463 2815 invenies
3485 2758 3785 2815 comminan-

2232 2871 2361 2925 tem,
2402 2861 2545 2913 unde
2580 2858 2837 2912 Ezechiel
2893 2856 3064 2909 Deum
3098 2855 3321 2909 induxit
3350 2855 3624 2909 dicentem
3650 2868 3662 2904 :
3688 2849 3781 2903 Non

2229 2963 2407 3023 parcet
2440 2951 2620 3005 oculus
2660 2967 2804 3004 meus
2833 2965 2989 3017 super
3021 2958 3089 3013 te,
3119 2956 3165 3001 et
3212 2964 3323 3001 non
3358 2946 3694 3008 miserebitur,
3724 2943 3790 2997 sed

2192 3078 2195 3079 ν
2228 3048 2342 3100 vias
2386 3056 2505 3097 tuas
2533 3058 2728 3113 ponam
2757 3058 2913 3109 super
2980 3051 3048 3103 te,
3077 3051 3127 3093 et
3172 3040 3604 3093 abominationes
3643 3047 3728 3091 tute
3750 3036 3789 3086 iu

2230 3136 2401 3191 medio
2458 3135 2537 3187 tui
2585 3114 2815 3188 erant”.
2850 3131 2956 3184 Sed
2988 3140 3044 3184 et
3086 3130 3256 3184 Isaias
3297 3131 3477 3185 dicit:
3510 3129 3791 3186 Sacerdotes,

2233 3229 2513 3299 loquimini
2559 3228 2629 3280 ad
2672 3242 2762 3279 cor
2796 3213 3119 3290 Jerusalem,
3159 3234 3208 3278 et
3242 3229 3513 3278 advocate
3542 3239 3672 3285 eam,
3696 3220 3791 3288 quia

540 3326 653 3374 tate
705 3315 991 3371 abstineri.
1028 3312 1361 3367 Contcstans
1387 3320 1569 3361 autem
1616 3319 1728 3357 non
1759 3314 2037 3372 exponere
2061 3313 2123 3352 ea
2156 3278 2197 3335 Ο
2231 3323 2487 3391 εοηιριεια
2520 3331 2594 3374 εει
2623 3322 2829 3375 malum
2856 3320 2991 3389 eius,
3022 3320 3249 3373 dimissa
3283 3326 3364 3372 εει
3388 3317 3641 3387 iniquum
3666 3312 3793 3367 ξιιίκε,

535 3432 660 3488 quas
692 3423 880 3470 contra
903 3411 1235 3466 voluntatem
1259 3404 1550 3460 commissa
1573 3410 1703 3455 sunt
1729 3398 1960 3452 fratrum
1993 3409 2122 3464 pec-

536 3519 680 3574 cata,
712 3508 808 3563 sed
834 3505 1048 3560 tradere
1097 3512 1256 3574 [erue
1302 3499 1423 3568 ejus
1452 3494 1546 3565 qui
1584 3500 1780 3562 captus
1809 3497 1915 3551 est,
1949 3488 2003 3541 id
2042 3493 2127 3539 est

537 3605 690 3659 visus
716 3600 1061 3671 sanguinem,
1086 3593 1469 3665 cooperientes
1526 3587 1661 3642 illud
1690 3584 1850 3642 venia
1886 3592 1941 3635 ct
1972 3595 2125 3635 com-

537 3687 1193 3766 passione.Sanguiuem
1242 3684 1386 3738 enim
1418 3679 1734 3740 comedens,
1788 3685 1842 3729 et
1887 3670 2122 3726 animam

536 3762 628 3857 qui
660 3784 905 3842 diffamat
934 3780 1189 3853 proximi,
1214 3782 1501 3847 peccatum
1531 3778 1678 3823 recte
1728 3774 1968 3836 putatur,
1998 3762 2124 3831 quia

537 3882 735 3936 animae
816 3893 964 3933 mors
1031 3885 1313 3946 peccatum
1372 3878 1456 3923 est
1507 3867 1592 3921 his
1644 3862 1738 3934 qui
1790 3854 1983 3915 volunt
2033 3855 2127 3910 lilii

536 3973 707 4030 Israel
736 3968 1027 4041 appellari,
1074 3966 1280 4035 ﬁliique
1310 3961 1403 4016 Dei
1450 3954 1799 4029 primogeniti
1832 3951 2036 4016 vocari,
2069 3957 2126 4001 et

532 4084 656 4138 qua:
683 4064 1023 4120 subiniertur
1050 4074 1266 4131 paruam
1295 4055 1535 4123 eﬁ‘ugere
1556 4069 1571 4118 ;
1595 4048 1836 4106 aitenim
1859 4063 1873 4099 :

610 4160 676 4213 Et
718 4158 1015 4228 quicunque
1059 4149 1338 4205 comederit
1380 4143 1535 4209 illud,
1564 4138 1820 4218 interibit.
1848 4136 1918 4190 Et
1942 4147 2123 4201 neque

535 4249 929 4312 sacerdotium,
952 4259 1133 4315 neque
1156 4243 1309 4306 lides,
1336 4252 1517 4309 neque
1538 4228 1920 4315 sanctiﬁcatio,
1942 4239 2124 4295 neque

535 4345 639 4399 alia
661 4343 840 4411 aliqua
865 4340 1055 4401 virtus,
1086 4343 1179 4389 aut
1199 4334 1455 4403 dignitas,
1480 4323 1845 4399 patrocinium
1874 4320 2123 4390 praebere

533 4434 629 4489 tali
679 4408 879 4503 potest,
916 4428 1172 4485 omnibus
1210 4426 1359 4479 enim
1414 4418 1740 4490 sanguinem
1780 4408 2123 4469 comedenti-

534 4524 661 4588 bus,
693 4520 975 4575 interitum
1006 4524 1091 4571 est
1116 4516 1376 4569 minatus.

2230 3414 2469 3484 Suscepit
2501 3416 2564 3467 de
2592 3430 2755 3468 manu
2782 3413 2992 3466 Domini
3019 3410 3255 3481 duplicia
3313 3426 3418 3478 pro
3448 3407 3680 3463 omnibus
3704 3418 3795 3474 pec-

2228 3508 2361 3560 catis
2385 3505 2575 3559 suis”.

2789 3595 3017 3652 CAPUT
3059 3592 3254 3650 XVIII.

2301 3711 2464 3767 Vens.
2498 3712 2613 3767 1-5.
2661 3729 2681 3762 ε
2726 3711 2796 3765 Ει
2831 3710 2971 3765 dixit
2999 3709 3274 3763 Dominus
3308 3707 3384 3762 ad
3439 3700 3801 3778 Moysenzbo-

2225 3821 2394 3875 quere
2438 3803 2565 3859 ﬁliis
2615 3803 2802 3868 Israel,
2834 3811 2891 3857 et
2942 3802 3095 3856 dices
3152 3800 3219 3854 ad
3253 3815 3399 3856 eos:
3436 3800 3552 3871 Ego
3583 3794 3800 3851 Dominus

2228 3899 2376 3953 Deus
2405 3907 2611 3952 vester.
2634 3896 2796 3951 Juxta
2812 3894 3278 3951 consuetudinem
3314 3903 3491 3949 terrae
3517 3888 3739 3962 Egypti,
3760 3883 3803 3936 in

2223 4005 2331 4060 qua
2380 3988 2687 4054 habitastis,
2733 4003 2844 4042 non
2876 3985 3111 4040 iacietis.
3146 3984 3315 4040 Juxta
3346 3998 3569 4038 morem
3601 3973 3801 4048 regionis

2224 4080 2509 4145 Chanaan,
2541 4079 2607 4132 ad
2643 4091 2809 4139 quam
2834 4091 2935 4146 ego
2965 4074 3401 4130 introducturus
3423 4088 3551 4128 sum
3578 4085 3691 4133 vos,
3714 4079 3800 4119 nou

2225 4172 2416 4242 agetis,
2448 4186 2553 4226 nec
2578 4170 2635 4225 in
2657 4170 2916 4242 legitimis
2946 4182 3136 4223 eorum
3168 4165 3572 4221 ambulabitis.
3608 4154 3805 4217 Facietis

2231 4263 2440 4334 judicia
2477 4276 2624 4328 mea,
2651 4270 2707 4317 et
2740 4267 3010 4331 praecepta
3045 4272 3168 4313 mea
3209 4257 3546 4322 servabitis,
3573 4264 3628 4308 et
3651 4249 3807 4306 ambu-

2227 4356 2410 4411 labitis
2436 4356 2493 4410 in
2544 4355 2643 4410 eis.
2681 4354 2794 4425 Ego
2827 4352 3094 4407 Dominus
3125 4351 3274 4405 Deus
3304 4360 3530 4404 vester.
3562 4340 3807 4401 Custodite

2226 4448 2373 4519 leges
2402 4462 2554 4502 meas
2590 4453 2753 4516 atque
2793 4443 3003 4515 judicia
3029 4460 3043 4496 :
3076 4456 3199 4511 quae
3227 4441 3458 4497 iaciens
3482 4441 3668 4502 homo,
3694 4432 3806 4487 vivet

2228 4556 2284 4596 In
2316 4556 2417 4596 CIS.
2460 4559 2480 4594 δ

604 4634 771 4690 vms’
822 4632 910 4696 ’δ’
938 4630 1027 4685 16·
1065 4649 1083 4681 ί
1128 4627 1326 4681 Anima
1368 4637 1493 4694 quae
1532 4616 1838 4675 comederit
1869 4612 2114 4670 m‘mm‘
2148 4620 2195 4678 Ῑ)
2292 4632 2566 4700 Quoniam
2602 4630 2772 4684 multa
2825 4629 2959 4693 illis,
3007 4636 3064 4683 et
3105 4625 3455 4682 diﬂ‘erenter
3489 4620 3734 4682 saucivil.
3757 4628 3811 4668 ηε

534 4743 690 4792 num,
729 4731 825 4780 aut
878 4730 1099 4792 captum
1126 4735 1157 4774 a
1188 4716 1382 4781 bestia,
1418 4722 1527 4768 tam
1557 4712 1626 4767 de
1655 4708 1927 4781 indigenis
1952 4720 2118 4777 quam

536 4820 606 4876 de
659 4817 924 4879 advenis,
977 4813 1179 4869 lavabit
1230 4816 1411 4865 vestes
1465 4819 1595 4861 suas
1645 4812 1704 4859 et
1755 4801 2118 4868 semetipsum

536 4926 699 4982 aqua,
749 4916 803 4963 et
837 4905 1241 4964 contaminatus
1266 4900 1371 4955 erit
1400 4912 1577 4967 usque
1619 4895 1690 4950 ad
1722 4906 2037 4963 vesperum,
2064 4896 2122 4944 et

538 4981 645 5058 hoc
678 5001 874 5057 ordine
906 4997 1145 5053 mundus
1170 4995 1286 5050 ﬁet.
1314 4991 1471 5058 Quod
1497 4990 1545 5045 si
1576 5004 1688 5044 non
1729 4986 1928 5042 laverit
1950 4981 2120 5040 vesti-

537 5104 725 5152 menta
752 5109 871 5159 sua,
902 5106 1008 5147 nec
1026 5103 1245 5159 corpus,
1278 5083 1520 5157 portabit
1545 5080 1891 5152 iniquitatem
1906 5089 2116 5131 suam.»

608 5188 958 5246 Morticinum
988 5200 1109 5240 esse
1148 5189 1516 5253 peccatorem,
1571 5183 1761 5245 utpote
1807 5170 1901 5241 qui
1925 5166 2123 5224 crude-

538 5284 644 5338 lem
698 5280 909 5352 peccati
961 5277 1198 5332 sustinet
1260 5280 1539 5334 mortem,
1602 5285 1634 5323 a
1687 5266 1884 5323 bestiis
1941 5271 2121 5317 autem

538 5386 777 5446 captum,
829 5387 939 5428 non
988 5379 1200 5425 tantum
1232 5364 1578 5436 simpliciter,
1611 5361 1708 5417 sed
1742 5359 1900 5414 valde
1928 5372 2123 5427 pecca-

2224 4729 2281 4783 in
2324 4724 2675 4781 multitudine
2721 4734 2914 4778 eorum
2951 4736 3075 4791 quas
3107 4721 3528 4776 sauciabantur
3588 4714 3813 4772 deﬁceret

2225 4819 2273 4874 is
2292 4819 2385 4887 qui
2416 4818 2590 4889 legem
2616 4816 2941 4886 accipiebat,
2978 4812 3360 4868 intentionem
3391 4809 3738 4882 simpliciter,
3769 4808 3814 4854 et

2226 4925 2341 4966 non
2370 4911 2427 4965 in
2458 4910 2617 4980 plura
2661 4908 3093 4977 discerpentem,
3117 4904 3376 4959 ostendit
3405 4922 3420 4958 :
3458 4903 3538 4957 ita
3580 4907 3643 4955 ut
3665 4895 3816 4952 sciens

2228 5004 2359 5076 quid
2408 5004 2480 5058 sit
2529 5004 2939 5073 corrigendum,
2999 5010 3055 5053 et
3103 4997 3169 5052 ad
3206 5011 3385 5066 quem
3445 4996 3616 5076 ﬁnem
3650 4985 3811 5046 tendat

2229 5070 2365 5162 legis
2417 5070 2749 5151 intellectus,
2797 5102 2912 5158 prae
2962 5084 3382 5156 multiplicitate
3438 5070 3815 5137 non'deﬁciat.

2234 5183 2390 5238 Sicut
2424 5181 2479 5235 hi
2506 5180 2598 5250 qui
2631 5194 2780 5233 mare
2805 5178 3089 5248 navigant,
3117 5177 3352 5246 quando
3379 5176 3455 5230 ad
3488 5175 3657 5229 ﬁnem
3688 5168 3815 5223 navi-

2230 5274 2327 5346 gii,
2358 5282 2413 5327 et
2441 5271 2509 5326 ad
2535 5269 2831 5325 terminum
2860 5282 3077 5327 cursus.
3095 5276 3150 5322 et
3173 5274 3412 5336 portum
3430 5265 3634 5320 oculos
3664 5267 3828 5314 exten-

2230 5368 2388 5432 dunt,
2434 5364 2595 5419 facile
2643 5361 3040 5430 longitudinem
3091 5357 3294 5429 pelagi,
3360 5368 3423 5412 et
3462 5358 3589 5412 sine
3628 5350 3820 5409 deiectu

2233 5464 2586 5531 percurrunt.
2645 5454 2979 5522 Praecipiens
3029 5468 3159 5523 ergo
3199 5467 3267 5505 ea
3338 5467 3475 5521 qute
3514 5462 3668 5503 nunc
3704 5442 3822 5497 dicta

2229 5560 2377 5612 sunt,
2406 5550 2518 5619 Ego
2546 5563 2663 5602 sum
2692 5544 2947 5598 Dominus
2976 5544 3115 5598 Deus
3135 5551 3335 5608 vester,
3365 5543 3579 5611 inquit,
3608 5544 3668 5591 ut
3693 5545 3826 5587 crea-

2233 5655 2406 5701 torem
2439 5652 2495 5697 et
2534 5641 2830 5697 Dominum
2874 5640 3151 5695 discentes
3186 5651 3324 5691 eum
3377 5633 3481 5704 qui
3537 5624 3823 5686 mundavil.

484 5447 491 5563 ξ
539 5480 741 5532 torem,
770 5467 825 5521 in
854 5474 1064 5521 tantum
1096 5471 1157 5518 ut
1200 5458 1421 5531 maligni
1460 5458 1515 5511 in
1558 5470 1625 5511 eo
1668 5462 1972 5523 operentur
2010 5451 2124 5505 dte-

483 5544 493 5641 ί
538 5575 750 5627 mones,
783 5560 923 5615 sicut
954 5557 1057 5612 fuit
1089 5555 1275 5614 Judas,
1303 5551 1395 5621 qui
1429 5549 1648 5604 diabolo
1696 5544 2036 5616 ingrediente
2067 5544 2120 5598 in

534 5656 703 5711 corde
743 5671 866 5719 suo,
915 5653 1196 5707 Christum
1231 5647 1452 5703 tradidit
1475 5688 1488 5705 .
1522 5645 1650 5699 olim
1680 5644 1942 5707 diximus,
1995 5657 2121 5696 cum

612 5853 655 5882 "
683 5852 875 5914 (ialm,
900 5853 980 5904 lii.
1062 5855 1106 5884 ³⁵
1138 5854 1279 5907 I’szrl.
1323 5868 1465 5914 ωειλ,
1503 5851 1553 5905 5.
1633 5850 1674 5880 ³⁷
1710 5848 1845 5902 Gen.
1878 5862 2032 5909 xvtri,
2055 5845 2115 5898 2|

2233 5844 2269 5872 "
2299 5843 2417 5897 Job.
2450 5858 2557 5903 im,
2598 5839 2678 5893 l9.
2758 5839 2825 5872 π’
2852 5839 2985 5893 ibid.
3016 5837 3105 5891 ‘20.
3176 5836 3221 5868 ¹⁹
3266 5834 3489 5889 Ezech.
3520 5846 3619 5897 vn,
3653 5827 3755 5880 iet
3781 5817 3824 5873 9v

543 5926 590 5959 ⁸ο
631 5923 732 5974 lsa.
770 5923 932 5983 κιρ-3.

1062 5855 1106 5884 ³⁵
1138 5854 1279 5907 I’szrl.
1323 5868 1465 5916 ωειλ,
1503 5851 1553 5905 5.
