3992 6404
312 396 333 450 ι
344 388 448 455 009

1470 404 1553 465 ΙΝ
1594 406 2037 471 LEVITICUM.
2077 436 2147 447 ·-
2188 413 2333 474 LIB.
2372 417 2440 475 ν.

3449 425 3586 490 10M

291 518 511 564 suntme
538 508 721 564 studio
748 527 810 565 ea
839 527 961 582 quae
988 525 1260 584 praecepta
1295 528 1423 573 sunt
1462 521 1531 576 ab
1562 537 1650 587 eo,
1697 531 1885 578 custo-
1915 523 1961 579 A
1988 524 2206 597 nggpti
2250 528 2294 560 ἰ
2319 571 2333 593 ,
2376 539 2525 586 recte
2581 535 2825 590 secundo
2877 537 3211 607 judiciorum
3277 554 3585 611 prmi-cptu-

288 600 525 658 diamus.
598 602 693 660 Sic
747 622 878 678 ergo
945 613 1248 668 sanctionis
1302 615 1470 671 totius
1521 616 1887 676 intentionem

285 695 620 764 explanavit.
671 698 804 767 Quae
845 712 930 775 est
959 717 1142 765 autem
1188 709 1342 764 haec?
1371 707 1444 765 Ut
1485 710 1554 766 ab
1585 715 1742 771 omni
1776 714 1885 770 ini-

282 790 499 856 quitate
544 794 945 863 abstineamus,
983 810 1037 856 et
1067 818 1192 871 quae
1218 805 1439 862 virtutis
1475 818 1603 863 sunt
1634 825 1881 881 agamus,

275 878 435 947 juxta
455 889 917 949 consuetudinem
954 906 1112 950 terrae
1136 896 1375 968 Egypti,
1410 910 1464 956 et
1489 902 1646 970 juxta
1670 878 1880 963 morem

282 982 443 1032 terrae
467 975 728 1035 Chanaan
755 983 891 1039 nihil
921 985 1125 1051 facere,
1164 990 1245 1045 sic
1282 992 1354 1046 ab
1390 996 1538 1049 otntii
1585 996 1880 1066 iniquitate

278 1066 543 1125 abstineri
578 1076 861 1146 prmeepit.
912 1077 1273 1154 Septuaginta
1343 1096 1533 1144 autem
1586 1106 1689 1159 pro
1740 1108 1877 1148 con-

276 1162 590 1228 suetudine,
629 1169 807 1224 studia
859 1170 1207 1242 interpretati
1255 1189 1420 1239 sunt:
1456 1184 1583 1251 quia
1613 1186 1878 1257 malignas

273 1253 718 1325 adinventiones,
776 1271 833 1318 et
891 1263 1106 1325 fabulas
1155 1271 1295 1328 solet
1340 1274 1527 1332 divina
1582 1253 1873 1349 Scriptura

269 1349 554 1417 appellare
581 1356 852 1411 malorum
877 1361 1056 1416 studia
1085 1381 1098 1415 ε
1127 1372 1317 1434 utpote
1344 1366 1632 1426 Ezechiele
1654 1372 1872 1430 dicente

266 1449 397 1507 post
447 1442 771 1513 iniquitates
826 1465 967 1519 quas
1047 1454 1195 1514 Deus
1248 1458 1303 1515 in
1365 1464 1572 1531 templo
1621 1466 1871 1525 seniores

262 1530 432 1588 Israel
486 1551 650 1606 agere
708 1544 955 1599 ostendit
988 1565 1001 1600 :
1030 1546 1101 1604 Et
1146 1551 1281 1605 dixit
1327 1555 1399 1609 ad
1432 1530 1516 1613 me
1555 1557 1812 1614 Dominus
1846 1579 1866 1615 .-

266 1622 437 1687 Vides,
482 1627 563 1696 ﬁli
606 1629 869 1687 hominis?
910 1634 975 1688 Et
1032 1654 1271 1695 rursus:
1324 1641 1634 1709 Conversus,
1669 1648 1866 1704 videbis

256 1716 441 1769 studia
475 1720 687 1788 majora
726 1724 993 1782 lterum".
1040 1728 1158 1785 Non
1188 1732 1363 1787 solum
1396 1750 1528 1807 ergo
1560 1753 1589 1791 a
1623 1738 1864 1796 fornica-

259 1810 429 1876 tione,
482 1822 537 1868 et
566 1817 823 1884 avaritia,
871 1829 926 1875 et
957 1824 1239 1891 superbia,
1289 1827 1385 1883 sed
1419 1838 1476 1884 et
1501 1846 1531 1884 a
1562 1832 1860 1891 divinatio-

254 1912 388 1952 num
454 1910 509 1955 et
568 1907 924 1974 auguriorum
987 1910 1393 1979 abjectionibus
1448 1927 1504 1972 et.
1573 1921 1855 1975 veneficiis

250 1994 516 2062 praecepit
560 1997 850 2064 abstineri,
915 2003 1013 2058 sed
1077 2008 1416 2078 etamagis,
1470 2020 1526 2065 et
1578 2012 1853 2069 similibus

249 2083 412 2140 aliis:
466 2087 541 2142 ita
598 2098 657 2144 ut
711 2090 924 2163 Moyses
983 2096 1039 2150 in
1095 2097 1528 2159 Deuteronomio
1591 2105 1845 2162 diceret:

247 2175 476 2241 Quando
505 2182 768 2253 ingressus
800 2189 1189 2258 fueris‘terram
1220 2210 1383 2264 quam
1430 2195 1688 2252 Dominus
1712 2198 1850 2254 Deus

245 2276 377 2324 tuus
409 2271 605 2326 dederit
636 2276 751 2340 tibi,
785 2295 908 2333 cave
939 2298 1001 2336 ne
1030 2283 1235 2339 imitari
1269 2285 1396 2339 velis
1429 2286 1847 2343 abominationcs

240 2359 469 2415 illarum
519 2367 775 2434 gentium,
808 2385 901 2423 nec
935 2372 1236 2428 inveniatur
1265 2377 1319 2429 in
1353 2384 1401 2431 te
1433 2378 1523 2447 qui
1554 2379 1845 2434 sciscitatur

238 2460 291 2505 et
358 2453 590 2510 observet
618 2461 822 2515 somnia
866 2473 1024 2533 atque
1051 2468 1298 2533 auguria,
1342 2485 1406 2522 ne
1439 2470 1507 2523 sit
1551 2472 1840 2540 maleﬁcus,

239 2559 339 2596 nec
384 2545 706 2611 incantatur,
758 2566 851 2604 nec
892 2554 1142 2621 pythones
1181 2556 1442 2620 consulat,
1495 2575 1588 2613 nec
1618 2560 1838 2625 divinos,

238 2650 341 2688 nec
369 2648 578 2706 quarrat
635 2658 669 2693 a
715 2645 940 2698 mortuis
985 2647 1282 2703 veritatem.
1327 2649 1519 2705 Omnia
1562 2654 1698 2707 enim
1731 2655 1840 2708 lucc

237 2726 642 2785 abominabitur
679 2732 951 2791 Dominus.
994 2736 1182 2793 Omnes
1215 2742 1305 2811 qui
1334 2742 1443 2796 lucc
1469 2745 1693 2815 faciunt,
1743 2765 1838 2814 pro

1994 635 2187 677 rumve
2239 623 2561 681 memoriam
2609 626 2760 695 facit,
2811 642 2870 686 ut
2915 632 3006 687 illa
3066 636 3403 699 ostenderet,
3464 654 3586 705 qua:

1989 719 2108 765 erat
2145 720 2336 782 postea
2382 717 2720 775 sanciturus.
2780 720 2855 778 De
2887 724 3090 794 quibus
3158 742 3308 782 mtuc
3351 727 3581 783 addidit.

2059 804 2187 871 Qua:
2246 809 2445 879 faciens
2475 812 2649 876 homo,
2708 817 2841 872 vivet
2890 819 2942 871 in
2997 820 3090 873 eis.
3154 820 3217 874 In
3252 820 3386 892 ipsis
3431 823 3580 876 enim

1984 912 2111 952 vera
2154 900 2262 957 vita
2308 905 2665 962 credentibus
2715 911 2769 965 in
2822 910 3105 983 Christum
3169 913 3476 984 perficitur,
3513 917 3581 972 de

1983 1004 2092 1058 quo
2136 991 2193 1045 in
2223 992 2518 1065 Evangelia
2556 997 2821 1056 Dominus
2868 1002 3131 1060 dicebat:
3186 1004 3314 1060 Haec
3357 1016 3431 1060 est
3484 1023 3578 1061 vo—

1982 1079 2159 1136 luntas
2197 1082 2377 1140 Patris
2421 1089 2544 1151 mei,
2601 1099 2658 1143 ut
2699 1092 2868 1146 omnis
2915 1095 3007 1164 qui
3053 1095 3194 1149 videt
3253 1094 3473 1158 Filium,
3527 1102 3576 1148 et

1980 1171 2144 1227 credit
2205 1173 2259 1227 in
2315 1190 2473 1240 cum,
2543 1179 2733 1234 habeat
2779 1184 2942 1239 vitam
2990 1194 3247 1240 (vternam
3286 1186 3351 1240 ³⁸.
3402 1182 3574 1239 Valde

1977 1278 2108 1334 ergo
2170 1266 2568 1325 rationabiliter
2621 1275 2864 1330 secundo
2922 1277 3091 1333 dicit:
3143 1278 3256 1349 Ego
3314 1278 3571 1334 Dominus

1974 1353 2116 1411 Deus
2164 1369 2349 1414 vester.
2408 1359 2736 1419 Contcstans
2775 1368 2901 1437 quia
2949 1369 3067 1440 ipse
3122 1370 3390 1427 Dominus
3427 1413 3443 1437 ,
3512 1379 3568 1425 et

1973 1448 2153 1517 priora
2198 1450 2442 1519 judicia,
2495 1456 2582 1510 vel
2639 1468 2952 1531 praecepta,
2995 1469 3052 1517 et
3098 1464 3401 1532 posteriora
3437 1480 3568 1518 san-

1971 1541 2126 1605 civit,
2153 1559 2275 1613 qua:
2304 1545 2396 1615 qui
2435 1545 2631 1605 fecerit
2674 1551 2822 1607 vivet
2862 1553 2918 1607 in
2958 1553 3060 1609 eis.
3105 1555 3239 1609 Nam
3286 1556 3563 1626 prioribus

1966 1632 2232 1702 iudiciis,
2289 1645 2347 1693 et
2382 1642 2717 1713 praeceptis,
2783 1646 2904 1701 vide
2959 1647 3088 1716 quid
3158 1648 3385 1704 addidit.
3448 1652 3562 1720 Ego

1972 1725 2244 1784 Dominus.
2667 1728 2675 1733 ’

2035 1818 2196 1876 Vens.
2230 1821 2382 1877 6-l7.
2418 1845 2436 1877 ι
2478 1825 2669 1884 Omnis
2705 1830 2870 1886 homo
2899 1833 2965 1888 ad
3000 1834 3307 1904 proximam
3341 1836 3561 1906 sangui-

1964 1913 2049 1967 nis
2077 1914 2159 1970 sui
2201 1932 2312 1972 non
2341 1920 2585 1985 accedet,
2619 1934 2679 1978 ut
2719 1925 2929 1981 revelet
2977 1928 3382 1998 turpitudinem
3409 1930 3551 2000 ejus.

1964 2000 2073 2072 Ego
2106 2004 2389 2062 Dominus.
2445 2008 2866 2080 Turpitudinem
2919 2018 3092 2086 patris
3132 2020 3233 2084 tui,
3276 2028 3331 2075 et
3374 2022 3551 2092 turpi-

1962 2095 2208 2151 tudinem
2266 2100 2457 2154 matris
2494 2110 2600 2157 tuae
2640 2119 2749 2158 non
2802 2107 3216 2178 discooperies:
3250 2120 3428 2166 mater
3458 2121 3549 2168 tua

1958 2196 2061 2251 est,
2102 2204 2211 2242 non
2268 2192 2537 2250 revelabis
2586 2196 2985 2266 turpitudinem
3031 2202 3174 2272 ejus.
3221 2202 3549 2274 Turpitudi-

1954 2293 2080 2333 nem
2116 2283 2300 2339 uxoris
2350 2286 2523 2354 patris
2557 2289 2632 2343 tui
2666 2304 2776 2344 non
2838 2291 3229 2364 discooperies,
3266 2298 3547 2368 turpitudo

1953 2372 2098 2427 enim
2145 2376 2315 2443 patris
2364 2377 2439 2431 tui
2487 2388 2589 2434 est.
2635 2380 3055 2452 Turpitudinem
3108 2388 3312 2443 sororis
3339 2396 3447 2444 tuae
3477 2404 3546 2445 ex

1951 2476 2106 2537 patre
2156 2468 2242 2521 vel
2283 2485 2349 2523 cx
2384 2479 2557 2525 matre
2605 2488 2727 2542 qua:
2764 2475 2912 2530 domi
2961 2477 3047 2531 vel
3090 2478 3224 2535 foris
3252 2480 3433 2551 genita
3455 2490 3544 2538 est

1950 2572 2061 2611 non
2124 2561 2412 2618 revelabis.
2471 2562 2892 2636 Turpitudinem
2948 2569 3072 2625 tiliae
3134 2571 3229 2625 ﬁlii
3289 2573 3391 2641 tui,
3452 2574 3538 2629 vel

1948 2650 2128 2721 neptis
2154 2666 2219 2709 ex
2251 2651 2377 2720 lilia,
2398 2668 2505 2708 non
2530 2657 2817 2724 revelabis,
2848 2661 2976 2729 quia
3004 2662 3283 2732 turpitudo
3312 2674 3401 2720 tua
3432 2674 3537 2724 est.

1947 2740 2368 2813 Turpitudinem
2410 2746 2536 2802 tiliae
2571 2749 2755 2805 uxoris
2784 2752 2957 2821 patris
2985 2754 3085 2820 tui,
3118 2772 3281 2825 quam
3321 2759 3534 2830 peperit

234 2819 727 2881 abominationibus
782 2826 861 2885 Itis
907 2828 1171 2898 disperdet
1212 2848 1296 2885 cos
1328 2832 1585 2889 Dominus
1606 2853 1670 2889 ea.
1701 2846 1749 2889 te
1768 2839 1832 2891 θ’.

227 2913 318 2967 Ab
356 2914 443 2968 his
472 2929 602 2986 ergo
631 2919 897 2975 abstineri
955 2924 1109 2992 prius
1162 2935 1401 2995 oportet,
1457 2938 1514 2983 et
1547 2929 1626 2986 sic
1676 2931 1835 2987 nobis

226 3004 384 3061 Deus
417 3007 591 3063 dicit:
631 3011 854 3068 Facietis
884 3014 1083 3078 iudicia
1138 3035 1278 3084 mea,
1313 3028 1362 3073 et
1407 3031 1672 3090 praecepta
1714 3040 1831 3078 mea
1941 3034 2069 3075 caro
2122 3031 2205 3079 est
2245 3026 2418 3095 patris
2463 3026 2562 3080 tui.
2602 3025 3025 3096 Turpitudinem
3072 3033 3249 3101 patrui
3305 3034 3383 3088 tui
3416 3050 3530 3089 non

221 3102 529 3165 servabitis,
572 3113 623 3158 et
670 3108 1007 3163 ambulabitis
1057 3112 1113 3163 in
1154 3112 1248 3175 eis,
1297 3112 1350 3168 id
1405 3122 1490 3172 est
1531 3117 1830 3171 movemini
1939 3116 2229 3179 revelabis,
2286 3133 2389 3172 nec
2436 3120 2663 3175 accedes
2703 3121 2769 3175 ad
2821 3138 3048 3179 uxorem
3102 3125 3241 3195 ejus,
3275 3128 3397 3197 qlia:
3427 3128 3529 3184 tibi

218 3202 279 3245 et
328 3198 738 3252 conversamini
810 3200 864 3254 in
920 3201 1021 3263 eis,
1086 3210 1144 3257 et
1196 3203 1347 3258 nullo
1421 3213 1666 3275 tempore
1732 3223 1904 3291 νας-α
1938 3206 2199 3265 allinitate
2257 3209 2626 3282 eoujungitur.
2707 3212 3129 3284 Turpitudinem
3192 3235 3366 3275 nurus
3422 3230 3531 3277 tua:

215 3283 369 3339 cotis
427 3286 499 3341 ab
556 3301 749 3343 eorum
810 3292 1175 3348 correctione.
1227 3295 1437 3352 Deinde
1468 3312 1662 3357 rursus
1694 3300 1826 3355 sub-
1866 3283 1903 3291 ⁷
1939 3314 2052 3353 non
2079 3300 2379 3367 revelabis,
2414 3304 2541 3373 quia
2564 3319 2702 3358 uxor
2733 3304 2826 3358 lilii
2861 3307 2936 3360 tui
2968 3317 3071 3374 est,
3105 3326 3208 3365 nec
3239 3311 3529 3383 discoope-

214 3376 372 3430 didit
411 3394 428 3431 :
1937 3386 2046 3442 ries
2073 3386 2428 3458 ignominiam
2480 3391 2620 3462 ejus.
2651 3392 3068 3463 Turpitudinem
3119 3401 3308 3457 uxoris
3340 3401 3528 3460 fratris

292 3471 415 3541 Ego
450 3460 722 3529 ‘Dominus
774 3475 918 3533 Deus
963 3487 1149 3533 vester.
1211 3477 1482 3535 Custodite
1508 3481 1644 3550 leges
1678 3499 1824 3537 meas

1972 3479 2015 3531 ui
2070 3495 2180 3535 non
2229 3460 2522 3547 revelabis,
2569 3484 2695 3554 quia
2732 3460 3017 3557 turpitudo
3060 3490 3250 3547 fratris
3285 3494 3360 3548 tui
3415 3506 3521 3552 est.

210 3572 388 3633 atque
412 3564 645 3633 judicia,
673 3584 790 3636 quae
820 3571 1020 3641 faciens
1048 3571 1222 3636 homo,
1254 3574 1389 3629 vivet
1418 3575 1475 3628 in
1513 3577 1606 3630 eis.
1632 3575 1827 3631 Absti-’

1972 3567 2352 3641 'urpitudinem
2441 3574 2626 3629 uxoris
2690 3585 2835 3645 tute,
2907 3588 2961 3634 et
3024 3580 3146 3637 tiliae
3229 3584 3350 3654 ejus
3408 3602 3521 3642 non

208 3666 425 3712 nentes
484 3674 587 3716 nos
630 3661 785 3729 prius
830 3663 900 3717 ab
948 3664 1455 3721 abominationibus
1507 3683 1629 3738 quae
1658 3668 1818 3725 dictae
1931 3664 2220 3719 revelabis.
2259 3665 2449 3720 Filiam
2493 3667 2584 3722 filii
2617 3670 2757 3738 ejus,
2799 3680 2854 3727 et
2890 3673 3056 3729 filiam
3103 3676 3228 3733 filiae
3254 3680 3376 3749 ejus
3406 3696 3520 3737 non

205 3759 374 3813 sunt,
423 3752 550 3823 quia
599 3769 710 3808 non
759 3763 845 3811 est
887 3757 1241 3825 participatio
1288 3759 1519 3828 justitia:
1549 3777 1674 3816 cum
1706 3763 1817 3817 ini-
1929 3768 2134 3829 sumes,
2166 3762 2225 3807 ut
2259 3755 2469 3811 reveles
2500 3757 2855 3831 ignominiam
2888 3762 3031 3832 ejus,
3060 3765 3186 3836 quia
3211 3783 3342 3825 caro
3373 3769 3518 3827 illius

202 3843 479 3910 quitate,
540 3860 717 3914 neque
767 3846 989 3903 luminis
1044 3849 1281 3903 societas
1339 3851 1407 3904 ad
1470 3854 1809 3921 tenebras”,
1926 3857 2074 3901 SUM-
2114 3865 2132 3898 ³

202 3949 401 4003 neque
454 3935 630 4003 placet
679 3935 728 3990 ei
772 3946 831 3991 ut
877 3938 967 4007 qui
1038 3940 1241 4009 gentile
1290 3941 1572 4010 quodlibet
1610 3945 1811 3999 malum

1994 3938 2149 4004 Quod
2193 3956 2305 3998 non
2358 3942 2682 4012 negligenda
2728 3944 2840 3999 sint
2898 3961 2961 4001 ea
3004 3964 3126 4018 qua:
3166 3952 3510 4022 sanciuntur,

202 4028 777 4097 observationemquc
824 4031 1054 4096 studet,
1109 4032 1329 4102 gloriari
1394 4034 1463 4089 de
1518 4036 1653 4107 legis
1713 4038 1808 4094 Dei

1972 4030 2273 4086 :anifestum
2325 4039 2409 4088 est
2438 4049 2505 4089 ex
2533 4049 2600 4089 eo
2630 4036 2774 4106 quod
2802 4036 3000 4093 iterum
3032 4040 3168 4096 dixit
3201 4060 3216 4095 :
3258 4042 3370 4113 Ego
3404 4046 3512 4101 Do-

200 4123 453 4177 seientia
496 4124 713 4188 debeat,
749 4132 882 4178 tunc
919 4125 1140 4180 demum
1180 4126 1405 4195 judiciis
1442 4129 1536 4185 Dei
1589 4140 1809 4187 utamur

1978 4122 2112 4176 inus.
2152 4122 2304 4179 Facit
2341 4136 2522 4180 autem
2562 4127 2667 4183 hoc
2698 4128 2910 4200 Moyses
2935 4173 2949 4196 ,
2985 4131 3097 4186 imo
3143 4134 3376 4204 spiritus
3413 4139 3508 4208 qui

197 4225 260 4269 et
303 4217 620 4285 prmeeptis.
658 4216 855 4280 Qualia
885 4227 1066 4273 autem
1111 4217 1222 4272 sint
1260 4219 1491 4287 judicia,
1532 4230 1587 4277 et
1626 4223 1805 4292 qualia

1972 4261 1974 4266 .
2010 4229 2077 4269 co
2121 4215 2466 4285 loquebatur,
2510 4226 2570 4273 ut
2595 4235 2702 4274 non
2745 4220 3168 4291 despicerentur
3200 4244 3323 4297 quae
3350 4230 3506 4287 dice-

201 4319 514 4379 Wema,
563 4326 686 4382 qua
737 4310 947 4366 faciens
992 4311 1159 4367 homo
1207 4313 1352 4367 vir-et
1396 4314 1455 4367 ίη
1499 4313 1601 4379 εἰς,
1644 4324 1703 4369 ιη
1746 4326 1802 4371 tu
1917 4305 2137 4373 bantur,
2157 4309 2490 4366 'dicentibus
2517 4312 2870 4382 quibusdam,
2914 4316 3040 4386 quia
3073 4316 3321 4386 Moyscos
3353 4334 3502 4380 sunt.

196 4418 520 4475 cognoscas
570 4404 698 4473 quia
733 4420 843 4461 non
878 4403 989 4460 Deo
1032 4405 1225 4467 donas,
1259 4406 1523 4462 obediens
1548 4408 1651 4479 legi
1685 4411 1804 4481 ejus
1913 4398 2035 4455 Νοη
2083 4411 2214 4457 sum
2256 4412 2439 4459 autem
2475 4405 2596 4475 eius
2636 4406 2757 4462 haec
2804 4423 2927 4478 (ἰυῖε
2956 4410 3375 4482 βτεεῖρίηηθυτν
3407 4418 3503 4472 sed

198 4506 257 4551 et
315 4497 604 4565 complens
661 4496 783 4562 eius
833 4497 1041 4567 judicia
1083 4506 1139 4552 et
1203 4507 1499 4568 praecepta,
1541 4502 1636 4556 sed
1673 4503 1799 4559 tibi-
1913 4496 2030 4562 Dei,
2089 4514 2214 4555 cum
2253 4515 2603 4572 summopere
2649 4504 2797 4573 quod
2822 4506 3105 4562 inventum
3136 4519 3221 4564 est
3256 4512 3499 4568 studium

195 4591 469 4660 megipsi:
524 4598 583 4647 tu
618 4591 766 4647 enim
810 4590 864 4645 in
923 4590 1004 4647 eis
1045 4591 1217 4655 vives,
1251 4591 1548 4647 virtutibus
1574 4609 1799 4663 operam
1837 4603 1876 4659 ι)
1906 4591 2213 4649 adhibitum
2257 4592 2348 4656 sit,
2384 4602 2445 4647 ut
2485 4593 2667 4649 littera
2704 4611 2895 4651 eorum
2943 4612 3388 4664 conservaretur,
3442 4617 3499 4661 et

193 4681 365 4746 dans,
417 4697 516 4752 per
552 4698 691 4752 quas
737 4690 943 4739 eterna
977 4682 1087 4738 vita
1132 4682 1449 4738 hominibus
1486 4694 1799 4755 praestatur.
1906 4681 2166 4750 spiritalis
2208 4681 2541 4740 intellectus.
2585 4682 2741 4741 Unde
2769 4698 2956 4743 nostra
2997 4690 3287 4748 translatio
3314 4694 3495 4751 dicit:

194 4773 316 4830 Sed
351 4776 524 4844 quaeri
571 4774 1006 4846 pertractarique
1058 4773 1285 4845 dignum
1318 4784 1403 4830 est
1471 4792 1570 4830 cur
1601 4776 1656 4833 in
1689 4793 1801 4833 uno
1904 4771 2098 4887 9mnis
2126 4775 2291 4831 homo
2316 4776 2382 4887 ad
2407 4777 2711 4879 proximam
2756 4780 3045 4852 sanguinis
3073 4783 3159 4838 sui
3198 4800 3309 4839 non
3331 4801 3496 4842 acce-

194 4868 316 4887 μμ,
353 4868 489 4887 .-_._
664 4866 790 4887 ιω.
858 4866 973 4887 η,,ε
1026 4866 1218 4887 Lyd-
1272 4881 1360 4887 ,ω
1433 4875 1480 4887 μ
1944 4873 1988 4887 ,.
2186 4875 2389 4887 un--.
3131 4874 3164 4887 η
3250 4883 3259 4887 -
3379 4876 3391 4887 -
3446 4886 3451 4887 ν

194 4868 324 4923 loco
353 4868 495 4937 legis
535 4867 622 4922 bis
655 4866 815 4929 dixit,
858 4866 979 4921 fieri
1020 4866 1224 4935 judicia
1270 4881 1389 4930 sua,
1425 4875 1483 4921 et
1525 4880 1798 4940 pracepta

1975 4873 2013 4931 t,
2068 4873 2129 4918 ut
2186 4866 2391 4921 revelet
2447 4868 3045 4940 turpitudinem‘ejus.
3131 4874 3492 4947 Septuaginta

190 4975 305 5017 sua
359 4958 672 5019 custodiri?
726 4957 824 5013 Vel
877 4973 976 5013 cur
1028 4957 1116 5013 bis
1165 4957 1332 5024 dicat,
1374 4957 1491 5028 Ego
1530 4958 1797 5017 Dominus
1897 4958 2105 5011 edunt:
2142 4958 2327 5022 Homo,
2390 4960 2542 5015 ltomo
2582 4963 2654 5015 ad
2687 4980 2895 5018 omnem
2928 4966 3279 5021 domesticam
3309 4974 3492 5025 carnis

193 5026 391 5109 Deus?
420 5052 658 5111 Putasne
681 5050 1187 5107 eademite‘rando?
1214 5026 1574 5107 Nullatcnus:
1609 5053 1792 5109 brevis
1897 5047 2061 5114 ipsius
2108 5066 2211 5104 non
2257 5052 2487 5117 accedet,
2539 5062 2599 5107 ut
2638 5055 2855 5125 aperiat
2897 5060 3301 5127 turpitudinem.
3351 5061 3487 5118 Pro-

187 5155 283 5203 εει
336 5147 489 5202 enim
528 5146 711 5200 omnis
736 5144 918 5200 divina
968 5144 1282 5214 Scriptura;
1321 5145 1559 5200 maxime
1606 5155 1788 5200 tamen
1894 5153 2083 5208 plerea
2112 5143 2355 5199 secundo
2395 5145 2664 5213 dicentes,
2713 5149 2867 5202 homo
2895 5151 3071 5211 homo.
3119 5163 3179 5205 ut
3217 5156 3488 5222 quemad-

185 5234 608 5306 hiclegislator.
642 5234 784 5290 sicut
809 5234 901 5306 qui
932 5235 1099 5288 multa
1130 5233 1380 5288 dicturus
1409 5244 1548 5296 erat,
1579 5234 1683 5290 fuit
1721 5236 1789 5290 de
1892 5235 2111 5289 modum
2167 5245 2251 5291 est
2309 5237 2475 5294 homo
2526 5238 2748 5310 duplex,
2793 5240 2872 5296 sic
2914 5241 3291 5312 intelligantur
3332 5255 3387 5299 et
3419 5262 3482 5300 ea

180 5328 469 5385 brevitate
520 5326 794 5383 sollicitus
829 5344 843 5381 :
889 5327 1016 5397 quia
1059 5326 1167 5382 duo
1224 5335 1353 5380 sunt
1402 5334 1736 5407 testamenta
1769 5370 1784 5394 ,
1889 5340 2011 5394 qua:
2040 5328 2362 5382 sanciuntur
2388 5346 2510 5384 esse
2534 5331 2771 5396 duplicia
2796 5376 2811 5399 ,
2845 5344 3211 5406 oportereque
3242 5349 3295 5393 et
3323 5349 3482 5394 exte-

178 5418 369 5477 Yetus
397 5429 451 5475 et
495 5419 731 5485 Novum,
766 5418 916 5474 unde
946 5427 1002 5474 et
1061 5418 1181 5490 ipse
1218 5433 1318 5489 per
1357 5418 1654 5474 Jeremiam
1692 5421 1781 5474 di-
1891 5419 2087 5474 riorem
2118 5435 2309 5475 eorum
2344 5422 2560 5487 faciem,
2594 5433 2651 5478 et
2682 5424 3003 5480 interiorem
3036 5443 3227 5482 eorum
3254 5427 3478 5486 faciem.

173 5515 266 5569 xit
290 5531 309 5567 :
345 5513 498 5568 Dabo
531 5512 669 5567 vobis
702 5520 1071 5567 testamentum
1121 5528 1331 5570 novum.
1364 5528 1469 5565 non
1495 5515 1781 5567 secundum
1891 5520 1946 5567 et
1974 5512 2290 5568 interiorem
2316 5516 2837 5586 contemplationem
2859 5518 3160 5582 custodire,
3196 5529 3257 5576 ut
3279 5536 3476 5594 magna

172 5611 569 5661 testamentum
635 5601 774 5672 quod
814 5601 935 5655 dedi
980 5600 1220 5669 patribus
1254 5603 1458 5664 vestris,
1487 5603 1545 5655 in
1570 5602 1653 5656 die
1682 5620 1786 5670 qua
1894 5610 2153 5672 rectaque
2206 5604 2294 5658 lex
2330 5605 2658 5659 exteriorem
2700 5606 3131 5677 interioremque
3180 5625 3479 5682 componat

166 5696 520 5769 apprehendi
550 5711 763 5749 manum
786 5711 990 5760 eorum,
1020 5682 1077 5749 ut
1107 5695 1376 5748 educerem
1403 5696 1520 5749 illos
1545 5696 1609 5749 de
1639 5707 1781 5751 terra
1894 5695 2192 5750 hominem.
2249 5694 2357 5751 Sed
2411 5711 2476 5751 ea
2523 5698 2745 5767 quidem
2794 5714 2917 5768 quae
2944 5699 3078 5756 foris
3111 5711 3196 5757 est
3228 5703 3367 5774 legis
3392 5705 3476 5761 fa-

1652 5839 1696 5871 ³³
1724 5837 1921 5895 "Cor-
1963 5855 2037 5907 v1,
2077 5838 2159 5892 Η.

1945 2835 2082 2901 patri
2118 2845 2231 2903 tuo,
2274 2847 2330 2893 et
2358 2849 2443 2895 est
2467 2856 2623 2895 soror
2650 2851 2763 2907 tua,
2800 2860 2912 2899 non
2943 2847 3232 2903 revelabis.
3266 2846 3537 2920 Turpitu-

1943 2928 2126 2985 dinem
2184 2933 2393 2989 sororis
2442 2934 2616 3005 patris
2674 2937 2751 2990 tui
2812 2953 2922 2991 non
2980 2939 3372 3011 discoopcries,
3406 2943 3533 3013 quia

2276 5838 2320 5869 "
2351 5839 2554 5894 Jercm.
2588 5854 2751 5906 xxxi,
2793 5839 2884 5906 3|,
2919 5838 3006 5897 32.
3115 5843 3160 5875 ⁸⁸
3188 5842 3349 5902 Joan.
3394 5862 3471 5911 ν’,

246 5847 297 5879 ⁸⁸
334 5839 541 5897 Ezecb.
566 5856 680 5907 vui,
718 5839 803 5895 l5.
910 5840 955 5871 ²²
991 5839 1145 5895 Deut.
1190 5856 1339 5904 xvtu,
1384 5838 1542 5894 9-12.

161 5919 267 5983 39,
306 5916 403 5969 ω.
