3992 6460
566 427 696 498 1011

1763 438 2124 499 HESYCHII
2165 441 2633 505 PRESBYTER!

3660 446 3763 513 1012

562 556 693 611 cies.
734 554 1014 613 l’roximos
1042 555 1307 625 sanguine
1336 554 1563 627 nuptiali
1599 555 1745 610 coitu
1778 557 1993 612 misceri
2029 572 2152 626 pro.
2181 567 2223 621 Α
2256 570 2338 616 tos
2398 564 2760 629 cnumcravit,
2816 578 2940 618 cum
2996 562 3305 619 carnalibus
3361 570 3415 617 ct
3458 560 3566 618 illos
3601 576 3770 635 oportet

571 644 741 709 bibet,
798 645 924 715 quia
980 652 1035 699 et
1087 645 1191 699 hoc
1241 645 1462 700 tenebat
1488 645 1630 714 apud
1658 654 1866 715 gentes,
1917 662 2149 716 quarum

566 746 763 794 terram
802 739 854 792 in
888 738 1261 794 nereditatem
1287 741 1448 796 Jesus
1471 739 1702 804 accepit.
1741 737 1945 794 Servus
1969 751 2150 795 autem

562 831 865 887 carnalium
912 832 1256 901 voluptatum
1302 831 1465 885 Israel
1507 840 1646 893 erat,
1687 832 1762 886 ita
1795 843 1856 887 ut
1894 831 2149 888 Moabiti-

563 938 655 977 cas
686 923 948 977 mulieres
967 922 1366 989 desiderantes,
1398 924 1740 995 Beelpliegor
1778 925 1923 979 idolo
1951 925 2148 979 immo-

560 1015 760 1077 larent,
794 1014 941 1084 quod
980 1015 1048 1069 ab
1075 1015 1207 1084 ipsis
1239 1016 1525 1084 colebatur
1552 1017 1617 1078 ³³,
1650 1025 1706 1070 et
1740 1028 2026 1072 accusaret
2051 1033 2147 1072 eos

556 1107 717 1172 Osee,
747 1122 810 1161 ac
839 1107 1047 1161 diceret
1083 1108 1151 1162 dc
1176 1108 1255 1162 eis
1282 1126 1295 1162 :
1356 1108 1551 1163 Omnes
1591 1108 1975 1176 adulterantes,
2005 1111 2143 1164 sicut

556 1197 792 1253 clibanus
815 1200 1004 1254 ardens
1022 1200 1088 1254 ⁸⁷.
1135 1200 1203 1254 Et
1251 1200 1454 1255 iterum
1487 1200 1633 1255 Deus
1666 1200 1749 1256 sic
1775 1200 1842 1255 ad
1869 1215 1965 1256 eos
1990 1200 2144 1256 dice-

556 1299 670 1345 ret:
704 1291 826 1346 Non
850 1294 1072 1347 uisitabo
1097 1311 1259 1364 super
1281 1293 1426 1362 ﬁlias
1458 1305 1677 1360 vestras,
1706 1295 1832 1349 dum
1867 1296 2145 1366 fornicata:

552 1387 768 1457 fuerint,
824 1397 874 1443 et
932 1406 1091 1457 super
1128 1406 1348 1458 sponsas
1403 1402 1622 1454 uestras,
1683 1407 1802 1447 cum
1829 1389 2144 1444 adulterata:

551 1482 747 1552 fuerint
766 1482 833 1546 ³⁸,
880 1483 1146 1553 quoniam
1194 1483 1302 1553 ipsi
1344 1499 1469 1538 cum
1520 1483 1902 1538 meretricibus
1950 1497 2141 1538 versa-

550 1574 773 1642 bantur,
831 1584 887 1631 et
941 1592 1068 1631 cum
1123 1577 1451 1632 eﬂemittatis
1514 1576 1912 1632 sacriﬁcabant.
1951 1575 2057 1630 Sed
2087 1571 2143 1630 et

548 1665 814 1723 Jercmias
866 1669 999 1725 dicit
1038 1671 1108 1725 ad
1152 1680 1320 1742 totam
1364 1671 1705 1726 Jerusalem:
1756 1670 1942 1724 Facies
1970 1685 2139 1723 mere-

551 1763 698 1817 tricis
726 1765 871 1835 facta
908 1773 981 1819 est
1017 1766 1110 1819 tibi
1127 1766 1193 1822 ³⁹.
1222 1765 1377 1820 Unde
1417 1775 1472 1820 et
1515 1765 1596 1820 eis
1635 1765 1894 1820 mulieres
1939 1763 2139 1819 multas

549 1855 798 1925 accipere
839 1867 1175 1931 przeceptum
1218 1869 1358 1924 erat,
1409 1868 1469 1912 ut
1513 1874 1613 1928 per
1664 1858 1770 1913 hoc
1833 1858 2027 1913 saltem
2069 1857 2139 1912 ab

548 1948 853 2004 alienarum
902 1951 1200 2008 mulierum
1251 1950 1735 2017 fornicationibus,
1768 1960 1825 2006 et
1853 1950 2140 2005 adulteriis

548 2042 909 2098 abstinerent.
940 2045 1067 2099 Ideo
1111 2061 1240 2116 ergo
1288 2061 1437 2101 nunc
1469 2046 1691 2117 longum
1741 2043 1987 2099 extendit
2018 2059 2140 2098 ser-

548 2153 789 2203 monem,
845 2148 900 2193 et
950 2149 1332 2210 generationes
1389 2156 1487 2210 per
1519 2140 1768 2196 ordinem
1797 2138 2137 2209 exsequitur,

546 2231 749 2301 quibus
794 2232 1078 2286 continere
1123 2248 1182 2286 se
1222 2233 1457 2287 debeant
1505 2248 1536 2286 a
1585 2233 1970 2287 commistione
2002 2247 2137 2286 con-

547 2323 788 2386 Cubitus,
823 2326 1168 2395 praecipiens.
1207 2324 1278 2380 Ut
1312 2326 1632 2403 ostenderet
1664 2326 1979 2381 mandatum
2017 2340 2138 2380 esse

544 2417 944 2482 necessarium,
979 2416 1124 2484 ipsas
1157 2417 1514 2487 cognationes
1545 2416 1881 2481 dinumerat,
1910 2415 1966 2469 in
1997 2429 2137 2468 enu-

546 2510 912 2566 merationem
946 2523 1166 2565 causam
1226 2508 1528 2564 sanctionis
1565 2507 1944 2574 manifestans,
1989 2507 2137 2577 quod

545 2601 752 2665 studet,
816 2610 875 2655 ut
918 2617 1027 2655 non
1094 2601 1505 2656 confundantur
1573 2588 1985 2671 generationes,
2037 2614 2141 2655 nec

546 2694 867 2764 diSpereant
898 2694 1265 2759 haereditates,
1308 2709 1488 2764 neque
1530 2692 1693 2747 frater
1730 2701 1784 2746 et
1810 2700 1968 2762 pater
1994 2690 2136 2747 idem

547 2785 727 2853 ﬁeret,
782 2786 1166 2856 ejusdemque-
1206 2795 1356 2841 esset
1406 2801 1542 2839 uxor
1569 2794 1625 2839 et
1664 2793 1860 2839 mater.
1897 2784 2139 2853 Utraque

549 2879 696 2937 enim
752 2879 868 2935 hinc
909 2879 1258 2943 eveniebant,
1287 2878 1330 2932 si
1362 2877 1611 2933 eamdem
1642 2893 1868 2932 uxorem
1902 2887 2058 2947 pater
2085 2886 2141 2932 et

548 2972 693 3026 ﬁlius
724 2970 1069 3036 habuissent,
1116 2986 1182 3025 ex
1212 2985 1388 3040 eaque
1439 2968 1581 3027 ﬁlios
1622 2977 2030 3041 procreassent.
2060 2967 2140 3022 Ex

547 3066 662 3121 tilio
717 3065 863 3120 enim
923 3064 1159 3136 genitus,
1214 3071 1322 3118 tam
1360 3071 1570 3133 patrem
1618 3064 1921 3135 genitorem
1954 3076 2138 3128 suum,

547 3174 711 3231 quam
760 3158 981 3212 fratrem
1035 3157 1221 3217 habet.
1271 3156 1475 3226 quippe
1520 3157 1610 3227 qui
1645 3171 1710 3210 ex
1736 3171 1800 3210 ea
1840 3164 2003 3209 natus
2032 3163 2136 3221 est,

2257 656 2450 725 accipi.
2478 657 2555 711 De
2581 657 2781 727 quibus
2804 653 3005 711 Paulus
3035 654 3169 711 dicit
3193 673 3207 709 :
3240 652 3535 708 Sermonem
3562 670 3616 708 ne
3634 655 3771 711 incre-

2255 751 2483 819 paveris,
2514 752 2606 806 sed
2642 751 2851 805 obsecra
2903 758 2959 804 ut
2996 758 3223 819 patrem,
3262 746 3481 816 juvenes
3524 753 3581 800 ut
3604 749 3771 817 fratres,

2255 859 2389 897 antes
2443 852 2501 896 ut
2551 852 2766 909 matres,
2821 840 3136 912 juvenculas
3179 849 3237 893 ut
3270 853 3473 893 sorores
3504 837 3565 890 “.
3609 838 3774 896 Deinde

2253 946 2505 993 cunctam
2564 937 2741 1001 nobis,
2798 937 2889 1006 qui
2943 936 3133 991 ﬁdeles
3174 947 3388 997 sumus,
3428 946 3544 986 cum
3566 932 3775 989 omnibus

2251 1030 2343 1100 qui
2386 1030 2633 1100 ejusdem
2661 1037 2790 1084 sunt
2825 1028 2971 1095 ﬁdei,
3004 1026 3333 1096 conquirere
3364 1021 3583 1092 cupiens
3614 1039 3775 1095 cogna-

2251 1124 2480 1187 tionem,
2527 1123 2606 1177 sic
2636 1137 2827 1177 rursus
2856 1120 2992 1176 dicit
3022 1118 3218 1174 :Multi
3250 1132 3414 1170 unum
3440 1131 3615 1184 corpus
3635 1132 3777 1171 sumus

2249 1214 2304 1268 in
2333 1214 2561 1278 Christo,
2584 1212 2778 1283 singuli
2821 1220 3041 1285 autemk
3073 1208 3212 1262 alter
3262 1206 3482 1260 alterius
3510 1205 3776 1259 membra".

2248 1306 2404 1363 Unde
2439 1317 2492 1363 et
2536 1307 2786 1377 impium,
2834 1304 3077 1359 revelare
3102 1299 3398 1371 cujuslibet
3446 1297 3781 1368 praedictorum

2250 1400 2667 1471 turpitudinem,
2695 1397 3017 1469 appellavit,
3052 1394 3180 1464 quia
3202 1390 3466 1463 spiritalis
3489 1392 3783 1461 cognationis

2246 1492 2624 1562 prrevaricatio
2655 1491 2721 1544 ad
2757 1489 3043 1545 Dominum
3067 1486 3263 1550 tendit,
3293 1492 3575 1557 postquam
3599 1498 3706 1538 cum
3735 1494 3816 1539 eo‘

2247 1587 2514 1641 habemus
2561 1585 2945 1656 cognationem
3004 1579 3241 1636 vinculis
3286 1578 3669 1649 spiritualibus.
3701 1577 3784 1634 Ve.

2245 1689 2554 1734 rumtamen
2582 1693 2651 1732 ne
2699 1677 2804 1730 hoc
2847 1672 3126 1745 praeterire
3171 1676 3392 1740 oportet
3434 1682 3559 1722 eum
3599 1667 3682 1735 qui
3722 1667 3787 1720 di-

2245 1774 2480 1844 ligenter
2512 1770 2805 1825 meditatur
2828 1767 2962 1838 legis
2990 1763 3230 1834 eloquia,
3253 1761 3377 1831 quia
3403 1759 3691 1815 secundum
3717 1758 3788 1813 Se-

2244 1866 2526 1937 ptuaginta
2548 1864 2737 1919 decem
2775 1860 3041 1932 graduum
3078 1854 3428 1928 cognationis
3459 1867 3727 1907 numerum
3749 1851 3789 1903 in

2246 1958 2504 2030 praesenti
2548 1955 2729 2026 posuit
2786 1952 3105 2024 legislator,
3159 1950 3319 2019 cujus
3376 1945 3591 2000 numeri
3643 1945 3789 1999 omnia

2245 2047 2501 2102 mandata
2548 2054 2677 2101 sunt
2708 2045 2865 2114 legis,
2890 2042 3192 2098 ostendens
3216 2039 3345 2110 quia
3373 2036 3623 2107 quisquis
3654 2035 3794 2105 turpi-

2244 2140 2489 2195 tudinem
2539 2138 2765 2201 rcvelat,
2821 2134 3142 2193 carnalium,
3176 2129 3570 2202 spiritualium,
3617 2128 3694 2181 vel
3722 2142 3793 2181 eo-

2243 2243 2555 2305 gnatorum,
2599 2230 2764 2284 totius
2792 2227 2926 2298 legis
2955 2225 3237 2283 invenitur
3267 2238 3393 2277 esse
3439 2232 3794 2291 transgressor.

2242 2325 2456 2394 Quare?
2480 2323 2606 2395 quia
2645 2322 2884 2376 alienum
2929 2326 3014 2374 est
3041 2333 3073 2373 a
3107 2317 3375 2372 charitate
3408 2315 3557 2384 quod
3580 2314 3685 2384 agit
3705 2328 3797 2381 qua:

2241 2431 2326 2476 est
2348 2420 2482 2492 legis
2523 2415 2827 2489 plenitudo.
2885 2411 2998 2466 lloc
3025 2419 3110 2467 est
3167 2410 3315 2480 quod
3343 2409 3423 2462 ait
3450 2404 3800 2461 PauluszNon

2242 2514 2609 2571 adulterabis:
2646 2511 2762 2566 Non
2819 2508 3048 2563 occides:
3081 2504 3198 2559 Non
3236 2502 3443 2572 furtum
3487 2499 3682 2571 facies:
3711 2496 3799 2550 Non

2242 2607 2589 2677 concupisces.
2628 2604 2693 2658 Et
2745 2602 2790 2656 si
2844 2598 2983 2670 quod
3018 2605 3092 2650 est
3124 2595 3275 2649 aliud
3302 2593 3647 2653 mandatum,
3669 2590 3717 2642 in
3732 2588 3802 2640 hoc

2241 2701 2395 2756 verba
2442 2699 2776 2753 instauratur
2819 2711 2837 2748 :
2888 2692 3087 2763 Diliges
3131 2688 3438 2759 proximum
3506 2692 3652 2738 tuum
3696 2681 3800 2732 situt

2243 2794 2489 2862 teipsum.
2522 2790 2744 2845 Dilectio
2771 2786 3001 2858 proximi
3032 2783 3234 2837 malum
3268 2794 3375 2832 non
3408 2784 3683 2847 operatur.
3708 2771 3806 2826 Plc-

2242 2892 2425 2944 nitudo
2454 2903 2575 2958 ergo
2605 2885 2731 2956 legis
2749 2892 2823 2938 est
2844 2880 3054 2936 dilectio
3068 2877 3135 2929 δ’.
3184 2873 3414 2929 Planior
3447 2879 3638 2926 autem
3662 2866 3726 2922 sit
3741 2865 3803 2918 in-

2243 2983 2513 3047 tellectus,
2540 2978 2583 3034 si
2611 2979 2782 3048 ipsam
2821 2980 3231 3046 perscrutemur
3248 2968 3524 3022 litteram.

2314 3075 2498 3130 Omnis
2523 3075 2677 3128 homo
2700 3073 2768 3126 ad
2784 3076 3080 3141 proximam
3101 3063 3380 3136 sanguinis
3404 3062 3494 3115 sui
3518 3068 3620 3114 non
3634 3053 3807 3111 accedet

2245 3179 2299 3225 ut
2342 3167 2529 3223 revelet
2560 3164 2941 3235 turpitudinem
2971 3162 3105 3231 ejus.
3141 3159 3213 3214 Ut
3254 3171 3368 3211 non
3417 3151 3738 3209 accedamus
3758 3143 3810 3199 ad

546 3268 673 3322 qua?
731 3261 788 3306 ει
848 3251 995 3305 “lum
1049 3251 1286 3320 Deperil:
1342 3259 1397 3304 οι
1450 3264 1591 3304 υκοτ
1616 3250 1737 3320 eius
1784 3247 1945 3303 δίηῖυι
1972 3256 2136 3318 alque
2166 3274 2208 3331 c
2244 3271 2504 3335 cognatos
2548 3261 2603 3315 in
2633 3259 2749 3330 lege
2799 3255 3139 3328 cognationis
3177 3254 3612 3322 praesumentes,
3648 3249 3697 3297 et
3737 3251 3811 3308 per

546 3352 725 3404 mater
773 3344 895 3400 fuit.
963 3344 1090 3400 "th
1153 3354 1337 3399 autem
1398 3358 1466 3398 ex
1512 3342 1723 3397 nefaria
1779 3351 2134 3413 cognatorum

546 3439 951 3504 commistione,
986 3449 1043 3493 et
1079 3439 1181 3493 alia
1219 3439 1301 3493 his
1337 3436 1599 3493 eveniunt
1648 3435 1869 3490 similia.
1906 3433 2140 3503 PrOpter

548 3531 697 3603 quod
723 3541 975 3587 avertere
1000 3548 1029 3585 a
1074 3532 1163 3585 tali
1197 3531 1611 3601 conjunctione,
1645 3541 1703 3584 et
1725 3528 1875 3583 coitu
1909 3527 2137 3582 volens:

628 3624 1050 3695 Turpitudinem,
1074 3624 1271 3695 inquit,
1301 3626 1469 3694 patris
1493 3624 1571 3677 tui
1610 3632 1659 3677 et
1680 3622 1873 3676 matris
1906 3629 2009 3674 tua:
2037 3636 2140 3673 non

547 3718 892 3786 discooperies
913 3759 926 3778 .
956 3718 1145 3773 eadem
1177 3725 1232 3771 et
1260 3717 1315 3771 in
1351 3715 1812 3786 subsequentibus
1840 3715 1908 3773 de
1941 3728 2141 3768 nover-

548 3824 635 3873 ca,
668 3816 722 3861 et
754 3822 963 3872 sorore,
1000 3819 1053 3862 et
1084 3824 1250 3874 nuru,
1286 3817 1342 3861 et
1367 3807 1488 3861 aliis
1518 3807 1797 3870 omnibus,
1843 3805 2141 3860 revelatio—

548 3915 675 3956 nem
711 3900 1067 3971 turpitudinis
1118 3901 1315 3955 horum
1348 3899 1796 3969 eonjunctionem
1833 3897 2136 3968 appellans.

547 3992 629 4051 Ex
667 3994 773 4051 hoc
825 4010 1080 4050 sermone
1105 3994 1381 4058 erubesci,
1413 4000 1470 4047 et
1500 3993 1697 4055 averti,
1731 3991 1847 4046 sive
1885 3990 2013 4046 odio
2038 3990 2137 4045 ha-

546 4084 664 4142 beri
696 4086 858 4142 debet
887 4091 1068 4145 omnis
1102 4086 1419 4158 bujusmodi
1446 4085 1651 4141 faciens
1680 4086 1950 4141 actiones.

618 4178 879 4235 Similiter
908 4191 957 4235 et
991 4181 1128 4237 illud
1173 4191 1464 4252 opportune
1493 4179 1804 4235 intuendum
1844 4187 1938 4242 est,
2002 4179 2141 4242 quod

547 4274 758 4329 dicens:
791 4272 976 4329 Omnis
1003 4276 1157 4331 homo
1195 4278 1267 4330 ad
1293 4277 1594 4345 proximam
1627 4273 1901 4343 sanguinis
1925 4272 2006 4325 sui
2037 4288 2139 4323 non

548 4367 779 4430 accedet,
808 4375 866 4421 ut
887 4367 1075 4421 revelet
1111 4368 1492 4438 turpitudinem
1530 4366 1665 4436 ejus.
1696 4364 1956 4419 Addidit:
2023 4361 2138 4434 Ego

546 4461 822 4517 Dominus.
862 4464 930 4520 Et
961 4465 1093 4534 quid
1135 4480 1275 4536 opus
1309 4472 1427 4520 erat
1452 4463 1557 4518 hoc
1587 4461 1732 4529 addi,
1771 4477 1895 4517 cum
1937 4459 2134 4525 semel,

545 4562 601 4609 et
631 4554 737 4610 hoc
768 4555 928 4611 initio
959 4558 1245 4627 praesentis
1279 4555 1583 4612 sanctionis
1624 4554 1863 4609 dixerit:
1894 4552 2007 4624 Ego
2035 4552 2137 4606 Do-

2243 3358 2349 3413 hoc
2366 3372 2461 3411 eos
2487 3359 2783 3416 tentantes,
2818 3365 2882 3405 ac
2913 3347 3114 3403 deinde
3144 3345 3397 3399 actiones
3430 3352 3630 3395 eorum
3658 3344 3813 3402 turpes

2241 3456 2655 3524 cognoscentes,
2678 3444 2976 3518 prodamus
3009 3456 3121 3496 eos.
3155 3437 3315 3494 Unde
3339 3444 3401 3489 et
3436 3432 3611 3487 nimis
3640 3438 3810 3524 oppor-

2243 3521 2375 3600 tune
2420 3541 2663 3599 subdidit
2703 3558 2717 3592 τ
2757 3538 2869 3610 Ego
2924 3535 3202 3590 Dominus.
3241 3530 3303 3585 Id
3341 3538 3435 3583 est
3486 3521 3816 3582 manifestans

2243 3639 2529 3694 hominum
2573 3641 2817 3705 peccata,
2849 3641 3195 3700 qumcunque
3228 3619 3481 3679 confessi
3522 3614 3721 3672 fuerint
3744 3614 3816 3673 ;e|

2241 3730 2450 3788 orando
2480 3725 2858 3798 exposuerint,
2903 3733 3090 3793 tegens
3118 3726 3175 3774 et
3223 3715 3544 3784 dissipans,
3585 3711 3659 3765 ita
3689 3712 3818 3798 utne

2241 3826 2462 3896 quidem
2480 3821 2769 3892 vestigium
2800 3832 2988 3872 eorum
3013 3811 3336 3882 reperiatur.
3360 3806 3517 3873 Quia
3550 3791 3818 3896 ergo-ntul-

2242 3887 2358 3976 tum
2390 3932 2579 3974 eorum
2606 3929 2726 3984 quae
2757 3926 2902 3966 nunc
2942 3907 3149 3963 sancita
3193 3911 3344 3963 sunt,
3396 3900 3628 3954 lucrum
3662 3887 3820 3947 didici-

2241 4026 2386 4073 mus,
2423 4009 2488 4063 ad
2521 4023 2582 4063 ea
2613 4022 2735 4076 qua:
2768 4009 3077 4071 sequuntur
3107 4006 3497 4050 transeamus.

2312 4102 2709 4173 Turpitudinem
2741 4096 2918 4152 uxoris
2957 4106 3059 4147 tute
3091 4098 3139 4143 et
3191 4087 3317 4157 ﬁliis
3357 4084 3489 4154 ejus
3521 4097 3630 4136 non
3657 4069 3821 4131 νευειασ

2242 4198 2340 4261 bis,
2378 4204 2423 4248 et
2453 4193 2625 4262 ﬁliam
2651 4189 2750 4259 ﬁlii
2777 4187 2913 4256 ejus,
2944 4193 2991 4238 et
3017 4181 3186 4251 ﬁliam
3219 4175 3351 4246 ﬁlice
3386 4175 3517 4243 ejus
3542 4175 3822 4262 nonsunm.

2246 4298 2298 4342 ut
2345 4284 2536 4339 reveles
2578 4279 2927 4352 ignominiam
2960 4275 3095 4343 ejus,
3120 4271 3244 4342 quia
3275 4283 3414 4322 curo
3453 4265 3611 4319 illius
3633 4264 3760 4320 sunt.
3787 4256 3825 4304 ιι

2244 4378 2367 4432 talis
2397 4377 2564 4430 coitus
2589 4375 2812 4427 incestus
2839 4378 2935 4424 est.
2968 4362 3355 4420 Necessarium
3386 4373 3534 4429 ergo
3571 4358 3675 4411 hoc
3701 4360 3827 4446 mati-

2241 4472 2427 4528 dalum
2450 4468 2728 4541 legislator
2749 4463 2931 4536 posuit
2960 4480 2974 4515 :
2999 4476 3089 4530 qui
3113 4458 3259 4512 enim
3287 4469 3433 4509 cum
3459 4462 3647 4508 matre
3667 4453 3720 4541 et
3744 4439 3830 4541 lii-if

2241 4531 2534 4625 miscetur:
2575 4568 2631 4614 et
2673 4531 2765 4613 de—
2784 4563 3014 4624 utraque
3060 4551 3200 4605 ﬁlios
3245 4552 3524 4619 generat,
3578 4531 3832 4597 confundit

546 4650 720 4704 minus
768 4650 910 4705 Deus
950 4661 1112 4707 vester
1131 4653 1153 4693 9
1182 4651 1293 4707 Sed
1333 4662 1524 4721 aperte
1555 4651 1686 4705 illud
1712 4649 1976 4716 ostendit,
2005 4647 2132 4719 quia
2173 4637 2214 4694 Ι)
2244 4657 2363 4728 ipse
2397 4652 2799 4725 generationes.
2831 4646 2934 4713 Qui
2961 4645 3107 4700 enim
3130 4642 3198 4696 de
3227 4650 3422 4695 matre
3447 4638 3503 4693 ei
3529 4633 3833 4728 generant-It!

545 4740 592 4794 is
617 4741 708 4810 qui
739 4740 856 4797 hme
890 4743 1091 4808 sanxit,
1124 4742 1241 4814 ipse
1280 4749 1364 4797 est
1397 4741 1492 4811 qui
1516 4741 1675 4796 nobis
1697 4756 1865 4800 carne
1893 4739 2133 4810 conjun-

544 4841 664 4887 ctus
693 4842 797 4899 est,
836 4843 1148 4905 nostraeque
1186 4833 1532 4904 cognationis
1573 4832 1807 4889 allectus
1838 4842 1923 4888 est
1963 4831 2136 4903 parti-

543 4943 696 4996 ceps.
730 4926 884 4982 Unde
935 4928 1199 4997 injustum
1233 4935 1321 4981 est
1349 4935 1410 4981 ut
1454 4926 1892 4997 magnitudinem
1934 4940 2137 4994 cogna-

542 5019 708 5073 tionis
735 5021 855 5090 ejus
899 5021 1244 5090 injuriemus.
1287 5022 1424 5075 (lum
1455 5032 1638 5075 autem
1684 5020 1801 5076 haec
1834 5020 1911 5075 ita
1943 5034 2001 5073 se
2040 5019 2138 5072 ha-

542 5110 729 5175 beant,
774 5111 1189 5182 intelligendum
1239 5119 1324 5166 cst
1374 5111 1575 5169 sanciri
1625 5105 1992 5182 spiritaliter:
2025 5123 2139 5163 non

543 5206 662 5257 vult
746 5204 895 5259 enim
951 5220 1054 5259 nos
1133 5205 1387 5260 revelare
1445 5205 1705 5275 quaelibet
1781 5210 2045 5273 peccata,
2109 5218 2139 5255 a

542 5299 811 5368 cognatis,
862 5298 1124 5353 amicisve
1175 5298 1337 5354 nobis
1367 5314 1489 5369 qua:
1536 5300 1744 5354 credita
1774 5296 1997 5359 fuerint,
2035 5310 2140 5349 nec

543 5391 776 5458 prodere
811 5399 998 5461 turpes
1023 5392 1268 5448 actiones
1298 5392 1538 5456 illorum,
1573 5407 1644 5446 ne
1691 5390 1833 5446 forte
1867 5390 2140 5461 patiamur

542 5482 690 5551 quod
736 5483 932 5549 Citam,
980 5484 1073 5554 qui
1133 5487 1304 5554 patris
1350 5486 1656 5541 nuditatem
1714 5482 1995 5549 videns“,
2028 5496 2138 5535 non

543 5580 849 5650 cooperuit,
880 5582 975 5636 sed
1004 5580 1265 5636 fratribus
1287 5583 1577 5654 egrediens
1591 5579 1867 5651 patefecit.
1893 5576 1951 5631 in
1983 5585 2138 5646 patre

543 5685 674 5742 ergo
702 5681 760 5727 et
788 5681 986 5736 matre,
1022 5681 1079 5726 et
1111 5687 1324 5738 sorore,
1363 5688 1722 5743 quoscunque
1767 5671 1903 5726 alios
1936 5680 2138 5734 cogna-

615 5874 663 5906 ⁸⁶
702 5876 863 5931 Num.
899 5894 1023 5939 xxv.
1060 5881 1146 5934 :‘il.
1256 5882 1299 5913 ⁸⁷
1324 5881 1465 5936 Osce
1497 5898 1594 5941 vn,
1631 5880 1684 5934 ft.

546 5938 596 5984 ⁸³
618 5942 641 6001 ι
667 5946 794 6004 Cor.
824 5965 927 6017 ιιι,
964 5951 1048 6006 ίῆ.
1127 5952 1173 5984 ⁵³
1198 5950 1356 6007 Rom.
1391 5967 1510 6018 xm,
1540 5938 1593 6020 9,
1624 5954 1704 6006 l0.

1777 5883 1821 5914 ³⁸
1859 5882 1997 5937 Osee
2043 5896 2116 5947 tv,
2154 5879 2239 5936 Η.

2240 4715 2358 4812 filii,
2399 4715 2597 4799 fratres
2651 4756 2842 4797 eorum
2877 4738 2969 4808 qui
3018 4740 3362 4808 generantur
3410 4747 3489 4786 ex
3518 4725 3709 4784 uxoris
3749 4715 3833 4812 ﬁlis

2241 4810 2404 4898 simul
2462 4849 2627 4909 atque
2679 4837 2734 4891 bi
2782 4835 2939 4889 fiunt.
2973 4832 3272 4898 Patresque
3317 4826 3603 4881 similiter
3656 4826 3710 4873 et
3747 4810 3832 4871 avi.

2240 4934 2462 5005 quando
2479 4948 2602 4988 cum
2634 4941 2827 4996 matre,
2856 4938 2911 4984 ct
2951 4927 3072 4996 ejus
3099 4934 3265 4995 nepte
3286 4922 3505 4977 coicns
3538 4927 3697 4991 pater
3723 4909 3835 4966 lilio-

2242 5045 2387 5094 rum,
2427 5029 2519 5098 qui
2562 5043 2628 5082 ex
2678 5034 2904 5095 utraque
2949 5020 3117 5093 geniti
3165 5027 3318 5082 sunt,
3373 5016 3564 5072 fuerit;
3615 5011 3834 5069 eliectus.

2239 5124 2357 5181 Non
2388 5131 2568 5177 autem
2597 5118 2809 5183 matris,
2841 5126 2896 5172 et
2923 5116 3064 5180 tiliae,
3105 5123 3161 5167 et
3192 5111 3392 5180 neptis
3430 5105 3834 5179 turpitudinem.

2240 5216 2442 5271 malum
2479 5211 2833 5275 desiderium,
2875 5207 3255 5273 actionemque
3279 5217 3354 5255 ex
3386 5197 3687 5257 desiderio
3708 5185 3838 5265 geni-

2241 5317 2349 5361 tam
2382 5304 2773 5374 intelligamus,
2806 5316 2925 5370 quae
2960 5298 3026 5352 ad
3059 5295 3337 5350 actionem
3374 5294 3557 5347 aliam
3594 5282 3840 5359 egredilut

2238 5396 2615 5468 maligniorem
2667 5401 2831 5463 atque
2886 5389 3174 5459 majorem.
3227 5384 3326 5438 Ait
3378 5384 3548 5440 enim
3597 5375 3837 5438 Jacobus:

2241 5487 2669 5557 Concupiscentia
2702 5502 2819 5538 cum
2858 5491 3108 5551 conrepta
3141 5478 3327 5550 fuerit,
3365 5479 3534 5547 parit
3569 5479 3838 5545 peccatum.

2244 5591 2517 5652 peccatum
2553 5590 2724 5633 autem
2762 5595 2878 5630 cum
2914 5581 3349 5629 consummatum
3384 5570 3562 5643 fuerit
3596 5608 3613 5632 ,
3653 5560 3839 5636 general

2242 5683 2461 5728 mortem
2486 5673 2530 5703 "‘
2566 5690 2579 5725 :
2612 5687 2732 5740 quae
2774 5678 2856 5725 est
2896 5665 3150 5722 desiderii
3192 5678 3407 5732 nepos,
3443 5662 3601 5732 quod
3644 5654 3737 5713 tibi
3771 5663 3842 5704 50‘

2882 5876 2924 5908 ⁴⁰
2955 5874 3093 5931 Gen.
3133 5888 3185 5940 ι,
3218 5867 3316 5923 22.
3411 5872 3460 5903 ιι
3502 5868 3685 5924 [Tim
3714 5857 3762 5931 ιε,
3792 5858 3838 5910 9..

2320 5880 2363 5913 ³⁹
2384 5879 2594 5957 :lcrem.
2632 5894 2712 5945 nt,
2750 5876 2803 5930 5.
