3992 6462
318 372 445 437 1013
476 310 491 333 Ι

1469 392 1547 453 ΙΝ
1590 391 2034 454 LEVlTlCUM.
2062 415 2131 423 -
2170 389 2315 448 LIB.
2348 388 2413 450 V.

3454 379 3585 445 1014

315 490 549 542 cundum
602 495 771 561 lpsam
819 492 1105 553 historiam
1153 508 1209 554 et
1268 498 1606 573 Scripturam
1652 503 1892 558 divinam
1926 512 1967 568 Α
2001 498 2351 555 IEmulantur
2371 518 2459 555 vos
2488 517 2589 554 non
2621 500 2764 563 bene,
2788 501 2880 554 sed
2905 500 3178 555 excludere
3194 517 3280 554 vos
3308 499 3484 553 colunt
3513 501 3578 554 ".

316 583 684 639 ostendemus.
711 586 1043 658 Concupivit
1075 607 1207 662 ergo
1233 593 1403 649 David
1439 594 1582 650 Uria:
1616 612 1844 650 uxorem
1876 614 1889 649 :

316 690 441 730 ecce
510 677 716 745 peccati
745 688 922 734 mater
967 684 1433 754 concupiscentia.
1483 686 1894 758 Concupiscens

314 769 614 824 mmehatus
648 780 732 827 est
764 788 778 823 :
804 781 1032 828 matrem
1069 776 1174 830 ﬁlia
1206 779 1494 834 subsecuta
1526 789 1630 835 est.
1664 781 1892 838 Adulte—

314 870 464 916 ratus
523 865 768 920 occidit:
822 868 1057 936 pessima
1103 871 1561 940 concupiscentia
1593 872 1889 929 mortifera:

312 967 431 1021 qua:
480 956 759 1023 praecessit
812 959 1014 1028 neptis.
1067 959 1213 1014 Nihil
1258 977 1389 1033 ergo
1433 963 1627 1019 horum
1664 965 1893 1021 revelari

314 1044 426 1098 vult
448 1063 461 1099 :
487 1062 665 1117 neque
682 1048 824 1103 enim
843 1059 1062 1121 oportet
1082 1053 1456 1122 proximorum
1478 1056 1630 1126 prodi
1651 1068 1891 1127 peccata,

313 1139 408 1192 sed
454 1138 736 1195 admoneri
771 1143 943 1214 magis
982 1160 1098 1210 eos,
1143 1156 1198 1201 et
1232 1147 1300 1202 ad
1335 1148 1655 1203 memoriam
1705 1165 1893 1205 eorum

312 1244 588 1294 revocare,
637 1247 761 1286 cum
798 1233 943 1289 dicat
980 1237 1275 1305 Apostolus
1306 1256 1320 1293 :
1352 1236 1592 1304 Fratres,
1617 1242 1662 1294 si
1714 1242 1897 1310 depre-

311 1319 500 1375 hensus
531 1321 688 1392 fuerit
731 1326 843 1396 quis
880 1344 944 1382 ex
966 1329 1105 1383 vobis
1147 1331 1203 1384 in
1231 1331 1412 1402 aliqua
1450 1334 1660 1400 delicto,
1693 1352 1783 1389 vos
1808 1337 1896 1405 qui

311 1411 581 1480 spiritales
603 1417 746 1480 estis,
776 1418 1021 1476 instruite
1050 1423 1354 1493 hujusmodi
1393 1426 1446 1480 in
1491 1428 1679 1494 spiritu
1703 1427 1895 1483 lenita-

315 1504 405 1569 tis,
458 1508 794 1564 considerans
828 1513 1071 1577 teipsum,
1102 1532 1165 1569 ne
1205 1526 1255 1571 et
1300 1527 1358 1571 tu
1399 1520 1612 1574 tentcris
1635 1520 1701 1575 ⁸³.
1734 1519 1898 1576 Vides

311 1597 441 1664 quia
469 1613 579 1652 non
615 1599 815 1656 frustra
841 1603 1115 1675 legislator
1154 1608 1372 1664 dicebat
1405 1629 1418 1665 :
1453 1609 1590 1666 Caro
1630 1621 1720 1665 tua
1752 1622 1892 1668 sunt.

311 1682 623 1744 Ostendens
657 1692 783 1760 quia
826 1706 1117 1765 cognatum
1161 1700 1320 1754 nobis
1366 1703 1790 1771 quodammodo,
1842 1713 1899 1759 ct

310 1779 575 1836 familiare
603 1793 708 1849 est,
749 1801 996 1854 peccare,
1033 1800 1254 1860 propter
1283 1794 1425 1861 quod
1456 1794 1691 1863 compati
1738 1796 1897 1851 nobis

310 1871 541 1928 invicem
566 1875 829 1932 debemus
852 1890 1162 1949 peccantes.
1187 1883 1320 1938 Nam
1345 1884 1548 1941 Paulus
1573 1889 1898 1959 diSpensans

308 1964 416 2019 hoc
438 1967 580 2036 quod
611 1984 761 2025 nunc
789 1970 991 2026 dictum
1022 1986 1121 2036 est,
1149 1977 1387 2033 subdidit
1419 1997 1431 2032 :
1471 1980 1699 2035 Invicem
1734 1999 1897 2038 onera

303 2068 481 2111 vestra
540 2070 768 2128 portate,
811 2074 858 2117 et
902 2066 977 2118 sic
1007 2068 1363 2138 adimplebitis
1405 2069 1566 2143 legem
1603 2048 1797 2129 Clirisli
1826 2074 1894 2129 "'.

302 2145 429 2215 ipse
456 2162 584 2219 ergo
617 2163 838 2220 peccata
865 2164 1047 2209 nostra
1078 2159 1339 2227 portavit.
1366 2159 1469 2226 Qui
1523 2171 1705 2217 autem
1757 2180 1898 2222 onus

307 2238 537 2307 proximi
571 2253 771 2311 portat,
802 2256 856 2300 et
890 2248 1117 2319 suscipit
1143 2251 1195 2304 in
1225 2253 1522 2324 semetipso
1558 2255 1740 2313 fratris
1764 2274 1896 2330 pec-

306 2339 447 2391 cata.
478 2349 590 2388 non
621 2335 739 2390 haze
768 2339 969 2407 prodit,
1012 2357 1116 2397 nec
1146 2345 1371 2411 revelat,
1400 2347 1495 2401 sed
1532 2350 1717 2420 magis
1742 2352 1898 2407 cohi-

302 2421 418 2485 bet,
445 2433 501 2479 et
526 2428 708 2484 verbis
732 2432 1147 2490 medicinalibus
1170 2446 1345 2503 curat,
1375 2449 1429 2494 et
1454 2440 1597 2495 sicut
1622 2443 1897 2512 propriam

301 2514 680 2574 infirmitatem
710 2523 1185 2582 exhortationibus
1211 2528 1462 2601 benignis
1489 2534 1758 2590 exhaurit.
1783 2535 1899 2591 Un-

298 2607 369 2662 de
403 2612 667 2679 pr0pheta
694 2614 866 2671 Isaias
882 2617 950 2673 de
977 2618 1257 2677 Salvatore
1277 2622 1465 2679 dicens
1489 2643 1502 2677 :
1528 2626 1653 2680 Vere
1676 2642 1896 2697 peccata

298 2709 484 2753 nostra
509 2702 620 2770 ipse
645 2708 897 2773 portavit,
919 2710 1161 2766 subdidit
1187 2730 1199 2765 :
1226 2712 1291 2766 Et
1308 2731 1404 2782 pro
1424 2720 1898 2787 transgressoribus

297 2795 507 2863 rogarit
538 2796 603 2851 ⁸⁷.
629 2796 800 2870 Allligi
846 2801 1012 2873 igitur
1036 2813 1090 2859 et
1123 2821 1340 2875 gemere
1365 2809 1629 2864 debemus
1664 2827 1762 2881 pro
1814 2814 1894 2869 eis

298 2884 395 2954 qui
431 2886 497 2940 ad
535 2902 752 2956 pravam
794 2907 1039 2961 operam,
1074 2898 1571 2971 cogitationemque
1624 2905 1896 2976 progressi

296 2987 454 3042 sunt,
488 2995 592 3033 non
628 2991 811 3037 autem
848 2988 963 3042 haec
994 2991 1365 3047 manifestare.
1882 2992 1888 2999 ’

376 3068 520 3125 Vnus
559 3072 643 3129 18.
680 3094 698 3127 ι
730 3074 987 3134 Sororem
1012 3083 1199 3137 uxoris
1226 3094 1329 3139 tum.
1359 3086 1415 3140 in
1437 3088 1748 3157 pellicatum
1774 3091 1896 3161 ejus

297 3175 417 3214 non
432 3162 688 3233 accipies,
723 3183 825 3223 nec
840 3173 1108 3229 revelabis
1132 3176 1523 3245 turpitudinem
1550 3181 1690 3250 ejus,
1715 3182 1897 3237 adhuc
1926 3207 1967 3263 ο

297 3252 395 3307 ila
435 3256 669 3312 vivente.
720 3279 740 3311 ι

380 3343 547 3401 Recte
578 3349 692 3405 haec
710 3353 1123 3424 praecipiuntur,
1146 3375 1274 3429 quia
1299 3361 1354 3415 in
1387 3376 1522 3432 pace
1551 3363 1770 3421 vocavit
1793 3381 1897 3421 nos

297 3439 570 3498 Dominus
595 3445 757 3503 Deus.
797 3448 900 3515 Qui
929 3452 1076 3507 enim
1113 3470 1238 3510 eum
1275 3457 1530 3513 omnibus
1572 3475 1674 3514 nos
1706 3477 1897 3531 pacem

294 3533 509 3589 habere
541 3539 675 3604 vult,
718 3540 882 3596 etiam
908 3559 1003 3611 per
1028 3544 1254 3601 Paulum
1290 3548 1479 3604 dicens
1509 3567 1522 3602 :
1551 3547 1612 3605 Si
1653 3552 1898 3621 possibile

289 3635 401 3686 est.
441 3630 578 3698 quod
611 3648 676 3685 ex
701 3634 841 3688 vobis
870 3646 967 3703 est,
997 3655 1117 3691 cum
1141 3640 1379 3694 omnibus
1403 3642 1699 3698 hominibus
1717 3660 1899 3714 pacem

289 3718 489 3774 habete
517 3721 584 3791 ",
616 3726 786 3782 multo
830 3729 1000 3800 magis
1036 3731 1275 3800 placatos
1315 3748 1416 3787 nos
1450 3734 1565 3788 vult
1602 3749 1724 3791 esse
1772 3752 1895 3792 cum

291 3812 593 3883 proximis,
623 3819 769 3886 quod
798 3822 1092 3885 subvertit,
1133 3822 1179 3877 si
1200 3824 1362 3878 simul
1393 3826 1516 3894 quis
1545 3827 1697 3880 uxori
1739 3843 1898 3883 δονο-

292 3903 464 3974 rique
490 3906 906 3981 ejusjungatur,
947 3922 1007 3968 ut
1036 3930 1253 3970 sorores
1280 3917 1441 3971 simul
1467 3918 1735 3983 habitent,
1766 3928 1900 3975 etut

290 3997 452 4053 inter
463 3999 624 4056 simul
640 4001 949 4061 habitantes
965 4009 1233 4062 excitetur
1249 4010 1419 4075 zelus,
1451 4012 1594 4067 unde
1619 4012 1898 4068 contentio

292 4091 532 4162 rixaque
562 4106 873 4165 generatur.
906 4098 1035 4154 Post
1072 4100 1177 4156 hoc
1207 4102 1289 4157 lex
1320 4103 1454 4159 illud
1490 4105 1755 4175 praecipit,
1785 4122 1898 4161 non

288 4192 560 4253 Oportere
581 4187 637 4241 in
661 4187 888 4244 Judaica
915 4192 1334 4249 conversatione
1360 4196 1786 4252 ecclesiasticam
1808 4213 1900 4252 ac-

289 4272 514 4340 cipere,
537 4291 636 4331 nec
658 4278 821 4332 simul
848 4282 1070 4348 pascha.
1103 4284 1246 4351 quod
1279 4283 1333 4338 in
1362 4284 1533 4356 figura
1562 4297 1646 4342 est
1675 4303 1801 4343 cum
1831 4304 1899 4344 eo

290 4369 453 4437 quod
472 4383 553 4426 est
570 4372 933 4446 intelligibile,
952 4379 1251 4446 celebrare,
1271 4396 1374 4437 nec
1396 4381 1745 4439 festivitatem
1772 4401 1900 4458 azy-

292 4478 523 4517 morum
566 4467 929 4535 celebrantes,
962 4473 1161 4529 Cbristi
1191 4476 1349 4544 panis
1390 4490 1604 4532 coenam
1650 4493 1894 4546 sumere,

1996 592 2132 657 Quia
2168 601 2349 647 autem
2386 606 2498 646 non
2544 590 2783 645 Ecclesia
2832 590 3170 661 Synagogam
3213 588 3440 654 zelatur,
3485 589 3580 642 sed

1997 678 2112 749 ipsa
2141 696 2169 734 a
2197 680 2474 752 Synagoga
2498 680 2672 735 zelum
2695 680 2920 751 patitur,
2940 678 3286 734 manifestum
3310 689 3393 733 est
3419 693 3488 733 ex
3518 694 3584 732 eo

1999 771 2144 841 quod
2173 787 2281 826 non
2303 768 2555 827 secunda
2575 788 2710 828 uxor
2733 774 2943 843 primae,
2967 772 3064 827 sed
3095 770 3270 843 prima
3298 770 3492 826 aemula
3516 771 3586 825 sit

1999 863 2252 918 secunda:
2274 904 2289 930 ,
2335 863 2478 919 sicut
2515 881 2580 920 ex
2606 865 2878 921 desiderio
2907 864 3009 920 viri
3027 864 3471 936 subingrediente
3493 880 3586 920 so-

1997 957 2070 1010 let
2094 975 2107 1010 :
2129 957 2447 1013 undeetLia
2468 956 2987 1013 zelabaturllachel.
3022 954 3159 1012 Vide
3198 966 3382 1012 autem
3406 957 3585 1027 qualia

1999 1046 2269 1125 legislator
2315 1049 2592 1105 subdidit:
2634 1050 2854 1105 Etcum
2901 1049 3172 1105 dixisset:
3209 1048 3290 1102 Da
3339 1050 3470 1102 mihi
3517 1050 3582 1103 de

2000 1141 2365 1211 mandragoris
2416 1142 2516 1210 ﬁlii
2544 1142 2641 1207 tui,
2670 1143 2951 1213 respondit
2974 1163 2985 1195 :
3008 1143 3280 1198 Parumne
3302 1144 3394 1197 tibi
3438 1143 3586 1197 vide-

2001 1238 2088 1283 tur
2111 1232 2249 1300 quod
2274 1233 2610 1300 prwripueris
2646 1234 2897 1287 maritum
2915 1234 3042 1288 mihi
3060 1235 3148 1288 “1’
3179 1234 3380 1306 Aperte
3402 1243 3587 1290 autem

2001 1322 2119 1378 hmc
2146 1324 2457 1380 aemulantis
2480 1326 2817 1381 verba‘sunt.
3196 1398 3199 1403 η

2073 1412 2454 1471 Vens.19-25.
2502 1433 2519 1466 ‹
2568 1416 2647 1471 Ad
2688 1417 2974 1472 mulierem
3009 1432 3130 1487 quae
3182 1419 3387 1489 patitur
3431 1434 3588 1474 men—

2000 1512 2149 1558 strua
2179 1520 2287 1559 non
2320 1506 2569 1571 accedes,
2600 1521 2704 1563 nec
2717 1508 2926 1563 reveles
2945 1508 3245 1564 fteditatem
3279 1511 3417 1582 ejus.
3448 1512 3585 1567 Cum

2000 1612 2170 1651 uxore
2210 1596 2441 1668 proximi
2476 1599 2550 1653 tui
2590 1615 2699 1653 non
2734 1599 2923 1665 coibis,
2963 1616 3069 1655 nec
3101 1601 3323 1657 seminis
3356 1604 3588 1658 commio

2001 1688 2175 1743 stione
2196 1690 2577 1745 maculaberis.
2614 1692 2687 1746 De
2706 1691 2912 1747 semine
2931 1700 3023 1747 tuo
3048 1710 3157 1763 nep
3183 1693 3337 1749 dabis
3359 1703 3411 1751 ut
3455 1709 3588 1751 con—

2002 1792 2246 1835 secretur
2264 1781 2408 1840 idolo
2428 1782 2658 1849 Moloch,
2682 1802 2701 1834 ι
2742 1784 2847 1849 vel,
2884 1785 3184 1840 secundum
3211 1784 3587 1857 Septuaginta.

1930 1862 1974 1922 Β
2005 1872 2201 1929 Ρηεδιο
2247 1893 2355 1930 esse
2390 1877 2637 1947 principi.
2679 1897 2697 1928 ι
2742 1877 2853 1933 Nec
2885 1879 3095 1948 pollues
3126 1894 3327 1934 nomen
3357 1880 3453 1935 Dei
3489 1880 3588 1935 tui.

1947 1967 1959 1979 “
2002 1966 2111 2039 Ego
2134 1967 2411 2023 Dominus.
2449 1969 2585 2024 Cum
2621 1970 2862 2025 masculo
2896 1987 3007 2026 non
3041 1970 3281 2027 dormies
3315 1971 3462 2027 coitu
3507 1971 3592 2027 fe-

2001 2062 2204 2123 mineo,
2229 2061 2355 2130 quia
2388 2061 2724 2117 abominatio
2758 2072 2862 2117 est.
2890 2062 3026 2118 Cum
3061 2064 3211 2119 omni
3254 2079 3452 2136 pecore
3477 2081 3589 2120 non

2000 2150 2191 2217 coibis,
2212 2167 2315 2207 nec
2336 2154 2701 2208 maculaberis
2715 2170 2837 2209 cum
2859 2170 2943 2210 eo.
2975 2156 3169 2211 Mulier
3184 2173 3292 2213 non
3331 2172 3590 2213 succum—

2002 2246 2090 2299 bet
2115 2245 2388 2315 jumento,
2417 2262 2522 2302 nec
2549 2247 2870 2303 miscebitur
2898 2249 2968 2314 ei,
2999 2249 3126 2319 quia
3155 2250 3333 2305 scelus
3358 2259 3461 2307 est.
3499 2270 3518 2302 ι

2073 2336 2217 2391 Bene
2246 2337 2365 2394 haec
2407 2339 2873 2410 interpretationis
2914 2342 3055 2412 style
3096 2343 3388 2413 conjuncta
3436 2352 3585 2399 sunt.

2001 2427 2248 2485 Praesens
2270 2446 2399 2503 ergo
2426 2431 2748 2503 legislatoris
2789 2432 3022 2488 intentio
3061 2441 3147 2488 est
3172 2449 3202 2488 a
3245 2434 3586 2501 libidinibus,

2001 2530 2056 2575 et
2100 2520 2326 2576 nefariis
2369 2523 2868 2590 commistionibus,
2897 2531 3009 2578 eta
3054 2523 3420 2581 fornicatione
3477 2532 3587 2581 tam

2001 2614 2243 2669 sensibili
2274 2631 2435 2684 quam
2492 2613 2811 2687 inielligibili
2840 2617 3099 2672 cohibere
3126 2632 3251 2672 eum
3277 2617 3368 2689 qui
3390 2618 3589 2690 accipit

2002 2703 2195 2775 legem.
2213 2704 2347 2759 Eum
2376 2715 2663 2776 propterea
2689 2722 2798 2760 non
2822 2708 3080 2777 praecepit
3108 2707 3157 2762 ei
3193 2724 3316 2778 quae
3345 2710 3402 2763 in
3428 2725 3590 2765 men-

2004 2796 2140 2851 truis
2167 2798 2469 2852 constituta
2492 2807 2576 2852 est
2601 2806 2825 2868 propter
2856 2797 3212 2868 pollutionem
3239 2800 3589 2867 concubitus,

2001 2897 2192 2943 contra
2216 2888 2387 2960 legem
2414 2890 2653 2957 misceri,
2688 2890 2781 2944 sed
2812 2906 2915 2945 nec
2943 2890 3096 2945 uxori
3127 2890 3361 2961 proximi
3395 2910 3410 2947 :
3435 2892 3593 2949 adul-

2003 2979 2197 3034 terium
2255 2980 2400 3034 enim
2459 2981 2558 3035 ista
2604 2982 2931 3046 cemmistio,
2969 2997 3079 3036 non
3132 2982 3445 3055 eonjugium
3484 2993 3590 3040 est.

2003 3071 2158 3127 Unde
2180 3087 2303 3127 cum
2334 3072 2561 3128 dixisset
2585 3091 2598 3127 :

2073 3161 2207 3218 Cum
2259 3181 2420 3219 uxore
2460 3168 2689 3235 proximi
2723 3168 2801 3221 tui
2839 3185 2941 3222 non
2981 3169 3161 3234 coibis,
3186 3168 3394 3225 addidit
3430 3187 3444 3223 :
3484 3168 3594 3225 Nec

2001 3256 2217 3310 seminis
2273 3259 2640 3313 commistione
2699 3261 3070 3316 maculaberis.
3105 3259 3220 3317 Hoc
3269 3263 3592 3333 explanans,

2000 3347 2126 3416 quia
2152 3347 2265 3417 jam
2297 3366 2407 3405 non
2441 3359 2526 3406 est
2563 3351 2914 3423 conjugium;
2947 3369 3128 3424 neque
3152 3354 3298 3409 enim
3329 3354 3596 3425 polluerat

2002 3457 2126 3497 eum
2159 3444 2250 3514 qui
2296 3445 2759 3500 commiscebatur
2788 3463 2802 3511 ;
2832 3446 2959 3517 quia
2990 3446 3315 3503 honorabile
3355 3455 3441 3503 est
3459 3462 3596 3503 eon—

1994 3534 2227 3603 juginm,
2264 3543 2318 3588 et
2358 3543 2509 3590 torus
2550 3536 2931 3591 immaculatus
2969 3556 2981 3591 :
3028 3536 3125 3591 sed
3170 3551 3296 3591 cum
3349 3535 3595 3591 sensibili

2002 3622 2380 3691 fornicatione,
2401 3634 2456 3681 et
2476 3628 2547 3681 ab
2563 3626 2882 3698 intelligibili
2911 3642 3013 3682 nos
3035 3642 3323 3683 removere
3347 3627 3593 3683 maximo

2000 3717 2184 3772 studio
2232 3718 2444 3785 nititur,
2492 3731 2715 3790 propter
2756 3721 2902 3791 quod
2947 3719 3192 3775 subdidit
3230 3739 3242 3775 :
3280 3720 3359 3776 De
3397 3723 3597 3776 semine

2001 3819 2091 3864 tuo
2133 3827 2238 3864 non
2281 3812 2432 3866 dabis
2471 3813 2665 3867 servire
2700 3812 2921 3875 Molocli,
2954 3813 3089 3877 sive,
3123 3822 3183 3866 ut
3214 3811 3593 3884 Septuaginta.

2003 3899 2265 3972 Principi.
2302 3901 2403 3957 Cui
2457 3914 2637 3958 autem
2686 3903 2944 3974 principi,
2998 3912 3179 3958 nostra
3230 3904 3515 3959 translatio
3538 3915 3595 3959 et

2000 3993 2196 4064 reliqui
2242 3994 2573 4064 interpretes
2620 3995 3002 4049 ostenderunt.
3029 3993 3135 4064 ipsi
3165 3996 3313 4049 enim
3348 3994 3591 4055 Moloeh,

2001 4101 2100 4156 pro
2119 4101 2184 4140 eo
2209 4087 2352 4155 quod
2376 4095 2459 4141 est
2481 4086 2734 4156 principi,
2758 4102 3002 4143 consone
3034 4087 3351 4142 ediderunt.
3384 4086 3591 4141 Idolum

2001 4187 2185 4233 autem
2229 4179 2335 4235 hoe
2392 4178 2564 4235 fuisse
2602 4181 2771 4235 etiam
2821 4180 3136 4250 Stephanus
3165 4181 3212 4212 "
3238 4181 3592 4245 concionans,

2000 4272 2233 4328 maxime
2263 4273 2429 4328 Amos
2462 4281 2590 4327 ante
2622 4289 2746 4335 eum
2784 4275 3143 4344 prophetans,
3174 4273 3591 4337 demonstravit,

2000 4366 2077 4419 ait
2106 4366 2253 4421 enim
2281 4383 2294 4420 :
2321 4366 2390 4420 Et
2433 4367 2687 4437 portastis
2732 4366 3133 4421 tabernaculum
3172 4365 3371 4422 Molocli
3402 4376 3591 4426 vestro.

1999 4466 2047 4511 et
2090 4457 2380 4529 imaginem
2437 4458 2703 4514 idolorum
2753 4468 3069 4525 uestrorum,
3112 4459 3256 4513 sidus
3298 4456 3394 4511 Dei
3435 4459 3594 4512 vestri

286 4571 430 4627 quae
454 4569 580 4613 sunt
598 4576 722 4615 vera
740 4576 950 4634 azyma,
965 4580 1067 4619 nec
1083 4566 1127 4620 ei
1138 4568 1560 4624 rcumcisionem
1576 4569 1735 4625 simul
1757 4588 1895 4642 pras-

2003 4550 2194 4621 fecistis
2226 4550 2365 4605 vobis
2388 4550 2453 4607 ⁸³.
2494 4551 2692 4607 Semen
2727 4564 2907 4608 autem
2940 4568 3052 4607 non
3095 4560 3272 4607 solum
3309 4561 3590 4623 cognatos.

288 4647 490 4703 dicare
505 4659 560 4705 et
577 4652 864 4722 baptisma.
891 4656 1268 4714 :‘llemoramini
1285 4676 1414 4732 ergo
1445 4663 1589 4718 illius
1606 4665 1699 4732 qui
1717 4664 1855 4719 dixit
1880 4685 1894 4722 :

290 4740 445 4796 Ecce
466 4761 557 4811 ego
572 4745 773 4802 Paulus
789 4750 905 4804 dico
924 4751 1086 4817 vobis,
1099 4754 1144 4807 si
1161 4754 1638 4823 circumcidamini,
1659 4755 1898 4825 Christus

287 4835 451 4890 vobis
468 4837 598 4891 nihil
614 4849 823 4907 prodest
841 4842 908 4901 δ’.
935 4843 1041 4897 Sed
1066 4853 1120 4899 et
1144 4844 1188 4898 si
1213 4845 1353 4901 forte
1373 4847 1498 4916 quis
1520 4845 1744 4903 Judaica
1763 4863 1897 4903 con-

288 4927 617 4985 versatione
635 4946 767 4986 usus
787 4940 893 4997 est,
912 4933 1235 5005 negligendo
1255 4950 1374 4989 eam
1394 4935 1703 5001 mortiﬁcet,
1729 4936 1784 4992 id
1810 4947 1897 4993 est

287 5017 553 5073 viliorem
578 5030 739 5091 atque
758 5023 1092 5079 inefficacem
1121 5026 1332 5090 reddat,
1364 5033 1419 5081 et
1444 5034 1574 5087 tunc
1591 5026 1643 5081 ei
1668 5042 1790 5097 quae
1809 5035 1895 5081 est

287 5110 565 5166 Ecclesiae
598 5116 914 5180 misceatur,
949 5132 1072 5186 quae
1110 5132 1263 5172 soror
1290 5118 1457 5184 illius,
1477 5134 1599 5188 quae
1640 5119 1892 5173 eamdem

286 5202 483 5271 legem
515 5201 695 5267 habet,
715 5206 1050 5276 eosdemque
1075 5207 1203 5279 legit
1225 5208 1542 5278 prephetas,
1574 5209 1672 5263 sed
1696 5210 1895 5265 aemula

284 5303 410 5357 est,
431 5311 541 5349 non
563 5297 706 5366 quod
738 5298 852 5368 ipsa
875 5300 1103 5367 zeletur,
1132 5302 1225 5356 sed
1250 5303 1392 5371 quod
1423 5302 1539 5357 haec
1559 5302 1701 5356 illius
1717 5303 1893 5358 zelum

286 5386 545 5458 patiatur
579 5406 592 5442 :
626 5391 754 5459 quia
785 5391 989 5448 divitiae
1016 5394 1134 5462 cjus
1164 5394 1230 5448 ad
1261 5410 1358 5448 nos
1391 5410 1487 5464 per
1519 5394 1689 5464 ipsam
1721 5395 1892 5450 devo-

282 5482 435 5536 luta:
460 5492 609 5550 sunt,
629 5484 683 5537 in
708 5494 918 5540 tantum
939 5496 993 5540 nt
1017 5485 1212 5541 Paulus
1237 5486 1304 5541 de
1321 5488 1406 5542 his
1432 5486 1525 5556 qui
1549 5503 1614 5541 ex
1655 5487 1893 5542 circum-

279 5574 517 5630 cisione
534 5585 682 5638 sunt,
708 5578 772 5632 ad
799 5578 1014 5633 Galatas
1035 5579 1127 5648 qui
1144 5594 1206 5632 ex
1220 5580 1473 5648 gentibus
1490 5586 1646 5633 erant
1665 5578 1891 5633 diceret:

386 5741 438 5775 “
462 5741 580 5793 Cal.
604 5755 677 5802 vt,
705 5742 747 5793 l.
825 5740 871 5772 “
897 5742 1026 5797 ibid.
1052 5743 1106 5798 2.
1184 5744 1227 5776 δ’
1260 5744 1362 5798 lsa.
1396 5760 1509 5800 LIII.
1544 5746 1577 5798 ιι
1611 5752 1665 5797 et
1697 5743 1777 5795 1:2.

285 5828 447 5875 rex,
484 5811 564 5863 iii.
642 5811 819 5884 "Agt.
860 5830 951 5873 vn,
980 5814 1066 5867 49.
1106 5884 1109 5887 _
1144 5814 1189 5846 ⁸³
1221 5815 1384 5867 Amos
1414 5814 1571 5877 vﬂG.

1857 5743 1899 5774 δ’
1926 5746 2083 5798 Rom.
2121 5762 2213 5807 xu,
2264 5747 2343 5800 18.

1648 5814 1691 5844 ⁵³
1722 5814 1736 5865 1
1770 5812 1905 5867 Tim.
1942 5831 2011 5873 vt,
2038 5816 2116 5868 l0.

2001 4641 2097 4697 sed
2132 4657 2352 4698 omnem
2402 4652 2647 4700 nostram
2677 4646 2951 4701 actionem
2993 4656 3048 4700 et
3078 4645 3382 4700 doctrinam
3434 4644 3594 4699 intel-

2000 4736 2249 4807 ligamus,
2301 4746 2362 4791 ut
2393 4753 2497 4793 nec
2534 4739 2805 4793 actionem
2844 4748 3088 4793 nostram
3127 4737 3322 4792 demus
3372 4736 3437 4791 ad
3478 4752 3594 4791 scr—

2001 4829 2260 4884 viendum
2285 4829 2466 4894 idolis,
2491 4829 2619 4900 quia
2649 4829 2807 4883 radix
2826 4830 3063 4884 omnium
3096 4828 3359 4883 malorum
3383 4828 3592 4899 cupidi-

1997 4934 2101 4986 tas,
2133 4938 2250 4994 quaz
2272 4932 2347 4977 est
2374 4922 2637 4976 idolorum
2652 4923 2872 4976 servitus
2893 4922 2958 4975 ⁵⁸.
2989 4920 3098 4977 Sed
3125 4936 3228 4977 nec
3247 4921 3378 4976 talia
3395 4922 3590 4977 docea-

1999 5036 2137 5084 mus,
2160 5035 2282 5089 quaa
2307 5020 2374 5073 ad
2402 5019 2605 5072 erroris
2627 5017 2894 5073 idolorum
2918 5018 3257 5090 impietatem
3286 5017 3588 5088 pertinent.

1999 5113 2091 5167 Sic
2126 5110 2272 5167 enim
2309 5100 2566 5181 intelligis
2604 5125 2712 5164 non
2744 5119 2999 5180 Oportere
3044 5111 3114 5165 ad
3150 5110 3434 5164 mulierem
3465 5125 3588 5176 qttzn

1998 5208 2053 5261 in
2084 5205 2381 5260 menstruis
2404 5203 2702 5259 constituta
2723 5210 2828 5268 est,
2866 5203 3099 5274 ingredi,
3131 5201 3200 5257 ad
3234 5199 3584 5257 revelandam

1999 5302 2393 5373 turpitudinem
2438 5291 2579 5373 ejus,
2612 5309 2672 5356 ut
2709 5315 2818 5354 non
2844 5299 2901 5354 in
2949 5314 3194 5354 errorem
3247 5312 3584 5368 paganorum

2001 5412 2102 5453 nos
2150 5395 2499 5450 misceamus.
2551 5394 2727 5464 Hujus
2753 5391 2902 5447 enim
2937 5392 3164 5464 ﬁguram
3211 5404 3422 5461 gerere,
3464 5405 3586 5444 eam

2001 5504 2121 5557 qua:
2139 5488 2191 5542 in
2214 5488 2508 5544 menstruis
2525 5487 2822 5543 constituta
2836 5494 2938 5551 est,
2953 5484 3203 5554 superius
3218 5481 3587 5549 ostendimus,

2003 5597 2126 5636 cum
2158 5582 2226 5637 de
2267 5576 2640 5645 menstruatis,
2673 5586 2730 5633 et
2767 5577 2972 5634 ﬂuxum
3004 5575 3285 5647 sanguinis
3329 5575 3587 5645 patienti--

2426 5748 2467 5777 δ’
2497 5748 2612 5802 Gal.
2648 5767 2696 5814 ν,
2722 5750 2775 5803 2.
2854 5755 2898 5785 ⁸ο
2934 5757 3048 5815 Gal.
3089 5774 3159 5823 Iv,
3195 5761 3276 5814 ΓΙ.
3371 5764 3410 5798 ⁵¹
3439 5765 3575 5819 Gen.
