3992 6412
450 395 588 460 1015

1640 389 2006 450 HESYCHII
2044 387 2516 449 PRESBYTERI

3569 383 3708 451 1016

446 509 551 562 hus
602 505 945 571 mulieribus,
998 474 1391 574 interpretandi
1452 499 1778 553 necessitate
1845 513 2026 551 sermo
2058 508 2098 560 Α
2131 506 2365 567 oportet,
2422 511 2524 551 nec
2557 495 2777 555 dissolvi
2824 497 2944 568 ejus
2994 513 3157 567 quam
3199 496 3362 552 habet
3405 496 3459 550 in
3507 495 3709 552 virtute

448 599 666 657 habitus
690 607 794 652 est.
829 597 936 653 Sed
970 611 1071 650 nec
1114 594 1417 649 rcvelemus
1458 591 1754 647 foeditatem
1796 590 1936 659 ejus,
1971 595 2027 643 ut

446 707 556 753 non
583 691 1044 759 dicamus,neque
1061 688 1395 742 deducamus
1422 685 1490 739 ad
1515 684 1755 739 medium
1785 682 2029 737 actiones

447 800 635 839 eorum
665 784 856 845 malas,
888 797 998 837 non
1025 779 1179 850 quasi
1209 779 1290 833 eis
1333 785 1636 848 parcentes,
1683 775 1778 830 sed
1806 782 2029 846 pr0pter

447 891 541 930 eos
575 875 667 944 qui
713 873 961 937 audiunt,
1009 872 1134 942 quia
1175 879 1339 925 nocet
1390 868 1758 924 audientibus.
1803 866 2031 937 Propter

447 966 591 1036 quod
624 966 755 1021 dicit
787 964 989 1019 Paulus
1017 983 1030 1019 :
1060 962 1189 1029 Quae
1211 964 1349 1016 enim
1368 962 1422 1014 in
1451 960 1650 1014 occulto
1681 960 1745 1013 ab
1775 959 1848 1012 eis
1873 959 2028 1028 ﬁunt,

450 1068 601 1126 turpe
621 1069 692 1110 est
723 1056 912 1111 dicere.
937 1054 1039 1110 Sed
1055 1063 1103 1109 et
1132 1068 1345 1107 uxorem
1365 1052 1593 1122 proximi
1616 1051 1952 1121 refugiamus,
1974 1056 2031 1101 ut

449 1164 551 1201 non
575 1147 845 1215 polluatur
873 1151 928 1201 iu
958 1164 1019 1201 ea
1032 1139 1102 1212 ⁸⁵,
1122 1145 1338 1217 gentilis
1369 1143 1691 1199 videlicctet
1715 1141 2030 1205 idololatrte,

448 1240 539 1307 qui
554 1239 833 1309 proximus
846 1249 1053 1306 noster,
1068 1247 1293 1309 prepter
1314 1244 1564 1290 naturam
1584 1243 1637 1289 et
1654 1234 2033 1306 cognationem

448 1332 665 1387 dicitur.
687 1333 917 1402 Propter
936 1332 1082 1401 quod
1101 1341 1155 1386 et
1174 1330 1436 1386 Dominus
1459 1327 1749 1398 inquisitus
1769 1342 1799 1381 a
1823 1325 2031 1380 Scriba:

430 1424 518 1479 ’Et
540 1426 655 1496 quis
694 1433 770 1480 est
800 1426 1071 1495 proximus
1113 1440 1257 1478 meus
1290 1424 1336 1455 ⁸⁸
1361 1424 1384 1476 ?
1408 1438 1533 1476 eum
1565 1421 1655 1492 qui
1683 1418 2036 1474 descenderat

449 1519 520 1573 ab
549 1518 851 1574 Jerusalem
900 1518 957 1572 in
987 1517 1232 1583 Jericho,
1280 1526 1335 1571 et
1370 1516 1425 1569 in
1465 1515 1704 1569 latrones
1744 1511 2031 1576 inciderat,

450 1611 705 1669 videlicet
749 1613 1047 1676 daemones,
1081 1618 1137 1666 et
1171 1625 1348 1680 neque
1390 1625 1421 1663 a
1462 1606 1765 1671 sacerdote,
1799 1617 1976 1673 neque
2002 1618 2034 1657 a

452 1701 638 1757 Levita
653 1711 1004 1769 sanatus‘est,
1030 1703 1123 1759 sed
1148 1701 1506 1765 Samaritano,
1541 1697 1850 1769 proximum
1875 1694 2028 1750 dixit.

451 1793 588 1849 Cum
633 1795 796 1865 hujus
845 1810 973 1866 ergo
1020 1795 1247 1849 muliere
1289 1809 1396 1847 non
1446 1791 1797 1855 concumbes,
1850 1798 1909 1843 ut
1942 1788 2031 1843 tali

452 1887 681 1942 seminis
727 1888 1108 1943 commistione
1152 1887 1445 1942 maculeris
1495 1905 1507 1941 :
1560 1894 1620 1941 ut
1650 1901 1759 1940 non
1792 1900 2033 1956 pagano-

450 1990 572 2030 rum
606 1978 887 2047 sapientize
918 1979 971 2032 in
1001 1987 1210 2033 tantum
1245 1978 1740 2043 communicemus,
1773 1992 1952 2047 neque
1974 1978 2032 2031 in

452 2076 662 2122 tantum
690 2069 745 2123 in
781 2086 842 2124 ea
867 2071 1269 2137 incumbamus,
1305 2082 1365 2126 ut
1392 2070 1627 2139 aliquam
1672 2069 2034 2142 pollutionem

451 2175 521 2215 ex
546 2175 610 2214 ea
637 2160 693 2213 iu
716 2163 968 2231 dogmate
998 2163 1409 2231 conquiramus,
1456 2178 1560 2216 nec
1591 2161 1897 2231 poliuamus
1933 2176 2035 2216 no-

448 2268 575 2307 men
627 2254 719 2309 Dei
764 2256 959 2320 nostri,
1013 2256 1158 2325 quod
1195 2254 1559 2310 communiter
1607 2253 1662 2308 in
1694 2253 1875 2307 omnia
1913 2268 2035 2323 quae

448 2342 593 2398 dicta
649 2356 777 2400 sunt
810 2345 1195 2418 intelligamus.
1228 2345 1365 2412 Quia
1416 2346 1617 2417 polluet
1662 2362 1862 2401 nomen
1915 2344 2031 2410 Dei,

447 2447 561 2488 non
601 2436 777 2490 solum
824 2436 1204 2492 fornicationis
1254 2437 1612 2508 turpitudine,
1669 2446 1724 2493 et
1764 2437 2034 2507 aliquibus

447 2526 759 2582 actionibus
787 2528 1058 2583 idolorum
1107 2540 1290 2596 utens,
1328 2530 1422 2583 sed
1463 2530 1581 2584 etsi
1622 2530 1744 2600 quis
1774 2545 1835 2583 ex
1869 2544 2034 2600 paga—

446 2631 649 2674 norum
682 2634 892 2686 errore,
926 2630 981 2675 et
1006 2635 1068 2675 ea
1102 2637 1223 2691 qua:
1267 2621 1572 2692 appellatur
1613 2622 1755 2691 apud
1797 2636 1890 2675 cos
1912 2620 2035 2691 phi—

447 2708 716 2779 losophia,
740 2712 1143 2768 subintroducit
1162 2714 1216 2767 in
1268 2715 1446 2768 divina
1477 2714 1725 2769 Ecclesiae
1747 2714 2030 2785 dogmata:

447 2805 593 2874 quod
617 2806 836 2875 quidam
860 2808 1149 2876 patientes,
1189 2809 1241 2863 in
1267 2821 1465 2863 sortem
1493 2810 1870 2864 haereticorum
1898 2810 2034 2880 lapsi

449 2912 599 2963 sunt,
638 2908 694 2954 et
734 2900 860 2954 facti
892 2911 1022 2955 sunt
1055 2912 1203 2957 extra
1225 2901 1542 2967 Ecclesium,
1574 2913 1761 2973 utpote
1790 2905 2036 2974 polluen-

448 3001 534 3048 tes
576 3004 777 3047 nomen
815 2993 929 3057 Dei,
974 2993 1026 3047 id
1076 3004 1155 3049 est
1191 2995 1518 3064 injuriantes
1549 3008 1604 3050 et
1632 2996 2035 3066 quodammodo

449 3083 868 3152 eoinquinantes
902 3101 915 3137 :
949 3085 1075 3153 quia
1102 3101 1211 3139 non
1240 3095 1456 3155 oportet
1483 3104 1544 3140 ea
1571 3103 1692 3156 quae
1720 3096 1846 3141 sunt
1887 3103 2032 3141 mor-

2131 589 2595 659 perseverantiam
2646 608 2660 643 :
2700 588 2804 644 hoc
2849 590 2999 644 enim
3057 598 3364 659 opportune
3420 603 3546 643 cum
3595 587 3709 643 viro

2133 680 2385 735 muliebri
2418 681 2562 735 coitu
2598 681 2817 735 misceri
2851 681 3192 752 intelligitur.
3220 678 3328 735 Sed
3355 679 3711 751 quemadmo-

2131 772 2259 826 dum
2309 774 2474 828 alium
2516 772 2888 828 ell‘éminatum
2933 774 3050 829 ﬁeri
3083 788 3191 828 non
3217 772 3478 843 oportuit,
3510 772 3582 829 ita
3612 786 3711 826 nec

2132 863 2358 919 nefariis
2399 864 2770 934 voluptatibus
2816 864 3158 935 requiescere
3193 885 3207 921 :
3240 881 3362 936 qua:
3398 875 3548 919 recte
3578 880 3711 934 qua-

2132 956 2416 1026 drupedia,
2459 966 2650 1028 utpote
2680 958 2957 1013 interer
3003 959 3358 1023 intendentia,
3385 968 3442 1013 et
3470 958 3710 1013 actiones

2132 1065 2254 1119 quae
2271 1051 2444 1106 virum
2469 1052 2719 1117 deceant,
2743 1066 2852 1106 non
2870 1050 3156 1116 habentes,
3171 1049 3316 1105 dicta
3334 1059 3497 1104 sunt:
3522 1049 3577 1103 in
3603 1057 3709 1104 ter-

2133 1159 2250 1199 ram
2272 1147 2416 1200 enim
2441 1146 2735 1201 intendunt
2752 1145 3147 1216 quadrupedia,
3164 1152 3219 1199 et
3239 1159 3501 1198 manuum
3527 1152 3709 1198 carent

2134 1253 2257 1304 usu,
2282 1252 2404 1308 quze
2436 1239 2490 1293 in
2510 1239 2754 1294 actiones
2783 1239 2973 1310 dignas
3008 1237 3322 1292 hominibus
3349 1236 3707 1306 accipiuntur,

2134 1329 2261 1399 quia
2283 1328 2500 1400 proprie
2546 1328 2828 1384 hominum
2859 1340 2943 1385 est
2986 1328 3240 1383 manibus
3285 1327 3555 1382 laborare.
3598 1327 3708 1384 Non

2135 1435 2263 1491 ergo
2291 1428 2509 1491 oportet
2531 1436 2654 1476 cum
2688 1421 2772 1476 his
2799 1422 2947 1476 coire
2973 1437 3041 1476 ex
3070 1420 3271 1491 quibus
3284 1419 3406 1490 quis
3431 1420 3707 1489 polluitur.

2135 1508 2237 1576 Qui
2278 1510 2426 1565 enim
2451 1520 2698 1565 moratur
2723 1511 2781 1565 in
2802 1510 3281 1576 delectationibus,
3314 1510 3431 1565 sive
3460 1508 3707 1579 volupta-

2136 1600 2300 1667 tibus,
2329 1601 2403 1655 ita
2430 1609 2491 1656 ut
2519 1602 2846 1658 concumbat
2878 1603 2933 1657 in
2968 1604 3070 1669 eis,
3113 1604 3202 1658 hic
3225 1618 3411 1657 semen
3435 1600 3712 1656 effundere

2135 1692 2354 1761 dicitur,
2391 1703 2616 1765 propter
2642 1696 2767 1762 hoc,
2809 1696 2935 1767 quia
2982 1696 3200 1767 pellitur
3221 1697 3288 1750 ab
3318 1696 3418 1759 eis,
3450 1694 3569 1749 sive
3591 1693 3712 1763 quia

2135 1788 2434 1844 delectatur
2479 1788 2537 1843 in
2591 1788 2692 1857 eis,
2751 1798 2808 1844 et
2857 1789 3127 1860 frequenti
3180 1805 3280 1844 usu
3339 1787 3576 1843 seminat
3602 1802 3711 1852 eos,

2135 1882 2558 1952 quodammodo,
2603 1891 2697 1938 aut
2722 1883 2790 1937 ab
2822 1883 2901 1937 eis
2940 1883 3240 1937 seminatur
3282 1882 3493 1936 semine
3519 1880 3712 1950 aliquo,

2136 1973 2280 2044 quod
2311 1973 2565 2029 inimicus
2610 1974 3013 2030 dormientibus
3044 1974 3202 2029 nobis
3231 1983 3285 2029 et
3317 1972 3716 2044 negligentibus

2136 2065 2193 2120 in
2227 2065 2493 2121 mundum
2529 2066 2782 2134 seminat,
2813 2068 3063 2137 polluens
3095 2066 3270 2131 valde,
3298 2066 3370 2119 ita
3403 2071 3462 2117 ut
3494 2079 3525 2117 a
3566 2075 3716 2116 sacro

2137 2160 2489 2215 tabernaculo
2533 2160 2725 2215 debeat
2764 2161 2886 2227 hic,
2920 2160 3013 2229 qui
3045 2159 3168 2214 talis
3210 2168 3313 2223 est,
3356 2167 3417 2212 ut
3470 2155 3716 2226 polluens

2136 2250 2354 2321 expelli,
2398 2252 2721 2322 alienusque
2768 2267 2892 2307 esse
2928 2268 2957 2306 a
2980 2251 3253 2306 dominica
3292 2264 3438 2310 area,
3475 2247 3567 2318 qui
3624 2261 3716 2317 per

2135 2344 2337 2399 malum
2370 2360 2555 2401 semen
2585 2344 2763 2399 factus
2789 2356 2874 2400 est
2899 2345 3124 2398 zizania.
3159 2341 3357 2413 Legem
3395 2349 3580 2395 autent
3612 2354 3715 2392 non

2135 2440 2220 2495 vir
2244 2438 2415 2503 solus,
2445 2439 2541 2493 sed
2566 2439 2764 2493 mulier
2793 2437 3105 2492 necessarie
3161 2433 3401 2489 custodit
3436 2455 3447 2487 :
3485 2432 3576 2485 illa
3615 2431 3717 2484 uti-

2135 2546 2242 2602 que
2267 2545 2430 2601 quam
2460 2529 2719 2584 Salomon
2751 2529 2953 2595 laudat,
2992 2528 3185 2581 Mulier
3215 2526 3348 2580 bona
3368 2525 3716 2585 benedicetur,

2136 2625 2389 2678 timorem
2438 2622 2533 2677 Dei
2592 2621 2799 2676 laudat.
2857 2619 3137 2675 Mulierem
3189 2621 3398 2691 fortem,
3448 2616 3549 2679 ait,
3609 2616 3718 2688 quis

2136 2715 2362 2769 inveniet
2403 2713 2484 2767 '°?
2526 2713 3001 2779 Quemadmodum
3036 2713 3334 2773 masculus,
3365 2709 3591 2780 quando
3627 2723 3718 2763 sua

2136 2805 2481 2870 custodierit,
2508 2805 2847 2876 gesseritque
2881 2804 2987 2859 sibi
3049 2804 3235 2873 digna,
3270 2801 3545 2872 significat
3598 2798 3717 2853 ani-

2137 2914 2281 2951 mam
2344 2898 2400 2951 in
2458 2896 2757 2951 virtutibus
2789 2896 3185 2950 constitutam:
3238 2895 3318 2949 sic
3384 2903 3441 2948 et
3500 2893 3715 2958 mulier,

2137 2990 2355 3060 quando
2382 2990 2434 3044 in
2472 2990 2637 3045 nullis
2667 3004 2725 3043 se
2750 2989 3032 3043 miscuerit
3056 2986 3439 3052 muliebribus,
3466 2986 3720 3056 quoniam

2139 3085 2400 3156 grandem
2428 3094 2484 3140 et
2515 3085 2649 3150 haec,
2681 3093 2975 3156 antequam
3033 3083 3519 3153 transgrederetur
3560 3078 3721 3135 Crea-

450 3183 692 3239 tuor‘nm,
741 3189 905 3244 super
947 3178 1110 3229 vitam
1155 3177 1436 3243 inducere,
1473 3180 1564 3234 sed
1617 3180 2033 3235 custodiendum
2060 3199 2107 3260 α
2140 3186 2312 3232 torem
2344 3192 2524 3243 suum,
2554 3177 2875 3248 dignitatem
2909 3175 3137 3244 accepit,
3212 3183 3271 3228 ut
3330 3174 3578 3242 adjutrix
3623 3172 3721 3227 viri

448 3274 539 3319 est
570 3265 717 3319 Pauli
748 3267 1080 3334 mandatum,
1115 3269 1380 3339 scriptum
1412 3287 1439 3323 a
1474 3270 1678 3340 Spiritu
1709 3289 1721 3323 :
1755 3270 1882 3337 Quae
1910 3289 2037 3343 paro

451 3352 688 3426 li‘ripalio
715 3359 939 3428 justitiaz
987 3361 1059 3414 ad
1111 3362 1443 3430 iniquitatem
1475 3363 1500 3415 ?
1527 3370 1620 3415 aut
1664 3379 1781 3434 quae
1821 3366 2039 3421 societas

450 3450 643 3505 Citriin
666 3454 736 3505 ad
769 3451 944 3506 Belial
965 3453 1008 3484 "
1035 3453 1194 3508 illoc
1220 3454 1367 3508 enim
1396 3462 1451 3509 et
1482 3455 1599 3524 ipse
1633 3456 2038 3525 quodammodo

449 3542 722 3612 legislator
735 3544 1045 3614 significans
1076 3544 1131 3597 in
1154 3545 1239 3600 his
1267 3560 1390 3616 quae
1414 3545 1557 3602 dicta
1579 3557 1726 3614 sunt,
1765 3548 2035 3605 subdidit:

451 3632 564 3700 ligo
590 3632 861 3687 Dominus.
891 3634 993 3699 Qui
1040 3634 1266 3705 gloriam
1315 3636 1493 3691 habeo
1541 3638 1794 3693 oumibus
1823 3639 2037 3695 incom-

446 3724 857 3789 municahilem,
899 3735 1107 3795 quanto
1148 3727 1320 3798 magis
1345 3728 1807 3799 dzemonibus,qui
1846 3748 2038 3787 corru-

448 3827 631 3891 ptores
664 3826 793 3873 sunt
819 3820 1144 3885 animarum,
1175 3828 1229 3875 et
1259 3821 1416 3875 idolis
1449 3822 1828 3892 eorum?lpsis
1851 3835 2034 3879 autem

446 3908 630 3963 verbis
681 3909 1018 3964 sanctionem
1069 3911 1448 3966 terribiliorem
1494 3911 1644 3980 facit,
1670 3929 1738 3969 ex
1780 3930 1846 3970 eo
1889 3915 2036 3985 quod

446 4001 682 4061 mediam
712 4017 854 4065 eam,
879 4001 1022 4057 sicut
1042 4002 1243 4069 cernis,
1272 4003 1356 4059 his
1376 4004 1444 4059 de
1469 4004 1668 4075 quibus
1695 4021 1843 4061 nunc
1860 4006 2036 4076 loqui-

450 4102 557 4156 tur,
600 4095 799 4163 posuit.
852 4093 1295 4151 Praecedentibus
1344 4098 1547 4168 quippe
1578 4099 1664 4153 his
1707 4114 1829 4168 qua:
1872 4099 2036 4155 modo

443 4186 692 4242 discussa
721 4195 866 4250 sunt,
892 4201 1080 4241 rursus
1109 4190 1397 4258 preponit:
1429 4189 1567 4255 Quia
1590 4205 1700 4243 non
1725 4190 1885 4245 debet
1909 4206 2033 4244 cum

445 4276 691 4331 masculo
720 4275 861 4330 virili
890 4276 1040 4331 coitu
1067 4278 1377 4341 concumbi,
1407 4280 1502 4333 sed
1534 4294 1637 4333 nec
1679 4290 1803 4333 cum
1836 4295 2036 4349 pecore

446 4366 602 4433 coiri,
634 4368 945 4423 necessarie
976 4368 1029 4423 in
1058 4370 1162 4426 hoc
1188 4379 1422 4441 utroque
1452 4370 1744 4436 mandans,
1770 4380 2030 4443 tanquam

444 4467 738 4530 utrumque
771 4469 960 4515 contra
1007 4471 1257 4517 naturam
1311 4471 1413 4517 est.
1461 4462 1571 4517 Sed
1632 4463 1859 4535 insuper
1905 4467 2031 4536 quia

2141 3266 2543 3321 nominaretur.
2600 3265 2833 3335 PrOpter
2898 3264 3043 3335 quod
3093 3262 3388 3317 scelestum
3437 3269 3524 3315 est
3566 3260 3721 3323 hanc,

2140 3375 2261 3430 quae
2291 3358 2415 3413 talis
2444 3366 2547 3424 est,
2588 3357 2801 3412 libidini
2845 3356 3144 3411 substerni.
3206 3353 3361 3412 Coire
3411 3368 3568 3424 ergo,
3621 3368 3725 3407 suo.

2140 3454 2379 3509 cumbere
2410 3453 2578 3508 edidit
2612 3451 2995 3522 Symmachus.

2211 3547 2374 3603 Vens.
2404 3546 2598 3600 24-26.
2633 3565 2651 3597 ‹
2693 3544 2772 3600 Ne
2819 3542 3141 3615 polluamini
3165 3543 3217 3597 in
3251 3543 3509 3599 omnibus
3528 3543 3726 3613 quibus

2138 3640 2525 3696 contaminatae
2552 3648 2683 3694 sunt
2723 3647 2934 3710 gentes,
2993 3653 3129 3707 quas
3171 3653 3272 3709 ego
3324 3637 3546 3707 ejiciam
3602 3646 3726 3692 ante

2137 3740 2493 3802 conspectum
2532 3742 2800 3795 vestrum,
2833 3747 2864 3785 e
2915 3732 3112 3801 quibus
3167 3730 3372 3800 polluta
3432 3738 3519 3785 est
3564 3741 3723 3792 terra,

2138 3823 2296 3892 cujus
2357 3837 2457 3893 ego
2511 3823 2718 3875 scelera
2768 3821 2972 3885 vitabo,
3026 3828 3085 3875 ut
3141 3830 3360 3875 evomat
3391 3820 3726 3874 habitatores

2136 3930 2287 3971 suos.
2321 3913 2609 3970 Custodite
2641 3912 2884 3983 legitima
2922 3928 3061 3978 mea,
3096 3920 3263 3983 atque
3285 3908 3513 3983 judicia.
3550 3932 3568 3962 ι

2207 4005 2327 4060 Non
2352 4020 2520 4075 parvo
2543 4003 2705 4059 modo
2724 4004 2893 4074 pollui
2931 4004 2987 4058 in
3011 4003 3290 4074 praedictis
3315 4003 3583 4074 peccatis,
3641 4002 3722 4055 in-

2136 4098 2402 4170 dignatio,
2435 4106 2491 4153 et
2521 4113 2685 4167 paena
2707 4112 2829 4167 qua:
2860 4096 2915 4151 itt
2947 4097 3027 4151 eis
3076 4095 3302 4150 deﬁnita
3330 4104 3439 4161 est,
3496 4095 3726 4149 demon-

2136 4198 2304 4254 strat;
2340 4189 2394 4242 in
2432 4188 2583 4243 nullo
2601 4188 2747 4242 enim
2770 4201 2961 4242 eorum
2997 4192 3220 4255 oportet
3253 4184 3448 4254 pollui,
3480 4199 3614 4238 nam
3634 4184 3725 4254 qui

2138 4282 2191 4337 in
2224 4297 2332 4338 uno
2358 4282 2597 4353 pollutus
2621 4281 2805 4346 fuerit,
2838 4280 2895 4334 in
2929 4279 3184 4335 omnibus
3210 4286 3264 4333 et
3288 4278 3571 4348 polluitur.
3591 4276 3724 4343 Quia

2138 4391 2202 4431 ea
2253 4391 2375 4446 qua:
2403 4375 2510 4431 sibi
2537 4375 2604 4431 ad
2643 4374 2881 4429 invicem
2904 4372 3197 4443 conjuncta
3228 4380 3379 4439 sunt,
3407 4371 3499 4426 lex
3539 4380 3725 4426 osten-

2136 4469 2266 4526 dere
2300 4469 2548 4539 cupiens,
2574 4469 2629 4523 in
2666 4482 2838 4522 unum
2865 4465 3050 4521 omnia
3089 4465 3327 4536 collegit,
3365 4479 3490 4534 qua:
3524 4464 3581 4518 in
3603 4475 3722 4519 tan-

440 4552 813 4622 jumentorum
845 4560 928 4607 est
955 4560 1008 4606 et
1038 4563 1098 4608 ut
1124 4553 1208 4608 vir
1230 4553 1347 4608 viro
1377 4552 1521 4609 fmdo
1542 4553 1688 4607 coitu
1717 4553 2032 4621 misceatur,
2067 4570 2112 4626 ι)
2141 4571 2255 4619 tum
2279 4571 2407 4619 sunt
2444 4562 2654 4633 gravia,
2696 4569 2756 4614 ut
2786 4566 2978 4631 gentes
3028 4558 3270 4629 integras
3294 4558 3622 4629 perderent,
3672 4564 3728 4611 et

443 4640 588 4710 quod
635 4641 955 4712 fugiendum
995 4651 1158 4714 atque
1206 4643 1605 4699 adversandum
1655 4654 1756 4700 est.
1820 4646 1927 4702 Sed
1976 4658 2032 4704 et

444 4730 646 4799 Paulus
675 4736 778 4791 hoc
804 4734 1216 4804 demonstravit,
1249 4737 1316 4791 ad
1360 4750 1579 4807 poenam
1612 4753 1676 4794 ea
1702 4740 1925 4806 docens,
1975 4752 2032 4797 et

445 4823 580 4879 iram
611 4825 798 4891 Dei,et
820 4826 1178 4897 perditionem
1210 4828 1664 4885 committentium
1700 4832 2029 4903 peragi.Scd

443 4927 500 4972 et
536 4919 725 4989 reliqui
758 4904 1084 4990 interpretes
1106 4934 1204 4990 pro
1235 4920 1628 4983 abominabilis,
1666 4925 2031 4995 Symmachus

442 5011 724 5081 iue/fabile,
774 5012 965 5084 Aquila
998 5014 1264 5084 infectum,
1295 5015 1584 5071 ediderunt
1613 5036 1626 5069 :
1655 5017 1759 5073 hoc
1805 5019 2026 5090 quidem

443 5105 675 5171 actione,
710 5106 843 5161 illud
894 5116 1076 5162 autem
1105 5108 1273 5162 verbo
1303 5108 1388 5163 vel
1418 5109 1733 5165 narratione
1762 5126 1873 5164 non
1904 5126 2028 5167 esse

444 5199 728 5268 portabile,
758 5216 857 5254 nec
882 5200 1182 5271 legitimum
1203 5201 1467 5257 dicentes.
1486 5200 1597 5267 Nos
1620 5213 1801 5259 autem
1836 5216 2031 5274 printer

446 5290 583 5355 haec,
603 5292 905 5346 masculqu
924 5292 1013 5360 qui
1041 5292 1212 5347 virilia
1234 5294 1361 5363 agit,
1381 5294 2032 5366 intelligamushominem

445 5385 513 5439 de
540 5400 650 5455 quo
683 5384 846 5440 David
883 5385 1100 5441 dicebat
1135 5405 1146 5440 :
1177 5385 1375 5443 Beatus
1406 5391 1485 5444 vir
1532 5392 1621 5459 qui
1664 5406 1765 5444 non
1809 5393 1939 5444 abiit
1978 5393 2033 5446 in

446 5478 665 5533 consilio
699 5478 981 5548 impiorum
1010 5478 1057 5512 ⁵⁸
1090 5498 1103 5545 ;
1141 5490 1197 5534 et
1247 5496 1436 5536 rursus
1467 5498 1484 5535 :
1530 5480 1663 5535 Fiat
1707 5502 1893 5538 manus
1935 5495 2026 5538 tua

445 5586 601 5641 super
642 5570 813 5625 virum
856 5572 1082 5627 dextera
1110 5581 1213 5627 tuae
1245 5574 1310 5626 ⁸³.
1373 5575 1530 5630 Hunc
1576 5576 1873 5631 eii‘eminari
1920 5592 2026 5631 non

518 5797 564 5826 δυ
590 5793 985 5868 Ερξιρεςᾳθᾼὶ.
1074 5797 1120 5830 ⁸⁸
1145 5797 1276 5854 Luc.
1315 5818 1365 5866 χ,
1403 5803 1493 5868 '27,
1519 5802 1607 5858 29.

449 5880 600 5928 XXXI,
637 5864 721 5919 10.
796 5866 841 5897 ⁸¹
874 5865 1031 5922 Rom.
1065 5869 1286 5937 “11,22.

1714 5805 1755 5833 ⁸⁷
1793 5803 1836 5856 ll
1866 5801 1992 5857 Cor.
2042 5820 2110 5868 γι,
2156 5803 2239 5857 15.

2139 4666 2339 4711 terram
2363 4652 2691 4727 polluerent,
2718 4653 3094 4724 pollutamque
3122 4651 3308 4721 respui
3349 4651 3624 4716 facerent,
3671 4656 3725 4704 et

2138 4764 2235 4804 eos
2269 4748 2441 4819 quiin
2480 4762 2543 4802 ea
2575 4746 2701 4801 talia
2741 4745 3164 4805 commiserunt.
3222 4753 3507 4798 evomeret
3566 4752 3726 4813 atque

2137 4849 2416 4903 renueret,
2443 4853 2552 4892 non
2592 4838 2720 4908 quia
2745 4845 2961 4908 poterat
3007 4836 3280 4906 expellere
3305 4850 3335 4889 a
3365 4850 3449 4899 se,
3468 4837 3560 4890 vel
3595 4850 3722 4890 evo—

2137 4945 2308 4994 mere,
2341 4930 2447 4995 vel,
2465 4929 2607 4984 sicut
2638 4926 2981 4985 Tbeodotion
3005 4927 3196 4991 edidit,
3221 4942 3465 4997 respuere
3499 4945 3608 4991 eos,
3633 4927 3724 4981 sed

2133 5022 2261 5092 quia
2278 5022 2498 5078 eosdem
2516 5030 2781 5077 nocentes
2800 5020 3109 5092 ingemiscit
3123 5020 3451 5075 naturaliter
3470 5019 3525 5073 in
3549 5028 3727 5075 trans-

2129 5117 2507 5189 gressionibus
2567 5116 2702 5181 suis,
2759 5114 3228 5185 quemadmodum
3286 5113 3493 5167 Paulus
3546 5113 3718 5168 dicit:

2134 5210 2271 5276 Quia
2334 5211 2450 5279 ipsa
2496 5218 2741 5263 creatura
2794 5208 3107 5277 ingemiscit,
3163 5216 3211 5260 et
3269 5206 3505 5274 parturit
3568 5220 3724 5275 usque

2138 5317 2273 5356 nunc
2296 5302 2363 5356 ⁶¹.
2398 5300 2540 5355 Deus
2609 5300 2792 5355 autem
2820 5309 2929 5355 tam
2985 5301 3246 5370 gemitum
3298 5297 3419 5361 ejus
3463 5298 3720 5361 vindicat,

2134 5410 2294 5466 quam
2326 5394 2497 5466 legem
2535 5410 2712 5458 suam,
2747 5402 2800 5447 et
2830 5402 3160 5451 creaturam.
3195 5400 3386 5461 utpote
3421 5392 3719 5461 propriam,

2135 5500 2257 5554 quae
2284 5485 2622 5539 demonstrat
2660 5499 2725 5537 ex
2789 5484 2872 5537 his
2905 5499 3026 5551 quae
3089 5497 3237 5537 nunc
3300 5482 3439 5535 dixit
3489 5501 3502 5534 :
3558 5478 3721 5548 Cujus

2139 5594 2234 5648 ego
2295 5577 2489 5631 srelcra
2514 5577 2739 5630 uisitabo
2768 5593 2783 5629 :
2812 5586 2865 5629 et
2912 5576 3014 5629 hoc
3056 5586 3245 5645 aperte
3306 5575 3549 5627 ostendit
3596 5574 3717 5641 quia

2350 5803 2393 5834 ⁸⁸
2426 5800 2568 5856 Psal.
2597 5819 2633 5867 ι,
2683 5802 2723 5854 l.
2833 5800 2874 5831 ’τ’
2901 5798 3043 5854 l‘sal.
3076 5814 3260 5863 um,
3293 5796 3376 5851 lS.
3494 5795 3536 5826 °°
3560 5794 3713 5848 Prov.
