3992 6460
371 399 517 465 1017

1536 396 1617 459 ΙΝ
1651 397 2094 459 LEVITICUM.
2135 422 2205 432 --
2236 398 2383 458 LIB.
2425 400 2494 460 V.

3513 398 3652 464 1013

367 535 408 575 a
441 518 556 574 Deo
585 517 843 572 virtutem
883 524 1025 571 terra
1045 513 1334 570 evomendi
1352 529 1448 569 eos
1469 512 1564 584 qui
1591 513 1648 566 in
1678 528 1740 568 ea
1758 511 1965 583 injuste
1995 520 2041 576 Α
2069 513 2174 571 bus
2202 524 2440 587 oportet,
2484 523 2540 571 et
2565 516 2882 574 nullatenus
2912 518 3033 576 hac
3092 517 3277 574 facere
3329 532 3452 587 quae
3501 515 3650 572 cole-

290 659 312 672 ,
371 619 568 684 agunt,
599 617 830 678 accepit.
867 606 1026 662 Unde
1057 617 1114 663 et
1151 607 1448 662 crabrones
1491 605 1545 658 in
1596 603 1960 674 perditionem

370 701 745 759 habitantium
769 699 1046 770 produxit,
1066 715 1204 769 quos
1227 697 1396 752 etiam
1413 711 1473 751 se
1506 696 1806 750 immittere
1833 702 1962 749 ante

369 794 580 851 Faciem
631 792 868 848 ﬁliorum
899 792 1068 847 lsrael
1093 801 1285 846 contra
1311 788 1665 844 Amorrhzeos
1706 797 1763 840 et
1829 785 1962 840 reli-

369 904 514 959 quas
536 895 729 959 gentes
757 901 856 956 per
884 883 1296 940 Deuteronomii
1327 883 1525 938 librum
1555 896 1656 935 nos
1674 879 1863 936 docuit
1889 879 1958 932 δ’.

369 982 444 1036 Et
473 981 588 1035 hate
611 977 833 1048 quidem
863 991 966 1031 nos
997 976 1158 1030 docet
1179 989 1276 1045 per
1311 975 1552 1029 litteram
1585 973 1690 1026 lex.
1729 971 1826 1026 llis
1855 986 1960 1024 au-

369 1079 488 1124 tem
507 1068 800 1136 conjuncta
837 1077 984 1131 sunt,
1011 1072 1068 1118 et
1107 1080 1215 1119 non
1247 1063 1548 1129 contraria,
1588 1063 1634 1116 si
1665 1076 1764 1131 per
1793 1060 1960 1130 spiri-

369 1161 539 1216 talem
580 1159 927 1214 intellectum
953 1167 1144 1229 gentes
1182 1157 1237 1210 in
1271 1156 1357 1210 his
1383 1155 1642 1210 omnibus
1695 1153 1956 1222 pollutas,

368 1253 654 1307 daemones
677 1250 1147 1314 intellexerimus;
1201 1254 1393 1319 gentes
1427 1247 1700 1316 siquidem
1754 1247 1808 1300 hi
1841 1262 1964 1315 pro-

368 1353 499 1413 pter
522 1342 928 1398 multitudinem
961 1342 1224 1396 dicuntur
1251 1357 1264 1394 :
1333 1354 1458 1394 cum
1485 1338 1632 1394 enim
1655 1339 1820 1393 nimis
1851 1337 1961 1392 sint

363 1433 570 1502 iniqui,
601 1441 657 1486 et
695 1431 843 1486 omni
910 1432 1164 1485 lit-tantur
1202 1429 1426 1494 malitia,
1483 1421 1720 1483 maxime
1777 1437 1960 1481 tanien

364 1525 762 1587 fornicatione,
793 1532 848 1578 et
871 1523 1080 1577 nefaria
1111 1521 1496 1587 fornicatione,
1535 1537 1598 1574 ac
1625 1521 1798 1574 multo
1835 1535 1953 1574 ma-

365 1619 451 1690 gis
480 1617 785 1674 idololatria
813 1616 1056 1687 gaudent
1081 1629 1096 1666 :
1131 1614 1255 1684 quia
1287 1615 1345 1668 in
1372 1614 1458 1668 his
1479 1627 1680 1682 corpus
1701 1621 1756 1667 et
1777 1611 1960 1666 anima

341 1709 682 1776 .maculatur
715 1715 770 1762 et
792 1716 936 1762 totus
971 1706 1156 1770 homo,
1193 1705 1287 1774 qui
1306 1714 1450 1759 terra
1475 1703 1802 1773 appellatur,
1859 1716 1960 1770 per

364 1802 478 1856 hoc
523 1800 807 1871 polluitur.
841 1799 948 1853 Sed
995 1797 1182 1853 visitat
1215 1799 1358 1851 Deus
1424 1805 1650 1860 terram,
1702 1795 1959 1850 videlicet

363 1891 658 1948 hominum
689 1906 883 1959 genus,
909 1897 966 1944 et
997 1889 1200 1953 scelus,
1235 1889 1336 1954 vel,
1366 1900 1426 1942 ut
1449 1887 1831 1958 Septuaginta,
1865 1887 1952 1940 in-
1988 1874 2032 1932 Β

347 1981 640 2051 justitiam
684 1979 800 2050 ejus
843 1980 900 2034 in
962 1994 1106 2041 eam,
1149 1979 1202 2032 id
1231 1989 1480 2048 est,qu:e
1534 1979 1602 2033 ab
1635 1979 1772 2046 ipsa,
1801 1988 1858 2030 et
1903 1977 1956 2030 in

358 2075 720 2143 semetipsum
741 2073 1104 2127 committitur
1141 2089 1154 2124 :
1195 2071 1263 2126 ab
1285 2086 1348 2125 ea
1387 2071 1608 2142 quidem
1639 2072 1730 2141 qui
1761 2071 1828 2125 ab
1859 2071 1952 2124 ho-

359 2167 612 2220 minibus
635 2173 766 2219 sunt
800 2172 1110 2234 peccantes,
1141 2173 1197 2218 et
1226 2163 1268 2217 si
1299 2179 1330 2217 a
1367 2164 1731 2228 daemonibus,
1764 2171 1820 2218 ct
1853 2163 1957 2216 hoc

359 2260 766 2328 protrahuntur
796 2257 850 2311 in
871 2257 1192 2326 semetipsa,
1257 2257 1385 2326 quia
1438 2257 1772 2327 accipientes
1797 2271 1958 2311 occa-

362 2346 584 2400 sionem
615 2346 690 2400 illi
719 2361 786 2401 ex
809 2354 1000 2400 nostra
1035 2346 1388 2416 negligentia,
1426 2347 1812 2402 contumeliam
1866 2347 1954 2400 in-

359 2447 572 2508 gerunt
601 2451 806 2495 nostra:
833 2450 1068 2496 naturai.
1103 2440 1207 2495 Sed
1267 2440 1526 2494 visitante
1553 2439 1666 2494 Deo
1702 2455 1799 2508 per
1836 2437 1956 2492 Sal-

360 2541 512 2586 vaton
527 2532 572 2587 is
597 2533 915 2599 adventum,
957 2535 1024 2588 de
1053 2550 1162 2604 quo
1193 2531 1486 2588 Zacharias
1509 2532 1744 2595 (licebat,
1823 2547 1956 2602 pro-

359 2629 604 2694 plietans
632 2626 690 2679 in
718 2627 906 2696 januis
931 2643 1055 2681 esse
1088 2626 1302 2682 Domini
1329 2626 1671 2679 nativitatem
1704 2641 1717 2675 :
1759 2623 1955 2678 Visito-

356 2719 562 2772 vituos
621 2713 794 2773 oriens
855 2735 920 2774 ea:
953 2719 1066 2772 alto
1093 2719 1157 2774 ⁵³.
1211 2717 1556 2772 llabitatores
1583 2732 1714 2775 suos
1765 2727 1954 2770 nostra

354 2819 582 2874 natura,
617 2810 669 2864 id
700 2820 804 2874 est,
836 2825 933 2866 eos
966 2811 1059 2882 qui
1078 2826 1200 2866 eam
1235 2820 1383 2865 sorte
1434 2822 1820 2880 perceperunt,
1868 2810 1952 2863 vel

355 2903 415 2956 in
449 2919 512 2956 ea
532 2919 763 2972 quorum
787 2903 1092 2973 principem
1122 2905 1326 2957 malum
1350 2902 1517 2957 David
1551 2902 1789 2972 ﬁgurans
1807 2901 1954 2970 psal-

353 2997 561 3052 lebat:
607 2995 764 3051 Sedet
807 2997 864 3050 in
921 2997 1132 3051 insidiis
1186 3013 1305 3049 cum
1336 2995 1588 3048 divitibus
1640 2995 1698 3046 in
1735 2991 1954 3046 occultis

354 3099 418 3142 ut
468 3089 752 3158 interﬁciat
811 3089 1141 3142 innocentem
1171 3090 1253 3154 “‘,
1317 3090 1393 3143 ita
1453 3095 1513 3142 ut
1566 3087 1671 3157 ipsi
1737 3087 1950 3156 expulsi

350 3181 644 3236 dicerent:
679 3178 738 3234 Si
773 3180 925 3249 ejicis
947 3197 1060 3246 nos,
1092 3181 1243 3234 mitte
1263 3197 1356 3234 nos
1394 3181 1450 3232 in
1500 3195 1710 3250 gregem
1766 3194 1952 3246 porco-

350 3291 476 3327 rum
500 3274 566 3328 ⁸⁵.
599 3271 830 3342 PrOpter
858 3273 1003 3342 quod
1041 3272 1320 3327 custodire
1375 3273 1546 3342 legem
1585 3286 1804 3325 omnem
1854 3287 1952 3340 per

349 3366 579 3436 Moysen
617 3366 956 3436 propalatatn
1005 3375 1060 3421 et
1127 3373 1400 3436 praecepta
1453 3364 1780 3432 evangelicae
1829 3378 1953 3416 con-

350 3458 686 3513 versationis
715 3459 1004 3522 debemus,
1051 3468 1238 3530 utpote
1269 3459 1365 3528 qui
1405 3459 1569 3512 talem
1599 3458 1668 3512 ab
1707 3475 1773 3512 eo
1820 3473 1951 3528 per-

350 3551 588 3621 cipimus
623 3552 1016 3607 visitationem.

428 3643 592 3698 Vt-zus.
624 3644 820 3698 ’ἐϋ-29.
843 3663 861 3696 ‹
896 3643 963 3698 Et
995 3661 1104 3697 non
1127 3643 1290 3698 faetet
1325 3659 1394 3698 ex
1445 3642 1704 3696 omnibus
1760 3641 1951 3696 admo-

349 3736 662 3791 nitionibus
695 3738 834 3800 istis,
889 3745 996 3791 tam
1043 3735 1302 3806 indigena
1356 3750 1520 3804 quam
1572 3735 1804 3788 colonus
1853 3733 1946 3802 qui

351 3826 742 3896 peregrinatur
769 3828 916 3896 apud
942 3843 1058 3882 eos.
1087 3825 1293 3881 Omnes
1325 3828 1473 3880 enim
1531 3825 1950 3880 exsecrationes

349 3917 489 3970 istas
520 3918 772 3972 fecerunt
795 3918 996 3973 accola:
1021 3927 1182 3972 terrae
1213 3920 1305 3987 qui
1329 3919 1556 3972 fuerunt
1584 3927 1714 3972 ante
1745 3932 1862 3983 vos,
1894 3925 1950 3972 et

349 4007 669 4099 pollueruqt
695 4025 837 4064 eam.
891 4011 1095 4065 Cavete
1143 4025 1273 4082 ergo
1320 4027 1392 4066 ne
1445 4020 1501 4065 et
1554 4025 1651 4066 vos
1703 4011 1952 4066 similiter

351 4113 594 4168 evomat,
633 4119 760 4159 cum
793 4105 941 4174 paria
967 4105 1216 4161 feceritis
1251 4107 1392 4162 sicut
1445 4106 1690 4161 evomuit
1731 4114 1951 4178 gentem

348 4212 474 4266 qua:
513 4197 618 4252 fuit
679 4207 806 4254 ante
853 4215 969 4255 vos.
1006 4199 1202 4256 Omnis
1253 4203 1437 4256 anima
1481 4218 1604 4272 quae
1646 4200 1841 4256 fecerit
1881 4201 1952 4256 de

348 4291 860 4348 abominationibus
906 4294 1028 4348 istis
1060 4295 1362 4365 quidpiam,
1413 4295 1610 4365 peribit
1651 4293 1721 4348 de
1769 4293 1952 4348 medio

347 4383 538 4455 populi
573 4385 680 4438 sui.
713 4403 732 4437 ι

425 4475 673 4532 Beiterat
715 4485 771 4532 et
827 4479 1036 4534 stabilit
1092 4481 1288 4552 legem,
1353 4491 1408 4536 et
1461 4481 1949 4538 comminationcm

2065 608 2582 679 bantantiquiores,
2606 611 2697 681 qui
2755 619 2956 666 terram
3017 618 3260 665 nostram
3315 609 3647 678 polluerunt.

2065 699 2133 755 Hi
2161 717 2291 772 ergo
2309 701 2646 772 antiquiores
2665 702 2826 758 nobis
2882 711 3011 757 sunt
3049 701 3104 756 in
3126 699 3467 764 conditione,
3517 697 3648 767 quia

2066 792 2365 847 invisibiles
2401 801 2530 848 sunt
2549 801 2837 848 creaturas.
2894 791 3216 848 Polluerunt
3248 799 3431 846 autem
3465 789 3649 844 homi-

2065 901 2198 939 num
2236 901 2428 957 genus,
2465 885 2890 942 inobedientiam
2929 885 2980 942 ei
3038 885 3235 950 Adam,
3274 891 3330 938 et
3376 883 3482 937 alia
3523 887 3652 950 post

2065 978 2220 1032 illum
2241 977 2380 1032 mala
2425 990 2801 1050 suggerentes,
2847 979 3016 1034 veluti
3065 976 3436 1040 mendacium,
3467 973 3650 1028 homi-

2065 1067 2266 1124 cidium
2296 1075 2351 1122 et
2380 1084 2720 1140 quaecunque
2773 1069 2860 1124 his
2893 1067 3094 1123 similia
3129 1075 3280 1133 sunt,
3313 1063 3387 1120 ita
3422 1070 3484 1118 ut
3536 1062 3646 1117 Do—

2064 1161 2247 1214 minus
2269 1161 2336 1214 de
2365 1161 2580 1216 diabolo
2605 1162 2814 1217 diceret
2847 1181 2860 1215 :
2887 1160 2986 1215 Ille
3010 1161 3075 1214 ab
3106 1160 3264 1213 initio
3313 1157 3544 1211 mendax
3597 1161 3650 1208 et

2062 1251 2325 1306 homicida
2348 1260 2424 1304 est
2463 1252 2529 1306 ⁸⁷.
2564 1249 2964 1322 Suggesserunt
3021 1260 3206 1306 autem
3236 1249 3316 1304 eis
3351 1249 3445 1318 qui
3492 1261 3652 1300 men-

2067 1353 2175 1398 tem
2201 1344 2471 1397 lubricam
2503 1354 2558 1397 et
2599 1354 2917 1413 vergentem
2943 1345 3010 1398 ad
3068 1343 3273 1396 malum
3316 1339 3598 1395 habebant
3630 1352 3644 1388 :

2063 1436 2190 1490 na'm
2229 1451 2331 1490 nec
2357 1435 2514 1498 Abel,
2549 1451 2652 1490 nec
2680 1434 2835 1500 Seth,
2861 1451 2967 1508 nec
2997 1435 3208 1497 Enoeh,
3245 1449 3349 1486 nec
3368 1430 3506 1496 Noe,
3542 1443 3648 1485 nec

2062 1531 2184 1584 aliis
2213 1530 2378 1601 justis
2403 1545 2692 1601 suggerere
2721 1538 3039 1599 potuerunt,
3081 1528 3168 1584 vel
3196 1527 3367 1598 magis
3420 1539 3646 1596 sugges—

2064 1633 2276 1688 serunt,
2301 1623 2396 1679 sed
2413 1638 2523 1678 non
2555 1622 2936 1686 obtinuerunt,
2984 1620 3077 1674 sed
3116 1619 3264 1674 irrisi
3296 1624 3424 1671 sunt
3446 1617 3514 1670 ab
3539 1615 3644 1678 eis,

2062 1725 2118 1768 et
2163 1723 2530 1768 recesserunt.
2579 1713 2765 1781 Neque
2814 1712 2960 1764 enim
3017 1707 3224 1763 inimici
3285 1705 3646 1777 cogitationes

2065 1804 2741 1876 ignorantjusti.sicutait
2775 1803 3019 1856 Paulus:
3067 1801 3187 1855 Non
3241 1801 3380 1854 enim
3435 1799 3648 1868 ignora-

2060 1916 2175 1952 mus
2199 1899 2539 1970 cogitationes
2562 1898 2676 1966 ejus
2705 1897 2771 1951 ⁸⁸.
2799 1897 3054 1952 Scientes
3087 1904 3274 1949 autem
3305 1908 3422 1956 eos,
3455 1891 3523 1944 ab
3565 1889 3648 1944 eis

2061 2003 2119 2042 se
2157 1987 2490 2041 custodiunt.
2521 1986 2626 2040 Sed
2650 1987 2774 2040 illos
2803 1985 3026 2056 quidem
3063 1981 3423 2052 intelligibilis
3457 1988 3648 2034 nostra

2060 2091 2203 2134 terra
2231 2079 2448 2133 visitata
2489 2095 2518 2132 a
2555 2079 2689 2144 Deo,
2735 2093 2834 2148 per
2859 2076 3162 2131 Salvatoris
3183 2075 3480 2128 adventum
3513 2087 3647 2126 evo—

2059 2176 2218 2230 muit.
2264 2175 2494 2244 Propter
2522 2173 2668 2240 quod
2705 2187 2808 2238 nec
2839 2170 3002 2224 venia
3028 2169 3122 2222 tali
3163 2183 3313 2222 mmc
3339 2167 3538 2237 dignus
3561 2173 3649 2218 est

2059 2265 2185 2320 talia
2207 2279 2460 2336 peccans,
2491 2264 2640 2333 quia,
2659 2270 2948 2332 postquam
2973 2259 3238 2317 destructi
3277 2267 3406 2313 sunt
3425 2256 3518 2328 qui
3544 2270 3648 2309 nos

2058 2359 2348 2424 seducunt,
2386 2368 2438 2412 et
2478 2366 2764 2427 postquam
2799 2353 3046 2409 evomuit
3078 2368 3173 2407 eos
3203 2359 3372 2415 terra,
3422 2365 3525 2404 nos
3581 2363 3648 2402 ea

2057 2451 2266 2522 quaead
2298 2466 2393 2504 eos
2429 2449 2710 2519 pertinent
2749 2447 3050 2510 imitamur,
3108 2453 3164 2498 et
3213 2441 3450 2512 patimur
3495 2437 3646 2508 quod

2061 2544 2325 2596 Dominus
2357 2542 2616 2596 dicebat:
2673 2541 2834 2594 Fiunt
2893 2537 3178 2592 novissima
3224 2533 3449 2588 hominis
3496 2530 3645 2583 illius

2057 2635 2316 2688 dcte-riora
2338 2633 2600 2704 prioribus
2629 2632 2695 2684 ⁸⁸.
2716 2631 2781 2686 Hi
2811 2631 2961 2687 enim
3009 2628 3104 2698 qui
3127 2636 3250 2698 post
3270 2623 3644 2695 evangelicam

2061 2723 2504 2792 praedicationem
2532 2723 2588 2776 in
2629 2737 2744 2785 eas,
2775 2736 2896 2792 quae
2935 2720 3081 2774 dicta
3130 2725 3280 2780 sunt,
3333 2715 3644 2784 impietates

2058 2826 2417 2871 excesserunt
2451 2826 2506 2870 et
2539 2815 2769 2882 scelera,
2793 2813 2909 2868 sive
2934 2811 3396 2871 abominationes,
3419 2814 3644 2882 propter

2056 2905 2288 2960 nimiam
2351 2907 2420 2960 ab
2469 2907 2550 2960 eis
2605 2905 2697 2959 Dei
2745 2903 3114 2968 aversionem,
3147 2909 3298 2955 recte
3353 2881 3647 2954 dicti'sunt

2056 2999 2218 3067 mali;
2241 3008 2382 3054 terra
2412 2999 2675 3054 abhorret
2703 3006 2758 3054 et
2787 3007 3008 3052 evomet
3027 2996 3152 3052 illos
3184 3012 3199 3049 :
3231 3009 3344 3049 non
3365 2993 3512 3048 enim
3535 2992 3646 3061 iam

2057 3094 2112 3146 in
2139 3093 2422 3147 hominum
2455 3090 2726 3162 portione,
2797 3089 2892 3144 sed
2961 3089 3380 3143 in-daemonum
3419 3085 3648 3139 ordina-

2056 3185 2262 3238 buntur
2299 3203 2312 3238 :
2346 3182 2648 3252 perdentur
2669 3179 2818 3234 enim
2843 3195 3030 3234 eorum
3081 3179 3300 3232 animus.
3325 3175 3440 3231 lloc
3460 3182 3646 3228 autem

2055 3277 2108 3330 io
2150 3277 2400 3348 gehenna
2431 3273 2513 3338 lit,
2535 3272 2630 3326 ubi
2660 3272 2898 3329 maxime
2921 3271 3081 3326 locus
3107 3278 3162 3324 et
3185 3285 3306 3325 sors
3330 3269 3644 3324 daemonum

2053 3378 2158 3431 est,
2176 3369 2328 3438 quod
2339 3367 2653 3422 manifestat
2667 3365 2938 3421 Dominus
2951 3365 3142 3420 dicens
3163 3382 3176 3416 :
3203 3362 3468 3418 Discedite
3488 3377 3524 3412 a
3542 3375 3645 3425 me,

2053 3460 2344 3523 maledicti,
2375 3460 2432 3512 in
2458 3459 2633 3528 ignem
2659 3466 2939 3520 (sternunt,
2974 3455 3064 3526 qui
3095 3461 3322 3524 paratus
3341 3460 3415 3505 est
3434 3447 3648 3503 diabolo

2052 3561 2102 3606 et
2120 3551 2324 3622 angelis
2355 3551 2472 3620 ejus
2499 3552 2567 3605 ⁷ο.

2128 3648 2288 3700 Vsus.
2325 3646 2414 3699 5t).
2457 3665 2473 3696 ‹
2511 3644 2798 3699 Custodite
2852 3641 3116 3700 mandata
3158 3655 3297 3704 mea,
3335 3637 3506 3694 nolite
3562 3635 3648 3692 fa-

2052 3755 2179 3795 cere
2228 3754 2352 3808 qum
2391 3737 2644 3792 iecerunt
2693 3736 2748 3790 bi
2781 3736 2876 3806 qui
2929 3734 3155 3790 fuerunt
3184 3741 3314 3788 ante
3345 3745 3460 3793 vos,
3494 3737 3550 3784 et
3577 3744 3649 3783 ne

2055 3832 2377 3904 polluamini
2416 3831 2473 3886 in
2529 3829 2632 3889 eis.
2674 3827 2786 3904 Ego
2841 3842 2963 3884 sum
3027 3825 3296 3880 Dominus
3351 3821 3497 3877 Deus
3549 3835 3646 3874 vc-

2055 3936 2188 3982 Ster.
2229 3945 2249 3978 ι

2129 4020 2266 4075 Vere
2295 4021 2348 4074 in
2382 4019 2582 4072 duobus
2615 4027 2664 4072 et
2696 4017 2860 4070 tribus
2884 4017 3100 4074 testibus
3127 4023 3238 4070 stat
3297 4027 3448 4066 omne
3527 4024 3647 4062 ver-

2053 4115 2175 4167 bum
2203 4113 2272 4166 “.
2301 4111 2416 4166 Hoc
2449 4126 2577 4180 ergo
2603 4109 2880 4180 li-gislator
2945 4107 3272 4162 conﬁrmare
3308 4103 3522 4164 volens,
3575 4099 3646 4155 de

2055 4205 2266 4261 eisdem
2296 4205 2456 4258 tertio
2479 4202 2762 4273 praecepit.

2131 4295 2422 4363 Custodite,
2460 4294 2660 4364 inquit,
2698 4294 2956 4348 mandata
2985 4288 3303 4353 mea,nolite
3336 4289 3510 4358 facere
3525 4298 3645 4355 qua:

2059 4390 2292 4460 fecerunt
2313 4387 2367 4440 lii
2409 4386 2497 4456 qui
2525 4387 2738 4456 fuerunt
2787 4394 2910 4438 ante
2951 4400 3060 4438 vos.
3099 4381 3168 4436 Ut
3214 4377 3468 4434 ostendat
3516 4375 3644 4445 quia

2055 4492 2164 4532 non
2199 4477 2442 4532 hominis
2477 4477 2794 4546 cujuslibet,
2825 4476 2920 4532 sed
2975 4475 3150 4546 ipsius
3193 4471 3288 4526 Dei
3321 4477 3451 4525 sunt
3483 4483 3647 4522 man-

345 4567 661 4624 conﬁrmat.
695 4569 872 4626 Etiam
907 4573 1024 4627 haec
1049 4588 1240 4628 rursus
1262 4561 1492 4637 addens,
1530 4591 1749 4644 poenam
1787 4591 1936 4628 man-
1979 4571 2023 4626 D
2051 4571 2204 4626 data.
2247 4569 2351 4636 Qui
2404 4571 2682 4640 quomodo
2721 4570 2928 4626 debeat
2955 4568 3243 4632 custodiri,
3281 4581 3393 4621 non
3447 4564 3644 4626 verbo,

345 4661 442 4716 dat
479 4670 707 4728 terrere,
755 4672 811 4719 et
843 4666 1058 4736 erigere
1109 4682 1210 4722 nos
1259 4668 1450 4722 volens
1495 4669 1563 4722 ad
1620 4668 1840 4724 vitanda
1881 4683 1945 4724 ea

343 4767 470 4822 qua:
490 4754 684 4821 vetuit,
718 4765 777 4810 ut
803 4771 916 4812 non
945 4758 1016 4822 ei,
1041 4774 1206 4828 quam
1235 4760 1600 4814 comminatus
1627 4769 1733 4826 est,
1768 4777 1946 4830 poena:

344 4845 728 4916 subjiciamur.
757 4846 890 4915 Quae
925 4859 1010 4906 est
1040 4853 1186 4906 enim
1216 4852 1332 4907 hinc
1361 4853 1560 4908 anima:
1583 4854 1861 4923 perditio?
1889 4853 1943 4910 id

341 4946 452 5002 est,
478 4955 645 5008 quam
677 4941 768 4996 hic
801 4943 1010 5012 peccati
1039 4945 1308 5014 praevenit
1333 4961 1504 5010 mors,
1539 4947 1782 5016 complet
1811 4961 1944 5018 ergo

343 5029 403 5083 in
437 5029 684 5086 futurum
710 5034 982 5104 gehenna.
1035 5037 1128 5092 Ait
1164 5037 1310 5092 enim
1376 5037 1642 5093 Dominus
1675 5057 1688 5093 :
1748 5039 1944 5094 Timete

340 5141 468 5178 eum
511 5126 602 5196 qui
628 5136 795 5197 potest
817 5137 864 5182 et
893 5145 1082 5200 corpus
1126 5139 1174 5183 et
1205 5131 1445 5184 animam
1487 5134 1710 5198 perdere
1760 5133 1816 5186 in
1863 5149 1947 5204 ge-

341 5218 523 5271 henna
550 5219 615 5274 ⁸⁸.
645 5218 880 5290 Propter
898 5223 1044 5292 quod
1077 5232 1185 5277 tam
1247 5225 1504 5291 incolam,
1540 5227 1592 5280 id
1653 5234 1758 5289 est,
1817 5241 1943 5281 eum

339 5309 494 5380 quia
525 5311 774 5379 patrihus
804 5312 860 5367 in
879 5314 996 5385 lege
1027 5315 1269 5370 nutritus
1309 5325 1412 5382 est,
1467 5325 1526 5370 et
1582 5316 1651 5371 ab
1712 5316 1944 5372 infantia

339 5406 546 5457 doctus
572 5412 659 5458 est
686 5405 920 5469 litteras,
958 5422 1120 5477 quam
1149 5409 1506 5478 proselytum,
1538 5409 1709 5480 'etqui
1737 5409 1943 5480 adjun-

335 5503 468 5549 ctus
489 5505 576 5550 est
605 5498 786 5563 nobis,
809 5499 860 5554 id
881 5509 986 5564 est,
1012 5515 1140 5554 eum
1159 5502 1250 5572 qui
1276 5501 1660 5558 deforisnobis
1687 5503 1939 5573 adjectus

339 5598 452 5652 est,
483 5588 575 5656 qui
610 5589 846 5645 interius
875 5607 1093 5658 sumus,
1123 5594 1382 5650 recedere
1407 5595 1476 5650 ab
1509 5595 1939 5650 abominationi-

420 5765 470 5796 ⁸³
499 5765 658 5819 Deut.
699 5784 794 5831 vn,
836 5770 927 5833 20,

1006 5771 1050 5803 ⁸³
1079 5771 1210 5826 Luc.
1243 5789 1280 5836 ι,
1313 5774 1404 5828 28.

343 5837 392 5869 ”
427 5834 476 5891 ll
501 5834 628 5892 Cor.
659 5840 845 5900 3:1,“.

1487 5773 1530 5806 δ”
1561 5773 1705 5828 Psal.
1734 5793 1808 5839 Ix,
1833 5777 1885 5830 5.

1991 5779 2034 5810 ⁵⁵
2067 5778 2255 5834 Matth.
2291 5795 2406 5840 vut,
2430 5781 2516 5834 3i.

926 5842 968 5872 δ’
1001 5840 1192 5898 Matth.
1226 5859 1318 5911 xu,
1352 5845 1440 5903 45.
1471 5904 1477 5910 ,
1520 5847 1566 5878 ⁷⁰
1587 5846 1782 5902 Matth.
1816 5864 1938 5916 xsv,
1964 5849 2052 5903 41.

2054 4665 2149 4720 sed
2185 4679 2374 4738 opere,
2427 4665 2746 4718 incarnatus
2800 4679 2901 4734 per
2954 4677 3110 4718 suam
3167 4657 3645 4716 conversationem

2055 4757 2320 4814 ostendit.
2352 4756 2424 4812 Ut
2457 4772 2568 4810 non
2603 4757 2868 4812 faciamus
2907 4767 3088 4810 autem
3121 4753 3304 4808 omnia
3333 4764 3457 4822 quae
3497 4749 3644 4803 lece-

2055 4859 2186 4908 runt
2218 4851 2270 4905 hi
2318 4853 2409 4922 qui
2445 4851 2670 4906 fuerunt
2699 4859 2828 4905 ante
2883 4864 3006 4914 nos,
3044 4847 3364 4902 necessarie
3387 4841 3644 4906 addidit,

2055 4955 2118 5002 ut
2141 4945 2408 5001 sciremus
2435 4947 2562 5016 quia
2593 4945 2808 5000 veniam
2843 4942 3208 5014 peccantibus
3243 4955 3356 4994 non
3389 4945 3640 5008 praestat.

2053 5039 2210 5107 Quod
2243 5039 2620 5110 prazcedentes
2651 5038 2743 5092 alii
2771 5036 2992 5108 quidam
3017 5033 3214 5091 similia
3237 5031 3474 5104 posteris
3491 5045 3648 5085 com-

2052 5133 2324 5190 miserunt
2350 5143 2574 5204 peccata
2603 5151 2616 5187 :
2645 5131 2886 5204 primum
2946 5131 3190 5201 quidem,
3221 5128 3346 5198 quia
3380 5141 3486 5182 nec
3539 5122 3646 5176 illis

2052 5227 2212 5284 venia
2240 5227 2363 5282 data
2401 5235 2506 5288 est,
2535 5227 2632 5281 sed
2663 5225 2842 5294 poenis
2861 5221 3212 5280 condemnati
3230 5227 3361 5275 sunt
3381 5235 3395 5283 ;
3419 5214 3642 5278 deinde,

2053 5321 2181 5393 quia
2212 5319 2644 5390 prtecedentium
2673 5333 2836 5390 poena
2855 5316 3132 5372 sufﬁciens
3162 5321 3283 5369 erat
3316 5311 3382 5366 ad
3407 5325 3644 5380 sequen-

2054 5425 2140 5471 tes
2165 5414 2550 5486 corrigendos;
2584 5416 2813 5485 insuper
2867 5413 2994 5484 quia
3030 5413 3143 5467 Deo
3173 5409 3241 5464 de
3271 5407 3480 5463 eisdem
3506 5421 3643 5460 con-

2052 5517 2289 5564 testante
2319 5524 2466 5578 saepe
2496 5525 2598 5580 per
2634 5509 2830 5580 legem,
2863 5515 2917 5562 et
2948 5503 3280 5574 Prophetas,
3306 5509 3361 5555 et
3395 5500 3644 5570 Evange-

2050 5601 2142 5667 lia,
2162 5601 2452 5670 oportebat
2467 5601 2535 5656 ad
2557 5599 2926 5656 obedientiam
2950 5597 3093 5652 ﬂecti
3123 5591 3426 5666 quamlibet
3442 5591 3640 5646 durum

2599 5781 2642 5808 “‘
2670 5779 2857 5835 Matth.
2884 5796 2937 5844 χ,
2970 5777 3056 5843 28.
3141 5776 3186 5807 ⁸⁷
3215 5776 3375 5830 Joan.
3399 5789 3516 5837 vlu.
3549 5770 3639 5826 “-

2130 5851 2172 5880 ⁷¹
2205 5851 2394 5904 Matth.
2422 5867 2576 5918 xvm,
2611 5853 2697 5905 ili.
