3992 6464
412 372 553 436 1019

1610 362 1974 424 HESYCIIII
2015 357 2488 419 PRESBYTEl-il

3549 350 3670 417 1020

409 508 522 547 cor.
557 489 663 546 Sed
702 488 826 543 vide
853 486 1050 557 quibus
1102 493 1426 555 praesentem
1461 481 1805 545 sanctionem
1858 494 1993 533 con-
2028 490 2068 542 Α
2102 478 2244 540 estis,
2279 487 2328 529 et
2363 476 2581 543 spiritus
2613 471 2707 526 Dei
2757 472 2962 525 habitat
3014 467 3069 523 in
3131 469 3313 524 vobis!
3382 468 3675 540 Quicunque

413 581 649 637 tirmavit
670 578 872 633 verbis.

484 672 564 727 Ne
591 671 908 741 polluamini
935 672 990 724 in
1014 671 1108 734 eis,
1148 668 1275 738 quia
1304 681 1396 736 ego
1421 679 1540 718 sum
1582 661 1841 716 Dominus
1864 660 2003 713 Deus

415 777 617 831 uester,
664 779 855 819 omnes
884 779 980 818 vos
1036 778 1067 816 a
1113 759 1413 831 pollutione
1466 755 1737 810 mundare
1789 753 2001 807 volens.

416 857 555 925 Quia
583 856 874 926 imaginem
909 856 1030 925 ejus
1059 851 1380 907 circumdati
1427 865 1640 914 sumus,
1690 856 1744 903 et
1794 846 2002 916 polluta

417 949 637 1020 quidem
706 929 872 1014 ca,‘a
926 944 1170 1016 qualibet
1210 957 1421 1008 earum,
1473 956 1598 1010 quae
1632 940 1817 995 vetita:
1848 946 2000 1001 sunt,

420 1043 688 1097 malarum
721 1049 777 1095 et
810 1038 1147 1093 nefariarum
1175 1035 1412 1098 actione,
1465 1032 1776 1088 necessarie
1808 1030 2001 1085 irasci-

422 1144 553 1187 tur:
584 1130 786 1185 munda
815 1139 1000 1183 autem
1053 1134 1398 1190 conservata,
1448 1122 1504 1176 in
1567 1130 1776 1176 tantum
1822 1120 2004 1190 placet

426 1233 487 1277 nt.
514 1222 677 1277 etiam
702 1220 974 1275 inhabitet
1002 1221 1056 1274 in
1088 1217 1266 1281 nobis,
1291 1215 1439 1285 quod
1467 1213 1783 1268 manifestat
1806 1211 2007 1265 Paulus

422 1324 717 1384 utrumque
746 1330 761 1379 ;
805 1312 881 1367 ait
912 1327 1044 1383 ergo
1068 1311 1184 1367 sic:
1217 1308 1444 1363 Nescitis
1474 1307 1599 1376 quia
1619 1302 1873 1374 templum
1910 1302 2005 1356 Dei

450 1482 3250 1518 _______________________________._____...___..—_

1516 1651 1930 1744 LIBER

1014 2029 1433 2091 PREFATIO.

499 2175 714 2242 Quanta
743 2176 886 2229 bona
918 2176 985 2229 ad
1016 2175 1427 2229 meditationem
1453 2172 1677 2243 legis-et
1733 2170 2010 2237 interpreo

427 2269 690 2323 tationem
731 2277 972 2322 mentem
1061 2267 1479 2331 transferentes,
1528 2266 1824 2329 lucremur,
1879 2261 2010 2332 quid

426 2376 565 2431 opus
585 2369 669 2415 est
696 2361 922 2415 dicere?
953 2359 1138 2431 Neque
1159 2361 1307 2414 enim
1338 2361 1516 2415 solum
1544 2359 1777 2414 virtutes
1801 2373 2006 2413 conse-

424 2452 666 2520 quimur,
708 2452 805 2508 sed
834 2461 891 2507 et
920 2453 1059 2507 mala
1088 2453 1393 2515 rennimus,
1462 2468 1528 2506 ex
1590 2451 1757 2521 hujus
1804 2451 2011 2515 studio,

426 2557 644 2595 necnon
708 2557 950 2596 amorem
1007 2542 1346 2612 acquirimus
1390 2542 1506 2605 Dei,
1550 2540 2013 2612 pulchritudinem

426 2634 708 2702 sapientia:
738 2634 859 2703 ejus
888 2635 1181 2700 discentes,
1214 2633 1485 2703 simulque
1512 2649 1541 2687 a
1565 2633 1816 2688 saeculari
1862 2633 2017 2688 fumo

423 2727 646 2780 oculum
684 2726 882 2781 anima:
913 2727 1225 2790 liberamus,
1263 2739 1319 2782 et
1345 2727 1713 2796 corruptionis
1762 2726 2017 2780 humana:

429 2814 704 2868 sustinere
733 2830 1017 2869 cessamus
1038 2814 1355 2882 imperium,
1379 2824 1435 2867 et
1470 2815 1791 2867 excedimus
1851 2813 2013 2868 dein-

433 2918 567 2974 ceps
599 2904 878 2970 homines,
913 2918 1081 2959 carne
1114 2905 1237 2966 hac,
1269 2919 1393 2973 quae
1435 2913 1608 2958 estex
1644 2913 1860 2959 terrena
1898 2920 2018 2959 ma-

436 2996 595 3059 teria,
625 2996 880 3051 viventes
904 2996 1216 3061 sublimius,
1272 2997 1361 3050 vel
1392 2996 1564 3067 magis
1592 2996 1859 3051 ellicimur
1916 2998 2017 3051 ho-

433 3088 631 3144 mines.
663 3087 915 3143 Hominis
930 3089 1078 3142 enim
1108 3096 1191 3143 est
1218 3088 1484 3142 rationale
1509 3088 2022 3157 contemplativum-

432 3195 543 3249 que
581 3180 886 3250 proprium,
923 3181 1069 3234 unde
1099 3189 1155 3234 et
1176 3180 1246 3235 ad
1290 3180 1583 3250 imaginem
1642 3180 1738 3234 Dei
1800 3189 2021 3234 creatus

435 3271 662 3325 dicitur.
689 3270 827 3326 Haec
846 3280 1033 3327 autem
1061 3272 1222 3326 nobis
1262 3288 1360 3342 per
1396 3272 1636 3326 studium
1688 3281 1746 3327 et
1781 3287 2022 3342 occupa-

438 3362 645 3416 tionem
671 3362 815 3417 circa
843 3363 1073 3418 verbum
1102 3363 1195 3418 Dei
1234 3365 1589 3434 proveniunt.
1625 3363 1853 3433 Propter
1872 3365 2018 3434 quod
2051 3367 2097 3427 α

439 3448 664 3504 levitici
696 3449 820 3505 libri
849 3453 1134 3522 sequentia
1163 3468 1574 3522 percurramus,
1598 3454 1832 3507 multum
1854 3454 2020 3524 juva-

438 3556 567 3594 men
595 3542 1272 3613 legentibusconferentia.
1303 3545 1395 3599 Dei
1416 3545 1565 3599 enim
1591 3553 1723 3600 sunt
1740 3547 2022 3613 mandata,

438 3634 754 3690 adumbrata
779 3638 1002 3706 quidem
1031 3638 1085 3692 in
1118 3638 1366 3708 pluribus
1390 3648 1617 3710 propter
1647 3640 2025 3697 inﬁrmitatem

441 3728 625 3796 populi
654 3728 967 3786 Judaiorum
1000 3733 1056 3787 in
1102 3733 1283 3787 littera
1315 3752 1329 3787 :
1380 3732 1779 3802 perfectionem
1841 3740 2026 3787 autem

441 3822 747 3877 secundum
774 3823 1012 3879 litteram
1062 3826 1302 3881 intuenti
1351 3835 1634 3897 praestant,
1690 3836 1745 3882 et
1783 3841 2028 3882 consona

440 3911 798 3971 inveniuntur
814 3933 899 3983 ea,
933 3935 1055 3989 qua:
1076 3934 1179 3990 per
1215 3918 1436 3992 Moysen
1458 3920 1602 3978 dicta
1650 3930 1802 3987 sunt,
1855 3920 1902 3977 si
1944 3920 2030 3974 in-

443 4015 829 4079 terpretentur,
862 4012 1176 4084 Evangelio.

1016 4170 1242 4228 CAPUT
1280 4173 1425 4228 XIX.

516 4329 676 4385 Vsus.
713 4331 824 4385 1-4.
848 4349 868 4382 ι
907 4331 1150 4387 Locutus
1182 4340 1269 4388 est
1296 4333 1562 4389 Dominus
1592 4334 1658 4389 ad
1694 4333 1913 4406 Moysen
1946 4335 2035 4390 di-

442 4438 609 4478 ccns:
638 4422 882 4492 Loquere
907 4424 975 4479 ad
1006 4441 1223 4481 omnem
1256 4436 1458 4481 coetum
1496 4426 1734 4482 filiorum
1762 4427 1946 4492 Israel,
1980 4437 2037 4483 et

445 4519 594 4573 dices
643 4519 710 4572 ad
764 4534 858 4574 eos
895 4538 908 4574 :
956 4520 1142 4575 Sancti
1194 4530 1393 4586 estote,
1419 4521 1546 4591 quia
1592 4530 1647 4576 et
1669 4536 1771 4591 ego
1811 4531 2038 4578 sanctus

445 4627 565 4666 sum
590 4611 855 4668 Dominus
884 4611 1027 4669 Deus
1052 4624 1253 4669 vester.
1289 4613 1682 4683 Unusquisque
1709 4622 1917 4683 patrem
1980 4624 2038 4669 et

2115 587 2236 638 ergo
2257 568 2505 637 templum
2552 565 2646 619 Dei
2670 564 2962 626 violaverit,
3023 563 3284 633 disperdat
3339 562 3488 617 illum
3531 562 3673 626 Deus.

2116 658 2367 727 templum
2418 656 2558 710 enim
2617 654 2712 708 Dei
2761 664 3005 708 sanctum
3029 662 3125 717 est,
3190 655 3327 723 quod
3356 654 3483 706 estis
3510 670 3592 707 vos
3615 656 3674 709 ".

2113 748 2559 804 Consummatam
2599 761 2728 816 ergo
2775 743 3266 816 sanctificationem
3299 743 3678 811 custodientes,

2111 851 2283 897 totam
2306 844 2361 896 in
2417 841 2578 896 nobis
2627 839 2897 895 habemus
2958 837 3361 891 inhabitantem
3417 835 3681 895 Trinitatis

2111 933 2535 1006 plenitudinem,
2565 932 2612 985 si
2649 940 2829 985 tamen
2875 927 3139 999 templum
3172 926 3270 981 Dei
3303 942 3520 991 sumus,
3548 928 3683 982 vide-

2112 1028 2242 1083 licet
2280 1025 2476 1087 Patris,
2523 1022 2726 1077 Christi
2754 1030 2940 1075 autem
2999 1033 3202 1088 corpus
3238 1024 3293 1073 et
3318 1016 3588 1082 membra,
3636 1029 3682 1073 et

2113 1120 2354 1190 Spiritus
2382 1126 2605 1173 sanctus
2636 1117 2689 1169 in
2727 1115 2886 1169 nobis
2944 1110 3178 1179 habitat,
3221 1111 3278 1166 in
3309 1110 3534 1165 Christo
3568 1110 3683 1165 Jesu

2114 1211 2341 1266 Domino
2374 1218 2586 1271 nostro,
2628 1206 2820 1261 cuiest
2841 1204 3034 1275 gloria,
3059 1204 3258 1268 honor,
3294 1211 3351 1258 et
3374 1216 3617 1273 regnum,
3634 1202 3682 1256 in

2115 1302 2310 1357 su-cula
2342 1301 2694 1356 saeculorum.
2722 1300 2918 1352 Amen.

2024 1647 2580 1738 SEXTUS.

2048 1867 2121 1885 ρ

2040 2020 2081 2082 B
2113 2016 2432 2087 sionemque
2449 2014 2736 2087 removet),
2751 2013 3240 2070 sanctificationem
3262 2012 3679 2082 consequimini;

2114 2120 2338 2166 sanctus
2374 2120 2559 2165 autem
2583 2110 2841 2181 conjungi
2891 2108 3140 2179 profanis
3165 2123 3276 2163 non
3300 2107 3528 2177 patitur.
3574 2106 3691 2163 Pro-

2113 2216 2301 2274 pterea
2331 2204 2530 2258 Paulus
2553 2205 2773 2259 dicebat
2806 2221 2817 2256 :
2866 2203 3094 2257 Nescitis
3128 2202 3255 2273 quia
3306 2200 3560 2271 templum
3609 2201 3691 2255 Dei

2114 2298 2235 2350 estis
2257 2297 2343 2350 ?et
2373 2296 2592 2363 spiritus
2626 2295 2723 2347 Dei
2777 2294 2981 2347 habitat
3052 2294 3106 2345 in
3166 2291 3349 2346 vobis?
3404 2291 3691 2361 Quicunque

2114 2398 2291 2442 autem
2332 2387 2583 2456 templum
2630 2388 2845 2441 Domini
2888 2385 3185 2452 violaverit,
3240 2386 3509 2456 disperdet
3558 2384 3691 2439 illum

2116 2482 2278 2535 Deus.
2300 2480 2570 2549 Templum
2593 2480 2733 2533 enim
2756 2479 2850 2531 Dei
2869 2488 3109 2532 sanctum
3128 2486 3221 2545 est,
3243 2479 3386 2548 quod
3403 2478 3522 2531 estis
3540 2493 3620 2530 vos
3636 2478 3689 2528 ⁷⁸.

2196 2571 2658 2640 Supermdilicans
2682 2579 2866 2624 autem
2894 2570 3152 2623 mandata
3184 2584 3356 2639 super
3385 2570 3491 2625 hoc
3515 2568 3691 2623 funda-

2119 2673 2388 2729 mentum,
2439 2676 2594 2719 extra
2645 2664 2789 2734 quod
2835 2679 2999 2718 nemo
3046 2672 3231 2733 potest
3278 2678 3492 2734 ponere
3521 2663 3687 2718 aliud:

2126 2757 2506 2827 Unusquisque,
2550 2756 2645 2822 ait,
2691 2766 2922 2826 patrem,
2972 2766 3021 2810 et
3061 2768 3282 2811 matrem
3319 2774 3478 2811 suam
3509 2757 3689 2809 timeat.

2119 2847 2225 2903 Per
2255 2849 2745 2904 sanetilicationem
2779 2850 3000 2919 quidem
3054 2865 3247 2919 puram
3287 2860 3534 2905 mentem
3588 2864 3691 2919 erga

2120 2939 2437 2996 Creatorem
2466 2941 2757 3007 mandans,
2795 2957 2891 3010 per
2921 2942 3190 2996 honorem
3234 2940 3621 3011 autem-patris
3647 2946 3692 2993 et

2122 3035 2312 3089 matris
2348 3035 2613 3106 impendi,
2643 3045 2853 3090 naturae
2897 3035 3317 3106 benignitatem,
3375 3050 3498 3104 quze
3523 3048 3693 3104 paren-

2123 3126 2271 3181 tibus
2296 3127 2583 3193 honorem,
2619 3129 2716 3183 sed
2753 3137 2808 3182 et
2836 3128 3090 3183 timorem
3125 3127 3316 3182 deberi
3344 3142 3376 3181 a
3404 3126 3547 3190 filiis,
3566 3126 3689 3179 sicut

2123 3218 2391 3274 Dominus
2426 3221 2599 3275 dedit.
2630 3220 2834 3275 Deinde
2886 3220 3021 3292 legis
3063 3220 3325 3274 mandata
3354 3218 3693 3288 recapitulare

2128 3312 2339 3378 volens,
2371 3313 2422 3366 id
2450 3320 2554 3374 est,
2604 3311 2726 3366 Non
2784 3313 3017 3378 occides;
3076 3311 3197 3367 Non
3230 3313 3500 3384 furaberis
3541 3327 3558 3365 :
3594 3310 3692 3364 Itan

2130 3405 2467 3460 adulterabis
2498 3423 2515 3460 :
2545 3408 2665 3461 Non
2684 3406 2985 3477 perjurabis
3018 3420 3036 3459 :
3085 3403 3209 3459 Non
3269 3421 3506 3459 assumes
3533 3418 3695 3457 nomen

2126 3499 2342 3554 Domini
2380 3499 2479 3553 Dei
2501 3501 2578 3552 tui
2614 3500 2670 3553 in
2698 3515 2895 3553 vanum
2924 3514 2942 3552 :
2968 3496 3089 3551 Non
3139 3498 3473 3565 concupisces
3500 3512 3690 3550 uxorem

2125 3591 2355 3658 proximi
2379 3589 2504 3642 tui:
2548 3597 2605 3643 et
2653 3595 2715 3642 ut
2771 3587 3012 3642 breviter
3062 3586 3464 3641 continentiam
3509 3602 3539 3640 a
3574 3585 3693 3638 malo

2126 3678 2758 3750 praeciperet;Sabbata
2796 3695 2913 3731 mea
2972 3678 3252 3743 custodite,
3324 3677 3693 3732 rationabiliter

2129 3771 2373 3826 subdidit
2406 3811 2419 3836 ,
2453 3771 2579 3840 quia
2604 3787 2794 3826 verum
2824 3756 3126 3824 Sabbatum
3163 3770 3497 3827 est.nullum
3531 3784 3693 3823 corru-

2128 3863 2334 3932 ptionis
2355 3878 2494 3932 opus
2528 3863 2741 3931 operari
2772 3882 2784 3917 :
2828 3877 2956 3916 nam
2985 3870 3040 3916 et
3062 3876 3227 3916 omne
3257 3877 3398 3930 Opus
3427 3861 3614 3916 servile
3647 3860 3693 3913 in

2129 3956 2368 4012 Sabbato
2386 3972 2501 4011 non
2524 3956 2664 4022 ﬁeri,
2700 3955 2911 4026 Moyses
2954 3955 3217 4025 prrccepit
3251 3964 3479 4024 :‘aperte
3498 3954 3563 4007 ab
3584 3967 3693 4021 ope-

2131 4052 2283 4105 ribus
2306 4052 2511 4117 carnis,
2538 4068 2659 4121 qua:
2689 4060 2821 4106 sunt
2849 4050 3170 4115 fornicatio,
3242 4048 3611 4110 immunditia,
3651 4052 3691 4098 et

2132 4144 2330 4198 similia
2361 4146 2471 4211 his,
2500 4160 2694 4199 cavere
2719 4145 3045 4215 praecipiens
3080 4158 3209 4217 eum
3258 4144 3353 4214 qui
3421 4143 3690 4197 Sabbatum

2133 4240 2411 4295 celebrare
2446 4239 2561 4295 vult
2612 4240 2917 4294 secundum
2966 4240 3143 4311 legem
3177 4240 3426 4310 spiritus.
3463 4237 3563 4293 Sed
3610 4249 3692 4290 nec

2134 4350 2351 4389 causam
2391 4333 2611 4386 Sabbati
2642 4333 2895 4403 ignorare
2941 4340 3177 4403 oportet,
3204 4332 3282 4387 sic
3306 4333 3511 4386 etenim
3542 4328 3691 4382 virtu-

2136 4438 2244 4484 tem
2293 4427 2446 4498 legis,
2497 4444 2616 4496 qu-.e
2654 4428 2721 4481 de
2779 4442 2845 4481 eo
2891 4436 2997 4492 cst,
3037 4428 3293 4481 sciemus.
3347 4424 3568 4491 Quando
3588 4433 3692 4489 ergo

2136 4521 2359 4577 Sabbati
2388 4522 2705 4575 mandatum
2735 4519 2876 4574 Dens
2908 4519 3100 4574 dedit?
3153 4528 3388 4589 putasne
3451 4517 3548 4571 sub
3578 4511 3690 4574 Noe,

2137 4613 2355 4683 quando
2390 4628 2499 4667 non
2536 4613 2747 4667 comedi
2785 4613 3110 4685 sanguinem
3159 4608 3455 4681 praecepit?
3512 4617 3689 4673 nequa-

447 4711 676 4757 matrem
714 4719 869 4758 suam
901 4705 1107 4759 timeat.
1145 4705 1380 4761 Sabbata
1411 4721 1531 4758 mea
1563 4705 1856 4760 custodite.
1921 4704 2033 4776 Ego
2067 4721 2110 4776 ι)
2137 4721 2323 4776 quam,
2356 4706 2452 4761 sed
2473 4706 2575 4760 sub
2601 4705 2899 4767 Abraham,
2935 4719 3096 4772 quem
3118 4703 3309 4757 habuit
3333 4701 3563 4756 amicum
3583 4695 3692 4751 lide-

451 4795 712 4850 l)ominus
749 4795 890 4851 Deus
918 4806 1119 4853 vester.
1147 4798 1329 4852 Nolite
1355 4797 1600 4853 converti
1620 4798 1687 4852 ad
1728 4797 1894 4863 idola,
1928 4814 2033 4855 nec

448 4886 581 4943 deos
618 4889 923 4946 conflatiles
953 4891 1166 4946 facietis
1197 4890 1373 4955 vobis,
1403 4906 1504 4962 ego
1538 4891 1824 4947 Dominus.
1869 4912 1888 4943 ι

520 4968 689 5037 Recte
741 4983 1232 5038 sanctificationcm
1299 4987 1618 5055 praeposuit,
1674 4988 1803 5054 quia
1854 4985 2039 5041 omnis

449 5075 670 5131 virtutis
692 5076 1240 5132 estfundamentum.
1268 5077 1441 5144 Quam
1493 5080 1621 5149 quia
1676 5080 1877 5133 sectari
1912 5095 2027 5133 mo-

451 5169 535 5223 dis
565 5170 820 5224 omnibus
858 5180 1076 5240 oportet
1122 5170 1400 5242 legislator
1441 5172 1762 5240 ostendens,
1831 5154 2038 5227 conve-

451 5261 669 5317 nienter
692 5263 802 5319 ait:

524 5353 706 5409 Sancti
728 5364 908 5422 estote,
934 5356 1060 5427 quia
1084 5373 1177 5427 ego
1205 5368 1420 5411 sanctus
1465 5375 1581 5411 sum
1618 5357 1879 5411 Dominus
1906 5356 2041 5411 Deus

454 5456 644 5503 vester.
679 5449 735 5503 id
763 5451 926 5513 est,si
962 5450 1114 5504 vobis
1147 5451 1321 5519 placet
1345 5451 1558 5520 placere
1579 5453 1708 5514 Deo,
1738 5452 2041 5506 autadcsse

454 5540 764 5607 vobiscum,
793 5542 879 5595 vel
911 5540 1085 5612 magis
1107 5556 1228 5595 esse
1253 5557 1375 5595 cum
1414 5558 1480 5595 co
1541 5541 1705 5595 vultis
1736 5540 1852 5610 (Dei
1888 5541 2040 5594 cnim

459 5633 747 5702 praesentia
774 5642 828 5689 et
853 5634 1168 5705 conjunctio
1193 5649 1385 5688 omnes
1437 5651 1466 5687 a
1494 5633 1649 5687 vobis
1694 5632 1918 5687 insidias
1950 5632 2042 5685 lue-

532 5799 575 5829 ⁷¹
610 5812 633 5867 ι
671 5812 795 5869 Cor.
830 5831 908 5880 ut,
949 5816 1029 5882 l6,
1065 5816 1145 5869 l7.
1227 5816 1272 5849 ⁷³
1296 5815 1426 5872 ibid.
1506 5814 1551 5846 "
1575 5813 1877 5869 Exod.xv1.
1910 5812 1966 5866 3.

2135 4799 2271 4864 lem,
2297 4814 2460 4869 quem
2491 4798 2766 4869 probavit,
2804 4806 2861 4851 et
2890 4811 3178 4865 nunquam
3206 4795 3276 4849 ab
3309 4809 3378 4849 eo
3405 4790 3690 4846 mandatum

2138 4892 2341 4947 bonum
2367 4890 2674 4944 abscondit.
2701 4889 2808 4943 Sed
2830 4903 2935 4943 nec
2962 4898 3113 4951 tunc,
3163 4885 3387 4956 quando
3444 4884 3509 4938 de
3573 4890 3691 4931 terra

2139 4983 2355 5055 Aigypti
2404 4982 2668 5052 populum
2701 4980 3016 5035 Judmornm
3090 4979 3298 5043 eduxit,
3325 4985 3380 5031 et
3422 4971 3691 5028 esurientes

2141 5081 2645 5134 murmuraverunt,
2677 5070 2962 5122 dicentes:
2997 5067 3210 5121 Utinam
3240 5065 3433 5118 mortui
3451 5062 3690 5132 fuissemus

2141 5182 2235 5235 per
2288 5181 2506 5217 manum
2569 5162 2778 5215 Domini
2809 5162 2863 5214 in
2891 5170 3034 5214 terra
3078 5159 3318 5229 JEgypti,
3345 5155 3547 5228 quando
3572 5146 3691 5202 sede-

2143 5258 2327 5310 bamus
2351 5272 2509 5324 super
2538 5254 2671 5309 ollas
2701 5255 2962 5319 carnium,
2989 5261 3037 5305 et
3068 5251 3465 5305 comedebamus
3491 5239 3689 5315 pane-$5"

2146 5351 2486 5404 saturitatem
2510 5350 2556 5380 τδ
2585 5349 2597 5401 l
2641 5347 3020 5416 Misitquidcm
3047 5346 3128 5399 eis
3157 5344 3300 5399 Deus
3349 5356 3554 5401 manna,
3611 5334 3690 5389 d0-

2150 5459 2282 5497 cens
2311 5452 2493 5496 autem
2521 5457 2622 5495 nos
2646 5448 2923 5509 oportere,
2953 5453 3074 5506 quae
3112 5437 3346 5505 amplius
3373 5447 3525 5504 quam
3545 5423 3689 5497 quoti-

2151 5534 2374 5590 dianum
2392 5534 2596 5599 cibum,
2636 5547 2748 5585 non
2780 5527 3133 5600 praecipiebat
3158 5528 3280 5597 plus
3309 5527 3376 5581 de
3406 5524 3591 5579 Gomor
3610 5524 3689 5600 Ρεῗ

2155 5627 2368 5697 singula
2390 5597 2796 5696 capita-colligi
2829 5639 2841 5675 :
2880 5597 3137 5675 mensura
3182 5627 3360 5673 autem
3411 5616 3518 5671 haec
3568 5597 3685 5674 ενυςι
