3992 6438
368 364 529 437 1021

1540 371 1624 433 IN
1666 371 2107 434 LEVITICUM.
2144 397 2213 406 —
2253 374 2399 433 LIB.
2438 373 2539 435 VI.

3544 375 3685 441 1022

367 491 613 548 Iudaeos
669 498 806 556 erat,
863 504 985 559 quae.
1011 495 1230 561 poterat
1281 505 1734 561 unumquemque
1770 490 1982 545 nutrire
2015 493 2145 552 Ain
2195 508 2303 562 quo
2333 510 2396 548 ea
2444 509 2566 564 qua:
2623 494 2902 565 pertinent
2950 495 3018 549 ad
3068 495 3299 549 salutem
3360 474 3698 565 operemur:

372 586 694 642 hominem.
730 582 886 638 T‘unc
916 597 1047 652 ergo
1075 582 1274 638 docere
1304 598 1401 638 eos
1431 583 1500 638 de
1529 583 1861 654 intelligibili
1891 598 1980 637 re.

369 678 517 748 quie
551 686 606 732 et
657 675 767 730 ﬁne
801 673 992 729 mundi
1022 674 1232 739 volens,
1269 673 1396 744 quia
1448 672 1544 727 illo
1592 682 1842 743 tempore
1878 673 1983 727 im-

369 768 653 840 possibile
703 776 789 822 est
842 767 1029 823 cibum
1081 766 1427 835 conquirere,
1480 766 1567 838 vel
1597 766 1835 836 operari,
1879 782 1982 821 nec

371 863 537 917 circa
574 860 860 931 corporale
905 858 1110 928 aliquid
1143 859 1425 929 occupari,
1484 859 1609 912 talia
1665 859 1745 913 eis
1799 858 1982 913 dicere

370 940 607 1024 Moysen
628 951 890 1023 praecepit
916 969 929 1006 :
969 950 1208 1005 Sabbata
1239 951 1396 1004 hodie
1418 948 1667 1014 Domino,
1690 966 1793 1003 non
1834 951 1979 1002 inve-

371 1043 547 1097 nietis
581 1042 716 1096 illud
756 1043 812 1095 in
845 1057 972 1112 agro
996 1057 1015 1094 :
1046 1056 1143 1095 Sex
1171 1041 1368 1095 diebus
1394 1040 1695 1111 colligitur,
1748 1041 1983 1110 septima

372 1145 577 1189 autem
603 1133 693 1188 die
727 1131 989 1199 Sabbata,
1020 1149 1131 1187 non
1158 1132 1339 1195 eritjn
1361 1146 1448 1187 ea.
1470 1131 1594 1187 Non
1655 1131 1981 1197 Sabhatum,

372 1211 490 1283 sed
528 1226 788 1293 Sabbata,
821 1227 948 1296 quia
1001 1225 1360 1296 intelligibilis
1398 1225 1617 1295 requies
1643 1241 1755 1280 non
1785 1226 1852 1279 ab
1871 1239 1982 1279 uno

372 1318 651 1388 quodam,
707 1317 803 1372 sed
849 1317 920 1372 ab
976 1316 1234 1371 omnibus
1275 1315 1592 1371 carnalibus
1637 1316 1981 1372 vacationem

372 1410 898 1480 alienationemque
930 1410 1197 1481 possidet.
1226 1411 1383 1467 Unde
1408 1426 1675 1480 nusquam
1710 1409 1862 1479 prius
1894 1408 1980 1463 in-

372 1505 584 1558 venies
621 1503 768 1573 apud
799 1502 1042 1558 divinam
1087 1503 1831 1574 ScripturamSabbatorum
1877 1516 1980 1555 no-

373 1612 540 1661 men,
564 1604 624 1650 ut
643 1597 1000 1651 manifestum
1033 1596 1106 1650 sit
1155 1597 1281 1668 quia
1308 1596 1611 1652 Sabbatum
1635 1610 1855 1649 omnem
1885 1610 1981 1649 va-

373 1690 667 1741 cationem
695 1686 1024 1752 carnalium,
1053 1695 1107 1741 et
1134 1686 1481 1741 swcularium
1534 1700 1719 1739 rerum
1778 1698 1984 1753 przeceo

374 1781 490 1850 ’pit.
528 1780 685 1836 Unde
715 1796 880 1835 omne
905 1797 1044 1850 opus
1073 1781 1161 1834 lex
1216 1780 1543 1850 prohibens,
1584 1795 1707 1848 quae
1775 1777 1982 1832 faciunt

369 1873 651 1927 adversus
680 1888 901 1929 onmem
929 1872 1194 1939 animam,
1249 1873 1492 1927 subdidit
1528 1890 1540 1925 :
1576 1870 1811 1926 Sabbata
1865 1888 1981 1925 mea
2016 1850 2056 1904 Β

372 1966 665 2023 custodite.
685 1965 790 2019 Per
820 1966 926 2022 hoc
948 1976 1136 2039 aperte
1159 1967 1458 2021 ostendens
1507 1964 1633 2035 quia
1693 1981 1723 2019 a
1782 1980 1982 2035 corpo-

372 2058 596 2112 ralibus
630 2074 734 2112 nos
763 2073 958 2113 vacare
1008 2057 1305 2124 desiderat,
1351 2066 1407 2113 et
1456 2074 1578 2129 quae
1599 2058 1668 2115 ad
1719 2058 1980 2129 juvamen

374 2159 521 2205 sum
543 2150 761 2216 animae,
788 2161 844 2204 et
880 2151 1192 2221 profectum
1234 2150 1570 2220 pertinentia
1608 2151 1843 2220 operari.
1872 2150 1981 2206 Ve-

376 2258 509 2296 rum
546 2242 693 2295 enim
726 2241 1029 2297 Sabbatum
1072 2251 1177 2307 est,
1208 2241 1347 2294 nihil
1379 2241 1684 2307 materiale,
1717 2241 1857 2296 nihil
1914 2241 1981 2296 ad

381 2341 596 2386 terram
634 2330 911 2385 hominem
944 2330 1281 2400 deprimens,
1344 2340 1400 2384 ct
1437 2330 1505 2384 ad
1566 2330 1981 2400 corruptionem

370 2423 663 2478 carnalem
707 2423 933 2477 trahens
952 2438 1135 2493 agere.
1158 2420 1307 2477 Cum
1336 2422 1440 2476 hoc
1470 2430 1655 2476 autem
1683 2421 1813 2491 quid
1833 2422 1982 2476 aliud

374 2529 540 2568 nunc
567 2512 711 2568 Deus
733 2514 994 2583 praecepit
1019 2529 1033 2566 :

459 2604 699 2660 Vens.4.
731 2624 749 2657 ι
787 2605 968 2660 Nolite
1014 2605 1265 2660 converti
1323 2604 1391 2660 ad
1452 2606 1622 2670 idola,
1688 2621 1792 2660 nec
1843 2607 1980 2661 deos

370 2699 685 2754 conﬂatiles
730 2698 944 2753 facietis
969 2699 1141 2753 vobis.
1173 2699 1286 2770 Ego
1315 2698 1601 2753 Dominus.
1630 2717 1651 2752 ι

457 2790 576 2847 Non
608 2790 855 2845 converti
878 2800 1060 2844 autem
1097 2790 1164 2844 ad
1190 2790 1353 2856 idola,
1396 2799 1482 2845 est
1505 2806 1615 2847 non
1637 2791 1979 2845 condescen-

374 2885 519 2938 dere
586 2883 671 2939 bis
741 2900 863 2953 qua:
933 2883 1203 2937 idolorum
1261 2884 1349 2937 lex
1411 2885 1584 2938 multa
1638 2883 1981 2954 profanaque

374 2973 572 3045 exigit.
598 2973 704 3028 Sed
741 2989 843 3027 nec
865 2972 1168 3027 conflatiles
1201 2973 1335 3029 deos
1366 2972 1632 3029 faciamus
1667 2975 1848 3038 nobis,
1869 2991 1980 3029 non

380 3068 564 3123 solum
597 3068 653 3121 in
680 3067 1002 3120 animalium
1046 3066 1261 3132 formis,
1291 3067 1386 3122 sed
1418 3084 1522 3122 nec
1548 3068 1601 3121 in
1636 3069 1981 3138 peculiorum

381 3160 681 3226 thesauris,
734 3175 836 3215 nec
892 3159 948 3212 in
973 3158 1091 3213 auri
1150 3167 1246 3213 aut
1304 3159 1514 3230 argenti
1571 3160 1812 3215 massis:
1861 3160 1978 3213 hmc

382 3250 542 3305 enim
573 3249 706 3305 deos
736 3264 864 3303 suos
892 3249 1099 3303 faciunt
1128 3249 1185 3302 hi
1257 3249 1350 3319 qui
1385 3265 1450 3303 ea
1500 3257 1858 3320 congregant,
1923 3250 1979 3303 in

382 3353 599 3397 tantum
629 3342 732 3397 sub
756 3358 942 3396 earum
975 3341 1220 3396 dominio
1241 3342 1547 3408 constituti,
1578 3352 1638 3396 ut
1670 3342 1982 3396 timeantex

380 3434 466 3489 eis
497 3434 582 3489 vel
608 3436 1157 3504 quantulumcunque
1216 3435 1557 3505 contingere.
1612 3434 1755 3500 Quid
1795 3445 1981 3488 autem

383 3530 505 3583 haec
541 3544 767 3584 necesse
800 3529 1110 3583 habemus?
1153 3528 1247 3598 qui
1303 3544 1402 3599 pro
1428 3528 1686 3582 omnibus
1734 3528 1982 3598 posside-

386 3636 511 3677 mus
538 3621 740 3676 divitiis
766 3638 893 3676 eum
917 3621 1010 3691 qui
1052 3620 1224 3675 dicit:
1262 3620 1370 3689 Ego
1418 3621 1673 3675 Dominus
1699 3622 1725 3675 ?
1771 3622 1822 3676 id
1873 3630 1982 3685 est,

380 3715 479 3785 qui
506 3715 739 3769 volatilia
781 3714 988 3779 nutrio,
1013 3714 1105 3783 qui
1132 3713 1242 3767 lilia
1298 3714 1413 3784 agri
1452 3715 1647 3777 vestio,
1680 3715 1771 3783 qui
1797 3730 1864 3769 ex
1893 3715 1980 3768 ni-

386 3804 505 3858 hilo
541 3804 666 3867 feci,
697 3804 837 3859 facta
880 3803 1112 3864 nutrivi,
1136 3813 1300 3873 atque
1334 3804 1450 3859 Inec
1473 3804 1655 3859 omnia
1686 3820 1877 3860 rursus
1912 3806 1982 3860 ad

384 3898 746 3967 indigentiam
771 3898 1023 3968 redigere
1057 3897 1231 3952 valeo.

416 3983 425 3990 ’
461 3990 622 4044 Vens.
649 3989 757 4044 5.8.
800 4007 825 4041 φ
848 3989 904 4044 Si
931 3989 1344 4043 immolaveritis
1370 3989 1601 4044 hostiam
1628 3990 1981 4059 pacificorum

386 4081 640 4144 Domino,
673 4089 733 4137 ut
764 4081 835 4134 sit
866 4081 1241 4151 acceptabilis,
1266 4097 1330 4135 eo
1344 4081 1431 4135 die
1453 4098 1562 4152 quo
1587 4082 1749 4136 fuerit
1783 4082 1982 4135 inuno—

385 4175 515 4236 lata,
543 4171 847 4228 comedetis
876 4187 1021 4236 eam,
1055 4180 1111 4226 et
1139 4172 1228 4226 die
1260 4172 1455 4227 altero.
1486 4172 1767 4242 Quidquid
1791 4182 1980 4226 autem

386 4248 668 4322 residuum
698 4263 866 4319 fuerit
892 4265 946 4319 in
972 4265 1115 4319 diem
1163 4264 1410 4330 tertium,
1446 4264 1568 4337 igne
1617 4266 1978 4321 comburelis.

386 4358 446 4414 Si
477 4358 599 4429 quis
631 4366 750 4427 post
783 4357 1009 4411 biduum
1070 4357 1373 4412 comederit
1417 4374 1483 4412 ev
1543 4375 1605 4412 ea
1631 4399 1646 4422 ,
1701 4358 1968 4428 profanus

383 4450 514 4516 erit,
563 4458 621 4505 ct
676 4448 975 4519 impietatis
1030 4464 1181 4514 reus,
1232 4451 1582 4520 portabitque
1625 4451 1979 4520 iniquitatem

2086 585 2225 643 Hinc
2251 595 2531 653 autem,ut
2560 586 2631 642 sit
2657 586 2957 669 placabilis,
2993 594 3214 658 oportet
3243 587 3539 648 immolari,
3561 588 3680 642 haec

2084 680 2273 748 utique
2326 680 2647 734 omnimodo
2697 689 3078 748 assequentes,
3130 695 3253 750 qua:
3316 678 3678 748 acceptabilia

2085 773 2197 826 Deo
2227 782 2372 835 sunt,
2395 773 2463 826 de
2495 788 2604 841 quo
2625 772 2764 827 dixit
2789 772 3008 837 Paulus,
3040 787 3164 826 cum
3193 787 3303 841 quo
3327 770 3487 826 modo
3515 785 3679 839 opor-

2087 873 2229 918 teret
2268 866 2483 935 assequi
2513 876 2779 920 remotam
2833 872 2890 919 et
2930 864 3171 935 quietam
3206 865 3397 929 vitam,
3433 864 3488 917 in
3526 861 3678 918 omni

2084 956 2286 1027 pietate
2321 965 2374 1011 et
2400 957 2682 1027 pudicitia,
2737 957 3027 1011 Timotheo
3078 955 3324 1011 scribens
3376 954 3676 1010 ostendit:

2082 1050 2197 1102 Hoc
2222 1048 2413 1101 bonum
2457 1057 2507 1101 et
2535 1057 2807 1117 acceptum
2846 1064 3028 1101 coram
3050 1045 3327 1101 Saluatore
3350 1054 3523 1098 nostra
3546 1044 3672 1104 Deo.

2084 1140 2369 1205 quiomnea
2397 1138 2626 1192 homines
2658 1137 2767 1192 vult
2797 1137 2966 1191 salvos
2996 1137 3133 1206 fieri,
3174 1145 3222 1189 et
3252 1136 3322 1187 ad
3352 1134 3674 1204 agnitionem

2083 1231 2324 1285 veritatis
2348 1231 2523 1284 venire
2551 1231 2614 1283 ⁷⁸.
2650 1229 2755 1283 Sed
2780 1230 2823 1284 si
2856 1229 2996 1284 dicis
3028 1247 3039 1280 :
3082 1228 3252 1298 Cujus
3277 1227 3353 1281 rei
3380 1226 3549 1296 gratia
3587 1241 3677 1279 ac-

2085 1326 2242 1388 cepta
2276 1326 2477 1381 vestra,
2500 1318 2802 1372 secundum
2835 1318 3191 1389 Septuaginta
3212 1317 3490 1387 legislatur
3505 1315 3679 1369 dixit?

2082 1409 2248 1477 Scito,
2268 1411 2395 1480 quia
2411 1410 2805 1465 conscientiam
2830 1411 3105 1482 designat,
3127 1426 3223 1480 per
3241 1425 3402 1479 quam
3424 1423 3546 1478 qua:
3567 1404 3680 1461 sint

2084 1502 2198 1557 Deo
2220 1512 2462 1573 accepta,
2492 1503 2871 1573 unusquisque
2890 1511 3070 1573 potest
3096 1502 3260 1564 scire,
3287 1510 3514 1572 propter
3530 1499 3678 1570 quod

2082 1594 2321 1651 Joannes
2346 1595 2563 1651 dicebat
2594 1594 2873 1660 :Fratres,
2904 1597 2952 1648 si
2981 1612 3068 1648 cor
3120 1603 3352 1648 nostrum
3377 1610 3479 1658 non
3498 1609 3677 1661 repre-

2083 1690 2397 1754 henditnos,
2436 1688 2689 1758 ﬁduciam
2717 1687 2968 1741 habemus
3021 1687 3091 1740 ad
3146 1685 3315 1738 Deum
3347 1685 3415 1736 '".
3475 1683 3677 1738 Come-

2085 1784 2216 1838 dcre
2242 1792 2427 1838 autem
2458 1783 2526 1837 de
2558 1780 2848 1844 sacriﬁcio,
2873 1794 2940 1834 eo
2971 1779 3059 1835 die
3090 1777 3553 1848 quoimmolatum
3570 1782 3673 1837 est,

2085 1887 2141 1933 et
2173 1878 2300 1944 alio,
2338 1887 2444 1942 est,
2481 1885 2542 1931 ut
2567 1877 2620 1931 in
2650 1875 2908 1945 praesenti
2962 1876 3093 1939 vita,
3118 1886 3460 1942 quaecunque
3485 1870 3551 1923 ad
3589 1884 3677 1923 sa-

2085 1973 2253 2028 lutem
2286 1973 2571 2043 pertinent
2598 1986 2912 2040 operemur.
2946 1966 3120 2022 Hodie
3159 1976 3344 2019 autem
3398 1972 3453 2017 et
3481 1962 3676 2017 crasti-

2083 2079 2237 2129 num,
2268 2063 2323 2117 in
2352 2061 2608 2133 praesenti
2646 2060 2848 2115 saeculo
2880 2058 3063 2113 divina
3102 2056 3382 2126 Scriptura
3419 2054 3559 2108 solet
3586 2067 3676 2107 ac-

2084 2156 2287 2226 cipere,
2315 2155 2382 2210 de
2410 2170 2517 2224 qua
2568 2162 2767 2208 testem
2813 2150 3080 2205 Jacobum
3129 2148 3494 2220 producamus
3538 2146 3679 2199 scri-

2083 2249 2302 2303 bentem
2327 2246 2469 2316 :Age
2487 2244 2750 2316 nunc,qui
2775 2244 2984 2297 dicitis:
3004 2240 3198 2304 Hodie,
3226 2239 3561 2294 autcraslino
3578 2237 3679 2289 ibi-

2086 2356 2201 2392 mus
2225 2339 2282 2392 in
2312 2336 2465 2391 illam
2497 2337 2761 2390 civitatem
2792 2333 2858 2387 ⁷³.
2895 2331 3021 2387 Dies
3067 2338 3252 2385 autem
3309 2328 3491 2392 tertia,
3550 2326 3680 2395 quia

2083 2431 2138 2486 in
2170 2432 2286 2501 ipsa
2314 2446 2344 2484 a
2374 2428 2607 2484 mortuis
2639 2426 2902 2482 Dominus
2940 2433 3128 2479 noster
3183 2420 3505 2484 resurrexit,
3537 2418 3677 2489 ﬁgu-

2085 2540 2200 2578 ram
2229 2522 2395 2577 futuri
2428 2521 2635 2586 saeculi,
2669 2529 2725 2574 et
2760 2527 3102 2593 mortuorum
3133 2511 3560 2570 resurrectionis
3578 2526 3675 2581 ge-

2084 2616 2173 2678 rit,
2204 2616 2258 2669 in
2284 2629 2393 2684 quo
2419 2614 2529 2683 jam
2554 2629 2667 2666 non
2696 2612 2823 2666 licet
2848 2609 3087 2681 Operari,
3112 2607 3210 2662 sed
3234 2605 3329 2676 qui
3355 2619 3503 2659 nunc
3532 2618 3670 2673 ope—

2083 2708 2185 2764 rati
2215 2714 2363 2771 sunt,
2386 2706 2498 2759 illic
2524 2705 2589 2759 ad
2620 2701 3039 2757 retributionem
3103 2698 3352 2752 veniunt.
3415 2693 3518 2760 Qui
3549 2709 3681 2764 ergo

2083 2802 2160 2857 sic
2194 2802 2287 2856 hic
2335 2799 2485 2863 vivit,
2533 2808 2790 2867 tanquam
2843 2794 2953 2847 illic
2992 2791 3243 2861 quaedam
3321 2786 3679 2859 praesentium

2082 2903 2406 2965 Operaturus
2435 2894 2523 2955 sit,
2557 2899 2609 2944 et
2639 2895 2930 2959 propterea
2967 2882 3257 2939 comedere
3291 2879 3451 2934 tertia
3475 2876 3563 2931 die
3592 2891 3681 2929 sa-

2081 2987 2350 3042 crificium
2385 2983 2761 3055 paeificorum,
2795 2979 2911 3034 sive
2977 2977 3216 3030 salutare
3242 2971 3462 3036 dicitur,
3516 2984 3677 3039 opus,

2083 3090 2337 3138 attrectat
2368 3098 2397 3134 a
2427 3079 2737 3150 legislatore
2783 3073 3147 3146 prohibitum,
3184 3071 3444 3122 virtutem
3481 3065 3682 3131 imper—

2087 3177 2283 3231 fectam
2310 3174 2653 3241 relinquens,
2692 3169 2846 3224 velut
2877 3166 2987 3220 illic
3018 3171 3345 3233 operaturus
3367 3157 3459 3221 sit,
3497 3164 3552 3209 ct
3576 3155 3683 3208 hu-

2078 3267 2171 3336 jus
2196 3261 2523 3319 saeriftcinm
2552 3258 2858 3313 rectissime
2913 3262 3203 3323 acceptum
3255 3263 3367 3302 non
3408 3255 3511 3309 est,
3579 3258 3685 3297 nec

2084 3359 2191 3414 vita
2214 3364 2465 3424 correpta
2493 3360 2595 3407 est.
2625 3350 2731 3405 Sed
2763 3349 2856 3419 qui
2885 3347 3048 3401 talem
3073 3338 3401 3410 sibimetipsi
3425 3344 3685 3407 operatur

2082 3449 2363 3512 virtutem,
2396 3444 2739 3514 iniquitatem
2774 3456 2928 3495 suam
2980 3434 3236 3509 portabit,
3271 3432 3423 3506 prius
3463 3428 3681 3499 quidem

2082 3539 2400 3610 imperfecte
2428 3551 2685 3607 operans,
2719 3533 2918 3588 deinde
2953 3540 3011 3586 ut
3040 3532 3300 3600 ingerens
3339 3521 3677 3579 calumniam

2083 3634 2282 3692 divina:
2308 3630 2432 3701 legi,
2468 3638 2525 3682 et
2560 3628 2756 3698 dogma
2798 3622 3166 3679 disseminans
3226 3617 3453 3687 impium
3521 3622 3686 3682 atque

2082 3725 2344 3783 alienum,
2375 3722 2539 3791 hujus
2555 3718 2734 3773 anima
2752 3717 2895 3787 perit
2923 3716 2990 3769 de
3018 3712 3220 3784 populo
3251 3725 3371 3765 suo.
3404 3702 3684 3775 InpOpulo

2082 3826 2267 3871 autem
2305 3813 2396 3883 qui
2421 3812 2681 3874 salvetur,
2707 3825 2820 3861 non
2856 3804 3225 3867 ordinabitur,
3289 3798 3417 3870 quia
3450 3793 3678 3864 reliquit

2084 3907 2459 3979 imperfectam
2493 3904 2680 3967 vitam,
2724 3916 2846 3971 quae
2896 3914 3022 3953 cum
3084 3895 3294 3950 salvare
3345 3897 3581 3962 poterat,
3635 3884 3682 3940 si

2083 4016 2203 4055 eam
2226 4001 2687 4053 COIISIIIIIIII'JSSCL

2153 4091 2319 4148 Vens.
2351 4092 2404 4153 9,
2445 4088 2526 4143 10.
2560 4106 2577 4137 ι
2617 4085 2753 4139 Cum
2784 4079 3082 4137 messueris
3110 4084 3325 4148 segetes
3355 4082 3521 4128 terrm
3550 4078 3679 4132 tua},

2084 4203 2193 4241 non
2225 4182 2478 4239 tondebis
2512 4193 2685 4249 usque
2744 4175 2812 4230 ad
2876 4173 3050 4227 solam
3098 4167 3447 4239 superficiem
3501 4173 3679 4227 terrae,

2085 4293 2187 4333 nec
2217 4282 2567 4330 remanentes
2592 4268 2771 4339 spicas
2801 4265 3046 4334 colliges,
3075 4276 3256 4330 neque
3293 4259 3350 4312 in
3372 4256 3531 4312 vinea
3590 4263 3682 4310 tua

2085 4383 2348 4429 racemos,
2383 4374 2439 4418 et
2461 4378 2627 4434 grana
2665 4356 2973 4415 decidentia
3017 4351 3394 4424 congregahis,
3429 4349 3525 4404 sed.
3546 4362 3684 4437 pau-

2090 4458 2313 4530 peribus
2342 4463 2398 4508 ct
2443 4451 2749 4523 peregrinis
2814 4445 3089 4515 carpenda
3114 4443 3377 4498 dimittes.
3413 4440 3527 4510 Ego
3574 4437 3685 4492 Do-

382 4560 565 4605 suam,
587 4542 714 4613 quia
740 4542 1223 4612 sanctumpomini
1242 4543 1459 4613 polluit,
1492 4551 1547 4597 ct
1571 4543 1773 4612 peribit
1798 4544 1979 4598 anima
2017 4545 2059 4604 Ι.)
2088 4548 2272 4603 minus
2305 4546 2447 4599 Deus
2470 4550 2673 4597 vester.
2712 4560 2730 4591 ι

382 4637 479 4690 illa
508 4635 575 4690 de
600 4633 803 4705 populo
824 4648 946 4687 suo.
972 4650 1016 4682 ,ι

465 4725 662 4782 Omnia
695 4725 939 4796 quidem,
975 4733 1036 4779 ut
1079 4724 1152 4780 ita
1186 4724 1456 4790 dicamus,
1489 4724 1697 4796 Moyses
1725 4725 1857 4796 legis
1887 4741 1979 4779 ca-

382 4821 561 4893 pitula
612 4820 698 4874 bis
732 4828 921 4888 terque
950 4819 1152 4889 pepqu
1183 4819 1463 4889 praecepit,
1497 4818 1774 4889 frequenti
1809 4820 1979 4875 tradi-

382 4916 540 4970 tione
583 4910 905 4966 memoriam
949 4926 1141 4965 eorum
1186 4910 1532 4966 auditoribus
1602 4914 1975 4985 promulgatis.

382 5003 556 5060 Multo
571 5003 742 5074 magis
770 5012 952 5057 tamen
982 5002 1235 5056 mandata
1278 5017 1404 5071 qum
1426 5002 1801 5056 necessariora
1829 5009 1977 5068 sunt,

383 5098 610 5152 sicutet
658 5110 897 5165 praesens
951 5093 1306 5162 mandatum;
1346 5101 1570 5163 propter
1590 5094 1733 5162 quod
1761 5103 1815 5149 et
1850 5094 1982 5149 illud

384 5204 702 5260 proponens
734 5187 964 5257 pridem,
1023 5202 1147 5240 cum
1201 5186 1268 5241 de
1317 5185 1598 5241 sacrificiis
1641 5188 1982 5257 praeciperet,

384 5297 518 5336 cum
549 5290 603 5334 et
624 5296 727 5334 nos
763 5280 922 5349 plene
954 5278 1022 5333 de
1043 5277 1219 5332 hocin
1267 5278 1448 5347 primo
1478 5278 1619 5332 libro
1651 5279 1817 5347 hujus
1880 5278 1987 5333 Le-

385 5372 570 5429 viticrc
600 5371 1456 5442 interpretationisdiscussimus
1484 5390 1496 5425 :
1527 5386 1656 5426 cecc
1684 5388 1834 5427 nunc
1864 5388 1986 5426 rur—

387 5482 490 5525 sus
514 5465 920 5536 recapitulabit,
977 5475 1039 5518 ut
1085 5479 1187 5518 nos
1224 5463 1464 5518 breviter
1532 5464 1981 5534 recapitulemus,

388 5576 517 5632 quae
549 5574 823 5628 nuncper
881 5557 1053 5611 multa
1103 5556 1362 5611 diximus.
1430 5555 1770 5611 Sacrificium
1831 5558 1979 5612 enim

387 5652 633 5709 salutare
660 5649 929 5706 immolari
953 5648 1301 5719 praecipiens,
1365 5650 1541 5718 ipsum
1604 5659 1750 5704 recte
1777 5650 1979 5715 innuit,

2159 4639 2290 4694 Vult
2316 4636 2595 4709 legislator
2624 4643 2682 4688 ut
2710 4648 2812 4687 nos
2843 4629 3082 4687 invicem
3115 4628 3423 4697 diligamus,
3482 4632 3686 4677 amato-

2089 4747 2285 4802 resque
2341 4743 2641 4800 pauperum
2691 4740 2792 4779 nos
2846 4737 2969 4778 esse
3023 4721 3319 4784 desiderat,
3361 4730 3685 4787 semperque

2088 4823 2449 4893 eleemosynis
2476 4821 2716 4883 studere,
2756 4832 2905 4871 nunc
2951 4817 3171 4886 quidem
3232 4814 3426 4868 dantes
3484 4811 3687 4881 egenti-

2087 4920 2210 4979 bus,
2250 4930 2400 4970 nunc
2427 4922 2611 4968 autem
2631 4928 2744 4966 non
2772 4910 3051 4980 exigentes
3090 4922 3212 4977 qua:
3272 4905 3431 4959 nobis
3458 4900 3683 4967 debent,

2091 5011 2187 5066 sed
2208 5016 2262 5063 et
2295 5006 2666 5061 concedentes
2694 5004 2774 5058 eis
2828 5000 3085 5070 colligere
3134 5011 3489 5068 quascunque
3552 4993 3685 5047 reli—
3750 5051 3763 5058 ι

2091 5103 2247 5174 quias
2277 5099 2524 5156 omnium
2556 5099 2844 5159 bonorum,
2874 5111 2998 5163 qua:
3029 5109 3059 5147 a
3118 5092 3228 5147 Deo
3269 5090 3467 5145 donata
3522 5085 3683 5140 nobis

2093 5204 2241 5259 sunt,
2274 5191 2601 5262 repererint,
2628 5198 2685 5244 et
2726 5188 2924 5242 imitari
2957 5202 3082 5240 cum
3132 5185 3224 5254 qui
3270 5180 3513 5238 domuit,
3570 5192 3681 5230 non

2093 5296 2304 5343 tantum
2329 5283 2755 5348 misericordem,
2792 5282 2888 5336 sed
2921 5290 2977 5335 et
3005 5279 3097 5349 qui
3155 5277 3339 5343 multa:
3370 5272 3682 5328 miseratio-

2087 5379 2175 5433 nis
2206 5386 2290 5432 est
2347 5385 2511 5445 atque
2542 5375 2759 5431 dicitur.
2802 5372 2868 5427 Et
2916 5382 3208 5442 proriterea
3257 5376 3547 5431 metentes,
3588 5376 3684 5420 aut

2089 5465 2313 5520 omnino
2340 5464 2764 5526 vindemiantes,
2793 5463 2993 5515 iterare.
3015 5459 3205 5515 eodem
3233 5466 3480 5526 tempore
3510 5457 3681 5527 ipsam

2089 5574 2391 5613 messuram
2454 5555 2892 5624 vindemiamqne
2947 5568 3058 5606 non
3095 5550 3517 5623 prmcepitzscd
3578 5563 3685 5604 nec

2092 5668 2157 5706 ex
2186 5660 2299 5706 toto
2322 5659 2527 5706 metere
2587 5658 2682 5703 aut
2712 5648 3047 5703 vindemiarc
3102 5648 3354 5711 sancivit,
3392 5647 3490 5703 sed
3514 5645 3682 5702 relin-

466 5861 514 5896 ⁷⁸
541 5858 717 5917 Exod.
752 5874 865 5924 xw,
903 5857 997 5911 26.
1075 5858 1120 5890 ⁷⁸
1152 5858 1171 5913 l
1207 5858 1351 5912 Tim.
1388 5876 1447 5925 ιι,
1486 5858 1535 5911 ὦ.
1616 5860 1657 5889 ⁷⁷
1700 5857 1897 5913 lJoan.
1935 5875 1973 5912 ιι

2087 5858 2146 5911 ιι.
2223 5858 2267 5889 ⁷³
2331 5856 2446 5911 Jac.
2482 5872 2553 5921 tv,
2588 5854 2671 5907 15.
