3992 6436
406 350 538 414 10ῗό

1589 349 1950 410 HESYCHII
1987 347 2457 410 PRESBYTER!

3514 343 3632 412 1021

395 480 566 533 qucre
591 464 853 533 quasdam
896 465 1214 520 omnimodo
1242 465 1466 535 pauperi
1501 473 1558 520 et
1586 465 1862 534 proselyto
1911 464 1979 518 de
2009 470 2054 527 Α
2081 465 2208 536 quia
2233 462 2528 532 exspectavi
2547 473 2604 517 ut
2625 463 2823 533 faceret
2847 476 3027 525 uvam,
3047 468 3096 514 et
3118 457 3500 530 fecttspinas“.
3518 459 3639 524 Quae

402 555 680 610 tiiessiene
723 565 780 610 et
811 556 1084 610 vindemia
1114 557 1388 626 reliquias,
1421 567 1480 612 ct
1530 559 1662 621 Deo,
1713 558 1804 628 qui
1873 557 1983 612 fru-

395 656 525 702 ctus
553 648 700 716 ipsos
725 646 855 701 oriri
885 647 1033 713 facit,
1064 647 1384 716 operatoriis
1407 647 1700 722 gratiarum
1749 647 1981 702 actioni-

399 740 504 794 bus
529 753 908 808 compensare,
940 753 1044 793 nec
1073 738 1185 792 ullo
1206 736 1369 790 modo
1418 737 1540 806 ejus
1586 737 1980 807 dispensationi
2010 757 2017 764 ·

404 829 680 902 ingratum
711 830 1009 885 exsistere:
1039 829 1128 883 cui
1153 828 1474 898 quibusdam
1503 829 1721 898 quidem
1763 829 1982 884 divitias

393 922 526 974 dare
555 922 776 991 placuit,
799 922 920 976 aliis
941 930 1123 976 autem
1166 921 1285 978 sine
1348 923 1532 976 labore
1567 921 1764 976 nutriri
1789 922 1856 976 de
1895 937 1980 976 τος

399 1015 582 1084 liquiis
607 1015 957 1069 abundantiae
991 1015 1242 1078 aliorum,
1287 1025 1348 1070 ut
1376 1024 1434 1070 et
1493 1030 1681 1075 eorum
1707 1014 1798 1084 qui
1834 1013 1981 1069 divi-

396 1117 480 1162 tes
521 1120 668 1174 sunt,
720 1109 1076 1178 dispensatio,
1104 1119 1160 1164 et
1189 1125 1490 1180 pauperum
1536 1116 1741 1178 quanta
1765 1108 1835 1162 sit
1880 1123 1979 1178 pa-

397 1197 586 1252 tientia
605 1199 882 1268 probetur.
913 1199 1062 1265 Quos
1090 1201 1218 1270 quia
1253 1216 1358 1256 nec
1397 1200 1523 1254 odio
1579 1199 1764 1262 habet,
1819 1213 1919 1252 nec
1947 1213 1980 1252 a

393 1304 492 1346 sua
543 1289 886 1360 providentia
935 1291 1150 1362 repulit,
1199 1293 1346 1361 quod
1399 1291 1616 1361 quidam
1659 1289 1980 1359 insipienter

393 1384 608 1446 putant,
662 1381 918 1448 pauperis
974 1391 1028 1434 ct
1072 1380 1327 1452 proselyti
1379 1379 1697 1434 memoriam
1749 1377 1974 1445 faciens,

391 1468 537 1523 illico
557 1469 800 1524 subdidit
833 1487 848 1522 :

463 1557 586 1627 Ego
625 1575 742 1612 sum
789 1558 1045 1614 Dominus
1116 1559 1251 1614 Deus
1318 1569 1504 1614 vester.
1557 1557 1797 1614 Primum
1863 1558 1981 1628 qui-

391 1648 516 1704 dem
563 1648 712 1702 illum
769 1650 1144 1716 manifestans,
1190 1651 1284 1721 qui
1347 1651 1542 1706 divites
1579 1651 1708 1705 facit
1739 1669 1751 1704 :
1779 1651 1978 1706 deinde

391 1753 518 1791 eum
573 1739 664 1808 qui
724 1755 824 1808 pro
859 1741 1018 1796 nobis
1063 1758 1270 1812 pauper
1329 1744 1557 1798 effectus
1597 1753 1701 1807 est,
1776 1753 1830 1800 ct
1880 1747 1972 1814 qui

393 1824 695 1892 proselytus
753 1827 806 1880 in
855 1836 996 1882 terra
1045 1845 1142 1883 sua
1175 1831 1350 1886 fartus
1399 1842 1482 1886 est
1526 1832 1623 1886 εἰη
1668 1833 1780 1888 suis
1803 1835 1970 1902 enim,
2008 1807 2048 1861 Β

389 1913 540 1967 velut
568 1912 621 1966 in
647 1913 860 1980 alienis,
895 1919 1273 1990 peregrinatus
1302 1931 1404 1985 est,
1433 1938 1536 1976 nec
1570 1923 1747 1978 locum
1769 1925 1973 1982 habens

394 2003 448 2056 iu
478 2011 621 2057 terra
644 2005 948 2060 diversorii.
991 2009 1104 2063 Non
1135 2013 1279 2067 enim
1335 2016 1592 2084 pauperis
1633 2027 1689 2070 et
1719 2017 1970 2087 proselyti

391 2094 695 2164 susciperet
731 2113 1038 2166 personam,
1079 2103 1122 2156 si
1144 2119 1238 2158 eos
1277 2116 1638 2162 aversarctur.
1679 2108 1832 2163 Unde
1876 2127 1973 2179 per

393 2185 560 2240 llavid
584 2188 722 2242 dixit
759 2207 771 2242 :
809 2190 1035 2260 Propter
1065 2197 1334 2251 miseriam
1355 2201 1590 2267 inopum,
1617 2209 1664 2252 et
1722 2203 1971 2271 gemitum

389 2291 707 2346 pauperum,
739 2297 876 2334 nunc
929 2299 1228 2353 crsurgam,
1275 2289 1401 2341 dicit
1466 2289 1719 2344 Dominus
1746 2290 1808 2345 79.
1867 2292 1973 2347 Sed

390 2377 678 2435 pestquam
713 2371 852 2427 hanc
886 2377 1192 2442 reperimus
1218 2377 1506 2433 utilitatem
1547 2380 1764 2440 litterae.
1828 2381 1974 2438 inle—

392 2457 590 2512 ri.)rcm
624 2460 675 2515 in
712 2478 773 2515 ca
796 2463 1131 2519 intellectum
1165 2469 1602 2526 consideremus.
1630 2473 1765 2528 Cum
1825 2477 1972 2530 enim

386 2565 516 2623 ager
541 2553 610 2606 sit
645 2555 900 2622 mundus,
941 2559 1402 2627 quemadmodum
1446 2563 1605 2618 nobis
1631 2564 1882 2622 Chris‘tus
1899 2567 1976 2620 zi-

387 2644 664 2702 zaniorum
680 2649 993 2716 parabolam
1021 2649 1389 2721 interpretans
1415 2655 1704 2722 tradidit",
1728 2674 1972 2714 messura

385 2750 518 2792 vero
543 2738 853 2810 evangelica
883 2739 1150 2806 doctrina,
1185 2743 1326 2796 s'cut
1347 2760 1534 2798 rursus
1567 2745 1702 2800 dixit
1729 2748 1973 2818 discipu-

385 2826 450 2885 lis
473 2831 736 2886 Dominus
773 2851 786 2884 :
836 2832 1014 2885 Messis
1051 2834 1260 2902 quidem
1295 2834 1482 2900 "mlta,
1514 2839 1742 2906 operarii
1799 2851 1973 2894 autent

385 2923 560 2990 pauci.
585 2922 784 2994 Rogata
805 2941 926 2993 ergo
973 2923 1253 2978 Dominum
1313 2929 1512 2992 messis,
1552 2940 1608 2982 ut
1649 2932 1822 2984 mittat
1848 2950 1972 3002 ope-

385 3016 634 3068 rariosin
669 3033 884 3070 messem
903 3033 1056 3069 suam
1085 3017 1154 3068 ⁸³.
1229 3017 1384 3084 Quod
1445 3037 1610 3090 opere
1655 3025 1970 3094 explanatis,

382 3107 676 3162 duodecim
701 3106 998 3176 discipulos
1025 3123 1087 3162 ex
1123 3107 1202 3163 cis
1240 3112 1581 3180 convocavit,
1637 3122 1692 3168 et
1709 3115 1787 3170 cis
1828 3117 1974 3172 illico

383 3197 610 3252 verbum
648 3195 950 3250 doctrinale
999 3199 1290 3254 commisit.
1339 3203 1538 3269 Aperte
1595 3223 1690 3276 per
1733 3223 1798 3262 ea
1852 3225 1973 3278 quae

382 3304 532 3344 nunc
591 3287 733 3343 dicta
779 3297 926 3354 sunt,
975 3291 1252 3362 legislator
1301 3296 1615 3353 doctoribus
1652 3299 1966 3356 Judmorum

373 3381 658 3452 praecepit,
715 3399 1058 3455 nequaquam
1105 3387 1269 3442 totius
1295 3388 1428 3459 legis
1467 3389 1970 3460 interpretationem

381 3487 477 3528 eos
503 3481 816 3540 attrectare,
853 3478 948 3532 sed
987 3479 1186 3534 cedere
1225 3483 1470 3550 qua-dam
1499 3483 1724 3552 pauperi
1756 3496 1811 3537 et
1845 3501 1974 3554 pro-

381 3565 584 3635 selyto,
617 3567 934 3624 doctoribus
972 3571 1222 3627 videlicet
1271 3574 1515 3644 gentium
1551 3593 1562 3628 :
1600 3593 1866 3646 pauperes
1891 3587 1972 3632 ct-

380 3657 602 3719 enimJii
639 3672 786 3728 sunt,
826 3665 951 3731 quia
985 3665 1178 3733 Spiritu
1233 3682 1500 3736 pauperes
1550 3685 1672 3722 esse
1717 3672 1972 3741 praecepti

381 3758 530 3813 sunt,
555 3761 610 3806 et
631 3754 696 3808 ad
745 3770 840 3810 eos
894 3757 1174 3812 dicebatur
1211 3778 1222 3812 :
1262 3760 1414 3813 Beati
1447 3779 1706 3832 paupcrcs
1758 3765 1970 3833 spiritu,

378 3845 502 3914 quia
531 3849 763 3915 ipso-rum
798 3859 871 3902 est
929 3867 1146 3921 regnum
1180 3853 1427 3906 carlorum
1459 3855 1503 3885 δ’
1539 3872 1550 3906 :
1591 3857 1844 3928 proselyti
1877 3874 1972 3912 au-

377 3943 510 3999 tem,
539 3945 596 3990 ut
635 3953 780 3992 nunc
811 3941 1138 4010 semetipsos
1174 3943 1487 4012 eognationi
1516 3943 1746 4000 Abrahae
1776 3947 1969 4001 subin-

377 4029 638 4092 ferentes,
681 4038 736 4086 et
763 4031 830 4085 ad
861 4030 1028 4084 Deum
1057 4036 1382 4096 accedentes
1437 4036 1600 4091 modo
1631 4053 1728 4106 per
1783 4039 1966 4094 fiderit.

377 4119 521 4190 Ergo
554 4121 660 4176 hoc
686 4125 833 4193 quod
861 4126 1058 4196 legitur
1097 4143 1108 4177 :
1139 4127 1263 4180 Non
1307 4128 1524 4183 occides
1557 4147 1568 4182 :
1597 4129 1717 4185 Non
1748 4131 1969 4186 adulte-

376 4213 544 4276 rabis,
581 4215 814 4270 doceant
843 4216 1232 4272 ct-Judaeorum
1286 4220 1556 4274 doctores.
1617 4222 1970 4294 Quaecunque

373 4311 560 4354 autem
586 4305 954 4358 necessariam
999 4306 1200 4360 habent
1225 4309 1741 4375 crmtemplatiom-m
1769 4319 1826 4364 et
1879 4311 1968 4365 in-

376 4393 829 4460 terpretationem
856 4435 870 4458 ,
896 4397 1062 4450 veluti
1097 4412 1158 4450 ca
1191 4413 1310 4466 qua:
1343 4409 1472 4453 sunt
1501 4401 1569 4454 de
1599 4401 1970 4458 inundationi-

377 4483 502 4546 bus,
529 4485 598 4538 de
643 4487 944 4554 sacrificiis,
979 4499 1034 4545 et
1063 4491 1165 4545 alia
1189 4491 1407 4559 similia,
1432 4494 1748 4549 doctoribus
1777 4504 1833 4550 et
1858 4495 1959 4552 Ec-

375 4576 555 4630 clesiae
575 4577 798 4633 cedant.

439 4667 509 4718 Et
534 4683 651 4736 quae
687 4669 929 4724 decidunt
949 4671 1012 4726 de
1044 4691 1278 4730 messura
1339 4691 1540 4728 eorum.
1579 4674 1634 4728 ld
1671 4684 1776 4741 est,
1807 4691 1958 4746 quae-

377 4773 598 4828 cunque
629 4770 861 4816 cernunt
886 4779 980 4818 eos
1028 4766 1506 4838 transgredientia,
1550 4783 1674 4836 quae
1704 4768 1958 4824 videlicet

375 4849 647 4920 ignorant.
682 4850 837 4908 Unde
862 4855 1008 4910 enim
1038 4868 1267 4926 possunt
1314 4858 1497 4914 dicere
1545 4857 1676 4930 legis
1730 4861 1959 4932 ﬁgurata

372 4941 653 5011 mysteria,
708 4959 831 4998 cum
878 4947 998 5016 ejus
1048 4948 1334 5002 veritatem
1385 4948 1635 5004 Christus
1674 4960 1960 5022 postquam

371 5033 611 5100 advenit,
668 5037 990 5094 tradiderit?
1016 5037 1187 5094 Vinea
1219 5049 1400 5094 autem
1449 5039 1566 5111 ipse
1595 5043 1828 5112 populus
1861 5042 1960 5098 Ju-

371 5123 612 5179 d.eorum
635 5127 936 5196 dicebatur,
959 5130 1105 5200 quod
1123 5130 1464 5186 demonstrat
1490 5132 1636 5188 Deus
1651 5148 1749 5203 per
1762 5133 1957 5190 Isaiam

373 5211 810 5274 dicens”:Vinea
837 5221 978 5274 enim
1005 5220 1218 5274 Domini
1249 5221 1499 5288 Sabaoth,
1549 5226 1734 5280 domus
1782 5225 1960 5280 Israel

371 5315 468 5360 est.
505 5307 612 5362 Ista
644 5307 886 5366 fructum
911 5311 1198 5366 mulierem
1227 5329 1336 5368 non
1359 5313 1590 5382 ferebat,
1623 5316 1677 5370 in
1711 5335 1820 5388 quo
1837 5334 1957 5373 eam

373 5399 789 5468 reprehendens
821 5419 920 5472 per
941 5403 1090 5460 Isaiae
1115 5407 1459 5476 prophetiam
1491 5411 1752 5466 Dominus
1781 5411 1954 5467 dixit:

373 5486 512 5552 Quid
546 5492 741 5562 faciam
772 5495 937 5548 vinea:
967 5511 1096 5551 mete
1125 5498 1296 5552 adhuc
1339 5501 1477 5570 quod
1506 5503 1555 5555 ei
1585 5517 1688 5554 non
1709 5503 1961 5572 fecerint?

445 5687 490 5719 ⁷⁸
523 5688 718 5744 Psalm.
754 5709 827 5757 Χ»,
861 5693 914 5746 6.

987 5697 1034 5726 ⁸ο
1064 5695 1250 5751 Matth.
1278 5716 1396 5762 xm,
1425 5701 1517 5754 50.

376 5753 420 5786 ⁸⁸
440 5757 606 5814 Zach.
639 5779 690 5826 v,
725 5765 776 5816 5.

855 5764 896 5793 ⁸⁷
927 5765 970 5819 ll
1000 5766 1132 5839 Reg.
1163 5785 1276 5823 xm.
1355 5771 1400 5802 ⁸⁸
1426 5771 1495 5825 111
1533 5770 1662 5843 Reg.
1701 5789 1812 5826 xxi.

1591 5702 1630 5732 “
1665 5701 1794 5756 Luc.
1830 5719 1880 5766 κ,
1911 5704 1964 5756 2.
2016 5701 2270 5757 3“Matth.
2301 5719 2352 5768 ν,
2389 5706 2442 5760 5.

1890 5774 1933 5807 ³³
1959 5772 2098 5828 Gen.
2129 5790 2214 5840 χι..
2260 5774 2344 5828 15.

2083 555 2357 626 quondam
2387 563 2568 609 tamen
2598 551 2957 624 paucissimos
3017 565 3258 606 racemos
3288 549 3524 615 habebat,
3560 552 3634 606 di-

2083 659 2373 702 versorum
2447 653 2757 715 temporum
2805 643 3005 713 justos,
3059 649 3280 718 promer
3316 655 3448 709 quos
3488 641 3633 697 etiam

2086 737 2249 792 totius
2279 737 2451 792 vincte
2475 751 2662 794 curam
2709 749 2883 804 usque
2911 733 3182 804 quoddam
3209 742 3439 802 tempus,
3471 741 3633 802 pater-

2083 827 2314 882 familias
2341 829 2508 900 gessit
2563 827 2912 882 Demonstrat
2927 835 3110 882 autem
3142 833 3196 878 et
3237 825 3340 877 hoc
3390 825 3544 878 Isaias
3569 827 3636 882 di-

2082 936 2215 974 cens
2248 936 2260 972 :
2303 919 2572 985 Quomodo
2597 921 2650 982 ,εἰ
2679 919 2980 974 inveniatur
3017 932 3239 986 granum
3285 915 3338 968 in
3391 915 3545 980 botro,
3593 927 3636 972 ct

2082 1013 2335 1067 dicatur:
2361 1013 2438 1067 Ne
2467 1015 2687 1082 dissipes
2723 1012 2875 1077 illud,
2912 1011 3160 1068 auouiam
3193 1010 3509 1062 benedictum
3535 1022 3598 1066 cst
3617 1029 3635 1078 ;

2080 1105 2156 1158 sic
2186 1105 2383 1174 faciam
2411 1114 2624 1174 propter
2655 1120 2828 1158 servos
2866 1119 3028 1167 meos,
3087 1111 3143 1155 ut
3203 1118 3307 1155 non
3359 1103 3636 1170 dis-perdam

2082 1207 2248 1251 totum
2271 1198 2336 1251 ⁸⁵.
2365 1197 2475 1251 llos
2497 1213 2628 1269 ergo
2653 1211 2898 1252 racemos
2949 1195 3168 1250 sibimet
3196 1192 3633 1264 colligereludwi,

2079 1289 2210 1344 etin
2243 1289 2356 1344 suis
2389 1289 2594 1346 divitiis
2634 1287 3003 1343 thesaurizare
3051 1302 3164 1340 non
3223 1294 3466 1355 possunt,
3525 1286 3636 1354 quia

2080 1399 2269 1438 eorum
2290 1383 2457 1438 vitam
2485 1382 2712 1436 minime
2742 1389 2872 1435 sunt
2914 1379 3094 1443 zelati,
3141 1376 3367 1447 pauperi
3398 1387 3568 1431 autem
3591 1387 3638 1432 et

2080 1489 2175 1528 cos
2203 1472 2472 1544 proselyto
2510 1472 2844 1542 relinquunt.
2877 1469 3176 1524 Nobiscum
3199 1467 3343 1522 enim
3377 1477 3500 1520 sunt
3522 1483 3635 1536 pro-

2079 1566 2278 1636 phetae,
2315 1575 2370 1620 et
2398 1575 2661 1636 quotquOt
2686 1563 2816 1632 justi
2865 1562 3009 1632 apud
3061 1561 3321 1632 p0pulum
3373 1559 3636 1615 Judaicum

2077 1658 2317 1720 fuerunt,
2347 1657 2404 1712 in
2435 1667 2644 1713 tantum
2687 1665 2746 1710 ut
2796 1653 3075 1709 memoriae
3105 1667 3296 1708 eorum
3320 1668 3348 1706 a
3380 1651 3529 1706 nobis
3549 1667 3637 1704 an-

2078 1747 2163 1802 nis
2192 1748 2416 1818 Singulis
2445 1749 2784 1802 honorentur
2816 1758 2832 1798 :
2861 1743 3006 1812 quod
3033 1742 3176 1814 apud
3200 1743 3323 1796 illos
3355 1758 3463 1796 non
3492 1743 3562 1806 lit,
3587 1753 3638 1797 ut

2075 1841 2450 1910 experimento
2475 1850 2835 1912 cognoscatur
2883 1839 3188 1895 veridicum
3241 1835 3482 1890 divinum
3533 1834 3636 1890 elo-

2072 1933 2283 2000 quium.
3419 1933 3424 1937 I

2149 2023 2309 2079 Vnus.
2354 2024 2440 2078 4‘2.
2485 2042 2504 2076 ‹
2537 2023 2658 2078 Νοη
2700 2023 2914 2078 facietis
2954 2023 3156 2082 furtum
3193 2041 3207 2077 :
3258 2020 3375 2076 Non
3421 2019 3634 2076 mentie-

2075 2115 2246 2172 mini:
2282 2113 2394 2170 Nec
2431 2116 2664 2184 decipiet
2692 2117 3066 2187 unusquisque
3098 2114 3407 2186 proximum
3438 2127 3588 2166 suum
3621 2130 3633 2165 :

2074 2211 2194 2264 Non
2230 2209 2545 2279 pcrjurahis
2576 2209 2626 2262 in
2657 2211 2878 2264 nomine
2908 2225 3030 2263 meo
3071 2225 3084 2261 :
3133 2207 3254 2260 Non
3294 2204 3500 2276 pollues
3559 2218 3640 2256 no-

2077 2316 2199 2354 men
2229 2299 2326 2353 Dei
2365 2299 2464 2353 tui.
2492 2297 2604 2369 Ego
2631 2298 2910 2354 Dominus.
2948 2315 2968 2350 ι

2145 2392 2308 2446 Fines
2351 2392 2511 2446 nobis
2565 2393 2725 2446 bonze
2776 2390 3210 2446 conversationis
3262 2387 3530 2460 legislator
3563 2401 3640 2440 os-

2082 2482 2279 2550 tendit,
2318 2483 2590 2553 sitnulque
2637 2491 2693 2538 ct
2734 2492 2978 2552 peccata,
3009 2497 3173 2551 quam
3202 2481 3274 2536 ad
3327 2495 3384 2535 se
3421 2478 3637 2538 invicem

2075 2580 2311 2634 habeant
2338 2576 2744 2650 cognationem,
2769 2575 2952 2629 tradit.
2991 2573 3122 2639 Quae
3166 2571 3316 2626 enim
3352 2586 3452 2626 nos
3489 2583 3640 2640 parva

2076 2678 2348 2737 putamus,
2379 2667 2614 2720 maxima
2642 2670 2797 2719 sunt:
2825 2662 3092 2732 siquidem
3119 2662 3172 2714 in
3215 2659 3516 2721 mendacio,
3538 2657 3640 2713 sin-
3690 2713 3694 2719 ,

2075 2757 2236 2826 gulis,
2268 2767 2326 2810 ut
2349 2757 2420 2810 ita
2443 2756 2640 2821 dicam,
2673 2755 2864 2810 diebus
2898 2752 3138 2809 solemus
3187 2749 3526 2819 delinquere,
3567 2747 3638 2803 vel

2034 2862 2046 2874 '
2076 2848 2214 2912 loco,
2255 2849 2338 2902 vel
2361 2843 2562 2910 studio,
2596 2844 2956 2913 similiterque
3005 2839 3370 2912 jurisjurandi
3402 2835 3640 2909 praevari-

2076 2940 2310 2994 catione.
2347 2937 2474 2992 llaec
2519 2947 2701 2990 autem
2738 2936 2790 2989 in
2839 2944 3047 2988 tantum
3100 2941 3232 2988 sunt
3269 2947 3456 3001 parva,
3505 2936 3640 2982 utea

2075 3029 2224 3083 furto
2251 3027 2644 3098 conjungeret:
2687 3035 2744 3079 et
2775 3033 2938 3088 recte,
2972 3023 3098 3093 quia
3149 3022 3361 3076 furtum
3401 3025 3642 3088 operatur

2001 3153 2044 3210 ο
2078 3120 2400 3190 plerumque
2461 3117 2830 3172 mendacium.
2879 3116 3109 3184 Propter
3171 3112 3321 3183 quod
3366 3107 3644 3210 Zacharias

2077 3211 2364 3282 propheta,
2401 3211 2592 3264 falcem
2625 3223 2790 3278 quam
2814 3205 3218 3276 contemplatus
3255 3214 3340 3258 est
3367 3197 3644 3274 longitudi-

2076 3303 2163 3357 nis
2216 3303 2526 3358 cubitorum
2580 3301 2794 3372 viginti,
2860 3308 2916 3354 et
2984 3297 3291 3353 latitudinis
3353 3296 3643 3350 cubitorum

2077 3396 2289 3460 decem,
2323 3405 2509 3450 contra
2529 3396 2675 3448 fures
2711 3409 2852 3458 eam,
2876 3399 2930 3446 et
2961 3401 3149 3446 contra
3175 3389 3428 3460 periuros
3459 3401 3642 3443 exacu-

2077 3497 2184 3542 tam
2221 3487 2636 3552 demonstravit,
2663 3487 2740 3540 ait
2764 3487 2909 3540 enim
2932 3503 2945 3540 :
2973 3485 3308 3555 Ingredietur
3336 3483 3390 3536 in
3445 3482 3642 3536 domum

2076 3583 2228 3651 furis,
2252 3589 2301 3634 et
2339 3580 2618 3650 perjuri“.
2650 3578 2756 3634 Sed
2781 3587 2836 3632 et
2857 3577 3112 3632 omnibus
3131 3575 3372 3646 peccatis
3395 3589 3642 3644 coopera-

2079 3679 2166 3724 tor
2216 3669 2594 3732 mendacium,
2655 3683 3000 3738 nequaquam
3061 3665 3206 3720 enim
3279 3670 3644 3732 corrumperet

2076 3763 2313 3818 Thamar
2391 3761 2716 3826 Ammon",
2787 3761 2828 3814 si
2899 3758 3312 3828 corruptionem
3373 3755 3644 3812 mendacio

2079 3854 2242 3908 David
2301 3853 2582 3922 decipiens
2645 3851 3034 3922 praevenisset:
3109 3851 3208 3905 sed
3279 3866 3386 3906 nec
3444 3847 3642 3904 Naboth

2074 3947 2361 4002 lsraeliten
2405 3946 2623 4001 chabel
2681 3945 3034 4011 occideret“;
3083 3944 3188 3998 nisi
3228 3943 3419 3998 falsam
3465 3951 3642 3997 contra

2075 4055 2201 4094 cum
2232 4053 2330 4108 per
2363 4036 2609 4090 seniores
2643 4035 3047 4089 accusationem
3077 4033 3516 4102 composuisset:
3549 4029 3642 4084 Be-

2074 4133 2275 4185 nedixit
2328 4129 2435 4183 Deo
2478 4139 2526 4182 et
2577 4129 2704 4199 regi.
2777 4128 2843 4181 Et
2879 4127 2996 4180 haec
3050 4125 3273 4196 quidem
3332 4140 3456 4180 cum
3507 4123 3644 4178 omni

2073 4223 2398 4287 subtilitate,
2455 4230 2667 4290 utpote,
2725 4218 2839 4274 Deo
2889 4219 3194 4285 Sanciente,
3228 4217 3640 4273 custodiamus:

2073 4332 2195 4370 cum
2225 4315 2312 4369 his
2339 4323 2522 4368 autem
2547 4321 2600 4366 ct
2631 4313 2797 4377 furto,
2829 4328 2940 4366 non
2996 4312 3112 4366 solo
3161 4328 3269 4381 quo
3303 4311 3358 4364 in
3413 4307 3644 4380 pecuniis

2071 4407 2313 4476 delinqui
2342 4413 2540 4476 potest,
2589 4405 2683 4460 sed
2731 4415 2786 4458 et
2833 4403 2902 4458 ab
2931 4403 3080 4458 omni
3123 4403 3230 4457 alio
3284 4400 3644 4468 nosmetipsos

1993 4504 2038 4559 Β
2067 4499 2475 4562 abstineamus,
2523 4495 2668 4566 quod
2720 4509 2805 4550 cSt
2855 4495 3125 4550 malitiose
3179 4495 3324 4548 circa
3379 4492 3642 4564 proximos

2068 4599 2250 4654 agere,
2280 4584 2594 4653 malumque
2649 4583 2731 4638 eis
2759 4583 2996 4652 operari,
3056 4594 3114 4638 et
3165 4583 3342 4637 moliri
3394 4583 3643 4636 adversus

2069 4690 2166 4730 eos
2197 4683 2453 4740 mortem,
2491 4673 2576 4728 vel
2617 4673 2824 4744 fugam,
2877 4680 2973 4726 aut
3018 4675 3362 4734 servitutem,
3421 4673 3502 4726 vel
3548 4669 3642 4724 alia

2067 4767 2264 4820 similia
2291 4766 2475 4820 dolosa
2494 4774 2658 4834 atque
2685 4763 2915 4818 nefaria.
2959 4764 3116 4820 Unde
3166 4763 3466 4834 etlosepli,
3502 4761 3554 4816 in
3587 4774 3640 4814 se

2066 4860 2392 4931 iniustitiam
2427 4875 2456 4914 a
2500 4858 2761 4914 fratribus
2809 4857 3031 4921 factam,
3070 4856 3276 4912 furtum
3335 4845 3644 4927 appellavit,

2063 4953 2132 5010 ad
2161 4951 2464 5023 principem
2497 4951 2907 5022 pincernarum,
2937 4951 3168 5006 dicens:
3209 4949 3474 5004 Memento
3527 4945 3638 5008 mei,

2061 5060 2180 5098 cum
2209 5043 2336 5097 bene
2365 5044 2459 5096 tibi
2489 5043 2669 5114 fuerit,
2704 5050 2763 5096 ut
2798 5058 3052 5113 suggeras
3097 5043 3162 5095 de
3209 5058 3292 5095 me
3345 5037 3632 5099 Pharaoni,

2061 5146 2108 5190 et
2139 5135 2326 5191 educat
2352 5152 2432 5188 me
2457 5137 2520 5188 de
2551 5135 2650 5188 ista
2667 5151 2896 5198 carcere,
2933 5134 3061 5204 quia
3101 5136 3241 5205 furto
3270 5131 3509 5187 sublatus
3530 5143 3635 5183 sum

2059 5229 2124 5283 de
2153 5238 2296 5284 terra
2321 5227 2659 5284 Hebraeorum
2673 5229 2742 5280 ”.
2771 5226 3085 5280 Devitemus
3120 5235 3303 5280 autem
3331 5231 3388 5279 ct
3426 5220 3634 5277 menda-

2059 5319 2228 5387 cium,
2249 5319 2305 5374 in
2331 5335 2441 5389 quo
2463 5318 2681 5389 quidam
2703 5319 2806 5374 sub
2828 5319 3010 5389 specie
3031 5317 3276 5373 veritatis
3297 5315 3633 5384 delinquunt,

2061 5412 2388 5466 calumniam
2423 5411 2690 5466 facientes
2719 5410 2972 5482 proximo
3014 5411 3188 5480 magis
3243 5416 3428 5462 mente
3481 5417 3632 5474 quam

2068 5503 2271 5575 lingua,
2297 5503 2754 5574 quemadmodum
2789 5502 2846 5556 hi
2875 5503 2967 5573 qui
3000 5501 3262 5557 dixerunt
3285 5499 3352 5554 de
3389 5497 3632 5552 Domino.

2935 5704 2980 5736 “
3010 5703 3141 5759 ibid.

2520 5704 2566 5736 ⁸³
2593 5703 2700 5759 lsa.
2729 5721 2782 5770 v,
2803 5705 2856 5757 7.
2935 5704 2980 5736 “
3010 5703 3141 5759 ibid.
3220 5703 3265 5735 ⁸⁸
3297 5702 3399 5756 lsa.
3441 5698 3622 5765 I.xv,8.
