  <div class='ocr_page' id='page_1' title='image "/cluster/home/n/w/nwhite01/storage/ocr_20150623/93/coo.31924054869973/524.png"; bbox 0 0 3992 6462; ppageno 0'>
   <div class='ocr_carea' id='block_1_1' title="bbox 467 394 608 457">
    <p class='ocr_par' dir='ltr' id='par_1_1' title="bbox 467 394 608 457">
     <span class='ocr_line' id='line_1_1' title="bbox 467 394 608 457; baseline 0.035 -5"><span class='ocrx_word' id='word_1_1' title='bbox 467 394 608 457; x_wconf 80' lang='lat'><strong>1025</strong></span> 
     </span>
    </p>
   </div>
   <div class='ocr_carea' id='block_1_2' title="bbox 1618 398 2586 490">
    <p class='ocr_par' dir='ltr' id='par_1_2' title="bbox 1618 398 2586 490">
     <span class='ocr_line' id='line_1_2' title="bbox 1618 398 2586 490; baseline 0.004 -33"><span class='ocrx_word' id='word_1_2' title='bbox 1618 399 1700 460; x_wconf 87' lang='lat' dir='ltr'><strong>IN</strong></span> <span class='ocrx_word' id='word_1_3' title='bbox 1739 398 2182 461; x_wconf 79' lang='lat' dir='ltr'><strong>LEVITICUM.</strong></span> <span class='ocrx_word' id='word_1_4' title='bbox 2208 424 2279 437; x_wconf 89' lang='lat'><strong>-—</strong></span> <span class='ocrx_word' id='word_1_5' title='bbox 2308 402 2453 462; x_wconf 89' lang='lat' dir='ltr'><strong>LIB.</strong></span> <span class='ocrx_word' id='word_1_6' title='bbox 2487 403 2586 490; x_wconf 76' lang='lat' dir='ltr'><strong>vr.</strong></span> 
     </span>
    </p>
   </div>
   <div class='ocr_carea' id='block_1_3' title="bbox 3584 416 3724 484">
    <p class='ocr_par' dir='ltr' id='par_1_3' title="bbox 3584 416 3724 484">
     <span class='ocr_line' id='line_1_3' title="bbox 3584 416 3724 484; baseline 0.043 -6"><span class='ocrx_word' id='word_1_7' title='bbox 3584 416 3724 484; x_wconf 73' lang='grc'><strong>1026</strong></span> 
     </span>
    </p>
   </div>
   <div class='ocr_carea' id='block_1_4' title="bbox 460 508 3722 592">
    <p class='ocr_par' dir='ltr' id='par_1_4' title="bbox 460 508 3722 592">
     <span class='ocr_line' id='line_1_4' title="bbox 460 508 3722 592; baseline 0.009 -29"><span class='ocrx_word' id='word_1_8' title='bbox 460 510 608 564; x_wconf 72' lang='lat' dir='ltr'><strong>Dixit</strong></span> <span class='ocrx_word' id='word_1_9' title='bbox 664 508 887 566; x_wconf 75' lang='lat' dir='ltr'><strong>Passum</strong></span> <span class='ocrx_word' id='word_1_10' title='bbox 915 513 1115 569; x_wconf 74' lang='lat' dir='ltr'><strong>solvere</strong></span> <span class='ocrx_word' id='word_1_11' title='bbox 1150 513 1400 582; x_wconf 83' lang='lat' dir='ltr'><strong>templum</strong></span> <span class='ocrx_word' id='word_1_12' title='bbox 1423 514 1536 577; x_wconf 83' lang='lat' dir='ltr'><strong>hoc,</strong></span> <span class='ocrx_word' id='word_1_13' title='bbox 1567 523 1616 567; x_wconf 87' lang='lat' dir='ltr'><strong>et</strong></span> <span class='ocrx_word' id='word_1_14' title='bbox 1645 516 1699 567; x_wconf 89' lang='lat' dir='ltr'><strong>in</strong></span> <span class='ocrx_word' id='word_1_15' title='bbox 1733 515 1900 569; x_wconf 85' lang='lat' dir='ltr'><strong>tribus</strong></span> <span class='ocrx_word' id='word_1_16' title='bbox 1931 516 2043 569; x_wconf 85' lang='lat' dir='ltr'><strong>die-</strong></span> <span class='ocrx_word' id='word_1_17' title='bbox 2069 528 2117 581; x_wconf 76' lang='grc' dir='ltr'>Α</span> <span class='ocrx_word' id='word_1_18' title='bbox 2149 518 2201 571; x_wconf 92' lang='lat' dir='ltr'><strong>in</strong></span> <span class='ocrx_word' id='word_1_19' title='bbox 2238 517 2381 585; x_wconf 87' lang='lat' dir='ltr'><strong>cibo,</strong></span> <span class='ocrx_word' id='word_1_20' title='bbox 2412 520 2506 575; x_wconf 88' lang='lat' dir='ltr'><strong>sed</strong></span> <span class='ocrx_word' id='word_1_21' title='bbox 2543 529 2600 575; x_wconf 87' lang='lat' dir='ltr'><strong>et</strong></span> <span class='ocrx_word' id='word_1_22' title='bbox 2627 535 2723 589; x_wconf 90' lang='lat' dir='ltr'><strong>per</strong></span> <span class='ocrx_word' id='word_1_23' title='bbox 2753 523 2900 579; x_wconf 87' lang='lat' dir='ltr'><strong>hunc</strong></span> <span class='ocrx_word' id='word_1_24' title='bbox 2918 526 3081 581; x_wconf 89' lang='lat' dir='ltr'><strong>etiam</strong></span> <span class='ocrx_word' id='word_1_25' title='bbox 3112 527 3165 581; x_wconf 93' lang='lat' dir='ltr'><strong>in</strong></span> <span class='ocrx_word' id='word_1_26' title='bbox 3193 530 3342 587; x_wconf 80' lang='lat' dir='ltr'><strong>vita?</strong></span> <span class='ocrx_word' id='word_1_27' title='bbox 3369 533 3539 591; x_wconf 78' lang='lat' dir='ltr'><strong>vitam</strong></span> <span class='ocrx_word' id='word_1_28' title='bbox 3573 535 3722 592; x_wconf 85' lang='lat' dir='ltr'><strong>enim</strong></span> 
     </span>
    </p>
   </div>
   <div class='ocr_carea' id='block_1_5' title="bbox 452 602 2042 675">
    <p class='ocr_par' dir='ltr' id='par_1_5' title="bbox 452 602 2042 675">
     <span class='ocr_line' id='line_1_5' title="bbox 452 602 2042 675; baseline 0.004 -20"><span class='ocrx_word' id='word_1_29' title='bbox 452 607 553 656; x_wconf 74' lang='lat' dir='ltr'><strong>bus</strong></span> <span class='ocrx_word' id='word_1_30' title='bbox 578 602 843 671; x_wconf 60' lang='lat' dir='ltr'><strong>uadi/icere</strong></span> <span class='ocrx_word' id='word_1_31' title='bbox 893 604 1111 659; x_wconf 64' lang='lat' dir='ltr'><strong>illud”.</strong></span> <span class='ocrx_word' id='word_1_32' title='bbox 1160 602 1403 661; x_wconf 84' lang='lat' dir='ltr'><strong>Locutus</strong></span> <span class='ocrx_word' id='word_1_33' title='bbox 1452 606 1634 661; x_wconf 97' lang='lat' dir='ltr'><strong>fuerat</strong></span> <span class='ocrx_word' id='word_1_34' title='bbox 1665 606 1883 675; x_wconf 79' lang='lat' dir='ltr'><strong>quidem</strong></span> <span class='ocrx_word' id='word_1_35' title='bbox 1927 609 2042 661; x_wconf 74' lang='lat' dir='ltr'><strong>haec</strong></span> 
     </span>
    </p>
   </div>
   <div class='ocr_carea' id='block_1_6' title="bbox 454 693 2040 764">
    <p class='ocr_par' dir='ltr' id='par_1_6' title="bbox 454 693 2040 764">
     <span class='ocr_line' id='line_1_6' title="bbox 454 693 2040 764; baseline 0.004 -19"><span class='ocrx_word' id='word_1_36' title='bbox 454 693 746 757; x_wconf 88' lang='lat' dir='ltr'><strong>Dominus,</strong></span> <span class='ocrx_word' id='word_1_37' title='bbox 802 697 1024 764; x_wconf 89' lang='lat' dir='ltr'><strong>quando</strong></span> <span class='ocrx_word' id='word_1_38' title='bbox 1059 697 1230 752; x_wconf 76' lang='lat' dir='ltr'><strong>Judaei</strong></span> <span class='ocrx_word' id='word_1_39' title='bbox 1269 698 1335 751; x_wconf 89' lang='lat' dir='ltr'><strong>ad</strong></span> <span class='ocrx_word' id='word_1_40' title='bbox 1366 713 1491 751; x_wconf 89' lang='lat' dir='ltr'><strong>cum</strong></span> <span class='ocrx_word' id='word_1_41' title='bbox 1542 696 1830 751; x_wconf 79' lang='lat' dir='ltr'><strong>dixerunt:</strong></span> <span class='ocrx_word' id='word_1_42' title='bbox 1890 695 2040 762; x_wconf 76' lang='lat' dir='ltr'><strong>Quod</strong></span> 
     </span>
    </p>
   </div>
   <div class='ocr_carea' id='block_1_7' title="bbox 450 788 2041 860">
    <p class='ocr_par' dir='ltr' id='par_1_7' title="bbox 450 788 2041 860">
     <span class='ocr_line' id='line_1_7' title="bbox 450 788 2041 860; baseline 0.002 -19"><span class='ocrx_word' id='word_1_43' title='bbox 450 788 666 857; x_wconf 80' lang='lat' dir='ltr'><strong>signum</strong></span> <span class='ocrx_word' id='word_1_44' title='bbox 697 790 926 843; x_wconf 76' lang='lat' dir='ltr'><strong>ostendis</strong></span> <span class='ocrx_word' id='word_1_45' title='bbox 950 791 1099 843; x_wconf 81' lang='lat' dir='ltr'><strong>nobis</strong></span> <span class='ocrx_word' id='word_1_46' title='bbox 1119 791 1246 858; x_wconf 81' lang='lat' dir='ltr'><strong>quia</strong></span> <span class='ocrx_word' id='word_1_47' title='bbox 1279 791 1390 844; x_wconf 73' lang='lat' dir='ltr'><strong>haec</strong></span> <span class='ocrx_word' id='word_1_48' title='bbox 1423 790 1594 860; x_wconf 79' lang='lat' dir='ltr'><strong>facis?</strong></span> <span class='ocrx_word' id='word_1_49' title='bbox 1621 789 1739 859; x_wconf 90' lang='lat' dir='ltr'><strong>Ipse</strong></span> <span class='ocrx_word' id='word_1_50' title='bbox 1763 798 1944 844; x_wconf 89' lang='lat' dir='ltr'><strong>autem</strong></span> <span class='ocrx_word' id='word_1_51' title='bbox 1972 790 2041 845; x_wconf 88' lang='lat' dir='ltr'><strong>ad</strong></span> 
     </span>
    </p>
   </div>
   <div class='ocr_carea' id='block_1_8' title="bbox 448 877 2041 953">
    <p class='ocr_par' dir='ltr' id='par_1_8' title="bbox 448 877 2041 953">
     <span class='ocr_line' id='line_1_8' title="bbox 448 877 2041 953; baseline 0 -20"><span class='ocrx_word' id='word_1_52' title='bbox 448 894 553 933; x_wconf 81' lang='lat' dir='ltr'><strong>eos</strong></span> <span class='ocrx_word' id='word_1_53' title='bbox 591 898 605 932; x_wconf 89' lang='lat'><strong>:</strong></span> <span class='ocrx_word' id='word_1_54' title='bbox 638 877 833 933; x_wconf 81' lang='lat' dir='ltr'><strong>Solvite</strong></span> <span class='ocrx_word' id='word_1_55' title='bbox 856 880 1107 948; x_wconf 83' lang='lat' dir='ltr'><strong>templum</strong></span> <span class='ocrx_word' id='word_1_56' title='bbox 1142 881 1255 944; x_wconf 81' lang='lat' dir='ltr'><strong>hoc,</strong></span> <span class='ocrx_word' id='word_1_57' title='bbox 1290 892 1338 933; x_wconf 86' lang='lat' dir='ltr'><strong>et</strong></span> <span class='ocrx_word' id='word_1_58' title='bbox 1370 882 1422 933; x_wconf 87' lang='lat' dir='ltr'><strong>in</strong></span> <span class='ocrx_word' id='word_1_59' title='bbox 1461 881 1628 933; x_wconf 81' lang='lat' dir='ltr'><strong>tribus</strong></span> <span class='ocrx_word' id='word_1_60' title='bbox 1670 880 1853 953; x_wconf 63' lang='lat' dir='ltr'><strong>diebus</strong></span> <span class='ocrx_word' id='word_1_61' title='bbox 1870 880 2041 948; x_wconf 71' lang='lat' dir='ltr'><strong>(ediﬁ-</strong></span> 
     </span>
    </p>
   </div>
   <div class='ocr_carea' id='block_1_9' title="bbox 447 972 2041 1028">
    <p class='ocr_par' dir='ltr' id='par_1_9' title="bbox 447 972 2041 1028">
     <span class='ocr_line' id='line_1_9' title="bbox 447 972 2041 1028; baseline 0.001 -4"><span class='ocrx_word' id='word_1_62' title='bbox 447 972 584 1025; x_wconf 74' lang='grc' dir='ltr'><em>(ιιὑο</em></span> <span class='ocrx_word' id='word_1_63' title='bbox 609 973 827 1027; x_wconf 75' lang='lat' dir='ltr'><strong>illud“.</strong></span> <span class='ocrx_word' id='word_1_64' title='bbox 879 972 987 1028; x_wconf 84' lang='lat' dir='ltr'><strong>Sed</strong></span> <span class='ocrx_word' id='word_1_65' title='bbox 1020 988 1129 1027; x_wconf 91' lang='lat' dir='ltr'><strong>non</strong></span> <span class='ocrx_word' id='word_1_66' title='bbox 1184 972 1485 1027; x_wconf 82' lang='lat' dir='ltr'><strong>secundum</strong></span> <span class='ocrx_word' id='word_1_67' title='bbox 1514 972 1660 1026; x_wconf 80' lang='lat' dir='ltr'><strong>illam</strong></span> <span class='ocrx_word' id='word_1_68' title='bbox 1708 972 1899 1027; x_wconf 85' lang='lat' dir='ltr'><strong>dicens</strong></span> <span class='ocrx_word' id='word_1_69' title='bbox 1935 972 2041 1026; x_wconf 88' lang='lat' dir='ltr'><strong>hoc</strong></span> 
     </span>
    </p>
   </div>
   <div class='ocr_carea' id='block_1_10' title="bbox 448 1063 2037 1134">
    <p class='ocr_par' dir='ltr' id='par_1_10' title="bbox 448 1063 2037 1134">
     <span class='ocr_line' id='line_1_10' title="bbox 448 1063 2037 1134; baseline 0.001 -17"><span class='ocrx_word' id='word_1_70' title='bbox 448 1064 840 1130; x_wconf 85' lang='lat' dir='ltr'><strong>intentionem,</strong></span> <span class='ocrx_word' id='word_1_71' title='bbox 873 1063 1180 1120; x_wconf 88' lang='lat' dir='ltr'><strong>secundum</strong></span> <span class='ocrx_word' id='word_1_72' title='bbox 1224 1080 1388 1134; x_wconf 88' lang='lat' dir='ltr'><strong>quam</strong></span> <span class='ocrx_word' id='word_1_73' title='bbox 1431 1064 1487 1118; x_wconf 88' lang='lat' dir='ltr'><strong>hi</strong></span> <span class='ocrx_word' id='word_1_74' title='bbox 1516 1063 1609 1133; x_wconf 89' lang='lat' dir='ltr'><strong>qui</strong></span> <span class='ocrx_word' id='word_1_75' title='bbox 1666 1064 2037 1119; x_wconf 86' lang='lat' dir='ltr'><strong>testimonium</strong></span> 
     </span>
    </p>
   </div>
   <div class='ocr_carea' id='block_1_11' title="bbox 445 1156 2039 1221">
    <p class='ocr_par' dir='ltr' id='par_1_11' title="bbox 445 1156 2039 1221">
     <span class='ocr_line' id='line_1_11' title="bbox 445 1156 2039 1221; baseline -0.001 -9"><span class='ocrx_word' id='word_1_76' title='bbox 445 1165 648 1213; x_wconf 87' lang='lat' dir='ltr'><strong>contra</strong></span> <span class='ocrx_word' id='word_1_77' title='bbox 705 1173 831 1212; x_wconf 90' lang='lat' dir='ltr'><strong>eum</strong></span> <span class='ocrx_word' id='word_1_78' title='bbox 883 1157 1109 1221; x_wconf 88' lang='lat' dir='ltr'><strong>dabant,</strong></span> <span class='ocrx_word' id='word_1_79' title='bbox 1165 1157 1456 1211; x_wconf 86' lang='lat' dir='ltr'><strong>dixerunt:</strong></span> <span class='ocrx_word' id='word_1_80' title='bbox 1523 1156 1737 1210; x_wconf 77' lang='lat' dir='ltr'><strong>Dicebat</strong></span> <span class='ocrx_word' id='word_1_81' title='bbox 1785 1158 1926 1210; x_wconf 87' lang='lat' dir='ltr'><strong>enim</strong></span> <span class='ocrx_word' id='word_1_82' title='bbox 1976 1157 2039 1210; x_wconf 84' lang='lat' dir='ltr'><strong>de</strong></span> 
     </span>
    </p>
   </div>
   <div class='ocr_carea' id='block_1_12' title="bbox 450 1247 2037 1318">
    <p class='ocr_par' dir='ltr' id='par_1_12' title="bbox 450 1247 2037 1318">
     <span class='ocr_line' id='line_1_12' title="bbox 450 1247 2037 1318; baseline 0.002 -19"><span class='ocrx_word' id='word_1_83' title='bbox 450 1248 655 1318; x_wconf 75' lang='lat' dir='ltr'><strong>templo</strong></span> <span class='ocrx_word' id='word_1_84' title='bbox 689 1248 923 1317; x_wconf 80' lang='lat' dir='ltr'><strong>corporis</strong></span> <span class='ocrx_word' id='word_1_85' title='bbox 952 1249 1056 1303; x_wconf 74' lang='lat' dir='ltr'><strong>sui.</strong></span> <span class='ocrx_word' id='word_1_86' title='bbox 1084 1248 1165 1302; x_wconf 87' lang='lat' dir='ltr'><strong>Illi</strong></span> <span class='ocrx_word' id='word_1_87' title='bbox 1202 1257 1385 1302; x_wconf 91' lang='lat' dir='ltr'><strong>autem</strong></span> <span class='ocrx_word' id='word_1_88' title='bbox 1416 1248 1533 1302; x_wconf 78' lang='lat' dir='ltr'><strong>haec</strong></span> <span class='ocrx_word' id='word_1_89' title='bbox 1564 1247 1708 1302; x_wconf 88' lang='lat' dir='ltr'><strong>sicut</strong></span> <span class='ocrx_word' id='word_1_90' title='bbox 1739 1248 1807 1303; x_wconf 91' lang='lat' dir='ltr'><strong>de</strong></span> <span class='ocrx_word' id='word_1_91' title='bbox 1837 1248 2037 1318; x_wconf 90' lang='lat' dir='ltr'><strong>templo</strong></span> 
     </span>
    </p>
   </div>
   <div class='ocr_carea' id='block_1_13' title="bbox 448 1340 2037 1405">
    <p class='ocr_par' dir='ltr' id='par_1_13' title="bbox 448 1340 2037 1405">
     <span class='ocr_line' id='line_1_13' title="bbox 448 1340 2037 1405; baseline 0 -10"><span class='ocrx_word' id='word_1_92' title='bbox 448 1341 606 1395; x_wconf 87' lang='lat' dir='ltr'><strong>dicta</strong></span> <span class='ocrx_word' id='word_1_93' title='bbox 641 1340 956 1395; x_wconf 82' lang='lat' dir='ltr'><strong>Judaeorum</strong></span> <span class='ocrx_word' id='word_1_94' title='bbox 1008 1341 1422 1405; x_wconf 75' lang='lat' dir='ltr'><strong>asseverabant,</strong></span> <span class='ocrx_word' id='word_1_95' title='bbox 1460 1341 1606 1395; x_wconf 92' lang='lat' dir='ltr'><strong>unde</strong></span> <span class='ocrx_word' id='word_1_96' title='bbox 1640 1356 1736 1396; x_wconf 88' lang='lat' dir='ltr'><strong>eos</strong></span> <span class='ocrx_word' id='word_1_97' title='bbox 1777 1348 1834 1395; x_wconf 90' lang='lat' dir='ltr'><strong>et</strong></span> <span class='ocrx_word' id='word_1_98' title='bbox 1872 1340 2037 1395; x_wconf 89' lang='lat' dir='ltr'><strong>falsos</strong></span> 
     </span>
    </p>
   </div>
   <div class='ocr_carea' id='block_1_14' title="bbox 448 1435 2036 1505">
    <p class='ocr_par' dir='ltr' id='par_1_14' title="bbox 448 1435 2036 1505">
     <span class='ocr_line' id='line_1_14' title="bbox 448 1435 2036 1505; baseline 0 -16"><span class='ocrx_word' id='word_1_99' title='bbox 448 1445 628 1491; x_wconf 83' lang='lat' dir='ltr'><strong>testes</strong></span> <span class='ocrx_word' id='word_1_100' title='bbox 673 1437 719 1467; x_wconf 84' lang='lat'><strong>&quot;</strong></span> <span class='ocrx_word' id='word_1_101' title='bbox 787 1436 1015 1505; x_wconf 74' lang='lat' dir='ltr'><strong>spiritus</strong></span> <span class='ocrx_word' id='word_1_102' title='bbox 1053 1436 1369 1505; x_wconf 74' lang='lat' dir='ltr'><strong>appellavit.</strong></span> <span class='ocrx_word' id='word_1_103' title='bbox 1414 1435 1519 1490; x_wconf 89' lang='lat' dir='ltr'><strong>Pro</strong></span> <span class='ocrx_word' id='word_1_104' title='bbox 1568 1435 1814 1505; x_wconf 85' lang='lat' dir='ltr'><strong>pcrjurio</strong></span> <span class='ocrx_word' id='word_1_105' title='bbox 1854 1445 2036 1490; x_wconf 90' lang='lat' dir='ltr'><strong>autem</strong></span> 
     </span>
    </p>
   </div>
   <div class='ocr_carea' id='block_1_15' title="bbox 446 1527 2038 1598">
    <p class='ocr_par' dir='ltr' id='par_1_15' title="bbox 446 1527 2038 1598">
     <span class='ocr_line' id='line_1_15' title="bbox 446 1527 2038 1598; baseline -0.002 -16"><span class='ocrx_word' id='word_1_106' title='bbox 446 1528 810 1598; x_wconf 80' lang='lat' dir='ltr'><strong>Septuaginta</strong></span> <span class='ocrx_word' id='word_1_107' title='bbox 839 1528 1039 1583; x_wconf 88' lang='lat' dir='ltr'><strong>edunt:</strong></span> <span class='ocrx_word' id='word_1_108' title='bbox 1085 1527 1208 1582; x_wconf 89' lang='lat' dir='ltr'><strong>Non</strong></span> <span class='ocrx_word' id='word_1_109' title='bbox 1263 1529 1500 1582; x_wconf 82' lang='lat' dir='ltr'><strong>levabitis</strong></span> <span class='ocrx_word' id='word_1_110' title='bbox 1542 1544 1725 1581; x_wconf 83' lang='lat' dir='ltr'><strong>nomen</strong></span> <span class='ocrx_word' id='word_1_111' title='bbox 1772 1543 1942 1581; x_wconf 85' lang='lat' dir='ltr'><strong>meum</strong></span> <span class='ocrx_word' id='word_1_112' title='bbox 1979 1527 2038 1579; x_wconf 89' lang='lat' dir='ltr'><strong>in</strong></span> 
     </span>
    </p>
   </div>
   <div class='ocr_carea' id='block_1_16' title="bbox 440 1620 2035 1690">
    <p class='ocr_par' dir='ltr' id='par_1_16' title="bbox 440 1620 2035 1690">
     <span class='ocr_line' id='line_1_16' title="bbox 440 1620 2035 1690; baseline -0.001 -17"><span class='ocrx_word' id='word_1_113' title='bbox 440 1621 734 1690; x_wconf 75' lang='lat' dir='ltr'><strong>injustam.</strong></span> <span class='ocrx_word' id='word_1_114' title='bbox 791 1621 1187 1688; x_wconf 83' lang='lat' dir='ltr'><strong>Jusjurandum</strong></span> <span class='ocrx_word' id='word_1_115' title='bbox 1245 1636 1378 1675; x_wconf 89' lang='lat' dir='ltr'><strong>vero</strong></span> <span class='ocrx_word' id='word_1_116' title='bbox 1408 1620 1465 1674; x_wconf 92' lang='lat' dir='ltr'><strong>in</strong></span> <span class='ocrx_word' id='word_1_117' title='bbox 1505 1620 1710 1689; x_wconf 83' lang='lat' dir='ltr'><strong>injuste</strong></span> <span class='ocrx_word' id='word_1_118' title='bbox 1773 1628 1879 1681; x_wconf 85' lang='lat' dir='ltr'><strong>est,</strong></span> <span class='ocrx_word' id='word_1_119' title='bbox 1926 1630 2035 1673; x_wconf 87' lang='lat' dir='ltr'><strong>non</strong></span> 
     </span>
    </p>
   </div>
   <div class='ocr_carea' id='block_1_17' title="bbox 441 1712 2036 1783">
    <p class='ocr_par' dir='ltr' id='par_1_17' title="bbox 441 1712 2036 1783">
     <span class='ocr_line' id='line_1_17' title="bbox 441 1712 2036 1783; baseline -0.003 -16"><span class='ocrx_word' id='word_1_120' title='bbox 441 1714 626 1767; x_wconf 76' lang='lat' dir='ltr'><strong>Solum</strong></span> <span class='ocrx_word' id='word_1_121' title='bbox 661 1714 807 1781; x_wconf 92' lang='lat' dir='ltr'><strong>quod</strong></span> <span class='ocrx_word' id='word_1_122' title='bbox 857 1714 1265 1783; x_wconf 84' lang='lat' dir='ltr'><strong>praevaricatur,</strong></span> <span class='ocrx_word' id='word_1_123' title='bbox 1304 1712 1400 1766; x_wconf 85' lang='lat' dir='ltr'><strong>sed</strong></span> <span class='ocrx_word' id='word_1_124' title='bbox 1452 1712 1616 1765; x_wconf 80' lang='lat' dir='ltr'><strong>etiam</strong></span> <span class='ocrx_word' id='word_1_125' title='bbox 1654 1712 1800 1781; x_wconf 76' lang='lat' dir='ltr'><strong>quo‘d</strong></span> <span class='ocrx_word' id='word_1_126' title='bbox 1835 1712 2036 1781; x_wconf 87' lang='lat' dir='ltr'><strong>injuste</strong></span> 
     </span>
    </p>
   </div>
   <div class='ocr_carea' id='block_1_18' title="bbox 441 1803 2033 1874">
    <p class='ocr_par' dir='ltr' id='par_1_18' title="bbox 441 1803 2033 1874">
     <span class='ocr_line' id='line_1_18' title="bbox 441 1803 2033 1874; baseline -0.001 -15"><span class='ocrx_word' id='word_1_127' title='bbox 441 1806 776 1869; x_wconf 86' lang='lat' dir='ltr'><strong>custoditur,</strong></span> <span class='ocrx_word' id='word_1_128' title='bbox 836 1806 1005 1859; x_wconf 86' lang='lat' dir='ltr'><strong>veluti</strong></span> <span class='ocrx_word' id='word_1_129' title='bbox 1058 1805 1217 1874; x_wconf 86' lang='lat' dir='ltr'><strong>quale</strong></span> <span class='ocrx_word' id='word_1_130' title='bbox 1264 1805 1397 1858; x_wconf 92' lang='lat' dir='ltr'><strong>illud</strong></span> <span class='ocrx_word' id='word_1_131' title='bbox 1434 1804 1556 1868; x_wconf 90' lang='lat' dir='ltr'><strong>fuit,</strong></span> <span class='ocrx_word' id='word_1_132' title='bbox 1593 1804 1737 1872; x_wconf 89' lang='lat' dir='ltr'><strong>quod</strong></span> <span class='ocrx_word' id='word_1_133' title='bbox 1791 1803 2033 1857; x_wconf 80' lang='lat' dir='ltr'><strong>Herodes</strong></span> 
     </span>
    </p>
   </div>
   <div class='ocr_carea' id='block_1_19' title="bbox 444 1895 2027 1966">
    <p class='ocr_par' dir='ltr' id='par_1_19' title="bbox 444 1895 2027 1966">
     <span class='ocr_line' id='line_1_19' title="bbox 444 1895 2027 1966; baseline -0.001 -16"><span class='ocrx_word' id='word_1_134' title='bbox 444 1897 579 1952; x_wconf 72' lang='lat' dir='ltr'><strong>filiae</strong></span> <span class='ocrx_word' id='word_1_135' title='bbox 626 1896 947 1951; x_wconf 85' lang='lat' dir='ltr'><strong>llerodiadis</strong></span> <span class='ocrx_word' id='word_1_136' title='bbox 999 1897 1226 1966; x_wconf 89' lang='lat' dir='ltr'><strong>jurans,</strong></span> <span class='ocrx_word' id='word_1_137' title='bbox 1268 1896 1501 1951; x_wconf 82' lang='lat' dir='ltr'><strong>Joannis</strong></span> <span class='ocrx_word' id='word_1_138' title='bbox 1559 1895 1817 1965; x_wconf 72' lang='lat' dir='ltr'><strong>Baptista:</strong></span> <span class='ocrx_word' id='word_1_139' title='bbox 1861 1902 2027 1963; x_wconf 87' lang='lat' dir='ltr'><strong>caput</strong></span> 
     </span>
    </p>
   </div>
   <div class='ocr_carea' id='block_1_20' title="bbox 440 1988 2030 2060">
    <p class='ocr_par' dir='ltr' id='par_1_20' title="bbox 440 1988 2030 2060">
     <span class='ocr_line' id='line_1_20' title="bbox 440 1988 2030 2060; baseline -0.002 -17"><span class='ocrx_word' id='word_1_140' title='bbox 440 1990 731 2045; x_wconf 84' lang='lat' dir='ltr'><strong>abscidit:</strong></span> <span class='ocrx_word' id='word_1_141' title='bbox 792 1991 1086 2060; x_wconf 85' lang='lat' dir='ltr'><strong>oportebat</strong></span> <span class='ocrx_word' id='word_1_142' title='bbox 1131 1990 1277 2043; x_wconf 90' lang='lat' dir='ltr'><strong>enim</strong></span> <span class='ocrx_word' id='word_1_143' title='bbox 1330 1990 1433 2043; x_wconf 88' lang='lat' dir='ltr'><strong>hoc</strong></span> <span class='ocrx_word' id='word_1_144' title='bbox 1469 2005 1593 2043; x_wconf 90' lang='lat' dir='ltr'><strong>eum</strong></span> <span class='ocrx_word' id='word_1_145' title='bbox 1648 1988 2030 2058; x_wconf 73' lang='lat' dir='ltr'><strong>jusjurandum</strong></span> 
     </span>
    </p>
   </div>
   <div class='ocr_carea' id='block_1_21' title="bbox 441 2082 2031 2154">
    <p class='ocr_par' dir='ltr' id='par_1_21' title="bbox 441 2082 2031 2154">
     <span class='ocr_line' id='line_1_21' title="bbox 441 2082 2031 2154; baseline -0.002 -17"><span class='ocrx_word' id='word_1_146' title='bbox 441 2100 563 2137; x_wconf 85' lang='lat' dir='ltr'><strong>non</strong></span> <span class='ocrx_word' id='word_1_147' title='bbox 590 2084 854 2154; x_wconf 67' lang='lat' dir='ltr'><strong>prmbere,</strong></span> <span class='ocrx_word' id='word_1_148' title='bbox 891 2094 1181 2152; x_wconf 86' lang='lat' dir='ltr'><strong>postquam</strong></span> <span class='ocrx_word' id='word_1_149' title='bbox 1219 2089 1399 2137; x_wconf 89' lang='lat' dir='ltr'><strong>tamen</strong></span> <span class='ocrx_word' id='word_1_150' title='bbox 1423 2082 1648 2150; x_wconf 87' lang='lat' dir='ltr'><strong>juravit,</strong></span> <span class='ocrx_word' id='word_1_151' title='bbox 1692 2097 1802 2133; x_wconf 89' lang='lat' dir='ltr'><strong>non</strong></span> <span class='ocrx_word' id='word_1_152' title='bbox 1843 2088 2031 2135; x_wconf 85' lang='lat' dir='ltr'><strong>custo-</strong></span> 
     </span>
    </p>
   </div>
   <div class='ocr_carea' id='block_1_22' title="bbox 444 2173 2030 2247">
    <p class='ocr_par' dir='ltr' id='par_1_22' title="bbox 444 2173 2030 2247">
     <span class='ocr_line' id='line_1_22' title="bbox 444 2173 2030 2247; baseline -0.003 -16"><span class='ocrx_word' id='word_1_153' title='bbox 444 2179 593 2242; x_wconf 86' lang='lat' dir='ltr'><strong>dire,</strong></span> <span class='ocrx_word' id='word_1_154' title='bbox 627 2177 754 2247; x_wconf 88' lang='lat' dir='ltr'><strong>quia</strong></span> <span class='ocrx_word' id='word_1_155' title='bbox 807 2178 933 2231; x_wconf 88' lang='lat' dir='ltr'><strong>talia</strong></span> <span class='ocrx_word' id='word_1_156' title='bbox 983 2185 1342 2241; x_wconf 83' lang='lat' dir='ltr'><strong>sacramenta,</strong></span> <span class='ocrx_word' id='word_1_157' title='bbox 1394 2190 1497 2229; x_wconf 89' lang='lat' dir='ltr'><strong>nec</strong></span> <span class='ocrx_word' id='word_1_158' title='bbox 1542 2173 1758 2227; x_wconf 89' lang='lat' dir='ltr'><strong>initium</strong></span> <span class='ocrx_word' id='word_1_159' title='bbox 1812 2188 2030 2227; x_wconf 86' lang='lat' dir='ltr'><strong>sumere</strong></span> 
     </span>
    </p>
   </div>
   <div class='ocr_carea' id='block_1_23' title="bbox 445 2264 2025 2334">
    <p class='ocr_par' dir='ltr' id='par_1_23' title="bbox 445 2264 2025 2334">
     <span class='ocr_line' id='line_1_23' title="bbox 445 2264 2025 2334; baseline -0.006 -9"><span class='ocrx_word' id='word_1_160' title='bbox 445 2271 596 2325; x_wconf 86' lang='lat' dir='ltr'><strong>Deus</strong></span> <span class='ocrx_word' id='word_1_161' title='bbox 622 2269 758 2334; x_wconf 92' lang='lat' dir='ltr'><strong>vult,</strong></span> <span class='ocrx_word' id='word_1_162' title='bbox 792 2269 886 2322; x_wconf 88' lang='lat' dir='ltr'><strong>sed</strong></span> <span class='ocrx_word' id='word_1_163' title='bbox 914 2283 1017 2321; x_wconf 88' lang='lat' dir='ltr'><strong>nec</strong></span> <span class='ocrx_word' id='word_1_164' title='bbox 1072 2267 1346 2321; x_wconf 90' lang='lat' dir='ltr'><strong>sumentia</strong></span> <span class='ocrx_word' id='word_1_165' title='bbox 1380 2266 1447 2319; x_wconf 90' lang='lat' dir='ltr'><strong>ad</strong></span> <span class='ocrx_word' id='word_1_166' title='bbox 1488 2264 1654 2318; x_wconf 84' lang='lat' dir='ltr'><strong>finem</strong></span> <span class='ocrx_word' id='word_1_167' title='bbox 1712 2265 2025 2334; x_wconf 70' lang='lat' dir='ltr'><strong>pervenire;</strong></span> 
     </span>
    </p>
   </div>
   <div class='ocr_carea' id='block_1_24' title="bbox 448 2356 2025 2424">
    <p class='ocr_par' dir='ltr' id='par_1_24' title="bbox 448 2356 2025 2424">
     <span class='ocr_line' id='line_1_24' title="bbox 448 2356 2025 2424; baseline -0.004 -10"><span class='ocrx_word' id='word_1_168' title='bbox 448 2361 596 2414; x_wconf 90' lang='lat' dir='ltr'><strong>unde</strong></span> <span class='ocrx_word' id='word_1_169' title='bbox 621 2361 836 2415; x_wconf 86' lang='lat' dir='ltr'><strong>dieens:</strong></span> <span class='ocrx_word' id='word_1_170' title='bbox 860 2358 978 2411; x_wconf 77' lang='lat' dir='ltr'><strong>Non</strong></span> <span class='ocrx_word' id='word_1_171' title='bbox 1007 2358 1242 2411; x_wconf 78' lang='lat' dir='ltr'><strong>levabitis</strong></span> <span class='ocrx_word' id='word_1_172' title='bbox 1290 2374 1477 2411; x_wconf 83' lang='lat' dir='ltr'><strong>nomen</strong></span> <span class='ocrx_word' id='word_1_173' title='bbox 1520 2373 1693 2409; x_wconf 88' lang='lat' dir='ltr'><strong>meum</strong></span> <span class='ocrx_word' id='word_1_174' title='bbox 1722 2357 1777 2409; x_wconf 85' lang='lat' dir='ltr'><strong>in</strong></span> <span class='ocrx_word' id='word_1_175' title='bbox 1806 2356 2025 2424; x_wconf 79' lang='lat' dir='ltr'><strong>injuste,</strong></span> 
     </span>
    </p>
   </div>
   <div class='ocr_carea' id='block_1_25' title="bbox 446 2445 2028 2518">
    <p class='ocr_par' dir='ltr' id='par_1_25' title="bbox 446 2445 2028 2518">
     <span class='ocr_line' id='line_1_25' title="bbox 446 2445 2028 2518; baseline -0.004 -13"><span class='ocrx_word' id='word_1_176' title='bbox 446 2451 801 2506; x_wconf 82' lang='lat' dir='ltr'><strong>addiditzEt</strong></span> <span class='ocrx_word' id='word_1_177' title='bbox 857 2466 963 2503; x_wconf 87' lang='lat' dir='ltr'><strong>non</strong></span> <span class='ocrx_word' id='word_1_178' title='bbox 1010 2449 1366 2518; x_wconf 78' lang='lat' dir='ltr'><strong>prafanabitis</strong></span> <span class='ocrx_word' id='word_1_179' title='bbox 1423 2463 1611 2501; x_wconf 81' lang='lat' dir='ltr'><strong>nomen</strong></span> <span class='ocrx_word' id='word_1_180' title='bbox 1668 2447 1879 2500; x_wconf 83' lang='lat' dir='ltr'><strong>Domini</strong></span> <span class='ocrx_word' id='word_1_181' title='bbox 1934 2445 2028 2498; x_wconf 80' lang='lat' dir='ltr'><strong>Dei</strong></span> 
     </span>
    </p>
   </div>
   <div class='ocr_carea' id='block_1_26' title="bbox 445 2538 1716 2613">
    <p class='ocr_par' dir='ltr' id='par_1_26' title="bbox 445 2538 1716 2613">
     <span class='ocr_line' id='line_1_26' title="bbox 445 2538 1716 2613; baseline -0.004 -16"><span class='ocrx_word' id='word_1_182' title='bbox 445 2544 643 2608; x_wconf 78' lang='lat' dir='ltr'><strong>vestri;</strong></span> <span class='ocrx_word' id='word_1_183' title='bbox 685 2543 829 2611; x_wconf 90' lang='lat' dir='ltr'><strong>quod</strong></span> <span class='ocrx_word' id='word_1_184' title='bbox 856 2541 1171 2613; x_wconf 84' lang='lat' dir='ltr'><strong>Hieronymi</strong></span> <span class='ocrx_word' id='word_1_185' title='bbox 1202 2538 1488 2595; x_wconf 83' lang='lat' dir='ltr'><strong>translatio</strong></span> <span class='ocrx_word' id='word_1_186' title='bbox 1521 2539 1716 2594; x_wconf 86' lang='lat' dir='ltr'><strong>edidit.</strong></span> 
     </span>
    </p>
   </div>
   <div class='ocr_carea' id='block_1_27' title="bbox 520 2629 2029 2705">
    <p class='ocr_par' dir='ltr' id='par_1_27' title="bbox 520 2629 2029 2705">
     <span class='ocr_line' id='line_1_27' title="bbox 520 2629 2029 2705; baseline -0.003 -17"><span class='ocrx_word' id='word_1_187' title='bbox 520 2634 641 2688; x_wconf 85' lang='lat' dir='ltr'><strong>Non</strong></span> <span class='ocrx_word' id='word_1_188' title='bbox 673 2634 876 2705; x_wconf 80' lang='lat' dir='ltr'><strong>pollues</strong></span> <span class='ocrx_word' id='word_1_189' title='bbox 904 2649 1093 2687; x_wconf 86' lang='lat' dir='ltr'><strong>nomen</strong></span> <span class='ocrx_word' id='word_1_190' title='bbox 1116 2632 1210 2686; x_wconf 86' lang='lat' dir='ltr'><strong>Dei</strong></span> <span class='ocrx_word' id='word_1_191' title='bbox 1234 2633 1331 2685; x_wconf 81' lang='lat' dir='ltr'><strong>tui.</strong></span> <span class='ocrx_word' id='word_1_192' title='bbox 1364 2630 1648 2695; x_wconf 83' lang='lat' dir='ltr'><strong>Quomodo</strong></span> <span class='ocrx_word' id='word_1_193' title='bbox 1686 2639 1869 2684; x_wconf 89' lang='lat' dir='ltr'><strong>autem</strong></span> <span class='ocrx_word' id='word_1_194' title='bbox 1904 2629 2029 2698; x_wconf 88' lang='lat' dir='ltr'><strong>quis</strong></span> 
     </span>
    </p>
   </div>
   <div class='ocr_carea' id='block_1_28' title="bbox 449 2720 2027 2795">
    <p class='ocr_par' dir='ltr' id='par_1_28' title="bbox 449 2720 2027 2795">
     <span class='ocr_line' id='line_1_28' title="bbox 449 2720 2027 2795; baseline -0.004 -15"><span class='ocrx_word' id='word_1_195' title='bbox 449 2727 584 2781; x_wconf 88' lang='lat' dir='ltr'><strong>illud</strong></span> <span class='ocrx_word' id='word_1_196' title='bbox 623 2724 897 2795; x_wconf 87' lang='lat' dir='ltr'><strong>profanat,</strong></span> <span class='ocrx_word' id='word_1_197' title='bbox 947 2725 1073 2779; x_wconf 87' lang='lat' dir='ltr'><strong>dico</strong></span> <span class='ocrx_word' id='word_1_198' title='bbox 1120 2741 1134 2778; x_wconf 88' lang='lat'><strong>:</strong></span> <span class='ocrx_word' id='word_1_199' title='bbox 1171 2723 1225 2777; x_wconf 90' lang='lat' dir='ltr'><strong>id</strong></span> <span class='ocrx_word' id='word_1_200' title='bbox 1261 2732 1366 2785; x_wconf 87' lang='lat' dir='ltr'><strong>est,</strong></span> <span class='ocrx_word' id='word_1_201' title='bbox 1404 2722 1545 2776; x_wconf 88' lang='lat' dir='ltr'><strong>male</strong></span> <span class='ocrx_word' id='word_1_202' title='bbox 1572 2721 1848 2786; x_wconf 90' lang='lat' dir='ltr'><strong>faciendo,</strong></span> <span class='ocrx_word' id='word_1_203' title='bbox 1902 2720 2027 2790; x_wconf 85' lang='lat' dir='ltr'><strong>quia</strong></span> 
     </span>
    </p>
   </div>
   <div class='ocr_carea' id='block_1_29' title="bbox 443 2812 2028 2889">
    <p class='ocr_par' dir='ltr' id='par_1_29' title="bbox 443 2812 2028 2889">
     <span class='ocr_line' id='line_1_29' title="bbox 443 2812 2028 2889; baseline -0.006 -15"><span class='ocrx_word' id='word_1_204' title='bbox 443 2818 835 2889; x_wconf 83' lang='lat' dir='ltr'><strong>jusjurandum</strong></span> <span class='ocrx_word' id='word_1_205' title='bbox 858 2816 1157 2886; x_wconf 80' lang='lat' dir='ltr'><strong>transgredi</strong></span> <span class='ocrx_word' id='word_1_206' title='bbox 1191 2830 1301 2869; x_wconf 89' lang='lat' dir='ltr'><strong>non</strong></span> <span class='ocrx_word' id='word_1_207' title='bbox 1331 2822 1532 2884; x_wconf 86' lang='lat' dir='ltr'><strong>potest.</strong></span> <span class='ocrx_word' id='word_1_208' title='bbox 1563 2813 1728 2882; x_wconf 87' lang='lat' dir='ltr'><strong>Atqui</strong></span> <span class='ocrx_word' id='word_1_209' title='bbox 1747 2812 1908 2877; x_wconf 87' lang='lat' dir='ltr'><strong>Deus,</strong></span> <span class='ocrx_word' id='word_1_210' title='bbox 1932 2828 2028 2881; x_wconf 91' lang='lat' dir='ltr'><strong>per</strong></span> 
     </span>
    </p>
   </div>
   <div class='ocr_carea' id='block_1_30' title="bbox 446 2909 2027 2985">
    <p class='ocr_par' dir='ltr' id='par_1_30' title="bbox 446 2909 2027 2985">
     <span class='ocr_line' id='line_1_30' title="bbox 446 2909 2027 2985; baseline -0.004 -17"><span class='ocrx_word' id='word_1_211' title='bbox 446 2930 611 2985; x_wconf 89' lang='lat' dir='ltr'><strong>quem</strong></span> <span class='ocrx_word' id='word_1_212' title='bbox 636 2913 878 2976; x_wconf 87' lang='lat' dir='ltr'><strong>intravit,</strong></span> <span class='ocrx_word' id='word_1_213' title='bbox 904 2913 960 2965; x_wconf 92' lang='lat' dir='ltr'><strong>in</strong></span> <span class='ocrx_word' id='word_1_214' title='bbox 994 2919 1205 2965; x_wconf 90' lang='lat' dir='ltr'><strong>tantum</strong></span> <span class='ocrx_word' id='word_1_215' title='bbox 1237 2910 1380 2977; x_wconf 84' lang='lat' dir='ltr'><strong>bona</strong></span> <span class='ocrx_word' id='word_1_216' title='bbox 1409 2910 1546 2975; x_wconf 90' lang='lat' dir='ltr'><strong>vult,</strong></span> <span class='ocrx_word' id='word_1_217' title='bbox 1573 2909 1724 2978; x_wconf 83' lang='lat' dir='ltr'><strong>quia,</strong></span> <span class='ocrx_word' id='word_1_218' title='bbox 1752 2909 1854 2964; x_wconf 85' lang='lat' dir='ltr'><strong>etsi</strong></span> <span class='ocrx_word' id='word_1_219' title='bbox 1902 2924 2027 2978; x_wconf 85' lang='lat' dir='ltr'><strong>per-</strong></span> 
     </span>
    </p>
   </div>
   <div class='ocr_carea' id='block_1_31' title="bbox 445 2998 2026 3072">
    <p class='ocr_par' dir='ltr' id='par_1_31' title="bbox 445 2998 2026 3072">
     <span class='ocr_line' id='line_1_31' title="bbox 445 2998 2026 3072; baseline -0.004 -15"><span class='ocrx_word' id='word_1_220' title='bbox 445 3005 664 3058; x_wconf 85' lang='lat' dir='ltr'><strong>miserit</strong></span> <span class='ocrx_word' id='word_1_221' title='bbox 715 3005 782 3058; x_wconf 91' lang='lat' dir='ltr'><strong>de</strong></span> <span class='ocrx_word' id='word_1_222' title='bbox 817 3002 1142 3072; x_wconf 85' lang='lat' dir='ltr'><strong>quibusdam</strong></span> <span class='ocrx_word' id='word_1_223' title='bbox 1190 3000 1473 3064; x_wconf 86' lang='lat' dir='ltr'><strong>terribilia,</strong></span> <span class='ocrx_word' id='word_1_224' title='bbox 1521 3000 1594 3053; x_wconf 88' lang='lat' dir='ltr'><strong>illi</strong></span> <span class='ocrx_word' id='word_1_225' title='bbox 1629 3010 1811 3054; x_wconf 88' lang='lat' dir='ltr'><strong>autem</strong></span> <span class='ocrx_word' id='word_1_226' title='bbox 1853 2998 2026 3068; x_wconf 66' lang='lat' dir='ltr'><strong>pinni-</strong></span> 
     </span>
    </p>
   </div>
   <div class='ocr_carea' id='block_1_32' title="bbox 450 3094 2025 3163">
    <p class='ocr_par' dir='ltr' id='par_1_32' title="bbox 450 3094 2025 3163">
     <span class='ocr_line' id='line_1_32' title="bbox 450 3094 2025 3163; baseline -0.006 -10"><span class='ocrx_word' id='word_1_227' title='bbox 450 3107 693 3163; x_wconf 90' lang='lat' dir='ltr'><strong>tuerunt,</strong></span> <span class='ocrx_word' id='word_1_228' title='bbox 733 3114 843 3151; x_wconf 90' lang='lat' dir='ltr'><strong>non</strong></span> <span class='ocrx_word' id='word_1_229' title='bbox 886 3097 1063 3151; x_wconf 86' lang='lat' dir='ltr'><strong>tardat</strong></span> <span class='ocrx_word' id='word_1_230' title='bbox 1087 3094 1288 3148; x_wconf 88' lang='lat' dir='ltr'><strong>mutari</strong></span> <span class='ocrx_word' id='word_1_231' title='bbox 1351 3094 1703 3157; x_wconf 89' lang='lat' dir='ltr'><strong>sententiam,</strong></span> <span class='ocrx_word' id='word_1_232' title='bbox 1757 3106 2025 3160; x_wconf 88' lang='lat' dir='ltr'><strong>suumque</strong></span> 
     </span>
    </p>
   </div>
   <div class='ocr_carea' id='block_1_33' title="bbox 447 3183 2065 3259">
    <p class='ocr_par' dir='ltr' id='par_1_33' title="bbox 447 3183 2065 3259">
     <span class='ocr_line' id='line_1_33' title="bbox 447 3183 2065 3259; baseline -0.005 -14"><span class='ocrx_word' id='word_1_233' title='bbox 447 3205 760 3245; x_wconf 84' lang='lat' dir='ltr'><strong>sermonem</strong></span> <span class='ocrx_word' id='word_1_234' title='bbox 794 3204 903 3243; x_wconf 93' lang='lat' dir='ltr'><strong>non</strong></span> <span class='ocrx_word' id='word_1_235' title='bbox 931 3188 1229 3259; x_wconf 81' lang='lat' dir='ltr'><strong>refragare,</strong></span> <span class='ocrx_word' id='word_1_236' title='bbox 1250 3196 1311 3242; x_wconf 90' lang='lat' dir='ltr'><strong>ut</strong></span> <span class='ocrx_word' id='word_1_237' title='bbox 1332 3186 1589 3256; x_wconf 87' lang='lat' dir='ltr'><strong>quiddam</strong></span> <span class='ocrx_word' id='word_1_238' title='bbox 1618 3184 1778 3240; x_wconf 90' lang='lat' dir='ltr'><strong>nobis</strong></span> <span class='ocrx_word' id='word_1_239' title='bbox 1808 3183 2025 3254; x_wconf 88' lang='lat' dir='ltr'><strong>pietatis</strong></span> <span class='ocrx_word' id='word_1_240' title='bbox 2054 3220 2065 3259; x_wconf 40' lang='grc' dir='ltr'><em>λ</em></span> 
     </span>
    </p>
   </div>
   <div class='ocr_carea' id='block_1_34' title="bbox 445 3276 2027 3352">
    <p class='ocr_par' dir='ltr' id='par_1_34' title="bbox 445 3276 2027 3352">
     <span class='ocr_line' id='line_1_34' title="bbox 445 3276 2027 3352; baseline -0.005 -15"><span class='ocrx_word' id='word_1_241' title='bbox 445 3281 989 3352; x_wconf 86' lang='lat' dir='ltr'><strong>impendat,propter</strong></span> <span class='ocrx_word' id='word_1_242' title='bbox 1006 3279 1153 3349; x_wconf 89' lang='lat' dir='ltr'><strong>quod</strong></span> <span class='ocrx_word' id='word_1_243' title='bbox 1182 3278 1426 3333; x_wconf 88' lang='lat' dir='ltr'><strong>addidit:</strong></span> <span class='ocrx_word' id='word_1_244' title='bbox 1458 3277 1569 3347; x_wconf 83' lang='lat' dir='ltr'><strong>Ego</strong></span> <span class='ocrx_word' id='word_1_245' title='bbox 1589 3277 1859 3330; x_wconf 75' lang='lat' dir='ltr'><strong>Dominus.</strong></span> <span class='ocrx_word' id='word_1_246' title='bbox 1890 3276 2027 3341; x_wconf 85' lang='lat' dir='ltr'><strong>Qua-</strong></span> 
     </span>
    </p>
   </div>
   <div class='ocr_carea' id='block_1_35' title="bbox 441 3367 2028 3442">
    <p class='ocr_par' dir='ltr' id='par_1_35' title="bbox 441 3367 2028 3442">
     <span class='ocr_line' id='line_1_35' title="bbox 441 3367 2028 3442; baseline 0.001 -20"><span class='ocrx_word' id='word_1_247' title='bbox 441 3367 554 3428; x_wconf 74' lang='lat' dir='ltr'><strong>lis?</strong></span> <span class='ocrx_word' id='word_1_248' title='bbox 581 3374 650 3428; x_wconf 86' lang='lat' dir='ltr'><strong>de</strong></span> <span class='ocrx_word' id='word_1_249' title='bbox 679 3389 787 3442; x_wconf 91' lang='lat' dir='ltr'><strong>quo</strong></span> <span class='ocrx_word' id='word_1_250' title='bbox 829 3372 906 3427; x_wconf 84' lang='lat' dir='ltr'><strong>ait</strong></span> <span class='ocrx_word' id='word_1_251' title='bbox 945 3370 1099 3427; x_wconf 62' lang='lat' dir='ltr'><strong>Jonas</strong></span> <span class='ocrx_word' id='word_1_252' title='bbox 1150 3370 1458 3441; x_wconf 86' lang='lat' dir='ltr'><strong>prephetia,</strong></span> <span class='ocrx_word' id='word_1_253' title='bbox 1512 3369 1731 3439; x_wconf 89' lang='lat' dir='ltr'><strong>quando</strong></span> <span class='ocrx_word' id='word_1_254' title='bbox 1773 3369 2028 3424; x_wconf 81' lang='lat' dir='ltr'><strong>Ninivitae</strong></span> 
     </span>
    </p>
   </div>
   <div class='ocr_carea' id='block_1_36' title="bbox 442 3463 2028 3540">
    <p class='ocr_par' dir='ltr' id='par_1_36' title="bbox 442 3463 2028 3540">
     <span class='ocr_line' id='line_1_36' title="bbox 442 3463 2028 3540; baseline -0.004 -16"><span class='ocrx_word' id='word_1_255' title='bbox 442 3470 854 3540; x_wconf 84' lang='lat' dir='ltr'><strong>jejunaverunt,</strong></span> <span class='ocrx_word' id='word_1_256' title='bbox 909 3475 965 3522; x_wconf 92' lang='lat' dir='ltr'><strong>et</strong></span> <span class='ocrx_word' id='word_1_257' title='bbox 1005 3473 1319 3529; x_wconf 89' lang='lat' dir='ltr'><strong>oraverunt,</strong></span> <span class='ocrx_word' id='word_1_258' title='bbox 1352 3475 1408 3519; x_wconf 91' lang='lat' dir='ltr'><strong>et</strong></span> <span class='ocrx_word' id='word_1_259' title='bbox 1458 3463 1712 3535; x_wconf 82' lang='lat' dir='ltr'><strong>paenituit</strong></span> <span class='ocrx_word' id='word_1_260' title='bbox 1755 3465 1926 3518; x_wconf 88' lang='lat' dir='ltr'><strong>Deum</strong></span> <span class='ocrx_word' id='word_1_261' title='bbox 1960 3464 2028 3517; x_wconf 90' lang='lat' dir='ltr'><strong>de</strong></span> 
     </span>
    </p>
   </div>
   <div class='ocr_carea' id='block_1_37' title="bbox 447 3555 2024 3631">
    <p class='ocr_par' dir='ltr' id='par_1_37' title="bbox 447 3555 2024 3631">
     <span class='ocr_line' id='line_1_37' title="bbox 447 3555 2024 3631; baseline -0.004 -15"><span class='ocrx_word' id='word_1_262' title='bbox 447 3561 654 3616; x_wconf 86' lang='lat' dir='ltr'><strong>malitia</strong></span> <span class='ocrx_word' id='word_1_263' title='bbox 671 3576 832 3631; x_wconf 90' lang='lat' dir='ltr'><strong>quam</strong></span> <span class='ocrx_word' id='word_1_264' title='bbox 852 3560 1067 3613; x_wconf 87' lang='lat' dir='ltr'><strong>locutus</strong></span> <span class='ocrx_word' id='word_1_265' title='bbox 1093 3567 1196 3623; x_wconf 90' lang='lat' dir='ltr'><strong>est,</strong></span> <span class='ocrx_word' id='word_1_266' title='bbox 1218 3567 1277 3612; x_wconf 91' lang='lat' dir='ltr'><strong>ut</strong></span> <span class='ocrx_word' id='word_1_267' title='bbox 1304 3558 1509 3611; x_wconf 89' lang='lat' dir='ltr'><strong>faceret</strong></span> <span class='ocrx_word' id='word_1_268' title='bbox 1530 3556 1630 3619; x_wconf 93' lang='lat' dir='ltr'><strong>eis,</strong></span> <span class='ocrx_word' id='word_1_269' title='bbox 1656 3564 1712 3610; x_wconf 90' lang='lat' dir='ltr'><strong>et</strong></span> <span class='ocrx_word' id='word_1_270' title='bbox 1741 3571 1852 3609; x_wconf 90' lang='lat' dir='ltr'><strong>non</strong></span> <span class='ocrx_word' id='word_1_271' title='bbox 1875 3555 2024 3610; x_wconf 87' lang='lat' dir='ltr'><strong>fecit.</strong></span> 
     </span>
    </p>
   </div>
   <div class='ocr_carea' id='block_1_38' title="bbox 442 3648 2022 3721">
    <p class='ocr_par' dir='ltr' id='par_1_38' title="bbox 442 3648 2022 3721">
     <span class='ocr_line' id='line_1_38' title="bbox 442 3648 2022 3721; baseline -0.004 -11"><span class='ocrx_word' id='word_1_272' title='bbox 442 3654 614 3710; x_wconf 77' lang='lat' dir='ltr'><strong>Multa</strong></span> <span class='ocrx_word' id='word_1_273' title='bbox 644 3663 826 3709; x_wconf 90' lang='lat' dir='ltr'><strong>autem</strong></span> <span class='ocrx_word' id='word_1_274' title='bbox 860 3663 918 3707; x_wconf 90' lang='lat' dir='ltr'><strong>et</strong></span> <span class='ocrx_word' id='word_1_275' title='bbox 942 3652 1044 3705; x_wconf 86' lang='lat' dir='ltr'><strong>alia</strong></span> <span class='ocrx_word' id='word_1_276' title='bbox 1080 3648 1397 3721; x_wconf 89' lang='lat' dir='ltr'><strong>hujusmodi</strong></span> <span class='ocrx_word' id='word_1_277' title='bbox 1420 3649 1703 3719; x_wconf 68' lang='lat' dir='ltr'><strong>prophetae</strong></span> <span class='ocrx_word' id='word_1_278' title='bbox 1748 3649 2022 3703; x_wconf 79' lang='lat' dir='ltr'><strong>dixerunt.</strong></span> 
     </span>
    </p>
   </div>
   <div class='ocr_carea' id='block_1_39' title="bbox 522 3736 2027 3811">
    <p class='ocr_par' dir='ltr' id='par_1_39' title="bbox 522 3736 2027 3811">
     <span class='ocr_line' id='line_1_39' title="bbox 522 3736 2027 3811; baseline -0.011 -9"><span class='ocrx_word' id='word_1_279' title='bbox 522 3747 681 3804; x_wconf 75' lang='lat' dir='ltr'><strong>Vens.</strong></span> <span class='ocrx_word' id='word_1_280' title='bbox 710 3748 797 3811; x_wconf 78' lang='grc'><strong>15,</strong></span> <span class='ocrx_word' id='word_1_281' title='bbox 833 3746 919 3800; x_wconf 73' lang='grc'><strong>14.</strong></span> <span class='ocrx_word' id='word_1_282' title='bbox 957 3762 977 3797; x_wconf 74' lang='grc' dir='ltr'><strong>ι</strong></span> <span class='ocrx_word' id='word_1_283' title='bbox 1023 3744 1142 3798; x_wconf 84' lang='grc' dir='ltr'>Νοη</span> <span class='ocrx_word' id='word_1_284' title='bbox 1185 3743 1356 3799; x_wconf 88' lang='lat' dir='ltr'><strong>facies</strong></span> <span class='ocrx_word' id='word_1_285' title='bbox 1403 3740 1732 3795; x_wconf 81' lang='lat' dir='ltr'><strong>calumniam</strong></span> <span class='ocrx_word' id='word_1_286' title='bbox 1780 3736 2027 3807; x_wconf 81' lang='lat' dir='ltr'><strong>proximo</strong></span> 
     </span>
    </p>
   </div>
   <div class='ocr_carea' id='block_1_40' title="bbox 442 3828 2028 3907">
    <p class='ocr_par' dir='ltr' id='par_1_40' title="bbox 442 3828 2028 3907">
     <span class='ocr_line' id='line_1_40' title="bbox 442 3828 2028 3907; baseline -0.012 -9"><span class='ocrx_word' id='word_1_287' title='bbox 442 3853 561 3907; x_wconf 90' lang='lat' dir='ltr'><strong>tuo,</strong></span> <span class='ocrx_word' id='word_1_288' title='bbox 589 3856 691 3895; x_wconf 87' lang='lat' dir='ltr'><strong>nec</strong></span> <span class='ocrx_word' id='word_1_289' title='bbox 737 3840 789 3895; x_wconf 89' lang='lat' dir='ltr'><strong>vi</strong></span> <span class='ocrx_word' id='word_1_290' title='bbox 847 3837 1126 3907; x_wconf 86' lang='lat' dir='ltr'><strong>opprimes</strong></span> <span class='ocrx_word' id='word_1_291' title='bbox 1184 3850 1330 3889; x_wconf 87' lang='lat' dir='ltr'><strong>eum.</strong></span> <span class='ocrx_word' id='word_1_292' title='bbox 1384 3832 1502 3886; x_wconf 73' lang='lat' dir='ltr'><strong>Non</strong></span> <span class='ocrx_word' id='word_1_293' title='bbox 1555 3828 1851 3884; x_wconf 88' lang='lat' dir='ltr'><strong>morabitur</strong></span> <span class='ocrx_word' id='word_1_294' title='bbox 1888 3841 2028 3895; x_wconf 89' lang='lat' dir='ltr'><strong>opus</strong></span> 
     </span>
    </p>
   </div>
   <div class='ocr_carea' id='block_1_41' title="bbox 440 3920 2026 4000">
    <p class='ocr_par' dir='ltr' id='par_1_41' title="bbox 440 3920 2026 4000">
     <span class='ocr_line' id='line_1_41' title="bbox 440 3920 2026 4000; baseline -0.013 -9"><span class='ocrx_word' id='word_1_295' title='bbox 440 3933 775 3991; x_wconf 87' lang='lat' dir='ltr'><strong>mercenarii</strong></span> <span class='ocrx_word' id='word_1_296' title='bbox 828 3933 971 4000; x_wconf 85' lang='lat' dir='ltr'><strong>apud</strong></span> <span class='ocrx_word' id='word_1_297' title='bbox 1012 3940 1066 3987; x_wconf 90' lang='lat' dir='ltr'><strong>te</strong></span> <span class='ocrx_word' id='word_1_298' title='bbox 1107 3944 1281 4000; x_wconf 84' lang='lat' dir='ltr'><strong>usque</strong></span> <span class='ocrx_word' id='word_1_299' title='bbox 1327 3941 1512 3981; x_wconf 89' lang='lat' dir='ltr'><strong>mane.</strong></span> <span class='ocrx_word' id='word_1_300' title='bbox 1564 3923 1683 3977; x_wconf 85' lang='lat' dir='ltr'><strong>Non</strong></span> <span class='ocrx_word' id='word_1_301' title='bbox 1734 3920 2026 3976; x_wconf 82' lang='lat' dir='ltr'><strong>maledices</strong></span> 
     </span>
    </p>
   </div>
   <div class='ocr_carea' id='block_1_42' title="bbox 440 4011 2027 4092">
    <p class='ocr_par' dir='ltr' id='par_1_42' title="bbox 440 4011 2027 4092">
     <span class='ocr_line' id='line_1_42' title="bbox 440 4011 2027 4092; baseline -0.013 -8"><span class='ocrx_word' id='word_1_302' title='bbox 440 4029 631 4092; x_wconf 89' lang='lat' dir='ltr'><strong>surdo,</strong></span> <span class='ocrx_word' id='word_1_303' title='bbox 669 4041 772 4081; x_wconf 89' lang='lat' dir='ltr'><strong>nec</strong></span> <span class='ocrx_word' id='word_1_304' title='bbox 803 4039 991 4080; x_wconf 86' lang='lat' dir='ltr'><strong>coram</strong></span> <span class='ocrx_word' id='word_1_305' title='bbox 1039 4038 1185 4078; x_wconf 58' lang='lat' dir='ltr'><strong>caeco</strong></span> <span class='ocrx_word' id='word_1_306' title='bbox 1244 4034 1417 4090; x_wconf 89' lang='lat' dir='ltr'><strong>pones</strong></span> <span class='ocrx_word' id='word_1_307' title='bbox 1462 4015 1875 4075; x_wconf 80' lang='lat' dir='ltr'><strong>oﬂ&#39;endiculum,</strong></span> <span class='ocrx_word' id='word_1_308' title='bbox 1929 4011 2027 4066; x_wconf 89' lang='lat' dir='ltr'><strong>sed</strong></span> 
     </span>
    </p>
   </div>
   <div class='ocr_carea' id='block_1_43' title="bbox 440 4107 1877 4183">
    <p class='ocr_par' dir='ltr' id='par_1_43' title="bbox 440 4107 1877 4183">
     <span class='ocr_line' id='line_1_43' title="bbox 440 4107 1877 4183; baseline -0.015 -6"><span class='ocrx_word' id='word_1_309' title='bbox 440 4121 667 4177; x_wconf 86' lang='lat' dir='ltr'><strong>timebis</strong></span> <span class='ocrx_word' id='word_1_310' title='bbox 696 4122 867 4174; x_wconf 88' lang='lat' dir='ltr'><strong>Deum</strong></span> <span class='ocrx_word' id='word_1_311' title='bbox 904 4124 1084 4180; x_wconf 88' lang='lat' dir='ltr'><strong>tuum,</strong></span> <span class='ocrx_word' id='word_1_312' title='bbox 1112 4113 1239 4183; x_wconf 87' lang='lat' dir='ltr'><strong>quia</strong></span> <span class='ocrx_word' id='word_1_313' title='bbox 1263 4127 1364 4181; x_wconf 88' lang='lat' dir='ltr'><strong>ego</strong></span> <span class='ocrx_word' id='word_1_314' title='bbox 1395 4126 1515 4165; x_wconf 90' lang='lat' dir='ltr'><strong>sum</strong></span> <span class='ocrx_word' id='word_1_315' title='bbox 1543 4107 1828 4163; x_wconf 83' lang='lat' dir='ltr'><strong>Dominus.</strong></span> <span class='ocrx_word' id='word_1_316' title='bbox 1858 4124 1877 4156; x_wconf 75' lang='grc' dir='ltr'><strong>ι</strong></span> 
     </span>
    </p>
   </div>
   <div class='ocr_carea' id='block_1_44' title="bbox 516 4199 2025 4281">
    <p class='ocr_par' dir='ltr' id='par_1_44' title="bbox 516 4199 2025 4281">
     <span class='ocr_line' id='line_1_44' title="bbox 516 4199 2025 4281; baseline -0.011 -14"><span class='ocrx_word' id='word_1_317' title='bbox 516 4212 678 4268; x_wconf 79' lang='lat' dir='ltr'><strong>Vides</strong></span> <span class='ocrx_word' id='word_1_318' title='bbox 698 4208 1157 4281; x_wconf 74' lang='lat' dir='ltr'><strong>quemadmodum</strong></span> <span class='ocrx_word' id='word_1_319' title='bbox 1174 4204 1435 4276; x_wconf 83' lang='lat' dir='ltr'><strong>paulatim</strong></span> <span class='ocrx_word' id='word_1_320' title='bbox 1458 4202 1545 4255; x_wconf 80' lang='lat' dir='ltr'><strong>lex</strong></span> <span class='ocrx_word' id='word_1_321' title='bbox 1589 4201 1709 4270; x_wconf 82' lang='lat' dir='ltr'><strong>ejus</strong></span> <span class='ocrx_word' id='word_1_322' title='bbox 1730 4199 1825 4268; x_wconf 86' lang='lat' dir='ltr'><strong>qui</strong></span> <span class='ocrx_word' id='word_1_323' title='bbox 1850 4199 2025 4268; x_wconf 79' lang='lat' dir='ltr'><strong>legem</strong></span> 
     </span>
    </p>
   </div>
   <div class='ocr_carea' id='block_1_45' title="bbox 433 4294 2025 4377">
    <p class='ocr_par' dir='ltr' id='par_1_45' title="bbox 433 4294 2025 4377">
     <span class='ocr_line' id='line_1_45' title="bbox 433 4294 2025 4377; baseline -0.013 -13"><span class='ocrx_word' id='word_1_324' title='bbox 433 4307 673 4377; x_wconf 80' lang='lat' dir='ltr'><strong>accepit,</strong></span> <span class='ocrx_word' id='word_1_325' title='bbox 703 4303 848 4359; x_wconf 85' lang='lat' dir='ltr'><strong>colat</strong></span> <span class='ocrx_word' id='word_1_326' title='bbox 880 4311 1143 4365; x_wconf 88' lang='lat' dir='ltr'><strong>mentem,</strong></span> <span class='ocrx_word' id='word_1_327' title='bbox 1189 4307 1246 4353; x_wconf 93' lang='lat' dir='ltr'><strong>et</strong></span> <span class='ocrx_word' id='word_1_328' title='bbox 1294 4313 1357 4352; x_wconf 86' lang='lat' dir='ltr'><strong>ea</strong></span> <span class='ocrx_word' id='word_1_329' title='bbox 1408 4310 1533 4365; x_wconf 68' lang='lat' dir='ltr'><strong>qua:</strong></span> <span class='ocrx_word' id='word_1_330' title='bbox 1562 4294 1819 4347; x_wconf 87' lang='lat' dir='ltr'><strong>videntur</strong></span> <span class='ocrx_word' id='word_1_331' title='bbox 1860 4306 2025 4360; x_wconf 86' lang='lat' dir='ltr'><strong>parva</strong></span> 
     </span>
    </p>
   </div>
   <div class='ocr_carea' id='block_1_46' title="bbox 436 4383 2025 4469">
    <p class='ocr_par' dir='ltr' id='par_1_46' title="bbox 436 4383 2025 4469">
     <span class='ocr_line' id='line_1_46' title="bbox 436 4383 2025 4469; baseline -0.01 -15"><span class='ocrx_word' id='word_1_332' title='bbox 436 4397 726 4469; x_wconf 68' lang='lat' dir='ltr'><strong>conjungit</strong></span> <span class='ocrx_word' id='word_1_333' title='bbox 753 4394 983 4465; x_wconf 89' lang='lat' dir='ltr'><strong>magnis,</strong></span> <span class='ocrx_word' id='word_1_334' title='bbox 1011 4401 1073 4447; x_wconf 89' lang='lat' dir='ltr'><strong>ut</strong></span> <span class='ocrx_word' id='word_1_335' title='bbox 1102 4392 1295 4446; x_wconf 84' lang='lat' dir='ltr'><strong>timore</strong></span> <span class='ocrx_word' id='word_1_336' title='bbox 1340 4388 1579 4444; x_wconf 70' lang='lat' dir='ltr'><strong>definita:</strong></span> <span class='ocrx_word' id='word_1_337' title='bbox 1628 4386 1686 4439; x_wconf 90' lang='lat' dir='ltr'><strong>in</strong></span> <span class='ocrx_word' id='word_1_338' title='bbox 1728 4383 2025 4454; x_wconf 87' lang='lat' dir='ltr'><strong>majoribus</strong></span> 
     </span>
    </p>
   </div>
   <div class='ocr_carea' id='block_1_47' title="bbox 437 4470 2025 4560">
    <p class='ocr_par' dir='ltr' id='par_1_47' title="bbox 437 4470 2025 4560">
     <span class='ocr_line' id='line_1_47' title="bbox 437 4470 2025 4560; baseline -0.01 -19"><span class='ocrx_word' id='word_1_339' title='bbox 437 4487 683 4560; x_wconf 81' lang='lat' dir='ltr'><strong>peccatis</strong></span> <span class='ocrx_word' id='word_1_340' title='bbox 712 4499 911 4555; x_wconf 64' lang='lat' dir='ltr'><strong>poenae,</strong></span> <span class='ocrx_word' id='word_1_341' title='bbox 947 4489 1003 4536; x_wconf 89' lang='lat' dir='ltr'><strong>et</strong></span> <span class='ocrx_word' id='word_1_342' title='bbox 1030 4495 1059 4533; x_wconf 86' lang='lat' dir='ltr'><strong>a</strong></span> <span class='ocrx_word' id='word_1_343' title='bbox 1090 4477 1399 4532; x_wconf 87' lang='lat' dir='ltr'><strong>minoribus</strong></span> <span class='ocrx_word' id='word_1_344' title='bbox 1428 4475 1822 4530; x_wconf 84' lang='lat' dir='ltr'><strong>abstineamus.</strong></span> <span class='ocrx_word' id='word_1_345' title='bbox 1869 4470 2025 4525; x_wconf 88' lang='lat' dir='ltr'><strong>Sicut</strong></span> 
     </span>
    </p>
   </div>
   <div class='ocr_carea' id='block_1_48' title="bbox 2147 609 3726 688">
    <p class='ocr_par' dir='ltr' id='par_1_48' title="bbox 2147 609 3726 688">
     <span class='ocr_line' id='line_1_48' title="bbox 2147 609 3726 688; baseline 0.011 -25"><span class='ocrx_word' id='word_1_346' title='bbox 2147 610 2203 663; x_wconf 92' lang='lat' dir='ltr'><strong>in</strong></span> <span class='ocrx_word' id='word_1_347' title='bbox 2232 609 2357 665; x_wconf 86' lang='lat' dir='ltr'><strong>cibo</strong></span> <span class='ocrx_word' id='word_1_348' title='bbox 2378 613 2702 681; x_wconf 89' lang='lat' dir='ltr'><strong>quotidiano</strong></span> <span class='ocrx_word' id='word_1_349' title='bbox 2724 616 2893 671; x_wconf 89' lang='lat' dir='ltr'><strong>ducit.</strong></span> <span class='ocrx_word' id='word_1_350' title='bbox 2948 617 3090 688; x_wconf 84' lang='lat' dir='ltr'><strong>Ergo</strong></span> <span class='ocrx_word' id='word_1_351' title='bbox 3118 628 3173 674; x_wconf 88' lang='lat' dir='ltr'><strong>et</strong></span> <span class='ocrx_word' id='word_1_352' title='bbox 3209 620 3254 675; x_wconf 89' lang='lat' dir='ltr'><strong>si</strong></span> <span class='ocrx_word' id='word_1_353' title='bbox 3294 630 3538 681; x_wconf 80' lang='lat' dir='ltr'><strong>crastmo</strong></span> <span class='ocrx_word' id='word_1_354' title='bbox 3587 625 3726 680; x_wconf 88' lang='lat' dir='ltr'><strong>reci-</strong></span> 
     </span>
    </p>
   </div>
   <div class='ocr_carea' id='block_1_49' title="bbox 2142 703 3722 785">
    <p class='ocr_par' dir='ltr' id='par_1_49' title="bbox 2142 703 3722 785">
     <span class='ocr_line' id='line_1_49' title="bbox 2142 703 3722 785; baseline 0.009 -29"><span class='ocrx_word' id='word_1_355' title='bbox 2142 703 2280 773; x_wconf 88' lang='lat' dir='ltr'><strong>piat,</strong></span> <span class='ocrx_word' id='word_1_356' title='bbox 2313 705 2441 773; x_wconf 90' lang='lat' dir='ltr'><strong>qnia</strong></span> <span class='ocrx_word' id='word_1_357' title='bbox 2471 707 2750 775; x_wconf 70' lang='lat' dir='ltr'><strong>praeterito</strong></span> <span class='ocrx_word' id='word_1_358' title='bbox 2783 708 2892 774; x_wconf 90' lang='lat' dir='ltr'><strong>die,</strong></span> <span class='ocrx_word' id='word_1_359' title='bbox 2943 711 2996 763; x_wconf 92' lang='lat' dir='ltr'><strong>in</strong></span> <span class='ocrx_word' id='word_1_360' title='bbox 3025 728 3135 781; x_wconf 90' lang='lat' dir='ltr'><strong>quo</strong></span> <span class='ocrx_word' id='word_1_361' title='bbox 3162 715 3398 771; x_wconf 81' lang='lat' dir='ltr'><strong>laborem</strong></span> <span class='ocrx_word' id='word_1_362' title='bbox 3433 717 3722 785; x_wconf 76' lang='lat' dir='ltr'><strong>sustinuit,</strong></span> 
     </span>
    </p>
   </div>
   <div class='ocr_carea' id='block_1_50' title="bbox 2141 797 3726 880">
    <p class='ocr_par' dir='ltr' id='par_1_50' title="bbox 2141 797 3726 880">
     <span class='ocr_line' id='line_1_50' title="bbox 2141 797 3726 880; baseline 0.012 -32"><span class='ocrx_word' id='word_1_363' title='bbox 2141 797 2710 868; x_wconf 88' lang='lat' dir='ltr'><strong>permansitjejuuus,</strong></span> <span class='ocrx_word' id='word_1_364' title='bbox 2739 801 2848 855; x_wconf 86' lang='lat' dir='ltr'><strong>vim</strong></span> <span class='ocrx_word' id='word_1_365' title='bbox 2880 805 3103 872; x_wconf 88' lang='lat' dir='ltr'><strong>pertulit</strong></span> <span class='ocrx_word' id='word_1_366' title='bbox 3132 815 3188 861; x_wconf 89' lang='lat' dir='ltr'><strong>et</strong></span> <span class='ocrx_word' id='word_1_367' title='bbox 3219 808 3549 864; x_wconf 87' lang='lat' dir='ltr'><strong>calumniam</strong></span> <span class='ocrx_word' id='word_1_368' title='bbox 3599 826 3726 880; x_wconf 79' lang='lat' dir='ltr'><strong>pas-</strong></span> 
     </span>
    </p>
   </div>
   <div class='ocr_carea' id='block_1_51' title="bbox 2144 892 3726 963">
    <p class='ocr_par' dir='ltr' id='par_1_51' title="bbox 2144 892 3726 963">
     <span class='ocr_line' id='line_1_51' title="bbox 2144 892 3726 963; baseline 0.008 -18"><span class='ocrx_word' id='word_1_369' title='bbox 2144 904 2239 945; x_wconf 88' lang='lat' dir='ltr'><strong>sus</strong></span> <span class='ocrx_word' id='word_1_370' title='bbox 2270 900 2374 944; x_wconf 87' lang='lat' dir='ltr'><strong>est.</strong></span> <span class='ocrx_word' id='word_1_371' title='bbox 2404 892 2469 946; x_wconf 85' lang='lat' dir='ltr'><strong>Et</strong></span> <span class='ocrx_word' id='word_1_372' title='bbox 2492 893 2637 961; x_wconf 88' lang='lat' dir='ltr'><strong>quod</strong></span> <span class='ocrx_word' id='word_1_373' title='bbox 2663 894 2786 949; x_wconf 91' lang='lat' dir='ltr'><strong>aliis</strong></span> <span class='ocrx_word' id='word_1_374' title='bbox 2813 897 3116 952; x_wconf 88' lang='lat' dir='ltr'><strong>substantia</strong></span> <span class='ocrx_word' id='word_1_375' title='bbox 3144 909 3248 963; x_wconf 90' lang='lat' dir='ltr'><strong>est,</strong></span> <span class='ocrx_word' id='word_1_376' title='bbox 3285 901 3388 955; x_wconf 89' lang='lat' dir='ltr'><strong>hoc</strong></span> <span class='ocrx_word' id='word_1_377' title='bbox 3426 911 3558 957; x_wconf 89' lang='lat' dir='ltr'><strong>sunt</strong></span> <span class='ocrx_word' id='word_1_378' title='bbox 3580 918 3726 958; x_wconf 87' lang='lat' dir='ltr'><strong>mer-</strong></span> 
     </span>
    </p>
   </div>
   <div class='ocr_carea' id='block_1_52' title="bbox 2143 980 3724 1056">
    <p class='ocr_par' dir='ltr' id='par_1_52' title="bbox 2143 980 3724 1056">
     <span class='ocr_line' id='line_1_52' title="bbox 2143 980 3724 1056; baseline 0.009 -24"><span class='ocrx_word' id='word_1_379' title='bbox 2143 980 2305 1033; x_wconf 88' lang='lat' dir='ltr'><strong>cedes</strong></span> <span class='ocrx_word' id='word_1_380' title='bbox 2350 980 2757 1038; x_wconf 89' lang='lat' dir='ltr'><strong>laborantibus:</strong></span> <span class='ocrx_word' id='word_1_381' title='bbox 2819 1000 2950 1056; x_wconf 90' lang='lat' dir='ltr'><strong>ergo</strong></span> <span class='ocrx_word' id='word_1_382' title='bbox 3002 998 3148 1042; x_wconf 87' lang='lat' dir='ltr'><strong>recte</strong></span> <span class='ocrx_word' id='word_1_383' title='bbox 3189 990 3269 1043; x_wconf 90' lang='lat' dir='ltr'><strong>vis</strong></span> <span class='ocrx_word' id='word_1_384' title='bbox 3314 989 3475 1044; x_wconf 88' lang='lat' dir='ltr'><strong>etiam</strong></span> <span class='ocrx_word' id='word_1_385' title='bbox 3525 991 3724 1046; x_wconf 86' lang='lat' dir='ltr'><strong>horum</strong></span> 
     </span>
    </p>
   </div>
   <div class='ocr_carea' id='block_1_53' title="bbox 2141 1070 3722 1150">
    <p class='ocr_par' dir='ltr' id='par_1_53' title="bbox 2141 1070 3722 1150">
     <span class='ocr_line' id='line_1_53' title="bbox 2141 1070 3722 1150; baseline 0.008 -23"><span class='ocrx_word' id='word_1_386' title='bbox 2141 1075 2376 1144; x_wconf 84' lang='lat' dir='ltr'><strong>privatio</strong></span> <span class='ocrx_word' id='word_1_387' title='bbox 2395 1076 2615 1131; x_wconf 84' lang='lat' dir='ltr'><strong>dicitur.</strong></span> <span class='ocrx_word' id='word_1_388' title='bbox 2649 1078 2757 1133; x_wconf 85' lang='lat' dir='ltr'><strong>Sed</strong></span> <span class='ocrx_word' id='word_1_389' title='bbox 2777 1089 2833 1135; x_wconf 90' lang='lat' dir='ltr'><strong>et</strong></span> <span class='ocrx_word' id='word_1_390' title='bbox 2856 1082 2949 1150; x_wconf 89' lang='lat' dir='ltr'><strong>qui</strong></span> <span class='ocrx_word' id='word_1_391' title='bbox 2976 1083 3254 1138; x_wconf 84' lang='lat' dir='ltr'><strong>maledicit</strong></span> <span class='ocrx_word' id='word_1_392' title='bbox 3281 1085 3468 1150; x_wconf 89' lang='lat' dir='ltr'><strong>surdo,</strong></span> <span class='ocrx_word' id='word_1_393' title='bbox 3492 1070 3722 1140; x_wconf 83' lang='lat' dir='ltr'><strong>multum</strong></span> 
     </span>
    </p>
   </div>
   <div class='ocr_carea' id='block_1_54' title="bbox 2140 1170 3712 1241">
    <p class='ocr_par' dir='ltr' id='par_1_54' title="bbox 2140 1170 3712 1241">
     <span class='ocr_line' id='line_1_54' title="bbox 2140 1170 3712 1241; baseline 0.008 -20"><span class='ocrx_word' id='word_1_394' title='bbox 2140 1178 2323 1234; x_wconf 85' lang='lat' dir='ltr'><strong>nocet,</strong></span> <span class='ocrx_word' id='word_1_395' title='bbox 2356 1178 2413 1222; x_wconf 88' lang='lat' dir='ltr'><strong>et</strong></span> <span class='ocrx_word' id='word_1_396' title='bbox 2448 1170 2538 1237; x_wconf 92' lang='lat' dir='ltr'><strong>qui</strong></span> <span class='ocrx_word' id='word_1_397' title='bbox 2574 1172 2729 1240; x_wconf 87' lang='lat' dir='ltr'><strong>ponit</strong></span> <span class='ocrx_word' id='word_1_398' title='bbox 2758 1189 2939 1227; x_wconf 90' lang='lat' dir='ltr'><strong>coram</strong></span> <span class='ocrx_word' id='word_1_399' title='bbox 2977 1178 3135 1231; x_wconf 65' lang='lat' dir='ltr'><strong>caecis</strong></span> <span class='ocrx_word' id='word_1_400' title='bbox 3179 1176 3595 1241; x_wconf 82' lang='lat' dir='ltr'><strong>oﬂ‘endiculum,</strong></span> <span class='ocrx_word' id='word_1_401' title='bbox 3656 1180 3712 1234; x_wconf 91' lang='lat' dir='ltr'><strong>in</strong></span> 
     </span>
    </p>
   </div>
   <div class='ocr_carea' id='block_1_55' title="bbox 2139 1262 3717 1338">
    <p class='ocr_par' dir='ltr' id='par_1_55' title="bbox 2139 1262 3717 1338">
     <span class='ocr_line' id='line_1_55' title="bbox 2139 1262 3717 1338; baseline 0.008 -25"><span class='ocrx_word' id='word_1_402' title='bbox 2139 1274 2248 1329; x_wconf 90' lang='lat' dir='ltr'><strong>quo</strong></span> <span class='ocrx_word' id='word_1_403' title='bbox 2276 1262 2509 1330; x_wconf 87' lang='lat' dir='ltr'><strong>pedibus</strong></span> <span class='ocrx_word' id='word_1_404' title='bbox 2539 1263 2839 1319; x_wconf 69' lang='lat' dir='ltr'><strong>offendant.</strong></span> <span class='ocrx_word' id='word_1_405' title='bbox 2874 1267 2926 1321; x_wconf 85' lang='lat' dir='ltr'><strong>Is</strong></span> <span class='ocrx_word' id='word_1_406' title='bbox 2973 1268 3192 1337; x_wconf 89' lang='lat' dir='ltr'><strong>quidem</strong></span> <span class='ocrx_word' id='word_1_407' title='bbox 3245 1269 3341 1338; x_wconf 91' lang='lat' dir='ltr'><strong>qui</strong></span> <span class='ocrx_word' id='word_1_408' title='bbox 3367 1270 3569 1325; x_wconf 87' lang='lat' dir='ltr'><strong>surdus</strong></span> <span class='ocrx_word' id='word_1_409' title='bbox 3613 1281 3717 1333; x_wconf 85' lang='lat' dir='ltr'><strong>est,</strong></span> 
     </span>
    </p>
   </div>
   <div class='ocr_carea' id='block_1_56' title="bbox 2139 1353 3718 1431">
    <p class='ocr_par' dir='ltr' id='par_1_56' title="bbox 2139 1353 3718 1431">
     <span class='ocr_line' id='line_1_56' title="bbox 2139 1353 3718 1431; baseline 0.008 -25"><span class='ocrx_word' id='word_1_410' title='bbox 2139 1353 2268 1406; x_wconf 87' lang='lat' dir='ltr'><strong>dum</strong></span> <span class='ocrx_word' id='word_1_411' title='bbox 2301 1354 2663 1420; x_wconf 81' lang='lat' dir='ltr'><strong>Inaledicitur,</strong></span> <span class='ocrx_word' id='word_1_412' title='bbox 2705 1367 2953 1422; x_wconf 89' lang='lat' dir='ltr'><strong>nocetur,</strong></span> <span class='ocrx_word' id='word_1_413' title='bbox 3014 1374 3125 1412; x_wconf 89' lang='lat' dir='ltr'><strong>non</strong></span> <span class='ocrx_word' id='word_1_414' title='bbox 3164 1361 3338 1414; x_wconf 90' lang='lat' dir='ltr'><strong>solum</strong></span> <span class='ocrx_word' id='word_1_415' title='bbox 3371 1362 3497 1431; x_wconf 87' lang='lat' dir='ltr'><strong>quia</strong></span> <span class='ocrx_word' id='word_1_416' title='bbox 3529 1363 3599 1417; x_wconf 86' lang='lat' dir='ltr'><strong>de</strong></span> <span class='ocrx_word' id='word_1_417' title='bbox 3651 1379 3718 1419; x_wconf 87' lang='lat' dir='ltr'><strong>eo</strong></span> 
     </span>
    </p>
   </div>
   <div class='ocr_carea' id='block_1_57' title="bbox 2139 1444 3711 1516">
    <p class='ocr_par' dir='ltr' id='par_1_57' title="bbox 2139 1444 3711 1516">
     <span class='ocr_line' id='line_1_57' title="bbox 2139 1444 3711 1516; baseline 0.006 -18"><span class='ocrx_word' id='word_1_418' title='bbox 2139 1444 2466 1509; x_wconf 84' lang='lat' dir='ltr'><strong>detrahitur,</strong></span> <span class='ocrx_word' id='word_1_419' title='bbox 2493 1448 2587 1501; x_wconf 86' lang='lat' dir='ltr'><strong>sed</strong></span> <span class='ocrx_word' id='word_1_420' title='bbox 2623 1448 2752 1515; x_wconf 89' lang='lat' dir='ltr'><strong>quia</strong></span> <span class='ocrx_word' id='word_1_421' title='bbox 2782 1458 2835 1501; x_wconf 82' lang='lat' dir='ltr'><strong>et</strong></span> <span class='ocrx_word' id='word_1_422' title='bbox 2864 1452 3178 1515; x_wconf 77' lang='lat' dir='ltr'><strong>emendare,</strong></span> <span class='ocrx_word' id='word_1_423' title='bbox 3214 1461 3309 1505; x_wconf 87' lang='lat' dir='ltr'><strong>aut</strong></span> <span class='ocrx_word' id='word_1_424' title='bbox 3344 1450 3463 1507; x_wconf 70' lang='lat' dir='ltr'><strong>hmo</strong></span> <span class='ocrx_word' id='word_1_425' title='bbox 3499 1468 3711 1516; x_wconf 88' lang='lat' dir='ltr'><strong>cavere,</strong></span> 
     </span>
    </p>
   </div>
   <div class='ocr_carea' id='block_1_58' title="bbox 2139 1537 3717 1612">
    <p class='ocr_par' dir='ltr' id='par_1_58' title="bbox 2139 1537 3717 1612">
     <span class='ocr_line' id='line_1_58' title="bbox 2139 1537 3717 1612; baseline 0.005 -21"><span class='ocrx_word' id='word_1_426' title='bbox 2139 1537 2196 1591; x_wconf 92' lang='lat' dir='ltr'><strong>in</strong></span> <span class='ocrx_word' id='word_1_427' title='bbox 2226 1540 2427 1607; x_wconf 85' lang='lat' dir='ltr'><strong>quibus</strong></span> <span class='ocrx_word' id='word_1_428' title='bbox 2479 1540 2548 1593; x_wconf 84' lang='lat' dir='ltr'><strong>de</strong></span> <span class='ocrx_word' id='word_1_429' title='bbox 2591 1555 2658 1594; x_wconf 87' lang='lat' dir='ltr'><strong>eo</strong></span> <span class='ocrx_word' id='word_1_430' title='bbox 2703 1541 3031 1607; x_wconf 88' lang='lat' dir='ltr'><strong>detrahitur,</strong></span> <span class='ocrx_word' id='word_1_431' title='bbox 3076 1558 3184 1596; x_wconf 91' lang='lat' dir='ltr'><strong>non</strong></span> <span class='ocrx_word' id='word_1_432' title='bbox 3226 1552 3426 1612; x_wconf 84' lang='lat' dir='ltr'><strong>potest.</strong></span> <span class='ocrx_word' id='word_1_433' title='bbox 3465 1544 3568 1599; x_wconf 89' lang='lat' dir='ltr'><strong>Sed</strong></span> <span class='ocrx_word' id='word_1_434' title='bbox 3614 1560 3717 1599; x_wconf 88' lang='lat' dir='ltr'><strong>nec</strong></span> 
     </span>
    </p>
   </div>
   <div class='ocr_carea' id='block_1_59' title="bbox 2137 1630 3717 1701">
    <p class='ocr_par' dir='ltr' id='par_1_59' title="bbox 2137 1630 3717 1701">
     <span class='ocr_line' id='line_1_59' title="bbox 2137 1630 3717 1701; baseline 0.005 -19"><span class='ocrx_word' id='word_1_435' title='bbox 2137 1643 2315 1683; x_wconf 70' lang='lat'><strong>(1113008</strong></span> <span class='ocrx_word' id='word_1_436' title='bbox 2343 1630 2410 1683; x_wconf 84' lang='lat' dir='ltr'><strong>ab</strong></span> <span class='ocrx_word' id='word_1_437' title='bbox 2437 1630 2791 1695; x_wconf 73' lang='lat' dir='ltr'><strong>ollendiculo,</strong></span> <span class='ocrx_word' id='word_1_438' title='bbox 2824 1633 2967 1699; x_wconf 82' lang='lat' dir='ltr'><strong>quod</strong></span> <span class='ocrx_word' id='word_1_439' title='bbox 2997 1633 3046 1684; x_wconf 87' lang='lat' dir='ltr'><strong>ei</strong></span> <span class='ocrx_word' id='word_1_440' title='bbox 3084 1634 3328 1701; x_wconf 86' lang='lat' dir='ltr'><strong>ponitur,</strong></span> <span class='ocrx_word' id='word_1_441' title='bbox 3356 1636 3632 1690; x_wconf 88' lang='lat' dir='ltr'><strong>custodire</strong></span> <span class='ocrx_word' id='word_1_442' title='bbox 3658 1651 3717 1690; x_wconf 88' lang='lat' dir='ltr'><strong>se</strong></span> 
     </span>
    </p>
   </div>
   <div class='ocr_carea' id='block_1_60' title="bbox 2136 1723 3714 1793">
    <p class='ocr_par' dir='ltr' id='par_1_60' title="bbox 2136 1723 3714 1793">
     <span class='ocr_line' id='line_1_60' title="bbox 2136 1723 3714 1793; baseline 0.004 -20"><span class='ocrx_word' id='word_1_443' title='bbox 2136 1730 2331 1789; x_wconf 84' lang='lat' dir='ltr'><strong>potest.</strong></span> <span class='ocrx_word' id='word_1_444' title='bbox 2366 1723 2561 1775; x_wconf 86' lang='lat' dir='ltr'><strong>Evenit</strong></span> <span class='ocrx_word' id='word_1_445' title='bbox 2582 1731 2763 1775; x_wconf 83' lang='lat' dir='ltr'><strong>autem</strong></span> <span class='ocrx_word' id='word_1_446' title='bbox 2791 1734 2840 1775; x_wconf 89' lang='lat' dir='ltr'><strong>et</strong></span> <span class='ocrx_word' id='word_1_447' title='bbox 2868 1723 2997 1778; x_wconf 86' lang='lat' dir='ltr'><strong>huic</strong></span> <span class='ocrx_word' id='word_1_448' title='bbox 3023 1734 3075 1777; x_wconf 90' lang='lat' dir='ltr'><strong>et</strong></span> <span class='ocrx_word' id='word_1_449' title='bbox 3107 1724 3182 1776; x_wconf 90' lang='lat' dir='ltr'><strong>illi</strong></span> <span class='ocrx_word' id='word_1_450' title='bbox 3207 1741 3270 1777; x_wconf 81' lang='lat' dir='ltr'><strong>ex</strong></span> <span class='ocrx_word' id='word_1_451' title='bbox 3296 1732 3529 1793; x_wconf 88' lang='lat' dir='ltr'><strong>utroque</strong></span> <span class='ocrx_word' id='word_1_452' title='bbox 3548 1741 3714 1789; x_wconf 90' lang='lat' dir='ltr'><strong>mors,</strong></span> 
     </span>
    </p>
   </div>
   <div class='ocr_carea' id='block_1_61' title="bbox 2138 1814 3706 1884">
    <p class='ocr_par' dir='ltr' id='par_1_61' title="bbox 2138 1814 3706 1884">
     <span class='ocr_line' id='line_1_61' title="bbox 2138 1814 3706 1884; baseline 0.006 -21"><span class='ocrx_word' id='word_1_453' title='bbox 2138 1827 2281 1867; x_wconf 72' lang='lat' dir='ltr'><strong>careo</strong></span> <span class='ocrx_word' id='word_1_454' title='bbox 2321 1814 2564 1882; x_wconf 85' lang='lat' dir='ltr'><strong>quidem,</strong></span> <span class='ocrx_word' id='word_1_455' title='bbox 2610 1814 2740 1867; x_wconf 93' lang='lat' dir='ltr'><strong>dum</strong></span> <span class='ocrx_word' id='word_1_456' title='bbox 2792 1815 3097 1868; x_wconf 85' lang='lat' dir='ltr'><strong>conteritur</strong></span> <span class='ocrx_word' id='word_1_457' title='bbox 3152 1831 3249 1884; x_wconf 89' lang='lat' dir='ltr'><strong>per</strong></span> <span class='ocrx_word' id='word_1_458' title='bbox 3282 1814 3706 1872; x_wconf 81' lang='lat' dir='ltr'><strong>offcndiculum:</strong></span> 
     </span>
    </p>
   </div>
   <div class='ocr_carea' id='block_1_62' title="bbox 2062 1882 3716 1976">
    <p class='ocr_par' dir='ltr' id='par_1_62' title="bbox 2062 1882 3716 1976">
     <span class='ocr_line' id='line_1_62' title="bbox 2062 1882 3716 1976; baseline 0.005 -21"><span class='ocrx_word' id='word_1_459' title='bbox 2062 1882 2103 1941; x_wconf 71' lang='grc' dir='ltr'>Β</span> <span class='ocrx_word' id='word_1_460' title='bbox 2133 1904 2300 1957; x_wconf 87' lang='lat' dir='ltr'><strong>surdo</strong></span> <span class='ocrx_word' id='word_1_461' title='bbox 2326 1914 2507 1958; x_wconf 88' lang='lat' dir='ltr'><strong>autem</strong></span> <span class='ocrx_word' id='word_1_462' title='bbox 2538 1905 2870 1970; x_wconf 85' lang='lat' dir='ltr'><strong>maledictio,</strong></span> <span class='ocrx_word' id='word_1_463' title='bbox 2892 1907 3046 1976; x_wconf 82' lang='lat' dir='ltr'><strong>quasi</strong></span> <span class='ocrx_word' id='word_1_464' title='bbox 3085 1907 3153 1961; x_wconf 89' lang='lat' dir='ltr'><strong>de</strong></span> <span class='ocrx_word' id='word_1_465' title='bbox 3181 1907 3430 1976; x_wconf 88' lang='lat' dir='ltr'><strong>l‘rincipe</strong></span> <span class='ocrx_word' id='word_1_466' title='bbox 3450 1908 3716 1964; x_wconf 81' lang='lat' dir='ltr'><strong>detraxis-</strong></span> 
     </span>
    </p>
   </div>
   <div class='ocr_carea' id='block_1_63' title="bbox 2052 3233 2094 3290">
    <p class='ocr_par' dir='ltr' id='par_1_63' title="bbox 2052 3233 2094 3290">
     <span class='ocr_line' id='line_1_63' title="bbox 2052 3233 2094 3290; baseline 0 0"><span class='ocrx_word' id='word_1_467' title='bbox 2052 3233 2094 3290; x_wconf 86' lang='lat' dir='ltr'>C</span> 
     </span>
    </p>
   </div>
   <div class='ocr_carea' id='block_1_64' title="bbox 2136 1995 3713 2067">
    <p class='ocr_par' dir='ltr' id='par_1_64' title="bbox 2136 1995 3713 2067">
     <span class='ocr_line' id='line_1_64' title="bbox 2136 1995 3713 2067; baseline 0.004 -19"><span class='ocrx_word' id='word_1_468' title='bbox 2136 2003 2239 2056; x_wconf 74' lang='lat' dir='ltr'><strong>set,</strong></span> <span class='ocrx_word' id='word_1_469' title='bbox 2265 2004 2360 2047; x_wconf 90' lang='lat' dir='ltr'><strong>aut</strong></span> <span class='ocrx_word' id='word_1_470' title='bbox 2388 1995 2532 2048; x_wconf 80' lang='lat' dir='ltr'><strong>aliud</strong></span> <span class='ocrx_word' id='word_1_471' title='bbox 2552 1996 2828 2064; x_wconf 85' lang='lat' dir='ltr'><strong>quidpiam</strong></span> <span class='ocrx_word' id='word_1_472' title='bbox 2859 1996 3094 2059; x_wconf 85' lang='lat' dir='ltr'><strong>fecisset,</strong></span> <span class='ocrx_word' id='word_1_473' title='bbox 3137 1999 3279 2067; x_wconf 90' lang='lat' dir='ltr'><strong>quod</strong></span> <span class='ocrx_word' id='word_1_474' title='bbox 3309 1997 3360 2052; x_wconf 88' lang='lat' dir='ltr'><strong>ei</strong></span> <span class='ocrx_word' id='word_1_475' title='bbox 3414 2000 3713 2065; x_wconf 89' lang='lat' dir='ltr'><strong>periculum</strong></span> 
     </span>
    </p>
   </div>
   <div class='ocr_carea' id='block_1_65' title="bbox 2136 2085 3715 2159">
    <p class='ocr_par' dir='ltr' id='par_1_65' title="bbox 2136 2085 3715 2159">
     <span class='ocr_line' id='line_1_65' title="bbox 2136 2085 3715 2159; baseline 0.005 -22"><span class='ocrx_word' id='word_1_476' title='bbox 2136 2085 2430 2154; x_wconf 86' lang='lat' dir='ltr'><strong>ingereret,</strong></span> <span class='ocrx_word' id='word_1_477' title='bbox 2497 2088 2849 2154; x_wconf 57' lang='lat' dir='ltr'><strong>semetipsum</strong></span> <span class='ocrx_word' id='word_1_478' title='bbox 2885 2088 3111 2142; x_wconf 88' lang='lat' dir='ltr'><strong>minime</strong></span> <span class='ocrx_word' id='word_1_479' title='bbox 3162 2089 3478 2159; x_wconf 85' lang='lat' dir='ltr'><strong>corrigenti,</strong></span> <span class='ocrx_word' id='word_1_480' title='bbox 3527 2099 3582 2145; x_wconf 92' lang='lat' dir='ltr'><strong>et</strong></span> <span class='ocrx_word' id='word_1_481' title='bbox 3611 2090 3715 2145; x_wconf 92' lang='lat' dir='ltr'><strong>hoc</strong></span> 
     </span>
    </p>
   </div>
   <div class='ocr_carea' id='block_1_66' title="bbox 2133 2178 3714 2252">
    <p class='ocr_par' dir='ltr' id='par_1_66' title="bbox 2133 2178 3714 2252">
     <span class='ocr_line' id='line_1_66' title="bbox 2133 2178 3714 2252; baseline 0.006 -25"><span class='ocrx_word' id='word_1_482' title='bbox 2133 2178 2278 2245; x_wconf 89' lang='lat' dir='ltr'><strong>quod</strong></span> <span class='ocrx_word' id='word_1_483' title='bbox 2330 2178 2547 2231; x_wconf 88' lang='lat' dir='ltr'><strong>videtur</strong></span> <span class='ocrx_word' id='word_1_484' title='bbox 2599 2193 2719 2231; x_wconf 84' lang='lat' dir='ltr'><strong>esse</strong></span> <span class='ocrx_word' id='word_1_485' title='bbox 2771 2195 3023 2248; x_wconf 86' lang='lat' dir='ltr'><strong>parvum,</strong></span> <span class='ocrx_word' id='word_1_486' title='bbox 3059 2181 3204 2250; x_wconf 91' lang='lat' dir='ltr'><strong>quod</strong></span> <span class='ocrx_word' id='word_1_487' title='bbox 3256 2197 3288 2234; x_wconf 90' lang='lat' dir='ltr'><strong>a</strong></span> <span class='ocrx_word' id='word_1_488' title='bbox 3340 2182 3526 2236; x_wconf 88' lang='lat' dir='ltr'><strong>multis</strong></span> <span class='ocrx_word' id='word_1_489' title='bbox 3568 2197 3714 2252; x_wconf 59' lang='lat' dir='ltr'><strong>saepe</strong></span> 
     </span>
    </p>
   </div>
   <div class='ocr_carea' id='block_1_67' title="bbox 2132 2270 3713 2340">
    <p class='ocr_par' dir='ltr' id='par_1_67' title="bbox 2132 2270 3713 2340">
     <span class='ocr_line' id='line_1_67' title="bbox 2132 2270 3713 2340; baseline 0.005 -18"><span class='ocrx_word' id='word_1_490' title='bbox 2132 2270 2449 2323; x_wconf 84' lang='lat' dir='ltr'><strong>ludentibus</strong></span> <span class='ocrx_word' id='word_1_491' title='bbox 2477 2271 2833 2340; x_wconf 88' lang='lat' dir='ltr'><strong>delinquitur,</strong></span> <span class='ocrx_word' id='word_1_492' title='bbox 2890 2273 3087 2326; x_wconf 87' lang='lat' dir='ltr'><strong>transit</strong></span> <span class='ocrx_word' id='word_1_493' title='bbox 3126 2275 3193 2327; x_wconf 88' lang='lat' dir='ltr'><strong>ad</strong></span> <span class='ocrx_word' id='word_1_494' title='bbox 3243 2284 3506 2329; x_wconf 87' lang='lat' dir='ltr'><strong>mortem:</strong></span> <span class='ocrx_word' id='word_1_495' title='bbox 3568 2278 3713 2330; x_wconf 87' lang='lat' dir='ltr'><strong>unde</strong></span> 
     </span>
    </p>
   </div>
   <div class='ocr_carea' id='block_1_68' title="bbox 2131 2362 3712 2434">
    <p class='ocr_par' dir='ltr' id='par_1_68' title="bbox 2131 2362 3712 2434">
     <span class='ocr_line' id='line_1_68' title="bbox 2131 2362 3712 2434; baseline 0.005 -22"><span class='ocrx_word' id='word_1_496' title='bbox 2131 2362 2295 2414; x_wconf 88' lang='lat' dir='ltr'><strong>nimis</strong></span> <span class='ocrx_word' id='word_1_497' title='bbox 2330 2374 2640 2430; x_wconf 86' lang='lat' dir='ltr'><strong>opportune</strong></span> <span class='ocrx_word' id='word_1_498' title='bbox 2688 2362 2858 2416; x_wconf 82' lang='lat' dir='ltr'><strong>David</strong></span> <span class='ocrx_word' id='word_1_499' title='bbox 2888 2363 3025 2416; x_wconf 67' lang='lat' dir='ltr'><strong>dixit</strong></span> <span class='ocrx_word' id='word_1_500' title='bbox 3053 2379 3199 2427; x_wconf 79' lang='lat' dir='ltr'><strong>etim,</strong></span> <span class='ocrx_word' id='word_1_501' title='bbox 3230 2366 3320 2434; x_wconf 81' lang='lat' dir='ltr'><strong>qui</strong></span> <span class='ocrx_word' id='word_1_502' title='bbox 3362 2366 3418 2418; x_wconf 91' lang='lat' dir='ltr'><strong>in</strong></span> <span class='ocrx_word' id='word_1_503' title='bbox 3461 2368 3712 2420; x_wconf 81' lang='lat' dir='ltr'><strong>cathedra</strong></span> 
     </span>
    </p>
   </div>
   <div class='ocr_carea' id='block_1_69' title="bbox 2130 2454 3711 2523">
    <p class='ocr_par' dir='ltr' id='par_1_69' title="bbox 2130 2454 3711 2523">
     <span class='ocr_line' id='line_1_69' title="bbox 2130 2454 3711 2523; baseline 0.003 -16"><span class='ocrx_word' id='word_1_504' title='bbox 2130 2454 2461 2523; x_wconf 66' lang='lat' dir='ltr'><strong>peitilentiw,</strong></span> <span class='ocrx_word' id='word_1_505' title='bbox 2517 2455 2569 2507; x_wconf 88' lang='lat' dir='ltr'><strong>id</strong></span> <span class='ocrx_word' id='word_1_506' title='bbox 2621 2463 2728 2522; x_wconf 87' lang='lat' dir='ltr'><strong>est,</strong></span> <span class='ocrx_word' id='word_1_507' title='bbox 2771 2455 3136 2509; x_wconf 89' lang='lat' dir='ltr'><strong>deridentium</strong></span> <span class='ocrx_word' id='word_1_508' title='bbox 3174 2472 3275 2508; x_wconf 89' lang='lat' dir='ltr'><strong>non</strong></span> <span class='ocrx_word' id='word_1_509' title='bbox 3323 2457 3538 2512; x_wconf 72' lang='lat' dir='ltr'><strong>sedit”.</strong></span> <span class='ocrx_word' id='word_1_510' title='bbox 3599 2457 3711 2511; x_wconf 80' lang='lat' dir='ltr'><strong>Nos</strong></span> 
     </span>
    </p>
   </div>
   <div class='ocr_carea' id='block_1_70' title="bbox 2130 2546 3710 2618">
    <p class='ocr_par' dir='ltr' id='par_1_70' title="bbox 2130 2546 3710 2618">
     <span class='ocr_line' id='line_1_70' title="bbox 2130 2546 3710 2618; baseline 0.002 -19"><span class='ocrx_word' id='word_1_511' title='bbox 2130 2554 2310 2599; x_wconf 90' lang='lat' dir='ltr'><strong>autem</strong></span> <span class='ocrx_word' id='word_1_512' title='bbox 2345 2546 2410 2599; x_wconf 86' lang='lat' dir='ltr'><strong>ad</strong></span> <span class='ocrx_word' id='word_1_513' title='bbox 2440 2547 2628 2600; x_wconf 89' lang='lat' dir='ltr'><strong>eadem</strong></span> <span class='ocrx_word' id='word_1_514' title='bbox 2652 2561 2845 2600; x_wconf 87' lang='lat' dir='ltr'><strong>rursus</strong></span> <span class='ocrx_word' id='word_1_515' title='bbox 2879 2548 3224 2616; x_wconf 79' lang='lat' dir='ltr'><strong>exsequenda</strong></span> <span class='ocrx_word' id='word_1_516' title='bbox 3250 2563 3556 2618; x_wconf 86' lang='lat' dir='ltr'><strong>pergamus.</strong></span> <span class='ocrx_word' id='word_1_517' title='bbox 3589 2548 3710 2602; x_wconf 86' lang='lat' dir='ltr'><strong>Non</strong></span> 
     </span>
    </p>
   </div>
   <div class='ocr_carea' id='block_1_71' title="bbox 2131 2639 3710 2708">
    <p class='ocr_par' dir='ltr' id='par_1_71' title="bbox 2131 2639 3710 2708">
     <span class='ocr_line' id='line_1_71' title="bbox 2131 2639 3710 2708; baseline 0.001 -15"><span class='ocrx_word' id='word_1_518' title='bbox 2131 2639 2277 2693; x_wconf 88' lang='lat' dir='ltr'><strong>enim</strong></span> <span class='ocrx_word' id='word_1_519' title='bbox 2342 2640 2520 2692; x_wconf 88' lang='lat' dir='ltr'><strong>solum</strong></span> <span class='ocrx_word' id='word_1_520' title='bbox 2575 2639 2930 2708; x_wconf 85' lang='lat' dir='ltr'><strong>pecuniarum</strong></span> <span class='ocrx_word' id='word_1_521' title='bbox 2969 2640 3300 2692; x_wconf 85' lang='lat' dir='ltr'><strong>calumniam</strong></span> <span class='ocrx_word' id='word_1_522' title='bbox 3364 2650 3418 2694; x_wconf 91' lang='lat' dir='ltr'><strong>et</strong></span> <span class='ocrx_word' id='word_1_523' title='bbox 3470 2642 3579 2695; x_wconf 85' lang='lat' dir='ltr'><strong>vim</strong></span> <span class='ocrx_word' id='word_1_524' title='bbox 3624 2641 3710 2694; x_wconf 76' lang='lat' dir='ltr'><strong>lex</strong></span> 
     </span>
    </p>
   </div>
   <div class='ocr_carea' id='block_1_72' title="bbox 2130 2730 3710 2803">
    <p class='ocr_par' dir='ltr' id='par_1_72' title="bbox 2130 2730 3710 2803">
     <span class='ocr_line' id='line_1_72' title="bbox 2130 2730 3710 2803; baseline 0.003 -20"><span class='ocrx_word' id='word_1_525' title='bbox 2130 2730 2444 2800; x_wconf 86' lang='lat' dir='ltr'><strong>prohibuit,</strong></span> <span class='ocrx_word' id='word_1_526' title='bbox 2467 2731 2562 2784; x_wconf 90' lang='lat' dir='ltr'><strong>sed</strong></span> <span class='ocrx_word' id='word_1_527' title='bbox 2591 2741 2646 2784; x_wconf 89' lang='lat' dir='ltr'><strong>et</strong></span> <span class='ocrx_word' id='word_1_528' title='bbox 2666 2746 2882 2784; x_wconf 90' lang='lat' dir='ltr'><strong>omnem</strong></span> <span class='ocrx_word' id='word_1_529' title='bbox 2908 2731 3091 2795; x_wconf 89' lang='lat' dir='ltr'><strong>aliam,</strong></span> <span class='ocrx_word' id='word_1_530' title='bbox 3120 2740 3175 2785; x_wconf 91' lang='lat' dir='ltr'><strong>et</strong></span> <span class='ocrx_word' id='word_1_531' title='bbox 3201 2732 3371 2786; x_wconf 88' lang='lat' dir='ltr'><strong>multo</strong></span> <span class='ocrx_word' id='word_1_532' title='bbox 3394 2733 3561 2803; x_wconf 76' lang='lat' dir='ltr'><strong>magis</strong></span> <span class='ocrx_word' id='word_1_533' title='bbox 3589 2748 3710 2787; x_wconf 89' lang='lat' dir='ltr'><strong>eam</strong></span> 
     </span>
    </p>
   </div>
   <div class='ocr_carea' id='block_1_73' title="bbox 2130 2820 3711 2892">
    <p class='ocr_par' dir='ltr' id='par_1_73' title="bbox 2130 2820 3711 2892">
     <span class='ocr_line' id='line_1_73' title="bbox 2130 2820 3711 2892; baseline 0.003 -20"><span class='ocrx_word' id='word_1_534' title='bbox 2130 2836 2253 2889; x_wconf 70' lang='lat' dir='ltr'><strong>qute</strong></span> <span class='ocrx_word' id='word_1_535' title='bbox 2285 2829 2366 2874; x_wconf 89' lang='lat' dir='ltr'><strong>est</strong></span> <span class='ocrx_word' id='word_1_536' title='bbox 2394 2821 2449 2873; x_wconf 92' lang='lat' dir='ltr'><strong>in</strong></span> <span class='ocrx_word' id='word_1_537' title='bbox 2476 2820 2836 2889; x_wconf 88' lang='lat' dir='ltr'><strong>spiritalibus,</strong></span> <span class='ocrx_word' id='word_1_538' title='bbox 2871 2831 2933 2874; x_wconf 89' lang='lat' dir='ltr'><strong>ut</strong></span> <span class='ocrx_word' id='word_1_539' title='bbox 2981 2837 3093 2874; x_wconf 91' lang='lat' dir='ltr'><strong>non</strong></span> <span class='ocrx_word' id='word_1_540' title='bbox 3133 2822 3354 2891; x_wconf 80' lang='lat' dir='ltr'><strong>gloriam</strong></span> <span class='ocrx_word' id='word_1_541' title='bbox 3388 2822 3711 2892; x_wconf 84' lang='lat' dir='ltr'><strong>arripiamus</strong></span> 
     </span>
    </p>
   </div>
   <div class='ocr_carea' id='block_1_74' title="bbox 2130 2911 3708 2982">
    <p class='ocr_par' dir='ltr' id='par_1_74' title="bbox 2130 2911 3708 2982">
     <span class='ocr_line' id='line_1_74' title="bbox 2130 2911 3708 2982; baseline 0.003 -17"><span class='ocrx_word' id='word_1_542' title='bbox 2130 2911 2378 2977; x_wconf 87' lang='lat' dir='ltr'><strong>alterius,</strong></span> <span class='ocrx_word' id='word_1_543' title='bbox 2407 2928 2511 2967; x_wconf 88' lang='lat' dir='ltr'><strong>nec</strong></span> <span class='ocrx_word' id='word_1_544' title='bbox 2540 2914 2686 2982; x_wconf 89' lang='lat' dir='ltr'><strong>quod</strong></span> <span class='ocrx_word' id='word_1_545' title='bbox 2717 2913 2942 2967; x_wconf 88' lang='lat' dir='ltr'><strong>alterius</strong></span> <span class='ocrx_word' id='word_1_546' title='bbox 2982 2913 3168 2968; x_wconf 85' lang='lat' dir='ltr'><strong>labore</strong></span> <span class='ocrx_word' id='word_1_547' title='bbox 3194 2922 3497 2970; x_wconf 82' lang='lat' dir='ltr'><strong>correctum</strong></span> <span class='ocrx_word' id='word_1_548' title='bbox 3527 2924 3631 2977; x_wconf 89' lang='lat' dir='ltr'><strong>est,</strong></span> <span class='ocrx_word' id='word_1_549' title='bbox 3653 2917 3708 2969; x_wconf 91' lang='lat' dir='ltr'><strong>in</strong></span> 
     </span>
    </p>
   </div>
   <div class='ocr_carea' id='block_1_75' title="bbox 2130 3002 3710 3073">
    <p class='ocr_par' dir='ltr' id='par_1_75' title="bbox 2130 3002 3710 3073">
     <span class='ocr_line' id='line_1_75' title="bbox 2130 3002 3710 3073; baseline 0.003 -20"><span class='ocrx_word' id='word_1_550' title='bbox 2130 3002 2539 3072; x_wconf 82' lang='lat' dir='ltr'><strong>nobismetipsis</strong></span> <span class='ocrx_word' id='word_1_551' title='bbox 2573 3003 2937 3067; x_wconf 87' lang='lat' dir='ltr'><strong>attrahamus,</strong></span> <span class='ocrx_word' id='word_1_552' title='bbox 2984 3013 3213 3073; x_wconf 86' lang='lat' dir='ltr'><strong>propter</strong></span> <span class='ocrx_word' id='word_1_553' title='bbox 3242 3004 3384 3073; x_wconf 91' lang='lat' dir='ltr'><strong>quod</strong></span> <span class='ocrx_word' id='word_1_554' title='bbox 3427 3014 3480 3058; x_wconf 89' lang='lat' dir='ltr'><strong>et</strong></span> <span class='ocrx_word' id='word_1_555' title='bbox 3511 3004 3710 3059; x_wconf 78' lang='lat' dir='ltr'><strong>Paulus</strong></span> 
     </span>
    </p>
   </div>
   <div class='ocr_carea' id='block_1_76' title="bbox 2128 3092 3706 3165">
    <p class='ocr_par' dir='ltr' id='par_1_76' title="bbox 2128 3092 3706 3165">
     <span class='ocr_line' id='line_1_76' title="bbox 2128 3092 3706 3165; baseline 0.003 -20"><span class='ocrx_word' id='word_1_556' title='bbox 2128 3092 2377 3147; x_wconf 86' lang='lat' dir='ltr'><strong>dicebat:</strong></span> <span class='ocrx_word' id='word_1_557' title='bbox 2409 3093 2529 3148; x_wconf 87' lang='lat' dir='ltr'><strong>Non</strong></span> <span class='ocrx_word' id='word_1_558' title='bbox 2559 3095 2694 3147; x_wconf 87' lang='lat' dir='ltr'><strong>enim</strong></span> <span class='ocrx_word' id='word_1_559' title='bbox 2736 3094 2914 3148; x_wconf 82' lang='lat' dir='ltr'><strong>aliena</strong></span> <span class='ocrx_word' id='word_1_560' title='bbox 2939 3094 3147 3164; x_wconf 86' lang='lat' dir='ltr'><strong>regula,</strong></span> <span class='ocrx_word' id='word_1_561' title='bbox 3184 3096 3237 3148; x_wconf 86' lang='lat' dir='ltr'><strong>in</strong></span> <span class='ocrx_word' id='word_1_562' title='bbox 3268 3095 3346 3149; x_wconf 76' lang='lat' dir='ltr'><strong>Itis</strong></span> <span class='ocrx_word' id='word_1_563' title='bbox 3376 3112 3491 3164; x_wconf 71' lang='lat' dir='ltr'><strong>qtta&#39;</strong></span> <span class='ocrx_word' id='word_1_564' title='bbox 3510 3106 3706 3165; x_wconf 82' lang='lat' dir='ltr'><strong>parata</strong></span> 
     </span>
    </p>
   </div>
   <div class='ocr_carea' id='block_1_77' title="bbox 2126 3185 3713 3255">
    <p class='ocr_par' dir='ltr' id='par_1_77' title="bbox 2126 3185 3713 3255">
     <span class='ocr_line' id='line_1_77' title="bbox 2126 3185 3713 3255; baseline 0.002 -17"><span class='ocrx_word' id='word_1_565' title='bbox 2126 3194 2268 3249; x_wconf 80' lang='lat' dir='ltr'><strong>sunt,</strong></span> <span class='ocrx_word' id='word_1_566' title='bbox 2305 3185 2528 3255; x_wconf 82' lang='lat' dir='ltr'><strong>gloriari</strong></span> <span class='ocrx_word' id='word_1_567' title='bbox 2547 3186 2616 3239; x_wconf 74' lang='grc' dir='ltr'><strong>θ’.</strong></span> <span class='ocrx_word' id='word_1_568' title='bbox 2648 3185 2715 3240; x_wconf 85' lang='grc' dir='ltr'><em>Ει</em></span> <span class='ocrx_word' id='word_1_569' title='bbox 2739 3202 2949 3253; x_wconf 86' lang='lat' dir='ltr'><strong>rursus,</strong></span> <span class='ocrx_word' id='word_1_570' title='bbox 2972 3187 3233 3242; x_wconf 89' lang='lat' dir='ltr'><strong>donatum</strong></span> <span class='ocrx_word' id='word_1_571' title='bbox 3265 3186 3367 3239; x_wconf 87' lang='lat' dir='ltr'><strong>sibi</strong></span> <span class='ocrx_word' id='word_1_572' title='bbox 3390 3187 3517 3241; x_wconf 91' lang='lat' dir='ltr'><strong>dicit</strong></span> <span class='ocrx_word' id='word_1_573' title='bbox 3549 3202 3713 3241; x_wconf 88' lang='lat' dir='ltr'><strong>evan-</strong></span> 
     </span>
    </p>
   </div>
   <div class='ocr_carea' id='block_1_78' title="bbox 2129 3275 3712 3346">
    <p class='ocr_par' dir='ltr' id='par_1_78' title="bbox 2129 3275 3712 3346">
     <span class='ocr_line' id='line_1_78' title="bbox 2129 3275 3712 3346; baseline 0.001 -17"><span class='ocrx_word' id='word_1_574' title='bbox 2129 3275 2385 3344; x_wconf 84' lang='lat' dir='ltr'><strong>gelizare,</strong></span> <span class='ocrx_word' id='word_1_575' title='bbox 2417 3291 2530 3331; x_wconf 91' lang='lat' dir='ltr'><strong>non</strong></span> <span class='ocrx_word' id='word_1_576' title='bbox 2566 3277 2658 3332; x_wconf 88' lang='lat' dir='ltr'><strong>ubi</strong></span> <span class='ocrx_word' id='word_1_577' title='bbox 2689 3278 3004 3332; x_wconf 89' lang='lat' dir='ltr'><strong>nominatus</strong></span> <span class='ocrx_word' id='word_1_578' title='bbox 3024 3287 3111 3333; x_wconf 87' lang='lat' dir='ltr'><strong>est</strong></span> <span class='ocrx_word' id='word_1_579' title='bbox 3137 3277 3410 3345; x_wconf 88' lang='lat' dir='ltr'><strong>Christus,</strong></span> <span class='ocrx_word' id='word_1_580' title='bbox 3447 3293 3517 3331; x_wconf 87' lang='lat' dir='ltr'><strong>ne</strong></span> <span class='ocrx_word' id='word_1_581' title='bbox 3548 3293 3712 3346; x_wconf 86' lang='lat' dir='ltr'><strong>super</strong></span> 
     </span>
    </p>
   </div>
   <div class='ocr_carea' id='block_1_79' title="bbox 2128 3367 3707 3425">
    <p class='ocr_par' dir='ltr' id='par_1_79' title="bbox 2128 3367 3707 3425">
     <span class='ocr_line' id='line_1_79' title="bbox 2128 3367 3707 3425; baseline 0 -4"><span class='ocrx_word' id='word_1_582' title='bbox 2128 3367 2351 3421; x_wconf 88' lang='lat' dir='ltr'><strong>alterius</strong></span> <span class='ocrx_word' id='word_1_583' title='bbox 2389 3368 2802 3423; x_wconf 85' lang='lat' dir='ltr'><strong>fundamentum</strong></span> <span class='ocrx_word' id='word_1_584' title='bbox 2835 3369 3214 3425; x_wconf 66' lang='lat' dir='ltr'><strong>aediﬁcaret“.</strong></span> <span class='ocrx_word' id='word_1_585' title='bbox 3248 3370 3490 3423; x_wconf 87' lang='lat' dir='ltr'><strong>Alterum</strong></span> <span class='ocrx_word' id='word_1_586' title='bbox 3527 3377 3707 3424; x_wconf 87' lang='lat' dir='ltr'><strong>autem</strong></span> 
     </span>
    </p>
   </div>
   <div class='ocr_carea' id='block_1_80' title="bbox 2129 3458 3708 3530">
    <p class='ocr_par' dir='ltr' id='par_1_80' title="bbox 2129 3458 3708 3530">
     <span class='ocr_line' id='line_1_80' title="bbox 2129 3458 3708 3530; baseline 0.004 -18"><span class='ocrx_word' id='word_1_587' title='bbox 2129 3459 2354 3513; x_wconf 90' lang='lat' dir='ltr'><strong>alterius</strong></span> <span class='ocrx_word' id='word_1_588' title='bbox 2384 3458 2760 3530; x_wconf 88' lang='lat' dir='ltr'><strong>interpretatio</strong></span> <span class='ocrx_word' id='word_1_589' title='bbox 2781 3470 2887 3516; x_wconf 89' lang='lat' dir='ltr'><strong>est.</strong></span> <span class='ocrx_word' id='word_1_590' title='bbox 2911 3461 3139 3516; x_wconf 86' lang='lat' dir='ltr'><strong>Nolebat</strong></span> <span class='ocrx_word' id='word_1_591' title='bbox 3161 3460 3305 3515; x_wconf 90' lang='lat' dir='ltr'><strong>enim</strong></span> <span class='ocrx_word' id='word_1_592' title='bbox 3331 3460 3708 3530; x_wconf 68' lang='lat' dir='ltr'><strong>praejudicare.</strong></span> 
     </span>
    </p>
   </div>
   <div class='ocr_carea' id='block_1_81' title="bbox 2130 3550 3712 3621">
    <p class='ocr_par' dir='ltr' id='par_1_81' title="bbox 2130 3550 3712 3621">
     <span class='ocr_line' id='line_1_81' title="bbox 2130 3550 3712 3621; baseline 0.001 -17"><span class='ocrx_word' id='word_1_593' title='bbox 2130 3550 2223 3605; x_wconf 88' lang='lat' dir='ltr'><strong>ubi</strong></span> <span class='ocrx_word' id='word_1_594' title='bbox 2278 3552 2418 3605; x_wconf 91' lang='lat' dir='ltr'><strong>alter</strong></span> <span class='ocrx_word' id='word_1_595' title='bbox 2465 3553 2799 3621; x_wconf 68' lang='lat' dir='ltr'><strong>praedicavit,</strong></span> <span class='ocrx_word' id='word_1_596' title='bbox 2851 3560 2909 3607; x_wconf 91' lang='lat' dir='ltr'><strong>ut</strong></span> <span class='ocrx_word' id='word_1_597' title='bbox 2948 3567 3059 3606; x_wconf 91' lang='lat' dir='ltr'><strong>non</strong></span> <span class='ocrx_word' id='word_1_598' title='bbox 3108 3553 3389 3606; x_wconf 88' lang='lat' dir='ltr'><strong>mercedes</strong></span> <span class='ocrx_word' id='word_1_599' title='bbox 3445 3551 3712 3621; x_wconf 86' lang='lat' dir='ltr'><strong>arriperet</strong></span> 
     </span>
    </p>
   </div>
   <div class='ocr_carea' id='block_1_82' title="bbox 2128 3642 3712 3713">
    <p class='ocr_par' dir='ltr' id='par_1_82' title="bbox 2128 3642 3712 3713">
     <span class='ocr_line' id='line_1_82' title="bbox 2128 3642 3712 3713; baseline -0.001 -17"><span class='ocrx_word' id='word_1_600' title='bbox 2128 3643 2354 3699; x_wconf 88' lang='lat' dir='ltr'><strong>alienas.</strong></span> <span class='ocrx_word' id='word_1_601' title='bbox 2384 3644 2458 3699; x_wconf 88' lang='lat' dir='ltr'><strong>De</strong></span> <span class='ocrx_word' id='word_1_602' title='bbox 2495 3644 2581 3698; x_wconf 89' lang='lat' dir='ltr'><strong>his</strong></span> <span class='ocrx_word' id='word_1_603' title='bbox 2611 3645 2757 3699; x_wconf 87' lang='lat' dir='ltr'><strong>enim</strong></span> <span class='ocrx_word' id='word_1_604' title='bbox 2787 3644 3130 3699; x_wconf 88' lang='lat' dir='ltr'><strong>mercedibus</strong></span> <span class='ocrx_word' id='word_1_605' title='bbox 3152 3643 3554 3713; x_wconf 86' lang='lat' dir='ltr'><strong>aitlegislator:</strong></span> <span class='ocrx_word' id='word_1_606' title='bbox 3590 3642 3712 3696; x_wconf 86' lang='lat' dir='ltr'><strong>Non</strong></span> 
     </span>
    </p>
   </div>
   <div class='ocr_carea' id='block_1_83' title="bbox 2128 3737 3599 3807">
    <p class='ocr_par' dir='ltr' id='par_1_83' title="bbox 2128 3737 3599 3807">
     <span class='ocr_line' id='line_1_83' title="bbox 2128 3737 3599 3807; baseline 0 -18"><span class='ocrx_word' id='word_1_607' title='bbox 2128 3737 2423 3790; x_wconf 82' lang='lat' dir='ltr'><strong>morabitur</strong></span> <span class='ocrx_word' id='word_1_608' title='bbox 2456 3753 2584 3805; x_wconf 83' lang='lat' dir='ltr'><strong>opus</strong></span> <span class='ocrx_word' id='word_1_609' title='bbox 2622 3739 2936 3791; x_wconf 85' lang='lat' dir='ltr'><strong>mercenarii</strong></span> <span class='ocrx_word' id='word_1_610' title='bbox 2962 3738 3106 3806; x_wconf 83' lang='lat' dir='ltr'><strong>apud</strong></span> <span class='ocrx_word' id='word_1_611' title='bbox 3135 3748 3185 3790; x_wconf 88' lang='lat' dir='ltr'><strong>te</strong></span> <span class='ocrx_word' id='word_1_612' title='bbox 3220 3753 3385 3807; x_wconf 81' lang='lat' dir='ltr'><strong>usque</strong></span> <span class='ocrx_word' id='word_1_613' title='bbox 3426 3753 3599 3789; x_wconf 87' lang='lat' dir='ltr'><strong>mane.</strong></span> 
     </span>
    </p>
   </div>
   <div class='ocr_carea' id='block_1_84' title="bbox 2202 3828 3713 3900">
    <p class='ocr_par' dir='ltr' id='par_1_84' title="bbox 2202 3828 3713 3900">
     <span class='ocr_line' id='line_1_84' title="bbox 2202 3828 3713 3900; baseline -0.001 -18"><span class='ocrx_word' id='word_1_614' title='bbox 2202 3828 2319 3884; x_wconf 80' lang='lat' dir='ltr'><strong>Non</strong></span> <span class='ocrx_word' id='word_1_615' title='bbox 2362 3833 2472 3900; x_wconf 89' lang='lat' dir='ltr'><strong>jam</strong></span> <span class='ocrx_word' id='word_1_616' title='bbox 2522 3829 2965 3898; x_wconf 65' lang='lat' dir='ltr'><strong>praedicantibus,</strong></span> <span class='ocrx_word' id='word_1_617' title='bbox 3000 3829 3095 3883; x_wconf 86' lang='lat' dir='ltr'><strong>sed</strong></span> <span class='ocrx_word' id='word_1_618' title='bbox 3143 3828 3322 3883; x_wconf 87' lang='lat' dir='ltr'><strong>adhuc</strong></span> <span class='ocrx_word' id='word_1_619' title='bbox 3372 3828 3713 3882; x_wconf 86' lang='lat' dir='ltr'><strong>discentibus</strong></span> 
     </span>
    </p>
   </div>
   <div class='ocr_carea' id='block_1_85' title="bbox 2128 3920 3711 3992">
    <p class='ocr_par' dir='ltr' id='par_1_85' title="bbox 2128 3920 3711 3992">
     <span class='ocr_line' id='line_1_85' title="bbox 2128 3920 3711 3992; baseline -0.003 -17"><span class='ocrx_word' id='word_1_620' title='bbox 2128 3921 2396 3976; x_wconf 81' lang='lat' dir='ltr'><strong>mandans</strong></span> <span class='ocrx_word' id='word_1_621' title='bbox 2414 3937 2521 3975; x_wconf 93' lang='lat' dir='ltr'><strong>non</strong></span> <span class='ocrx_word' id='word_1_622' title='bbox 2555 3922 2853 3992; x_wconf 84' lang='lat' dir='ltr'><strong>negligere,</strong></span> <span class='ocrx_word' id='word_1_623' title='bbox 2879 3936 2981 3974; x_wconf 92' lang='lat' dir='ltr'><strong>nec</strong></span> <span class='ocrx_word' id='word_1_624' title='bbox 3010 3921 3248 3974; x_wconf 87' lang='lat' dir='ltr'><strong>otiosum</strong></span> <span class='ocrx_word' id='word_1_625' title='bbox 3275 3921 3418 3989; x_wconf 86' lang='lat' dir='ltr'><strong>apud</strong></span> <span class='ocrx_word' id='word_1_626' title='bbox 3449 3935 3507 3974; x_wconf 88' lang='lat' dir='ltr'><strong>se</strong></span> <span class='ocrx_word' id='word_1_627' title='bbox 3528 3920 3711 3974; x_wconf 84' lang='lat' dir='ltr'><strong>sinere</strong></span> 
     </span>
    </p>
   </div>
   <div class='ocr_carea' id='block_1_86' title="bbox 2126 4010 3707 4079">
    <p class='ocr_par' dir='ltr' id='par_1_86' title="bbox 2126 4010 3707 4079">
     <span class='ocr_line' id='line_1_86' title="bbox 2126 4010 3707 4079; baseline -0.003 -12"><span class='ocrx_word' id='word_1_628' title='bbox 2126 4012 2407 4067; x_wconf 86' lang='lat' dir='ltr'><strong>doctorale</strong></span> <span class='ocrx_word' id='word_1_629' title='bbox 2439 4012 2699 4078; x_wconf 87' lang='lat' dir='ltr'><strong>verbum;</strong></span> <span class='ocrx_word' id='word_1_630' title='bbox 2740 4012 3115 4067; x_wconf 78' lang='lat' dir='ltr'><strong>mercenarius</strong></span> <span class='ocrx_word' id='word_1_631' title='bbox 3158 4012 3308 4065; x_wconf 85' lang='lat' dir='ltr'><strong>enim</strong></span> <span class='ocrx_word' id='word_1_632' title='bbox 3346 4010 3439 4065; x_wconf 86' lang='lat' dir='ltr'><strong>Dei</strong></span> <span class='ocrx_word' id='word_1_633' title='bbox 3474 4019 3580 4074; x_wconf 86' lang='lat' dir='ltr'><strong>est,</strong></span> <span class='ocrx_word' id='word_1_634' title='bbox 3615 4010 3707 4079; x_wconf 89' lang='lat' dir='ltr'><strong>qui</strong></span> 
     </span>
    </p>
   </div>
   <div class='ocr_carea' id='block_1_87' title="bbox 2127 4096 3707 4175">
    <p class='ocr_par' dir='ltr' id='par_1_87' title="bbox 2127 4096 3707 4175">
     <span class='ocr_line' id='line_1_87' title="bbox 2127 4096 3707 4175; baseline -0.003 -17"><span class='ocrx_word' id='word_1_635' title='bbox 2127 4106 2388 4175; x_wconf 67' lang='lat' dir='ltr'><strong>praedicat</strong></span> <span class='ocrx_word' id='word_1_636' title='bbox 2442 4105 2670 4159; x_wconf 89' lang='lat' dir='ltr'><strong>verbum</strong></span> <span class='ocrx_word' id='word_1_637' title='bbox 2733 4105 2874 4172; x_wconf 87' lang='lat' dir='ltr'><strong>ejus.</strong></span> <span class='ocrx_word' id='word_1_638' title='bbox 2927 4104 3137 4158; x_wconf 75' lang='lat' dir='ltr'><strong>Merces</strong></span> <span class='ocrx_word' id='word_1_639' title='bbox 3190 4096 3375 4156; x_wconf 81' lang='lat' dir='ltr'><strong>autem</strong></span> <span class='ocrx_word' id='word_1_640' title='bbox 3447 4101 3569 4169; x_wconf 88' lang='lat' dir='ltr'><strong>ejus</strong></span> <span class='ocrx_word' id='word_1_641' title='bbox 3622 4108 3707 4154; x_wconf 87' lang='lat' dir='ltr'><strong>est</strong></span> 
     </span>
    </p>
   </div>
   <div class='ocr_carea' id='block_1_88' title="bbox 2127 4188 3706 4264">
    <p class='ocr_par' dir='ltr' id='par_1_88' title="bbox 2127 4188 3706 4264">
     <span class='ocr_line' id='line_1_88' title="bbox 2127 4188 3706 4264; baseline -0.004 -15"><span class='ocrx_word' id='word_1_642' title='bbox 2127 4194 2418 4249; x_wconf 84' lang='lat' dir='ltr'><strong>retributio</strong></span> <span class='ocrx_word' id='word_1_643' title='bbox 2450 4193 2879 4264; x_wconf 68' lang='lat' dir='ltr'><strong>praedicationis,</strong></span> <span class='ocrx_word' id='word_1_644' title='bbox 2913 4193 3094 4247; x_wconf 87' lang='lat' dir='ltr'><strong>veraci</strong></span> <span class='ocrx_word' id='word_1_645' title='bbox 3124 4192 3399 4246; x_wconf 71' lang='lat' dir='ltr'><strong>existente</strong></span> <span class='ocrx_word' id='word_1_646' title='bbox 3434 4188 3599 4259; x_wconf 88' lang='lat' dir='ltr'><strong>hujus</strong></span> <span class='ocrx_word' id='word_1_647' title='bbox 3627 4188 3706 4242; x_wconf 90' lang='lat' dir='ltr'><strong>rei</strong></span> 
     </span>
    </p>
   </div>
   <div class='ocr_carea' id='block_1_89' title="bbox 2128 4277 3709 4355">
    <p class='ocr_par' dir='ltr' id='par_1_89' title="bbox 2128 4277 3709 4355">
     <span class='ocr_line' id='line_1_89' title="bbox 2128 4277 3709 4355; baseline -0.008 -14"><span class='ocrx_word' id='word_1_648' title='bbox 2128 4296 2267 4342; x_wconf 87' lang='lat' dir='ltr'><strong>teste</strong></span> <span class='ocrx_word' id='word_1_649' title='bbox 2294 4285 2484 4350; x_wconf 89' lang='lat' dir='ltr'><strong>Paulo,</strong></span> <span class='ocrx_word' id='word_1_650' title='bbox 2522 4284 2615 4355; x_wconf 89' lang='lat' dir='ltr'><strong>qui</strong></span> <span class='ocrx_word' id='word_1_651' title='bbox 2647 4284 2781 4339; x_wconf 85' lang='lat' dir='ltr'><strong>dicit</strong></span> <span class='ocrx_word' id='word_1_652' title='bbox 2817 4303 2829 4334; x_wconf 89' lang='lat'>:</span> <span class='ocrx_word' id='word_1_653' title='bbox 2868 4282 2999 4347; x_wconf 74' lang='lat' dir='ltr'><strong>Qua:</strong></span> <span class='ocrx_word' id='word_1_654' title='bbox 3029 4291 3105 4336; x_wconf 85' lang='lat' dir='ltr'><strong>est</strong></span> <span class='ocrx_word' id='word_1_655' title='bbox 3146 4297 3267 4351; x_wconf 82' lang='lat' dir='ltr'><strong>ergo</strong></span> <span class='ocrx_word' id='word_1_656' title='bbox 3312 4295 3509 4334; x_wconf 78' lang='lat' dir='ltr'><strong>merces</strong></span> <span class='ocrx_word' id='word_1_657' title='bbox 3548 4277 3709 4331; x_wconf 83' lang='lat' dir='ltr'><strong>mea?</strong></span> 
     </span>
    </p>
   </div>
   <div class='ocr_carea' id='block_1_90' title="bbox 2131 4370 3704 4444">
    <p class='ocr_par' dir='ltr' id='par_1_90' title="bbox 2131 4370 3704 4444">
     <span class='ocr_line' id='line_1_90' title="bbox 2131 4370 3704 4444; baseline -0.01 -14"><span class='ocrx_word' id='word_1_658' title='bbox 2131 4376 2194 4431; x_wconf 86' lang='lat' dir='ltr'><strong>Ut</strong></span> <span class='ocrx_word' id='word_1_659' title='bbox 2241 4374 2588 4444; x_wconf 74' lang='lat' dir='ltr'><strong>Evangeliam</strong></span> <span class='ocrx_word' id='word_1_660' title='bbox 2655 4370 2988 4441; x_wconf 64' lang='lat' dir='ltr'><strong>praedicans,</strong></span> <span class='ocrx_word' id='word_1_661' title='bbox 3051 4371 3165 4424; x_wconf 79' lang='lat' dir='ltr'><strong>sine</strong></span> <span class='ocrx_word' id='word_1_662' title='bbox 3229 4376 3440 4437; x_wconf 82' lang='lat' dir='ltr'><strong>sumptu</strong></span> <span class='ocrx_word' id='word_1_663' title='bbox 3508 4381 3704 4435; x_wconf 89' lang='lat' dir='ltr'><strong>ponam</strong></span> 
     </span>
    </p>
   </div>
   <div class='ocr_carea' id='block_1_91' title="bbox 2127 4455 3706 4534">
    <p class='ocr_par' dir='ltr' id='par_1_91' title="bbox 2127 4455 3706 4534">
     <span class='ocr_line' id='line_1_91' title="bbox 2127 4455 3706 4534; baseline -0.008 -14"><span class='ocrx_word' id='word_1_664' title='bbox 2127 4464 2475 4534; x_wconf 81' lang='lat' dir='ltr'><strong>Evangelium</strong></span> <span class='ocrx_word' id='word_1_665' title='bbox 2499 4462 2778 4518; x_wconf 80' lang='lat' dir='ltr'><strong>Christi&quot;.</strong></span> <span class='ocrx_word' id='word_1_666' title='bbox 2801 4461 3152 4530; x_wconf 82' lang='lat' dir='ltr'><strong>Septuaginta</strong></span> <span class='ocrx_word' id='word_1_667' title='bbox 3173 4469 3354 4514; x_wconf 90' lang='lat' dir='ltr'><strong>autem</strong></span> <span class='ocrx_word' id='word_1_668' title='bbox 3374 4458 3543 4513; x_wconf 88' lang='lat' dir='ltr'><strong>edunt</strong></span> <span class='ocrx_word' id='word_1_669' title='bbox 3560 4475 3570 4509; x_wconf 88' lang='lat'><strong><em>:</em></strong></span> <span class='ocrx_word' id='word_1_670' title='bbox 3586 4455 3706 4509; x_wconf 87' lang='lat' dir='ltr'><strong>Non</strong></span> 
     </span>
    </p>
   </div>
   <div class='ocr_carea' id='block_1_92' title="bbox 434 4553 3703 4634">
    <p class='ocr_par' dir='ltr' id='par_1_92' title="bbox 434 4553 3703 4634">
     <span class='ocr_line' id='line_1_92' title="bbox 434 4553 3703 4634; baseline -0.01 0"><span class='ocrx_word' id='word_1_671' title='bbox 434 4553 591 4634; x_wconf 69' lang='lat' dir='ltr'><strong>enim</strong></span> <span class='ocrx_word' id='word_1_672' title='bbox 628 4553 727 4631; x_wconf 11' lang='lat' dir='ltr'><strong>eis?</strong></span> <span class='ocrx_word' id='word_1_673' title='bbox 752 4574 1034 4630; x_wconf 88' lang='lat' dir='ltr'><strong>sociantur</strong></span> <span class='ocrx_word' id='word_1_674' title='bbox 1085 4570 1140 4624; x_wconf 89' lang='lat' dir='ltr'><strong>in</strong></span> <span class='ocrx_word' id='word_1_675' title='bbox 1196 4568 1476 4632; x_wconf 83' lang='lat' dir='ltr'><strong>mandato,</strong></span> <span class='ocrx_word' id='word_1_676' title='bbox 1531 4566 1603 4619; x_wconf 89' lang='lat' dir='ltr'><strong>ita</strong></span> <span class='ocrx_word' id='word_1_677' title='bbox 1653 4572 1709 4618; x_wconf 90' lang='lat' dir='ltr'><strong>ct</strong></span> <span class='ocrx_word' id='word_1_678' title='bbox 1757 4563 1814 4617; x_wconf 87' lang='lat' dir='ltr'><strong>in</strong></span> <span class='ocrx_word' id='word_1_679' title='bbox 1864 4576 2022 4631; x_wconf 58' lang='lat' dir='ltr'><strong>paena</strong></span> <span class='ocrx_word' id='word_1_680' title='bbox 2053 4578 2099 4632; x_wconf 80' lang='grc' dir='ltr'><em>ι)</em></span> <span class='ocrx_word' id='word_1_681' title='bbox 2127 4558 2352 4612; x_wconf 84' lang='lat' dir='ltr'><strong>dormiet</strong></span> <span class='ocrx_word' id='word_1_682' title='bbox 2384 4572 2577 4610; x_wconf 80' lang='lat' dir='ltr'><strong>merces</strong></span> <span class='ocrx_word' id='word_1_683' title='bbox 2610 4555 2923 4609; x_wconf 81' lang='lat' dir='ltr'><strong>mercenarii</strong></span> <span class='ocrx_word' id='word_1_684' title='bbox 2956 4554 3034 4606; x_wconf 89' lang='lat' dir='ltr'><strong>tui</strong></span> <span class='ocrx_word' id='word_1_685' title='bbox 3063 4553 3207 4622; x_wconf 82' lang='lat' dir='ltr'><strong>apud</strong></span> <span class='ocrx_word' id='word_1_686' title='bbox 3241 4563 3311 4616; x_wconf 90' lang='lat' dir='ltr'><strong>te,</strong></span> <span class='ocrx_word' id='word_1_687' title='bbox 3344 4567 3504 4621; x_wconf 78' lang='lat' dir='ltr'><strong>usque</strong></span> <span class='ocrx_word' id='word_1_688' title='bbox 3532 4564 3703 4602; x_wconf 83' lang='lat' dir='ltr'><strong>mane.</strong></span> 
     </span>
    </p>
   </div>
   <div class='ocr_carea' id='block_1_93' title="bbox 435 4656 2023 4737">
    <p class='ocr_par' dir='ltr' id='par_1_93' title="bbox 435 4656 2023 4737">
     <span class='ocr_line' id='line_1_93' title="bbox 435 4656 2023 4737; baseline -0.013 -9"><span class='ocrx_word' id='word_1_689' title='bbox 435 4672 761 4735; x_wconf 81' lang='lat' dir='ltr'><strong>sociantur;</strong></span> <span class='ocrx_word' id='word_1_690' title='bbox 793 4664 1043 4737; x_wconf 80' lang='lat' dir='ltr'><strong>quiaqui</strong></span> <span class='ocrx_word' id='word_1_691' title='bbox 1066 4662 1230 4734; x_wconf 87' lang='lat' dir='ltr'><strong>legem</strong></span> <span class='ocrx_word' id='word_1_692' title='bbox 1253 4670 1420 4716; x_wconf 89' lang='lat' dir='ltr'><strong>totam</strong></span> <span class='ocrx_word' id='word_1_693' title='bbox 1457 4657 1758 4721; x_wconf 78' lang='lat' dir='ltr'><strong>servaverit,</strong></span> <span class='ocrx_word' id='word_1_694' title='bbox 1796 4656 2023 4725; x_wconf 64' lang='lat' dir='ltr'><strong>oﬂ‘endat</strong></span> 
     </span>
    </p>
   </div>
   <div class='ocr_carea' id='block_1_94' title="bbox 432 4748 2022 4828">
    <p class='ocr_par' dir='ltr' id='par_1_94' title="bbox 432 4748 2022 4828">
     <span class='ocr_line' id='line_1_94' title="bbox 432 4748 2022 4828; baseline -0.011 -9"><span class='ocrx_word' id='word_1_695' title='bbox 432 4774 619 4819; x_wconf 84' lang='lat' dir='ltr'><strong>autem</strong></span> <span class='ocrx_word' id='word_1_696' title='bbox 666 4763 727 4815; x_wconf 85' lang='lat' dir='ltr'><strong>in</strong></span> <span class='ocrx_word' id='word_1_697' title='bbox 770 4776 895 4822; x_wconf 82' lang='lat' dir='ltr'><strong>uno,</strong></span> <span class='ocrx_word' id='word_1_698' title='bbox 925 4760 1094 4828; x_wconf 76' lang='lat' dir='ltr'><strong>factus</strong></span> <span class='ocrx_word' id='word_1_699' title='bbox 1129 4763 1205 4808; x_wconf 83' lang='lat' dir='ltr'><strong>est</strong></span> <span class='ocrx_word' id='word_1_700' title='bbox 1250 4753 1483 4807; x_wconf 87' lang='lat' dir='ltr'><strong>omnium</strong></span> <span class='ocrx_word' id='word_1_701' title='bbox 1520 4750 1723 4805; x_wconf 78' lang='lat' dir='ltr'><strong>reus”.</strong></span> <span class='ocrx_word' id='word_1_702' title='bbox 1774 4748 1881 4803; x_wconf 89' lang='lat' dir='ltr'><strong>Sed</strong></span> <span class='ocrx_word' id='word_1_703' title='bbox 1917 4762 2022 4802; x_wconf 90' lang='lat' dir='ltr'><strong>nec</strong></span> 
     </span>
    </p>
   </div>
   <div class='ocr_carea' id='block_1_95' title="bbox 432 4840 2020 4916">
    <p class='ocr_par' dir='ltr' id='par_1_95' title="bbox 432 4840 2020 4916">
     <span class='ocr_line' id='line_1_95' title="bbox 432 4840 2020 4916; baseline -0.012 -3"><span class='ocrx_word' id='word_1_704' title='bbox 432 4859 639 4914; x_wconf 80' lang='lat' dir='ltr'><strong>frustra</strong></span> <span class='ocrx_word' id='word_1_705' title='bbox 673 4853 964 4910; x_wconf 80' lang='lat' dir='ltr'><strong>calumniae</strong></span> <span class='ocrx_word' id='word_1_706' title='bbox 995 4850 1105 4905; x_wconf 90' lang='lat' dir='ltr'><strong>vim</strong></span> <span class='ocrx_word' id='word_1_707' title='bbox 1149 4846 1432 4916; x_wconf 78' lang='lat' dir='ltr'><strong>conjunxit</strong></span> <span class='ocrx_word' id='word_1_708' title='bbox 1466 4860 1628 4914; x_wconf 76' lang='lat' dir='ltr'><strong>:qua:</strong></span> <span class='ocrx_word' id='word_1_709' title='bbox 1657 4843 1804 4897; x_wconf 91' lang='lat' dir='ltr'><strong>enim</strong></span> <span class='ocrx_word' id='word_1_710' title='bbox 1858 4840 2020 4896; x_wconf 82' lang='lat' dir='ltr'><strong>diffe-</strong></span> 
     </span>
    </p>
   </div>
   <div class='ocr_carea' id='block_1_96' title="bbox 434 4932 2016 5013">
    <p class='ocr_par' dir='ltr' id='par_1_96' title="bbox 434 4932 2016 5013">
     <span class='ocr_line' id='line_1_96' title="bbox 434 4932 2016 5013; baseline -0.014 -8"><span class='ocrx_word' id='word_1_711' title='bbox 434 4948 616 5005; x_wconf 87' lang='lat' dir='ltr'><strong>rentia</strong></span> <span class='ocrx_word' id='word_1_712' title='bbox 642 4954 726 5001; x_wconf 88' lang='lat' dir='ltr'><strong>est</strong></span> <span class='ocrx_word' id='word_1_713' title='bbox 749 4944 895 5013; x_wconf 90' lang='lat' dir='ltr'><strong>apud</strong></span> <span class='ocrx_word' id='word_1_714' title='bbox 926 4958 1051 4998; x_wconf 85' lang='lat' dir='ltr'><strong>eum</strong></span> <span class='ocrx_word' id='word_1_715' title='bbox 1085 4940 1174 5010; x_wconf 92' lang='lat' dir='ltr'><strong>qui</strong></span> <span class='ocrx_word' id='word_1_716' title='bbox 1209 4940 1375 4994; x_wconf 87' lang='lat' dir='ltr'><strong>rebus</strong></span> <span class='ocrx_word' id='word_1_717' title='bbox 1420 4937 1536 4991; x_wconf 89' lang='lat' dir='ltr'><strong>suis</strong></span> <span class='ocrx_word' id='word_1_718' title='bbox 1575 4942 1743 4996; x_wconf 87' lang='lat' dir='ltr'><strong>caret,</strong></span> <span class='ocrx_word' id='word_1_719' title='bbox 1794 4932 1909 5012; x_wconf 84' lang='lat' dir='ltr'><strong>sive</strong></span> <span class='ocrx_word' id='word_1_720' title='bbox 1942 4932 2016 4997; x_wconf 90' lang='lat' dir='ltr'><strong>vi,</strong></span> 
     </span>
    </p>
   </div>
   <div class='ocr_carea' id='block_1_97' title="bbox 434 5024 2021 5101">
    <p class='ocr_par' dir='ltr' id='par_1_97' title="bbox 434 5024 2021 5101">
     <span class='ocr_line' id='line_1_97' title="bbox 434 5024 2021 5101; baseline -0.012 -5"><span class='ocrx_word' id='word_1_721' title='bbox 434 5043 557 5098; x_wconf 78' lang='lat' dir='ltr'><strong>sive</strong></span> <span class='ocrx_word' id='word_1_722' title='bbox 579 5037 748 5093; x_wconf 87' lang='lat' dir='ltr'><strong>armis</strong></span> <span class='ocrx_word' id='word_1_723' title='bbox 781 5037 1035 5098; x_wconf 84' lang='lat' dir='ltr'><strong>forsitan,</strong></span> <span class='ocrx_word' id='word_1_724' title='bbox 1091 5040 1187 5087; x_wconf 92' lang='lat' dir='ltr'><strong>aut</strong></span> <span class='ocrx_word' id='word_1_725' title='bbox 1218 5030 1465 5101; x_wconf 87' lang='lat' dir='ltr'><strong>potentia</strong></span> <span class='ocrx_word' id='word_1_726' title='bbox 1498 5027 1761 5099; x_wconf 87' lang='lat' dir='ltr'><strong>qualibet,</strong></span> <span class='ocrx_word' id='word_1_727' title='bbox 1803 5024 1890 5080; x_wconf 89' lang='lat' dir='ltr'><strong>vel</strong></span> <span class='ocrx_word' id='word_1_728' title='bbox 1922 5038 2021 5093; x_wconf 88' lang='lat' dir='ltr'><strong>per</strong></span> 
     </span>
    </p>
   </div>
   <div class='ocr_carea' id='block_1_98' title="bbox 436 5117 2020 5195">
    <p class='ocr_par' dir='ltr' id='par_1_98' title="bbox 436 5117 2020 5195">
     <span class='ocr_line' id='line_1_98' title="bbox 436 5117 2020 5195; baseline -0.011 -8"><span class='ocrx_word' id='word_1_729' title='bbox 436 5130 967 5188; x_wconf 83' lang='lat' dir='ltr'><strong>circumventionem</strong></span> <span class='ocrx_word' id='word_1_730' title='bbox 1001 5125 1353 5195; x_wconf 84' lang='lat' dir='ltr'><strong>jndieiorum,</strong></span> <span class='ocrx_word' id='word_1_731' title='bbox 1385 5129 1480 5177; x_wconf 88' lang='lat' dir='ltr'><strong>aut</strong></span> <span class='ocrx_word' id='word_1_732' title='bbox 1524 5120 1735 5183; x_wconf 88' lang='lat' dir='ltr'><strong>fraude,</strong></span> <span class='ocrx_word' id='word_1_733' title='bbox 1761 5117 1849 5173; x_wconf 88' lang='lat' dir='ltr'><strong>vel</strong></span> <span class='ocrx_word' id='word_1_734' title='bbox 1879 5131 2020 5186; x_wconf 83' lang='lat' dir='ltr'><strong>quo-</strong></span> 
     </span>
    </p>
   </div>
   <div class='ocr_carea' id='block_1_99' title="bbox 437 5208 2021 5280">
    <p class='ocr_par' dir='ltr' id='par_1_99' title="bbox 437 5208 2021 5280">
     <span class='ocr_line' id='line_1_99' title="bbox 437 5208 2021 5280; baseline -0.011 -1"><span class='ocrx_word' id='word_1_735' title='bbox 437 5225 574 5280; x_wconf 86' lang='lat' dir='ltr'><strong>libet</strong></span> <span class='ocrx_word' id='word_1_736' title='bbox 602 5223 709 5277; x_wconf 89' lang='lat' dir='ltr'><strong>alio</strong></span> <span class='ocrx_word' id='word_1_737' title='bbox 739 5220 903 5275; x_wconf 88' lang='lat' dir='ltr'><strong>simili</strong></span> <span class='ocrx_word' id='word_1_738' title='bbox 959 5218 1123 5274; x_wconf 89' lang='lat' dir='ltr'><strong>modo</strong></span> <span class='ocrx_word' id='word_1_739' title='bbox 1154 5217 1241 5272; x_wconf 88' lang='lat' dir='ltr'><strong>his</strong></span> <span class='ocrx_word' id='word_1_740' title='bbox 1284 5215 1509 5270; x_wconf 85' lang='lat' dir='ltr'><strong>careat?</strong></span> <span class='ocrx_word' id='word_1_741' title='bbox 1547 5211 1652 5268; x_wconf 87' lang='lat' dir='ltr'><strong>Sed</strong></span> <span class='ocrx_word' id='word_1_742' title='bbox 1703 5218 1758 5265; x_wconf 87' lang='lat' dir='ltr'><strong>et</strong></span> <span class='ocrx_word' id='word_1_743' title='bbox 1787 5208 1879 5279; x_wconf 90' lang='lat' dir='ltr'><strong>qui</strong></span> <span class='ocrx_word' id='word_1_744' title='bbox 1929 5208 2021 5263; x_wconf 89' lang='lat' dir='ltr'><strong>die</strong></span> 
     </span>
    </p>
   </div>
   <div class='ocr_carea' id='block_1_100' title="bbox 440 5295 2022 5381">
    <p class='ocr_par' dir='ltr' id='par_1_100' title="bbox 440 5295 2022 5381">
     <span class='ocr_line' id='line_1_100' title="bbox 440 5295 2022 5381; baseline -0.012 -14"><span class='ocrx_word' id='word_1_745' title='bbox 440 5320 553 5367; x_wconf 88' lang='lat' dir='ltr'><strong>tota</strong></span> <span class='ocrx_word' id='word_1_746' title='bbox 582 5317 840 5381; x_wconf 86' lang='lat' dir='ltr'><strong>operatus</strong></span> <span class='ocrx_word' id='word_1_747' title='bbox 866 5317 969 5369; x_wconf 87' lang='lat' dir='ltr'><strong>est,</strong></span> <span class='ocrx_word' id='word_1_748' title='bbox 996 5315 1058 5361; x_wconf 89' lang='lat' dir='ltr'><strong>ut</strong></span> <span class='ocrx_word' id='word_1_749' title='bbox 1077 5305 1352 5375; x_wconf 86' lang='lat' dir='ltr'><strong>acciperet</strong></span> <span class='ocrx_word' id='word_1_750' title='bbox 1385 5299 1688 5364; x_wconf 87' lang='lat' dir='ltr'><strong>mercedes,</strong></span> <span class='ocrx_word' id='word_1_751' title='bbox 1723 5313 1787 5352; x_wconf 81' lang='lat' dir='ltr'><strong>ex</strong></span> <span class='ocrx_word' id='word_1_752' title='bbox 1820 5295 2022 5366; x_wconf 91' lang='lat' dir='ltr'><strong>quibus</strong></span> 
     </span>
    </p>
   </div>
   <div class='ocr_carea' id='block_1_101' title="bbox 436 5389 2021 5466">
    <p class='ocr_par' dir='ltr' id='par_1_101' title="bbox 436 5389 2021 5466">
     <span class='ocr_line' id='line_1_101' title="bbox 436 5389 2021 5466; baseline -0.011 -6"><span class='ocrx_word' id='word_1_753' title='bbox 436 5420 564 5460; x_wconf 90' lang='lat' dir='ltr'><strong>cum</strong></span> <span class='ocrx_word' id='word_1_754' title='bbox 588 5402 734 5466; x_wconf 82' lang='lat' dir='ltr'><strong>filiis,</strong></span> <span class='ocrx_word' id='word_1_755' title='bbox 772 5410 828 5456; x_wconf 90' lang='lat' dir='ltr'><strong>et</strong></span> <span class='ocrx_word' id='word_1_756' title='bbox 872 5402 1066 5462; x_wconf 65' lang='lat' dir='ltr'><strong>uxore,</strong></span> <span class='ocrx_word' id='word_1_757' title='bbox 1119 5407 1175 5452; x_wconf 90' lang='lat' dir='ltr'><strong>et</strong></span> <span class='ocrx_word' id='word_1_758' title='bbox 1221 5394 1543 5466; x_wconf 87' lang='lat' dir='ltr'><strong>parentibus</strong></span> <span class='ocrx_word' id='word_1_759' title='bbox 1577 5389 2021 5461; x_wconf 82' lang='lat' dir='ltr'><strong>exspectantibus</strong></span> 
     </span>
    </p>
   </div>
   <div class='ocr_carea' id='block_1_102' title="bbox 436 5480 2021 5553">
    <p class='ocr_par' dir='ltr' id='par_1_102' title="bbox 436 5480 2021 5553">
     <span class='ocr_line' id='line_1_102' title="bbox 436 5480 2021 5553; baseline -0.011 -2"><span class='ocrx_word' id='word_1_760' title='bbox 436 5495 659 5551; x_wconf 83' lang='lat' dir='ltr'><strong>easdem</strong></span> <span class='ocrx_word' id='word_1_761' title='bbox 680 5492 964 5548; x_wconf 83' lang='lat' dir='ltr'><strong>mercedes</strong></span> <span class='ocrx_word' id='word_1_762' title='bbox 996 5492 1226 5553; x_wconf 87' lang='lat' dir='ltr'><strong>viveret,</strong></span> <span class='ocrx_word' id='word_1_763' title='bbox 1270 5495 1328 5543; x_wconf 91' lang='lat' dir='ltr'><strong>et</strong></span> <span class='ocrx_word' id='word_1_764' title='bbox 1357 5502 1467 5540; x_wconf 90' lang='lat' dir='ltr'><strong>non</strong></span> <span class='ocrx_word' id='word_1_765' title='bbox 1494 5483 1727 5553; x_wconf 87' lang='lat' dir='ltr'><strong>accepit,</strong></span> <span class='ocrx_word' id='word_1_766' title='bbox 1762 5480 1859 5537; x_wconf 90' lang='lat' dir='ltr'><strong>sed</strong></span> <span class='ocrx_word' id='word_1_767' title='bbox 1885 5481 2021 5536; x_wconf 86' lang='lat' dir='ltr'><strong>dila-</strong></span> 
     </span>
    </p>
   </div>
   <div class='ocr_carea' id='block_1_103' title="bbox 437 5575 2017 5653">
    <p class='ocr_par' dir='ltr' id='par_1_103' title="bbox 437 5575 2017 5653">
     <span class='ocr_line' id='line_1_103' title="bbox 437 5575 2017 5653; baseline -0.012 -9"><span class='ocrx_word' id='word_1_768' title='bbox 437 5600 531 5645; x_wconf 91' lang='lat' dir='ltr'><strong>tus</strong></span> <span class='ocrx_word' id='word_1_769' title='bbox 549 5594 654 5653; x_wconf 85' lang='lat' dir='ltr'><strong>est,</strong></span> <span class='ocrx_word' id='word_1_770' title='bbox 671 5599 855 5641; x_wconf 89' lang='lat' dir='ltr'><strong>nonne</strong></span> <span class='ocrx_word' id='word_1_771' title='bbox 877 5583 1206 5639; x_wconf 86' lang='lat' dir='ltr'><strong>calumniam</strong></span> <span class='ocrx_word' id='word_1_772' title='bbox 1230 5589 1285 5636; x_wconf 90' lang='lat' dir='ltr'><strong>et</strong></span> <span class='ocrx_word' id='word_1_773' title='bbox 1310 5580 1419 5637; x_wconf 86' lang='lat' dir='ltr'><strong>vim</strong></span> <span class='ocrx_word' id='word_1_774' title='bbox 1448 5576 1687 5649; x_wconf 76' lang='lat' dir='ltr'><strong>patitur?</strong></span> <span class='ocrx_word' id='word_1_775' title='bbox 1704 5591 1814 5631; x_wconf 87' lang='lat' dir='ltr'><strong>non</strong></span> <span class='ocrx_word' id='word_1_776' title='bbox 1839 5575 2017 5630; x_wconf 90' lang='lat' dir='ltr'><strong>solum</strong></span> 
     </span>
    </p>
   </div>
   <div class='ocr_carea' id='block_1_104' title="bbox 511 5775 1575 5837">
    <p class='ocr_par' dir='ltr' id='par_1_104' title="bbox 511 5775 1575 5837">
     <span class='ocr_line' id='line_1_104' title="bbox 511 5775 1575 5837; baseline -0.008 -1"><span class='ocrx_word' id='word_1_777' title='bbox 511 5785 557 5815; x_wconf 83' lang='lat'><strong>’°</strong></span> <span class='ocrx_word' id='word_1_778' title='bbox 587 5782 752 5837; x_wconf 78' lang='lat' dir='ltr'><strong>Marc.</strong></span> <span class='ocrx_word' id='word_1_779' title='bbox 782 5797 890 5836; x_wconf 80' lang='lat' dir='ltr'><strong>xlv.</strong></span> <span class='ocrx_word' id='word_1_780' title='bbox 925 5780 1014 5834; x_wconf 79' lang='lat'><strong>&#39;58.</strong></span> <span class='ocrx_word' id='word_1_781' title='bbox 1120 5779 1164 5810; x_wconf 84' lang='grc'><strong>⁹¹</strong></span> <span class='ocrx_word' id='word_1_782' title='bbox 1208 5776 1364 5832; x_wconf 83' lang='lat' dir='ltr'><strong>Joan.</strong></span> <span class='ocrx_word' id='word_1_783' title='bbox 1397 5792 1458 5837; x_wconf 78' lang='grc' dir='ltr'><strong>η,</strong></span> <span class='ocrx_word' id='word_1_784' title='bbox 1490 5775 1575 5828; x_wconf 81' lang='grc'><strong>19.</strong></span> 
     </span>
    </p>
   </div>
   <div class='ocr_carea' id='block_1_105' title="bbox 424 5846 1459 5921">
    <p class='ocr_par' dir='ltr' id='par_1_105' title="bbox 424 5846 1459 5921">
     <span class='ocr_line' id='line_1_105' title="bbox 424 5846 1459 5921; baseline -0.011 -11"><span class='ocrx_word' id='word_1_785' title='bbox 424 5854 474 5887; x_wconf 79' lang='grc'><strong>’⁸</strong></span> <span class='ocrx_word' id='word_1_786' title='bbox 512 5852 672 5909; x_wconf 79' lang='lat' dir='ltr'><strong>Rom.</strong></span> <span class='ocrx_word' id='word_1_787' title='bbox 705 5869 790 5921; x_wconf 67' lang='lat' dir='ltr'><strong>xy,</strong></span> <span class='ocrx_word' id='word_1_788' title='bbox 820 5851 914 5905; x_wconf 69' lang='lat'><strong>20.</strong></span> <span class='ocrx_word' id='word_1_789' title='bbox 989 5852 1029 5883; x_wconf 52' lang='grc' dir='ltr'><strong>θλ</strong></span> <span class='ocrx_word' id='word_1_790' title='bbox 1061 5852 1081 5906; x_wconf 88' lang='lat' dir='ltr'><strong>l</strong></span> <span class='ocrx_word' id='word_1_791' title='bbox 1111 5848 1237 5903; x_wconf 84' lang='lat' dir='ltr'><strong>Cor.</strong></span> <span class='ocrx_word' id='word_1_792' title='bbox 1265 5864 1338 5915; x_wconf 77' lang='lat' dir='ltr'><strong>ix,</strong></span> <span class='ocrx_word' id='word_1_793' title='bbox 1373 5846 1459 5901; x_wconf 82' lang='grc'><strong>18.</strong></span> 
     </span>
    </p>
   </div>
   <div class='ocr_carea' id='block_1_106' title="bbox 1687 5770 2107 5831">
    <p class='ocr_par' dir='ltr' id='par_1_106' title="bbox 1687 5770 2107 5831">
     <span class='ocr_line' id='line_1_106' title="bbox 1687 5770 2107 5831; baseline 0 -8"><span class='ocrx_word' id='word_1_794' title='bbox 1687 5774 1732 5804; x_wconf 72' lang='lat'><strong>9‘</strong></span> <span class='ocrx_word' id='word_1_795' title='bbox 1760 5770 1950 5831; x_wconf 83' lang='lat' dir='ltr'><strong>Matth.</strong></span> <span class='ocrx_word' id='word_1_796' title='bbox 1996 5786 2107 5824; x_wconf 63' lang='grc' dir='ltr'><strong>λιν.</strong></span> 
     </span>
    </p>
   </div>
   <div class='ocr_carea' id='block_1_107' title="bbox 1536 5839 2410 5905">
    <p class='ocr_par' dir='ltr' id='par_1_107' title="bbox 1536 5839 2410 5905">
     <span class='ocr_line' id='line_1_107' title="bbox 1536 5839 2410 5905; baseline -0.008 -8"><span class='ocrx_word' id='word_1_797' title='bbox 1536 5843 1580 5877; x_wconf 72' lang='grc'><strong>⁸⁸</strong></span> <span class='ocrx_word' id='word_1_798' title='bbox 1614 5842 1804 5897; x_wconf 84' lang='lat' dir='ltr'><strong>Matth.</strong></span> <span class='ocrx_word' id='word_1_799' title='bbox 1830 5858 1971 5905; x_wconf 75' lang='lat' dir='ltr'><strong>xxiv,</strong></span> <span class='ocrx_word' id='word_1_800' title='bbox 1999 5841 2144 5895; x_wconf 56' lang='lat' dir='ltr'><strong>hiet</strong></span> <span class='ocrx_word' id='word_1_801' title='bbox 2175 5855 2296 5905; x_wconf 74' lang='lat' dir='ltr'><strong>xxv,</strong></span> <span class='ocrx_word' id='word_1_802' title='bbox 2326 5839 2410 5892; x_wconf 83' lang='grc'><strong>15.</strong></span> 
     </span>
    </p>
   </div>
   <div class='ocr_carea' id='block_1_108' title="bbox 2128 4640 3703 4717">
    <p class='ocr_par' dir='ltr' id='par_1_108' title="bbox 2128 4640 3703 4717">
     <span class='ocr_line' id='line_1_108' title="bbox 2128 4640 3703 4717; baseline -0.008 -13"><span class='ocrx_word' id='word_1_803' title='bbox 2128 4650 2268 4716; x_wconf 83' lang='lat' dir='ltr'><strong>Quia</strong></span> <span class='ocrx_word' id='word_1_804' title='bbox 2299 4648 2449 4704; x_wconf 88' lang='lat' dir='ltr'><strong>enim</strong></span> <span class='ocrx_word' id='word_1_805' title='bbox 2509 4645 2749 4702; x_wconf 85' lang='lat' dir='ltr'><strong>dormire</strong></span> <span class='ocrx_word' id='word_1_806' title='bbox 2780 4646 3115 4717; x_wconf 80' lang='lat' dir='ltr'><strong>negligentes</strong></span> <span class='ocrx_word' id='word_1_807' title='bbox 3169 4644 3449 4704; x_wconf 86' lang='lat' dir='ltr'><strong>dicuntur,</strong></span> <span class='ocrx_word' id='word_1_808' title='bbox 3476 4640 3703 4693; x_wconf 86' lang='lat' dir='ltr'><strong>demon-</strong></span> 
     </span>
    </p>
   </div>
   <div class='ocr_carea' id='block_1_109' title="bbox 2128 4729 3704 4805">
    <p class='ocr_par' dir='ltr' id='par_1_109' title="bbox 2128 4729 3704 4805">
     <span class='ocr_line' id='line_1_109' title="bbox 2128 4729 3704 4805; baseline -0.011 -8"><span class='ocrx_word' id='word_1_809' title='bbox 2128 4750 2266 4797; x_wconf 90' lang='lat' dir='ltr'><strong>strat</strong></span> <span class='ocrx_word' id='word_1_810' title='bbox 2294 4740 2579 4802; x_wconf 81' lang='lat' dir='ltr'><strong>Dominus,</strong></span> <span class='ocrx_word' id='word_1_811' title='bbox 2614 4737 2896 4805; x_wconf 88' lang='lat' dir='ltr'><strong>discipulis</strong></span> <span class='ocrx_word' id='word_1_812' title='bbox 2925 4737 3240 4791; x_wconf 84' lang='lat' dir='ltr'><strong>mandatum</strong></span> <span class='ocrx_word' id='word_1_813' title='bbox 3271 4734 3429 4788; x_wconf 91' lang='lat' dir='ltr'><strong>dans.</strong></span> <span class='ocrx_word' id='word_1_814' title='bbox 3462 4729 3704 4801; x_wconf 80' lang='lat' dir='ltr'><strong>Vigilate,</strong></span> 
     </span>
    </p>
   </div>
   <div class='ocr_carea' id='block_1_110' title="bbox 2127 4829 3711 4906">
    <p class='ocr_par' dir='ltr' id='par_1_110' title="bbox 2127 4829 3711 4906">
     <span class='ocr_line' id='line_1_110' title="bbox 2127 4829 3711 4906; baseline -0.01 -18"><span class='ocrx_word' id='word_1_815' title='bbox 2127 4835 2255 4906; x_wconf 77' lang='lat' dir='ltr'><strong>quia</strong></span> <span class='ocrx_word' id='word_1_816' title='bbox 2311 4834 2525 4887; x_wconf 72' lang='lat' dir='ltr'><strong>nescitis</strong></span> <span class='ocrx_word' id='word_1_817' title='bbox 2578 4847 2684 4900; x_wconf 76' lang='lat' dir='ltr'><strong>qua</strong></span> <span class='ocrx_word' id='word_1_818' title='bbox 2734 4831 2866 4883; x_wconf 80' lang='lat' dir='ltr'><strong>hora</strong></span> <span class='ocrx_word' id='word_1_819' title='bbox 2920 4829 3178 4883; x_wconf 79' lang='lat' dir='ltr'><strong>Dominus</strong></span> <span class='ocrx_word' id='word_1_820' title='bbox 3240 4835 3408 4881; x_wconf 79' lang='lat' dir='ltr'><strong>vester</strong></span> <span class='ocrx_word' id='word_1_821' title='bbox 3458 4831 3711 4877; x_wconf 75' lang='lat' dir='ltr'><strong>venturus</strong></span> 
     </span>
    </p>
   </div>
   <div class='ocr_carea' id='block_1_111' title="bbox 2127 4913 3707 4996">
    <p class='ocr_par' dir='ltr' id='par_1_111' title="bbox 2127 4913 3707 4996">
     <span class='ocr_line' id='line_1_111' title="bbox 2127 4913 3707 4996; baseline -0.01 -14"><span class='ocrx_word' id='word_1_822' title='bbox 2127 4936 2204 4982; x_wconf 81' lang='lat' dir='ltr'><strong>est</strong></span> <span class='ocrx_word' id='word_1_823' title='bbox 2222 4927 2290 4980; x_wconf 79' lang='grc'><strong>⁸⁸.</strong></span> <span class='ocrx_word' id='word_1_824' title='bbox 2322 4926 2431 4981; x_wconf 89' lang='lat' dir='ltr'><strong>Sed</strong></span> <span class='ocrx_word' id='word_1_825' title='bbox 2456 4935 2511 4981; x_wconf 89' lang='lat' dir='ltr'><strong>et</strong></span> <span class='ocrx_word' id='word_1_826' title='bbox 2538 4926 2756 4996; x_wconf 82' lang='lat' dir='ltr'><strong>quando</strong></span> <span class='ocrx_word' id='word_1_827' title='bbox 2776 4922 3181 4981; x_wconf 85' lang='lat' dir='ltr'><strong>dormientibus</strong></span> <span class='ocrx_word' id='word_1_828' title='bbox 3203 4917 3536 4979; x_wconf 85' lang='lat' dir='ltr'><strong>hominibus,</strong></span> <span class='ocrx_word' id='word_1_829' title='bbox 3559 4913 3707 4968; x_wconf 87' lang='lat' dir='ltr'><strong>vide-</strong></span> 
     </span>
    </p>
   </div>
   <div class='ocr_carea' id='block_1_112' title="bbox 2127 5006 3706 5090">
    <p class='ocr_par' dir='ltr' id='par_1_112' title="bbox 2127 5006 3706 5090">
     <span class='ocr_line' id='line_1_112' title="bbox 2127 5006 3706 5090; baseline -0.011 -16"><span class='ocrx_word' id='word_1_830' title='bbox 2127 5019 2257 5074; x_wconf 87' lang='lat' dir='ltr'><strong>licet</strong></span> <span class='ocrx_word' id='word_1_831' title='bbox 2312 5018 2756 5090; x_wconf 87' lang='lat' dir='ltr'><strong>negligentibus,</strong></span> <span class='ocrx_word' id='word_1_832' title='bbox 2815 5017 3092 5072; x_wconf 89' lang='lat' dir='ltr'><strong>seminare</strong></span> <span class='ocrx_word' id='word_1_833' title='bbox 3155 5011 3372 5067; x_wconf 89' lang='lat' dir='ltr'><strong>dicebat</strong></span> <span class='ocrx_word' id='word_1_834' title='bbox 3405 5006 3706 5062; x_wconf 76' lang='lat' dir='ltr'><strong>inimicum</strong></span> 
     </span>
    </p>
   </div>
   <div class='ocr_carea' id='block_1_113' title="bbox 2128 5095 3702 5177">
    <p class='ocr_par' dir='ltr' id='par_1_113' title="bbox 2128 5095 3702 5177">
     <span class='ocr_line' id='line_1_113' title="bbox 2128 5095 3702 5177; baseline -0.013 -10"><span class='ocrx_word' id='word_1_835' title='bbox 2128 5111 2427 5177; x_wconf 86' lang='lat' dir='ltr'><strong>zizaniam;</strong></span> <span class='ocrx_word' id='word_1_836' title='bbox 2461 5126 2623 5165; x_wconf 90' lang='lat' dir='ltr'><strong>mane</strong></span> <span class='ocrx_word' id='word_1_837' title='bbox 2651 5109 2798 5164; x_wconf 85' lang='lat' dir='ltr'><strong>enim</strong></span> <span class='ocrx_word' id='word_1_838' title='bbox 2842 5109 3088 5163; x_wconf 85' lang='lat' dir='ltr'><strong>futurum</strong></span> <span class='ocrx_word' id='word_1_839' title='bbox 3125 5103 3385 5159; x_wconf 82' lang='lat' dir='ltr'><strong>saeculum</strong></span> <span class='ocrx_word' id='word_1_840' title='bbox 3429 5107 3533 5164; x_wconf 89' lang='lat' dir='ltr'><strong>est,</strong></span> <span class='ocrx_word' id='word_1_841' title='bbox 3576 5095 3702 5165; x_wconf 76' lang='lat' dir='ltr'><strong>quia</strong></span> 
     </span>
    </p>
   </div>
   <div class='ocr_carea' id='block_1_114' title="bbox 2126 5186 3708 5274">
    <p class='ocr_par' dir='ltr' id='par_1_114' title="bbox 2126 5186 3708 5274">
     <span class='ocr_line' id='line_1_114' title="bbox 2126 5186 3708 5274; baseline -0.013 -16"><span class='ocrx_word' id='word_1_842' title='bbox 2126 5205 2277 5259; x_wconf 90' lang='lat' dir='ltr'><strong>nocti</strong></span> <span class='ocrx_word' id='word_1_843' title='bbox 2306 5203 2590 5274; x_wconf 68' lang='lat' dir='ltr'><strong>praesentis</strong></span> <span class='ocrx_word' id='word_1_844' title='bbox 2610 5203 2737 5257; x_wconf 72' lang='lat' dir='ltr'><strong>vitae</strong></span> <span class='ocrx_word' id='word_1_845' title='bbox 2770 5200 3036 5264; x_wconf 86' lang='lat' dir='ltr'><strong>succedit,</strong></span> <span class='ocrx_word' id='word_1_846' title='bbox 3062 5207 3115 5255; x_wconf 88' lang='lat' dir='ltr'><strong>et</strong></span> <span class='ocrx_word' id='word_1_847' title='bbox 3134 5199 3225 5251; x_wconf 78' lang='lat' dir='ltr'><strong>lux</strong></span> <span class='ocrx_word' id='word_1_848' title='bbox 3249 5186 3708 5261; x_wconf 77' lang='lat' dir='ltr'><strong>inexstinguibilis</strong></span> 
     </span>
    </p>
   </div>
   <div class='ocr_carea' id='block_1_115' title="bbox 2126 5278 3705 5362">
    <p class='ocr_par' dir='ltr' id='par_1_115' title="bbox 2126 5278 3705 5362">
     <span class='ocr_line' id='line_1_115' title="bbox 2126 5278 3705 5362; baseline -0.011 -13"><span class='ocrx_word' id='word_1_849' title='bbox 2126 5295 2180 5349; x_wconf 87' lang='lat' dir='ltr'><strong>in</strong></span> <span class='ocrx_word' id='word_1_850' title='bbox 2218 5310 2285 5349; x_wconf 87' lang='lat' dir='ltr'><strong>eo</strong></span> <span class='ocrx_word' id='word_1_851' title='bbox 2311 5294 2540 5348; x_wconf 86' lang='lat' dir='ltr'><strong>habitat.</strong></span> <span class='ocrx_word' id='word_1_852' title='bbox 2582 5292 2702 5348; x_wconf 86' lang='lat' dir='ltr'><strong>Non</strong></span> <span class='ocrx_word' id='word_1_853' title='bbox 2745 5306 2874 5362; x_wconf 89' lang='lat' dir='ltr'><strong>ergo</strong></span> <span class='ocrx_word' id='word_1_854' title='bbox 2914 5297 3131 5359; x_wconf 83' lang='lat' dir='ltr'><strong>Oportet</strong></span> <span class='ocrx_word' id='word_1_855' title='bbox 3154 5286 3389 5341; x_wconf 90' lang='lat' dir='ltr'><strong>otiosum</strong></span> <span class='ocrx_word' id='word_1_856' title='bbox 3417 5294 3535 5335; x_wconf 87' lang='lat' dir='ltr'><strong>esse</strong></span> <span class='ocrx_word' id='word_1_857' title='bbox 3563 5278 3705 5346; x_wconf 86' lang='lat' dir='ltr'><strong>apud</strong></span> 
     </span>
    </p>
   </div>
   <div class='ocr_carea' id='block_1_116' title="bbox 2124 5370 3701 5455">
    <p class='ocr_par' dir='ltr' id='par_1_116' title="bbox 2124 5370 3701 5455">
     <span class='ocr_line' id='line_1_116' title="bbox 2124 5370 3701 5455; baseline -0.013 -12"><span class='ocrx_word' id='word_1_858' title='bbox 2124 5405 2228 5443; x_wconf 85' lang='lat' dir='ltr'><strong>nos</strong></span> <span class='ocrx_word' id='word_1_859' title='bbox 2258 5388 2544 5443; x_wconf 87' lang='lat' dir='ltr'><strong>doctorum</strong></span> <span class='ocrx_word' id='word_1_860' title='bbox 2593 5386 2821 5441; x_wconf 83' lang='lat' dir='ltr'><strong>verbum</strong></span> <span class='ocrx_word' id='word_1_861' title='bbox 2872 5400 2971 5455; x_wconf 86' lang='lat' dir='ltr'><strong>per</strong></span> <span class='ocrx_word' id='word_1_862' title='bbox 2996 5396 3156 5437; x_wconf 86' lang='lat' dir='ltr'><strong>omne</strong></span> <span class='ocrx_word' id='word_1_863' title='bbox 3191 5380 3298 5433; x_wconf 88' lang='lat' dir='ltr'><strong>hoc</strong></span> <span class='ocrx_word' id='word_1_864' title='bbox 3348 5387 3581 5443; x_wconf 88' lang='lat' dir='ltr'><strong>tempus,</strong></span> <span class='ocrx_word' id='word_1_865' title='bbox 3615 5370 3701 5426; x_wconf 83' lang='lat' dir='ltr'><strong>cui</strong></span> 
     </span>
    </p>
   </div>
   <div class='ocr_carea' id='block_1_117' title="bbox 2127 5463 3704 5549">
    <p class='ocr_par' dir='ltr' id='par_1_117' title="bbox 2127 5463 3704 5549">
     <span class='ocr_line' id='line_1_117' title="bbox 2127 5463 3704 5549; baseline -0.015 -15"><span class='ocrx_word' id='word_1_866' title='bbox 2127 5479 2296 5534; x_wconf 89' lang='lat' dir='ltr'><strong>futuri</strong></span> <span class='ocrx_word' id='word_1_867' title='bbox 2322 5478 2586 5549; x_wconf 86' lang='lat' dir='ltr'><strong>temporis</strong></span> <span class='ocrx_word' id='word_1_868' title='bbox 2620 5492 2782 5531; x_wconf 86' lang='lat' dir='ltr'><strong>mane</strong></span> <span class='ocrx_word' id='word_1_869' title='bbox 2803 5473 3070 5537; x_wconf 83' lang='lat' dir='ltr'><strong>succedit,</strong></span> <span class='ocrx_word' id='word_1_870' title='bbox 3090 5470 3215 5540; x_wconf 79' lang='lat' dir='ltr'><strong>quia</strong></span> <span class='ocrx_word' id='word_1_871' title='bbox 3244 5476 3301 5521; x_wconf 89' lang='lat' dir='ltr'><strong>et</strong></span> <span class='ocrx_word' id='word_1_872' title='bbox 3338 5465 3394 5519; x_wconf 93' lang='lat' dir='ltr'><strong>in</strong></span> <span class='ocrx_word' id='word_1_873' title='bbox 3442 5463 3544 5516; x_wconf 90' lang='lat' dir='ltr'><strong>hoc</strong></span> <span class='ocrx_word' id='word_1_874' title='bbox 3568 5473 3704 5515; x_wconf 78' lang='lat' dir='ltr'><strong>ava-</strong></span> 
     </span>
    </p>
   </div>
   <div class='ocr_carea' id='block_1_118' title="bbox 2128 5563 3702 5639">
    <p class='ocr_par' dir='ltr' id='par_1_118' title="bbox 2128 5563 3702 5639">
     <span class='ocr_line' id='line_1_118' title="bbox 2128 5563 3702 5639; baseline -0.013 -15"><span class='ocrx_word' id='word_1_875' title='bbox 2128 5571 2250 5624; x_wconf 87' lang='lat' dir='ltr'><strong>ritia</strong></span> <span class='ocrx_word' id='word_1_876' title='bbox 2275 5579 2331 5625; x_wconf 88' lang='lat' dir='ltr'><strong>et</strong></span> <span class='ocrx_word' id='word_1_877' title='bbox 2363 5568 2632 5639; x_wconf 88' lang='lat' dir='ltr'><strong>injustitia</strong></span> <span class='ocrx_word' id='word_1_878' title='bbox 2660 5568 2715 5621; x_wconf 90' lang='lat' dir='ltr'><strong>in</strong></span> <span class='ocrx_word' id='word_1_879' title='bbox 2751 5565 3069 5623; x_wconf 87' lang='lat' dir='ltr'><strong>doctoribus</strong></span> <span class='ocrx_word' id='word_1_880' title='bbox 3098 5565 3445 5619; x_wconf 77' lang='lat' dir='ltr'><strong>exercentur,</strong></span> <span class='ocrx_word' id='word_1_881' title='bbox 3490 5563 3702 5607; x_wconf 87' lang='lat' dir='ltr'><strong>merce-</strong></span> 
     </span>
    </p>
   </div>
   <div class='ocr_carea' id='block_1_119' title="bbox 2215 5745 3703 5831">
    <p class='ocr_par' dir='ltr' id='par_1_119' title="bbox 2215 5745 3703 5831">
     <span class='ocr_line' id='line_1_119' title="bbox 2215 5745 3703 5831; baseline -0.013 -8"><span class='ocrx_word' id='word_1_882' title='bbox 2215 5768 2260 5801; x_wconf 79' lang='lat'><strong>”</strong></span> <span class='ocrx_word' id='word_1_883' title='bbox 2294 5766 2413 5822; x_wconf 83' lang='lat' dir='ltr'><strong>Jac.</strong></span> <span class='ocrx_word' id='word_1_884' title='bbox 2442 5785 2499 5831; x_wconf 89' lang='lat' dir='ltr'><strong>II,</strong></span> <span class='ocrx_word' id='word_1_885' title='bbox 2529 5768 2614 5821; x_wconf 84' lang='lat' dir='ltr'><strong>l0.</strong></span> <span class='ocrx_word' id='word_1_886' title='bbox 2721 5765 2766 5797; x_wconf 64' lang='grc' dir='ltr'><strong>ενδ</strong></span> <span class='ocrx_word' id='word_1_887' title='bbox 2795 5762 2936 5818; x_wconf 87' lang='lat' dir='ltr'><strong>Psal.</strong></span> <span class='ocrx_word' id='word_1_888' title='bbox 2966 5779 3003 5825; x_wconf 87' lang='lat' dir='ltr'><strong>I,</strong></span> <span class='ocrx_word' id='word_1_889' title='bbox 3036 5763 3082 5814; x_wconf 84' lang='grc' dir='ltr'><em>ι.</em></span> <span class='ocrx_word' id='word_1_890' title='bbox 3191 5758 3237 5789; x_wconf 77' lang='grc'><strong>’⁸</strong></span> <span class='ocrx_word' id='word_1_891' title='bbox 3265 5756 3309 5812; x_wconf 89' lang='lat' dir='ltr'><strong>ll</strong></span> <span class='ocrx_word' id='word_1_892' title='bbox 3333 5754 3467 5811; x_wconf 87' lang='lat' dir='ltr'><strong>Cor.</strong></span> <span class='ocrx_word' id='word_1_893' title='bbox 3510 5766 3566 5817; x_wconf 76' lang='grc' dir='ltr'><strong>ι.</strong></span> <span class='ocrx_word' id='word_1_894' title='bbox 3616 5745 3703 5804; x_wconf 74' lang='grc'><strong>16.</strong></span> 
     </span>
    </p>
   </div>
  </div>
