3992 6460
397 410 529 473 10:27

1589 386 1961 451 HESYCHII
2002 360 2481 445 PRESBYTERI

3537 389 3658 457 1028

386 530 512 585 dem
549 520 924 597 perdentibus,
949 531 1072 588 quae
1102 513 1182 569 eis
1211 528 1277 567 ex
1303 509 1553 582 proiectu
1586 505 1978 597 discipulorum
2011 511 2054 565 Α
2086 504 2188 597 nis,
2230 505 2356 574 quia
2398 504 2664 573 judicium
2699 504 2794 558 Dei
2840 514 2915 558 est
2934 504 2974 560 '.
3018 504 3159 576 Ergo
3210 507 3257 560 si
3304 508 3387 561 vis
3430 524 3661 578 persona

386 592 708 677 deberetur.
760 616 863 666 l‘er
908 608 1133 664 surdum
1164 614 1348 659 autem
1396 610 1452 655 et
1493 612 1721 662 caecum,
1758 611 1856 650 eos
1885 592 1980 662 qui

388 706 782 766 inobedientiaa
812 714 869 757 et
905 697 1231 772 ignorantia:
1272 692 1466 748 morbo
1510 689 1849 750 detinentur,
1894 684 1980 737 lex

390 802 596 865 innuit,
638 798 704 852 ad
742 795 891 865 quod
926 792 1094 847 Isaias
1124 787 1294 842 dixit:
1328 783 1510 847 Surdi,
1537 780 1740 844 audite,
1764 786 1813 831 et
1835 775 1983 840 circi,

388 893 676 951 intuemini
695 891 763 943 ad
786 886 1068 942 videndum
1089 882 1159 935 ”.
1203 880 1264 934 lli
1292 893 1404 932 non
1440 870 1800 929 maledicendi
1832 878 1983 933 sunt,

395 989 493 1043 sed
525 982 881 1045 admonendi,
934 979 980 1032 si
1037 987 1217 1030 tamen
1264 987 1361 1026 eos
1409 965 1658 1024 converti
1713 964 1985 1018 volumus.

399 1077 558 1133 Unde
589 1082 646 1129 et
688 1071 910 1133 Paulus,
954 1083 1078 1122 eum
1112 1064 1206 1134 qui
1260 1062 1424 1118 docet
1467 1059 1524 1113 in
1568 1054 1989 1111 mansuetudine

392 1170 599 1225 docere
626 1180 746 1229 eos,
787 1162 880 1232 qui
916 1158 1323 1221 contradicunt,
1359 1150 1680 1208 doctoribus
1711 1147 1988 1210 Ecclesiae,

400 1257 719 1333 praecepit‘.
754 1255 863 1310 Sed
890 1270 994 1308 nec
1023 1250 1227 1306 oﬂ‘endi
1267 1261 1391 1302 cum
1425 1245 1506 1298 eis
1534 1242 1668 1297 falsa
1722 1241 1991 1300 dicentes,

400 1329 500 1406 aut
518 1358 745 1420 agentes
774 1346 1041 1400 debemus
1069 1339 1207 1395 ellici
1234 1355 1249 1403 ;
1277 1339 1380 1391 lioc
1402 1334 1549 1389 enim
1577 1332 1778 1388 Paulus
1806 1329 1994 1400 probi-

402 1445 564 1508 bens,
603 1450 767 1509 atque
797 1436 1101 1505 corrigens,
1138 1429 1388 1499 scripsit:
1425 1426 1484 1481 Si
1508 1425 1827 1494 quisiiderit
1853 1438 1992 1489 eum,

399 1536 496 1607 qui
521 1534 679 1586 habet
710 1529 1011 1589 scientiam,
1035 1526 1090 1577 in
1122 1521 1285 1576 idolio
1325 1518 1732 1581 recumbentem,
1778 1530 1881 1567 non
1933 1514 1998 1607 de

400 1601 726 1676 conscientia
762 1616 900 1684 ejus,
947 1628 1065 1665 cum
1106 1611 1172 1664 sit
1230 1609 1473 1677 inﬁrma,
1530 1603 1888 1672 tedi/icabitur
1927 1601 1998 1654 ad

406 1710 842 1768 manducandum
879 1704 1232 1773 idolothytum
1263 1701 1304 1751 ².
1354 1697 1413 1751 Si
1465 1695 1602 1766 legis
1652 1703 1763 1749 tam
1814 1692 1998 1746 littera

405 1822 576 1877 quam
607 1803 802 1873 spiritu
824 1798 1002 1870 juvari
1034 1809 1355 1867 possumus.

481 1899 646 1953 Vens.
676 1896 764 1949 15.
812 1913 830 1945 ε
867 1893 978 1947 Nec
1025 1891 1195 1945 facies
1249 1886 1394 1957 quod
1443 1886 1694 1955 iniquum
1740 1891 1846 1948 est,
1900 1895 2003 1935 nec

410 1981 929 2056 injustejudicabis.
958 1978 1070 2032 Nec
1097 1977 1421 2033 consideres
1453 1988 1742 2045 personam
1797 1986 2003 2042 paupe-

412 2079 510 2143 ris,
562 2091 664 2130 nec
732 2075 970 2128 honores
1014 2071 1224 2126 vultum
1285 2068 1546 2139 potentis.
1601 2066 1755 2122 Juste
1818 2063 2004 2133 judica

414 2168 675 2240 proximo
717 2177 831 2220 tuo.
887 2163 1007 2218 Non
1053 2163 1163 2217 eris
1206 2162 1526 2215 criminator
1563 2168 1621 2213 et
1663 2171 1893 2212 susurro
1950 2156 2002 2208 in

416 2258 654 2329 populis.
687 2256 803 2310 Non
834 2254 1006 2309 stabis
1027 2262 1221 2309 contra
1253 2251 1576 2321 sanguinem
1616 2245 1851 2319 proximi
1904 2246 2004 2300 tui.

417 2352 530 2422 Ego
552 2350 832 2404 Dominus.
879 2366 897 2398 ι

493 2439 612 2494 Non
653 2438 957 2509 quamlibet
985 2437 1276 2508 justitiam,
1305 2435 1402 2490 sed
1449 2448 1742 2495 summam,
1782 2438 1839 2485 et
1880 2445 2013 2501 per-

418 2529 617 2584 fectam
643 2529 871 2593 studeri,
922 2529 1008 2582 lex
1039 2528 1278 2581 maxime
1312 2527 1365 2580 in
1412 2525 1776 2596 prtesentibus
1805 2521 2010 2578 consti-

2085 596 2291 649 donare
2318 597 2581 664 potentis,
2611 612 2863 666 personae
2900 595 3202 669 Deidona:
3246 599 3423 654 donas
3470 611 3660 673 autem,

2086 682 2132 736 si
2160 683 2226 737 ad
2251 696 2462 753 partem
2490 692 2544 736 te
2567 684 2795 752 justitiae
2817 684 3141 747 contuleris,
3170 687 3282 741 illic
3301 686 3448 741 enim
3478 688 3661 748 habet:

2088 774 2214 844 quia
2278 775 2465 844 justus
2508 774 2766 828 Dominus
2791 776 3067 845 justitiam
3112 777 3320 842 dilexit,
3378 781 3664 851 (equitatem

2088 866 2225 919 uidet
2257 865 2433 919 vultus
2488 866 2676 935 ejus“:
2733 868 3087 936 quamobrem
3134 871 3305 923 etiam
3341 887 3493 926 nunc.
3533 876 3668 943 juste

2087 958 2321 1028 judicari
2356 959 2610 1027 proximo
2629 959 2912 1028 praacepit.
2935 957 3165 1029 Oportet
3187 964 3339 1016 enim
3376 979 3478 1019 nos
3515 982 3667 1024 nosse

2092 1052 2220 1119 quia
2249 1050 2305 1101 in
2338 1065 2442 1119 quo
2476 1049 2914 1118 judicaverintus,
2945 1053 3000 1104 in
3030 1053 3209 1106 eodem
3231 1055 3596 1124 judicabimur
3610 1060 3668 1115 “.

2096 1140 2193 1195 llis
2225 1140 2456 1196 addidit.

2169 1233 2331 1288 Vens.
2371 1234 2455 1286 l6.
2498 1253 2515 1284 ι
2553 1233 2671 1288 Non
2732 1236 2845 1290 eris
2891 1237 3212 1293 criminator
3266 1247 3323 1293 et
3363 1255 3584 1297 susurro
3622 1244 3670 1297 iu

2096 1326 2338 1396 populis.
2387 1345 2407 1378 ι
3374 1332 3377 1335 ’

2174 1416 2288 1481 \’e|,
2322 1416 2460 1473 sicut
2495 1415 2856 1490 Septuaginta
2885 1419 3088 1473 edunt:
3130 1419 3252 1473 Non
3295 1422 3587 1477 ambulabis
3624 1426 3674 1479 in

2098 1508 2218 1562 dolo
2266 1510 2322 1562 in
2365 1520 2517 1581 gente
2571 1520 2687 1565 tua.
2743 1514 2865 1565 Non
2919 1512 3084 1566 stabis
3144 1523 3335 1566 contra
3381 1517 3676 1586 sanguinem

2100 1600 2333 1668 proximi
2374 1601 2474 1654 tui.
2512 1600 2647 1655 Dolo
2699 1602 3023 1671 sanguinem
3067 1603 3384 1673 conjunxit,
3442 1606 3678 1663 videlicet

2104 1692 2486 1761 homicidium,
2540 1694 2687 1749 sicut
2713 1706 2770 1751 et
2810 1696 2980 1753 David
3029 1698 3199 1753 solet:
3240 1698 3425 1753 Virum
3477 1703 3678 1771 sangui-

2104 1802 2229 1840 num
2257 1797 2305 1842 et
2334 1789 2572 1844 dolosam
2592 1791 2990 1846 abominabitur
3031 1791 3352 1846 Dominus".
3381 1793 3676 1851 Etiterum:

2112 1881 2219 1935 Viri
2272 1884 2595 1953 sanguinum
2664 1894 2713 1937 et
2797 1885 2967 1938 dolosi
3028 1901 3134 1938 non
3188 1886 3549 1940 dimidiabunt
3584 1888 3682 1941 dies

2105 1989 2228 2025 suos
2248 1974 2291 2027 ⁸.
2321 1972 2547 2028 Gladius
2583 1976 2729 2029 enim
2753 1978 3002 2030 occultus
3035 1985 3120 2030 est
3149 1977 3331 2044 dolus,
3390 1979 3539 2033 ensis
3569 1994 3682 2033 exa-

2108 2073 2290 2130 cutus,
2322 2073 2377 2118 et
2401 2066 2577 2120 latens
2614 2067 2690 2120 ita
2724 2077 2782 2120 ut
2812 2067 2984 2122 David
3014 2083 3208 2123 rursus
3257 2068 3504 2123 diceret:
3552 2068 3683 2126 Sicut

2110 2155 2369 2209 novacula
2398 2166 2556 2210 acuta
2584 2158 2754 2227 fecisti
2775 2157 3012 2213 dolum”.
3049 2159 3156 2214 Sed
3187 2175 3296 2214 nos
3328 2160 3399 2215 ab
3417 2175 3482 2215 eo
3500 2162 3683 2216 veloci-

2109 2254 2195 2299 ter
2244 2247 2593 2313 recedamus,
2652 2259 3086 2318 expavescentes
3138 2251 3297 2305 illum
3346 2267 3446 2320 pro
3498 2252 3686 2321 peccati

2112 2339 2332 2405 vicinia,
2352 2341 2439 2394 cui
2468 2339 2667 2394 meruit
2696 2355 2819 2395 esse
2835 2342 3187 2412 coujunctus.
3214 2342 3334 2396 Nec
3350 2350 3539 2396 contra
3568 2359 3683 2398 san-

2113 2433 2341 2502 guinem
2380 2432 2615 2502 proximi
2660 2440 2890 2499 stemus,
2946 2433 3044 2488 sed
3101 2449 3300 2488 omnes
3354 2433 3596 2499 insidias,
3642 2444 3691 2490 et

2116 2527 2427 2597 collegium,
2478 2526 2624 2596 quod
2662 2541 2763 2596 pro
2790 2526 3038 2595 qualibet
3082 2526 3377 2596 iniquitate
3405 2527 3483 2593 lit,
3520 2527 3688 2598 fugia-

419 2626 546 2686 tuit,
588 2634 740 2678 recto
774 2622 976 2677 itinere
1019 2622 1324 2689 ordiueque
1371 2618 1704 2690 procedens,
1756 2626 1815 2671 ut
1862 2614 2013 2685 prius

420 2716 672 2771 videatur
738 2714 1072 2785 pauperibus
1137 2714 1317 2782 legem
1370 2712 1709 2766 constituere
1741 2752 1756 2777 ,
1812 2708 2015 2764 deinde

422 2809 767 2879 potentibus,
840 2822 907 2861 sc
961 2806 1161 2860 deinde
1212 2804 1553 2875 principatus
1603 2812 1654 2859 et
1718 2812 2015 2874 potestates

2117 2637 2260 2677 mus.
2285 2622 2425 2687 Quia
2450 2620 2670 2690 quidam
2689 2620 3043 2691 singulariter
3064 2620 3291 2687 inﬁrmi,
3308 2628 3364 2675 et
3381 2637 3480 2691 per
3505 2630 3689 2675 semet-

2117 2717 2267 2786 ipsos
2306 2729 2505 2769 nocere
2547 2730 2657 2767 non
2714 2714 2983 2781 valentes,
3039 2713 3257 2769 misceri
3299 2714 3481 2769 solent
3526 2714 3689 2770 multi-

2117 2808 2322 2873 tudini,
2347 2823 2582 2862 necesse
2610 2815 2698 2862 est
2728 2820 2816 2873 ut,
2843 2808 3066 2876 quando
3091 2808 3281 2876 plures
3311 2807 3474 2861 simul
3511 2823 3689 2863 conve-

427 2902 783 2966 habentibus,
847 2908 909 2954 ut
941 2914 1040 2968 per
1098 2898 1203 2951 hoc
1233 2899 1513 2962 ostendat,
1570 2912 1858 2966 personam
1902 2911 2014 2949 non

424 2994 614 3048 deberi
661 2990 858 3061 accipi.
893 2988 1014 3045 Non
1065 2988 1270 3042 furtum
1319 2988 1487 3053 enim,
1538 3003 1643 3041 nec
1684 2987 2014 3042 calumniam

426 3086 633 3150 facere,
679 3099 784 3138 nec
830 3084 1019 3152 jurare
1073 3081 1128 3134 in
1187 3081 1431 3149 injusto,
1480 3080 1584 3134 etsi
1627 3080 1888 3134 divitibus
1930 3079 2017 3133 vel

2121 2901 2310 2966 niunt,
2365 2897 2571 2952 malitia
2663 2897 2937 2952 valentior
2991 2897 3330 2951 inveniatur.
3407 2896 3504 2952 llic
3562 2894 3688 2950 enim

2120 2988 2435 3044 commodat
2485 3003 2731 3050 manum,
2791 2988 2932 3042 alter
2978 2988 3243 3059 linguam,
3296 2988 3438 3042 alius
3475 2987 3558 3041 his
3588 3002 3690 3056 qua:

2122 3091 2358 3153 aguntur
2390 3096 2720 3136 consensum
2750 3083 2978 3152 praebet,
3022 3082 3158 3136 alter
3198 3082 3403 3147 innuit,
3432 3089 3486 3135 et
3512 3081 3566 3135 in
3594 3095 3688 3133 ma-

426 3176 748 3247 poicntibus
773 3173 1068 3243 aliquando
1090 3172 1378 3241 contingit,
1396 3179 1773 3226 verumtamen
1796 3171 2016 3241 propria
2047 3190 2087 3246 ο
2121 3180 2253 3233 litiae
2279 3187 2694 3232 consummatur
2717 3178 2949 3231 insania.
2977 3177 3084 3233 Sed
3109 3193 3233 3231 cum
3258 3177 3354 3232 .his
3389 3177 3550 3231 etiam
3578 3173 3690 3228 illud

432 3282 738 3338 pauperum
765 3265 1171 3335 quodammodo
1203 3274 1329 3319 sunt
1351 3271 1598 3334 peccata.
1641 3261 1747 3316 Per
1779 3277 2018 3332 pauper-

435 3370 603 3416 tatem
630 3360 779 3412 enim
811 3357 1006 3422 furari,
1038 3368 1092 3412 et
1125 3358 1468 3422 calumniari,
1498 3366 1555 3411 et
1580 3357 1887 3426 transgredi
1919 3370 2007 3409 sa-

438 3460 726 3505 cramenta
753 3450 1004 3518 compelli
1059 3450 1334 3514 videntur,
1368 3461 1440 3503 ita
1481 3461 1543 3503 ut
1569 3456 1791 3518 sapiens
1835 3447 1925 3501 ille
1965 3447 2019 3499 in

432 3545 748 3599 Proverbiis
782 3545 1017 3599 diceret:
1040 3545 1271 3599 Divitias
1309 3555 1360 3599 et
1383 3553 1753 3615 paupertatem
1784 3559 1846 3596 ne
1866 3541 2022 3596 dede—

433 3638 508 3691 ris
535 3638 685 3701 milii,
719 3654 782 3691 ne
811 3639 945 3709 forte
974 3640 1203 3692 satiatus
1224 3638 1424 3692 illiciar
1449 3639 1519 3691 ad
1577 3637 1895 3706 negandum,
1929 3644 2022 3688 aut

434 3740 661 3800 egestate
698 3731 1017 3798 compulsus,
1057 3732 1223 3803 furer,
1279 3741 1328 3784 et
1378 3730 1648 3800 perjurem
1692 3746 1881 3783 nomen
1925 3729 2023 3783 Dei

434 3825 538 3879 mei
556 3823 597 3876 ³.
633 3822 696 3878 Vi
723 3834 908 3878 autem
941 3824 1272 3893 Opprimere,
1306 3831 1362 3878 et
1391 3823 1736 3877 mercedibus
1779 3822 2019 3893 privare,

434 3922 490 3967 et
521 3912 754 3966 irridere
785 3913 1009 3967 surdum
1036 3921 1131 3966 aut
1146 3911 1517 3980 caecum,quia
1550 3912 1796 3980 quaedam
1828 3927 2020 3965 eorum

435 4009 568 4055 sunt
590 4001 874 4070 potentias,
906 4002 1156 4069 quaedam
1189 4016 1320 4055 vero
1347 4002 1585 4070 prodigae
1621 4001 2024 4070 quodammodo

436 4091 587 4157 vitae,
615 4099 672 4144 et
694 4086 1042 4155 deliciarum,
1068 4089 1456 4145 contumeliam
1489 4090 1874 4161 generantium
1897 4103 2029 4158 pee-

435 4191 580 4249 cata,
623 4183 901 4251 pra-cipue
926 4180 1181 4250 personis
1205 4180 1439 4236 divitum
1490 4189 1547 4235 et
1606 4190 1891 4251 potentum
1939 4180 2025 4234 lex

436 4273 643 4328 sanciri
674 4274 896 4328 dicitur.
931 4273 1229 4328 Personam
1265 4281 1451 4328 autem
1484 4272 1739 4342 accipere
1792 4271 1847 4324 in
1876 4271 2027 4340 judi-

436 4368 547 4433 cio,
575 4365 630 4419 lii
680 4367 775 4435 qui
826 4364 1246 4436 magistratuum
1290 4365 1591 4436 praesident
1634 4364 1721 4419 vel
1773 4364 2024 4432 judicum

441 4459 828 4523 tribunalibus,
849 4475 986 4530 quos
1001 4460 1314 4539 judicantes
1345 4474 1449 4514 nec
1466 4458 1690 4529 quidem
1718 4473 2025 4528 pauperum

2125 3273 2427 3336 intuemur,
2459 3281 2649 3326 utnon
2672 3272 2847 3325 solum
2880 3286 3006 3328 cum
3038 3271 3107 3324 de
3136 3271 3414 3339 pecuniis,
3446 3280 3539 3323 aut
3586 3266 3690 3321 aliis

2124 3363 2735 3432 similibusjudieamus,
2761 3361 3139 3417 custodiamus
3153 3362 3386 3431 pauperi
3416 3371 3472 3415 et
3504 3355 3689 3431 potenti

2124 3458 2460 3527 tenuitatem.
2491 3456 2600 3511 Sed
2631 3456 2837 3525 ubique
2870 3455 2925 3509 in
2960 3456 3109 3509 omni
3163 3455 3398 3526 judicio,
3425 3453 3566 3525 quod
3598 3466 3689 3506 non

2126 3549 2302 3603 solum
2329 3548 2472 3617 apud
2507 3547 2769 3610 tribunal,
2808 3547 2901 3600 sed
2943 3547 2995 3598 in
3050 3547 3196 3599 omni
3248 3546 3622 3611 collocatione,
3649 3549 3692 3596 et

2126 3638 2399 3693 amicabili
2430 3638 2688 3701 concilio,
2721 3645 2885 3707 atque
2916 3637 2971 3689 in
3011 3637 3261 3692 doctrina
3313 3636 3543 3707 spiritali
3590 3650 3689 3689 ma-

2127 3726 2278 3780 xime
2320 3725 2671 3796 intelligitur.
2707 3726 3085 3780 Recordemur
3105 3727 3295 3783 Jacobi
3331 3728 3562 3783 dicentis
3599 3744 3611 3779 :
3644 3722 3691 3778 Si

2125 3820 2392 3873 introierit
2432 3820 2491 3873 in
2544 3829 2797 3873 conuentu
2831 3831 3001 3873 vestro
3064 3822 3147 3874 vir
3194 3839 3423 3877 aureum
3461 3819 3691 3875 annulum

2124 3910 2339 3975 habens,
2369 3911 2425 3963 in
2446 3919 2583 3964 veste
2608 3909 2893 3979 pra’clara,
2922 3911 3253 3981 ingrediatur
3285 3923 3465 3967 autent
3510 3921 3556 3964 et
3577 3926 3691 3979 pau-

2127 4016 2220 4069 per
2260 4003 2315 4054 in
2346 4012 2483 4054 veste
2512 4001 2753 4065 sordida,
2787 4002 3081 4055 intendatis
3123 4013 3305 4057 autem
3357 4004 3429 4057 ad
3471 4019 3581 4056 eum
3619 4000 3691 4065 qui

2128 4098 2371 4150 induitur
2395 4097 2680 4167 prwclara,
2724 4108 2774 4152 et
2823 4101 3065 4155 dixeritis
3088 4117 3108 4155 :
3160 4099 3239 4154 Tu
3267 4101 3391 4155 sede
3430 4101 3513 4153 hic
3549 4102 3690 4160 bene;

2126 4186 2351 4254 pauperi
2406 4194 2586 4239 autem
2624 4186 2867 4241 dixeritis
2890 4202 2911 4242 :
2965 4187 3040 4242 Tu
3066 4198 3148 4241 sta
3174 4188 3306 4255 illic,
3338 4197 3433 4243 aut
3475 4187 3590 4241 sede
3613 4183 3690 4238 sub

2128 4275 2356 4330 scabello
2376 4278 2569 4345 pedum
2599 4294 2857 4344 meorum,
2917 4296 3087 4334 nonne
3105 4280 3370 4350 judicatis
3412 4280 3553 4349 apud
3593 4292 3690 4332 vos-

2128 4370 2397 4439 metipsos,
2429 4380 2477 4424 et
2510 4372 2640 4441 facti
2667 4373 2790 4426 estis
2817 4373 3024 4442 judices
3069 4376 3453 4444 cogitationum
3502 4372 3692 4442 iniqua-

2130 4480 2249 4518 rum
2272 4464 2355 4517 ”?
2486 4480 2613 4519 cum
2643 4464 2713 4520 de
2764 4465 2871 4520 hoc
2937 4467 3187 4536 quaedam
3220 4468 3327 4522 alia
3372 4467 3608 4532 dixisset,
3648 4469 3693 4516 et

439 4564 705 4620 personas
741 4559 961 4620 oportet
981 4551 1251 4621 accipere.
1283 4550 1456 4607 Nemo
1508 4551 1655 4604 enim
1712 4550 1825 4604 Deo
1855 4550 2024 4605 mise-
2056 4552 2101 4607 D
2130 4565 2442 4626 opportuno
2472 4566 2719 4627 tempore
2757 4574 3016 4615 revocare
3038 4561 3106 4615 ad
3121 4560 3444 4615 memoriam
3468 4566 3686 4613 nostrain

441 4641 711 4697 ricordior
762 4653 866 4710 est,
907 4644 1001 4713 qui
1057 4644 1370 4699 misericors
1415 4652 1473 4696 et
1511 4641 1804 4697 miserator
1853 4657 2023 4712 super

440 4754 634 4795 onmes
663 4740 1007 4811 appellatur:
1061 4748 1446 4795 verumtamen
1497 4736 1690 4805 iudicii
1753 4744 2021 4806 tempore,

441 4848 781 4904 nequaquam
818 4835 927 4904 jam
962 4834 1038 4889 ita
1068 4833 1331 4904 appellari
1360 4831 1496 4896 vult,
1526 4831 1619 4884 sed
1648 4829 1852 4899 justus,
1886 4836 2023 4884 teste

440 4925 609 4980 David
633 4928 726 4997 qui
755 4927 912 4996 dicit,
949 4927 1091 4982 Deus
1127 4926 1297 5002 judea:
1329 4925 1529 4994 justus,
1556 4923 1707 4994 fortis
1754 4932 1802 4976 et
1832 4923 2021 4994 longa-

442 5019 661 5089 nimis‘.
691 5020 802 5074 Nec
831 5021 1052 5090 quidem
1083 5018 1328 5090 potentis
1364 5024 1581 5087 oportet
1616 5016 1872 5072 admirari
1906 5033 2025 5086 per-

443 5125 629 5165 sonam
658 5112 711 5165 in
745 5112 972 5182 judicio,
1032 5112 1163 5182 quia
1205 5110 1317 5164 Deo
1355 5108 1537 5164 nullus
1569 5117 1656 5164 est
1713 5110 2019 5177 potentior:

442 5203 614 5272 ipsius
644 5214 828 5260 autem
857 5216 941 5261 est
962 5205 1254 5276 judicium,
1279 5203 1399 5273 ipse
1430 5202 1578 5257 enim
1598 5203 1758 5258 nobis
1774 5204 2028 5272 judican-

443 5295 611 5359 t'ibus,
641 5300 921 5353 causantis
950 5311 1242 5368 personam
1265 5295 1516 5365 suscipit.
1549 5295 1720 5365 Cujus
1759 5296 1836 5350 rei
1867 5298 2025 5351 testis

447 5401 527 5443 cst
555 5391 697 5445 idem
723 5390 931 5462 Moyses
962 5390 1020 5443 iu
1059 5388 1486 5443 Deuteronomio
1525 5389 1598 5443 ita
1630 5390 1853 5444 dicens:
1906 5389 2027 5444 Non

445 5479 684 5546 respicies
725 5493 1002 5549 personam
1045 5478 1103 5530 in
1126 5477 1333 5547 judicio
1353 5493 1372 5543 ;
1401 5478 1688 5531 secundum
1727 5495 1950 5547 parvum
1978 5489 2026 5533 et

445 5572 699 5628 minorem
713 5573 1003 5644 judicabis.
1036 5570 1162 5626 Non
1189 5573 1486 5643 distinguas
1528 5589 1808 5643 personam
1855 5574 2027 5628 homi-

513 5771 561 5845 ξ’
588 5770 696 5845 isa.
718 5776 966 5839 xtti,18.
1081 5778 1097 5809 ί
1128 5775 1239 5835 Tit.
1265 5766 1348 5845 ni,
1372 5781 1429 5835 2.
1542 5782 1564 5811 ⁸
1591 5779 1606 5834 1
1634 5778 1765 5833 Cor.
1788 5795 1911 5839 vin.
1942 5779 2032 5835 10.

2112 5780 2132 5811 ³
2160 5777 2321 5833 Prov.
2357 5797 2485 5845 xxx,
2524 5779 2578 5834 8.

444 5840 466 5873 ⁸
495 5839 698 5897 Psslm.
726 5860 782 5909 x,
811 5846 863 5899 8.
938 5848 980 5881 "
1006 5845 1165 5903 Rom.
1201 5866 1262 5919 ii,
1292 5839 1344 5907 l.
1419 5849 1603 5908 ’Psal.
1633 5868 1688 5920 v,
1721 5851 1776 5905 7.
1853 5851 1874 5882 ⁸
1909 5850 2111 5906 Psalm.
2141 5865 2256 5919 xiv,
2280 5850 2373 5906 24.
2450 5839 2650 5907 “'Psal.
2682 5867 2755 5915 LI,
2797 5851 2851 5905 4.

2129 4649 2264 4719 legis
2304 4649 2622 4702 mandatum
2653 4650 2862 4713 volens,
2897 4652 3138 4706 addidit:
3174 4651 3232 4706 Si
3258 4662 3438 4706 autem
3466 4664 3690 4721 persons;

2130 4738 2386 4807 accipitis,
2411 4747 2681 4808 peccatum
2723 4741 3034 4808 operamini,
3057 4743 3148 4795 sed
3176 4744 3356 4813 arguti
3385 4760 3417 4796 α
3444 4742 3565 4812 lege,
3590 4751 3692 4794 tan-

2132 4848 2294 4902 quam
2326 4833 2816 4902 transgressores”.
2847 4833 2992 4904 Ergo
3017 4836 3167 4905 juste
3190 4837 3439 4906 judicare
3467 4833 3690 4907 proximo

2131 4920 2420 4984 debemus,
2451 4930 2507 4974 et
2546 4936 2659 4974 non
2690 4934 2853 4974 unam
2902 4924 3265 4994 eamdemque
3310 4926 3597 4987 actionem,
3643 4919 3688 4972 in

2130 5013 2302 5068 divite
2322 5015 2541 5083 quidem
2566 5014 2750 5069 dicere
2768 5016 3003 5072 bonam:
3030 5016 3086 5070 in
3109 5032 3352 5087 paupere
3377 5026 3555 5071 autem
3589 5026 3688 5066 ma-

2132 5105 2261 5171 lam,
2298 5115 2354 5161 et
2385 5106 2534 5160 hunc
2558 5121 2813 5176 arguere,
2846 5108 3000 5162 illum
3025 5118 3211 5164 autem
3256 5112 3439 5165 sinere
3478 5117 3688 5178 peccan-

2133 5206 2266 5253 tem.
2303 5198 2411 5254 Sed
2443 5215 2547 5254 nee
2604 5202 2792 5256 dolose
2827 5203 2880 5256 in
2906 5204 3128 5274 propria
3166 5216 3345 5276 gente,
3400 5205 3451 5259 id
3504 5210 3599 5265 est,
3640 5197 3685 5251 in

2133 5293 2341 5363 populo
2373 5293 2656 5348 ambulare
2691 5295 2976 5360 debemus,
3026 5310 3130 5352 nec
3179 5314 3376 5353 vexare
3425 5292 3686 5367 populares

2133 5386 2282 5441 viros
2307 5387 2409 5443 sub
2438 5390 2625 5456 specie
2658 5389 2897 5457 pietatis,
2947 5405 3129 5460 neque
3155 5401 3345 5447 contra
3395 5385 3682 5458 sanguinem

2134 5478 2371 5549 proximi
2398 5477 2725 5546 consistere,
2773 5480 2825 5533 id
2869 5488 2975 5545 est,
3018 5497 3129 5536 non
3184 5481 3379 5537 sociari
3409 5481 3484 5534 eis
3511 5475 3594 5547 qui
3637 5474 3680 5524 in

2131 5573 2344 5629 animas
2373 5571 2605 5625 fratrum
2638 5580 2895 5642 peccant,
2928 5583 2983 5628 et
3015 5574 3285 5630 malorum
3311 5570 3599 5629 sententiae.
3624 5563 3680 5619 Et

3198 5778 3405 5834 "Deut.
3454 5788 3553 5832 xvt,
3603 5764 3671 5823 l9-

2655 5779 2676 5810 ⁸
2706 5778 2852 5836 Psal.
2913 5795 3004 5845 cn,
3036 5778 3088 5833 8.
3198 5778 3405 5834 "Deut.
3454 5788 3553 5832 xvt,
3603 5778 3671 5823 19.

2682 5867 2755 5899 ιι-
2797 5851 2851 5899 Δν.
2935 5853 2978 5884 ²⁰
2999 5848 3117 5899 Jac-
3145 5865 3200 5899 η-
3233 5850 3345 5899 24.
3422 5848 3457 5879 ¹¹
3488 5836 3671 5899 ibid.9~

2935 5853 2978 5884 ²⁰
2999 5848 3117 5909 Jac.
3144 5865 3201 5921 η,
3233 5850 3345 5905 2-4.
