3992 6446
407 380 545 447 fit?!)

1539 392 1622 455 IN
1664 395 2103 457 LEVITICUM.
2140 420 2208 429 -
2246 400 2394 460 LIB.
2434 403 2530 464 γι.

3540 410 3683 477 me
3767 364 3773 370 ’

396 511 525 551 cum
553 497 735 552 omnis
762 499 986 568 quidem
1028 500 1418 557 mandatorum
1468 505 1687 572 justitia,
1735 508 1989 563 conside-
2019 519 2060 571 Α
2091 524 2184 564 ne.
2218 511 2436 568 Vestem
2476 531 2598 584 quae
2629 531 2693 570 ex
2732 518 2944 576 duobus
2983 530 3123 578 texta
3179 534 3264 580 est
3323 542 3429 582 non
3474 528 3675 587 indue-

398 588 575 643 randa
603 589 696 657 sit,
731 591 881 645 illam
925 602 1110 649 tamen
1170 591 1532 649 subtilitatem
1563 611 1676 667 prae
1730 602 1987 657 omnibus

397 682 645 748 intende,
670 682 860 738 dicens
888 685 1033 739 enim
1057 704 1070 739 :

473 771 634 826 Vens.
676 774 760 828 l7.
799 793 817 826 ι
855 776 931 830 Ne
965 777 1148 833 oderis
1177 778 1400 837 fratrem
1442 790 1634 847 tuum,
1672 783 1901 849 addidit,
1932 783 1987 837 in

393 866 568 919 corde
608 876 722 920 tuo.
775 886 793 917 ι

470 958 610 1025 Quia
642 958 966 1030 frequenter
996 963 1051 1017 in
1091 966 1344 1034 personis
1381 969 1756 1038 peccantium,
1794 983 1985 1039 perso-

392 1066 528 1105 nam
552 1053 677 1107 odio
710 1068 807 1108 eos
838 1055 1158 1111 habentium
1189 1059 1343 1114 indui
1378 1061 1783 1130 compellimur.
1828 1061 1987 1116 Unde

395 1144 602 1202 Paulus
621 1146 1208 1208 Thessalonicensibus
1240 1156 1628 1226 praecipiebat:
1664 1155 1723 1211 Si
1747 1159 1865 1228 quis
1886 1174 1987 1211 non

393 1236 574 1291 obedit
603 1239 755 1292 verbo
784 1249 979 1306 nostra,
1005 1259 1098 1311 per
1124 1244 1401 1312 epistolam
1428 1247 1566 1299 hunc
1593 1256 1792 1311 notate,
1824 1257 1989 1301 etnon

391 1332 851 1387 commisceamini
910 1351 1028 1388 cum
1084 1332 1199 1402 illo,
1264 1341 1820 1410 utoconfuudatur”.
1874 1340 1990 1395 Hoc

390 1430 583 1477 autem
609 1423 738 1478 dum
773 1427 850 1485 lit,
881 1426 992 1480 odii
1025 1427 1232 1495 praebet
1282 1432 1787 1501 praesumptionem.
1842 1432 1989 1499 Quo-

390 1530 521 1569 rum
545 1515 690 1569 enim
726 1517 982 1584 aliorum,
1028 1520 1135 1573 nisi
1166 1521 1468 1575 odientium
1496 1532 1550 1577 et
1578 1524 1983 1581 adversantium

390 1616 517 1660 est:
552 1605 672 1660 Non
698 1610 1090 1664 commisceris?
1133 1613 1239 1666 Sed
1276 1613 1420 1668 hanc
1445 1615 1845 1671 aversationem
1880 1633 1986 1672 non

391 1699 659 1768 praecepit
682 1700 735 1753 in
762 1701 933 1755 corde
973 1701 1112 1768 ﬁeri,
1147 1704 1225 1758 ait
1258 1703 1431 1757 enim:
1475 1703 1598 1758 Non
1641 1709 1986 1769 commiscea-

392 1791 534 1843 mi‘ni
573 1791 640 1857 ei,
683 1802 741 1845 ut
794 1795 1174 1863 confundatur,
1239 1804 1289 1851 et
1337 1796 1639 1852 erubescens
1688 1801 1987 1855 omnimodo

390 1884 723 1937 emendetur.
782 1874 915 1950 Qui‘
950 1873 1136 1940 autem
1189 1889 1520 1944 emendabat
1558 1905 1683 1945 eum
1740 1893 1826 1946 cui
1874 1910 1986 1949 non

388 1976 880 2043 commiscebatnr,
914 1978 1234 2033 nullatenus
1255 1995 1380 2034 eum
1409 1982 1565 2037 odire
1604 1982 1661 2036 in
1694 1986 1862 2040 corde
1886 2001 1987 2040 suo

390 2076 633 2137 poterat,
671 2070 817 2138 quod
856 2069 1190 2126 conﬁrmans
1237 2073 1403 2127 etiam
1460 2076 1561 2131 hoc
1610 2075 1865 2131 addidit:
1915 2081 1984 2132 Et

391 2158 562 2212 nolite
587 2160 740 2229 quasi
769 2160 1046 2215 inimicum
1075 2163 1382 2217 existimare
1409 2163 1582 2231 illum,
1616 2168 1709 2221 sed
1740 2170 1986 2239 corripite

391 2260 461 2304 ut
481 2253 700 2321 fratrem
723 2253 787 2308 “.
818 2251 1051 2308 Omnem
1102 2265 1286 2311 autem
1314 2257 1582 2327 justitiam
1630 2262 1877 2331 explens,
1929 2271 1986 2318 et

393 2358 499 2412 per
559 2343 799 2413 singulas
856 2346 1071 2415 species
1140 2348 1264 2404 vita:
1329 2350 1736 2419 quodammodo
1807 2354 1982 2425 legetn

390 2450 631 2503 ponens,
663 2435 1141 2493 conﬁrmationem
1189 2442 1483 2507 mandatis,
1533 2458 1695 2511 quam
1743 2456 1981 2515 oportet,

388 2526 649 2596 apponit,
711 2542 876 2596 quam
938 2528 983 2582 si
1052 2531 1507 2595 custodierimus,
1560 2549 1724 2590 nemo
1780 2539 1985 2594 nostris

391 2630 600 2671 nocere
655 2617 884 2683 divitiis,
939 2634 1104 2675 nemo
1154 2630 1403 2678 nostrum
1453 2624 1771 2684 thesaurum
1815 2631 1985 2689 furari

388 2718 599 2779 potest.
631 2709 729 2765 Est
749 2721 933 2766 autem
961 2715 1304 2771 confirmatio
1332 2718 1483 2775 haec:

470 2800 538 2854 Et
566 2803 752 2874 diliges
797 2807 1048 2874 amicum,
1099 2810 1236 2876 sive,
1271 2819 1331 2864 ut
1375 2811 1751 2886 Septuaginta,
1799 2822 1982 2888 proxi-

390 2911 542 2948 mum
573 2905 721 2950 tuum
767 2898 901 2952 sicut
940 2901 1187 2969 teipsum.
1222 2903 1440 2960 llabens
1469 2905 1528 2960 in
1556 2909 1774 2966 modico
1815 2920 1985 2967 totam

386 2986 597 3057 legem,
633 2996 690 3042 et
731 3004 830 3057 per
878 3005 1049 3045 unum
1085 2992 1182 3046 tibi
1238 2993 1343 3050 hoc
1399 2997 1761 3071 mandatum,~
1799 3004 1984 3059 omnia

389 3079 677 3134 custodire
720 3080 885 3136 facile
929 3093 1033 3138 est.
1085 3082 1338 3141 Charitas
1394 3088 1566 3156 enim,
1625 3091 1704 3145 ait
1744 3076 1983 3162 'Paulus,

390 3171 642 3246 proximo
689 3173 889 3226 malum
937 3190 1042 3228 non
1095 3186 1369 3247 operatur.
1430 3178 1716 3236 Plenitudo
1748 3200 1870 3256 ergo
1903 3186 1979 3241 lev
2008 3210 2054 3267 ε

389 3261 477 3333 gis
507 3263 741 3317 citat-itas
765 3273 841 3317 est
860 3265 923 3320 “.
949 3264 1056 3321 Sed
1079 3276 1371 3323 etomnem
1398 3271 1565 3327 vitam
1592 3282 1831 3329 nostram
1856 3291 1978 3331 esse

390 3357 451 3409 in
484 3356 644 3411 bonis
669 3356 818 3413 facit.
846 3357 901 3413 Si
935 3359 1082 3414 enim
1111 3358 1619 3434 diligo’proximum
1647 3368 1789 3423 sicut
1811 3371 1982 3442 meip-

390 3463 542 3515 sum,
575 3457 632 3503 et
662 3449 886 3505 forsitan
935 3451 1076 3507 ﬁlios
1107 3469 1218 3508 non
1276 3456 1543 3525 habuero,
1588 3469 1683 3513 aut
1738 3460 1978 3530 divitias,

392 3547 493 3595 aut
529 3540 805 3607 decorem,
848 3552 944 3599 aut
984 3547 1177 3600 mundi
1232 3547 1484 3617 gloriam,
1515 3534 1610 3605 aut
1655 3554 1976 3622 potentiam,

392 3632 561 3689 video
577 3644 760 3689 autem
782 3636 1097 3706 proximum
1119 3639 1436 3707 habentem,
1451 3643 1682 3713 gaudeo,
1702 3653 1758 3698 et
1775 3645 1980 3701 nihilo-

391 3726 579 3782 minus
627 3737 885 3798 tanquam
944 3744 1046 3800 ego
1097 3729 1214 3784 hch
1250 3728 1502 3795 habeam,
1549 3733 1706 3788 laetor
1735 3750 1866 3805 ego:
1923 3737 1979 3790 in

388 3825 489 3880 illo
516 3825 737 3881 enimet
765 3841 867 3895 ego
906 3825 1104 3880 habeo.
1137 3824 1380 3893 ldipsum
1424 3822 1617 3900 auter!
1639 3836 1695 3881 et
1727 3826 1783 3880 in
1815 3827 1980 3897 spiri-

390 3918 617 3983 talibus,
661 3917 716 3971 in
758 3917 960 3987 quibus
1009 3916 1246 3971 maxime
1279 3930 1400 3971 eam
1431 3933 1553 3987 qua:
1597 3919 1664 3973 ad
1705 3921 1980 3989 proximos

387 4009 637 4080 pertinet
697 4009 1052 4063 dilectionem
1102 4007 1382 4062 custodire
1432 4009 1718 4076 debemus,
1770 4019 1826 4064 et
1867 4026 1978 4065 non

386 4102 642 4158 invidere
666 4103 1025 4173 operantibus
1043 4101 1333 4172 justitiam,
1355 4116 1458 4156 nec
1500 4102 1742 4158 morderi
1761 4105 1979 4173 quando

386 4195 485 4250 alii
519 4196 819 4250 secundum
863 4195 1148 4249 Christum
1205 4191 1599 4264 gloriﬁcantur,
1656 4194 1876 4265 quando
1923 4195 1977 4248 in

385 4291 565 4346 verbo
620 4288 887 4344 doctrina:
948 4287 1375 4357 locupletantur,
1424 4286 1645 4356 quando
1699 4288 1980 4343 abundant

385 4383 595 4440 divinis
629 4382 810 4438 donis.
852 4381 960 4436 Sed
991 4380 1286 4435 imitandus
1330 4388 1416 4434 est
1457 4378 1733 4447 Christus,
1762 4380 1857 4452 qui
1922 4383 1979 4437 in

385 4486 607 4533 tantum
636 4490 741 4532 nos
791 4474 1003 4539 dilexit,
1037 4482 1099 4527 ut
1132 4472 1397 4543 apostolis
1444 4473 1653 4542 majora
1711 4474 1864 4544 signa
1893 4474 1978 4529 fa-

2090 602 2184 656 ris.
2233 621 2252 653 ι

2161 691 2287 748 llaec
2339 697 2741 764 quodammodo
2799 703 2868 755 ad
2929 704 3167 759 litteram
3240 709 3494 767 videntur
3551 731 3676 771 esse
3730 772 3737 779 ,

2090 782 2341 851 ridicula,
2384 788 2531 842 unde
2561 805 2665 845 nec
2695 792 2767 846 ita
2798 806 2862 848 ea
2893 798 3151 851 custodiri
3196 816 3227 854 a
3282 805 3567 873 prophetis
3620 819 3678 864 et

2088 876 2428 945 spiritalibus
2471 880 2804 951 invenimus,
2857 891 3314 956 quemadmodum
3362 898 3674 959 Judaeorum

2089 966 2187 1022 ﬁlii
2214 970 2428 1027 inﬁrme
2468 974 2903 1049 imperfecteque
2928 982 3201 1052 viventes,
3232 990 3323 1057 qui
3351 991 3432 1047 lac
3464 1005 3671 1062 amant,

2089 1062 2147 1108 et
2178 1057 2413 1112 solidum
2441 1061 2623 1115 cibum
2662 1079 2774 1118 non
2818 1066 3062 1137 capiunt.
3107 1073 3241 1127 Nam
3272 1076 3515 1139 intende.
3542 1057 3674 1152 quid

2090 1148 2158 1202 ad
2208 1148 2384 1205 Sadoc
2421 1155 2781 1222 sacerdotem,
2829 1169 2886 1213 et
2919 1160 3130 1217 Nathan
3158 1169 3500 1239 prophetam,
3527 1148 3582 1229 et
3605 1177 3675 1231 ad

2091 1236 2345 1293 Banaiam
2380 1242 2624 1297 dicebat:
2673 1244 2861 1301 Ponite
2886 1250 3056 1318 ﬁlium
3108 1272 3282 1311 meum
3338 1236 3676 1319 Salomonem

2090 1328 2145 1382 in
2173 1329 2377 1384 mulam
2403 1349 2577 1387 meam
2596 1336 2663 1390 ".
2715 1336 2915 1393 Dici-ns
2944 1342 3115 1403 enim,
3182 1364 3373 1416 meam,
3435 1357 3677 1411 ostendit

2090 1422 2218 1491 quia
2255 1432 2311 1477 et
2338 1423 2457 1494 ipse
2486 1426 2540 1479 in
2573 1428 2781 1482 mulum
2816 1433 3059 1489 sedebat.
3093 1436 3149 1490 Si
3198 1450 3378 1496 autem
3423 1446 3675 1513 jumenta

2090 1517 2435 1574 commisceri
2473 1521 2701 1577 alterius
2754 1528 2972 1595 generis
3021 1530 3412 1604 animantibus,
3466 1542 3521 1595 id
3567 1553 3672 1608 est,

2088 1607 2304 1661 asinum
2340 1623 2483 1679 equo
2528 1613 2877 1669 commisceri
2915 1617 3000 1672 lex
3052 1614 3339 1689 vetuit,‘et
3389 1607 3676 1686 abominas

2087 1694 2198 1751 bile
2230 1697 2336 1753 hoc
2365 1708 2506 1768 erat,
2552 1706 2844 1772 oportebat
2891 1717 2945 1761 ct
2987 1724 3050 1763 ea
3085 1727 3206 1780 quae
3250 1713 3473 1783 ﬁebant,
3526 1728 3583 1773 et
3610 1737 3675 1777 ea

2089 1797 2212 1852 qua:
2261 1791 2633 1847 nascebantur
2660 1810 2726 1849 ex
2758 1797 2858 1863 eis,
2897 1802 3088 1868 procul
3139 1803 3306 1858 dubio
3346 1807 3672 1868 abominari.

2016 1870 2061 1926 B
2092 1875 2200 1930 Sed
2230 1878 2354 1932 etsi
2388 1881 2779 1939 vestimentum
2813 1902 2881 1941 ex
2946 1890 3165 1946 duobus
3215 1894 3334 1949 ﬁeri
3382 1912 3491 1952 non
3536 1904 3673 1970 vult,

2088 1966 2363 2032 quomodo
2392 1969 2614 2038 sapiens
2643 1971 2737 2026 ille
2771 1973 2840 2028 de
2861 1974 2988 2029 forti
3013 1979 3241 2035 muliere
3274 1983 3392 2039 haec
3448 1986 3504 2040 in
3529 1966 3677 2044 Pro;

2088 2057 2270 2112 verbis
2293 2058 2454 2115 dicit:
2483 2060 2690 2116 Invenit
2725 2064 2908 2120 lanam
2954 2077 3002 2121 et
3026 2069 3214 2137 linum,
3263 2087 3314 2126 et
3356 2089 3573 2144 operata
3600 2093 3676 2135 est

2087 2146 2218 2202 utile
2242 2152 2489 2206 manibus
2537 2157 2669 2219 suis,
2707 2167 2763 2211 et
2794 2174 3022 2215 rursus:
3054 2162 3142 2217 Ea:
3181 2166 3332 2234 bysso
3361 2180 3411 2221 et
3435 2187 3674 2242 purpura

2086 2238 2188 2291 sibi
2206 2240 2513 2297 vestimenta
2536 2244 2617 2298 αἱ)
2646 2245 2760 2302 Nec
2793 2249 2941 2303 enim
2980 2253 3132 2306 utilia
3168 2266 3298 2309 sunt
3326 2238 3669 2330 vestimenta,

2087 2329 2295 2385 bonum
2327 2346 2510 2389 autem
2563 2337 2948 2393 indumentum
3012 2344 3154 2412 ejus,
3200 2346 3315 2400 sive
3360 2350 3491 2405 utile
3538 2354 3675 2411 dixit

2087 2437 2209 2477 esse
2237 2426 2647 2494 vestimentum,
2682 2445 2851 2484 unum
2886 2432 3108 2500 quidem
3163 2436 3231 2490 de
3258 2437 3382 2492 lana
3429 2450 3484 2496 et
3536 2444 3669 2511 lino,

2089 2514 2239 2569 aliud
2299 2527 2481 2572 autem
2536 2535 2727 2575 rursus
2754 2537 2822 2575 ex
2877 2522 3041 2594 bysso
3091 2535 3148 2580 et
3184 2543 3425 2599 purpura
3475 2536 3671 2592 confici

2088 2607 2481 2680 intelligamus.
2548 2612 2656 2668 Sed
2712 2615 2844 2683 quid
2900 2617 3006 2672 hoc
3064 2620 3171 2685 sit,
3233 2621 3434 2679 Paulus
3484 2639 3672 2697 aperte

2086 2697 2392 2754 Corinthiis
2432 2701 2662 2758 scribit:
2694 2702 2813 2757 Non
2841 2708 3057 2773 potestis
3087 2708 3305 2765 calicem
3336 2714 3549 2770 Domini
3590 2717 3672 2771 bi-

2086 2790 2223 2856 bere,
2272 2801 2322 2845 et
2357 2792 2578 2846 calicem
2617 2795 3024 2851 dtemoniorum.
3062 2800 3184 2854 Non
3224 2808 3438 2872 potestis
3481 2826 3675 2866 meust:

2087 2881 2186 2936 Dei
2210 2885 2546 2953 participari,
2571 2895 2621 2940 et
2650 2904 2844 2941 mensa:
2875 2891 3258 2948 dwmoniorum
3279 2897 3344 2962 ¹⁹;
3367 2907 3422 2952 et
3448 2916 3669 2957 rursus:

2089 2970 2192 3037 Qui
2218 2975 2275 3026 in
2303 2974 2413 3045 lege
2428 2976 2829 3046 justi/icamini,
2863 2998 2895 3033 a
2919 2984 3097 3052 gratia
3118 2987 3465 3044 cecidistis“.
3485 2991 3673 3063 Neque

2088 3064 2503 3122 enimJudaicis
2531 3069 2969 3141 seductionibus,
3023 3091 3130 3132 nec
3171 3082 3344 3135 errori
3389 3087 3673 3154 gentilium

2089 3168 2306 3227 oportet
2331 3158 2518 3216 ﬁdeles
2548 3164 2911 3221 commisceri.
2967 3165 3226 3226 Iumenta
3266 3190 3417 3245 ergo,
3476 3178 3533 3233 id
3569 3192 3673 3248 est,

2088 3250 2381 3319 populares
2416 3252 2692 3322 homines,
2714 3271 2823 3311 non
2848 3260 3231 3326 permittamus
3256 3265 3483 3323 alterius
3510 3286 3679 3341 gene-

2090 3346 2167 3401 ris
2192 3346 2585 3416 animantibus,
2642 3352 3008 3421 commisceri,
3060 3356 3116 3411 id
3171 3366 3274 3425 est,
3305 3376 3416 3416 non
3480 3366 3677 3418 sectari

2090 3441 2593 3513 circumcisionem,
2637 3453 2692 3500 et
2739 3447 3031 3517 baptisma.
3085 3451 3327 3508 Alterius
3372 3454 3517 3509 enim
3560 3458 3678 3527 jugi

2089 3535 2460 3602 circumcisio,
2496 3539 2679 3609 gravis
2712 3552 2768 3595 et
2817 3541 3203 3613 importabilis,
3268 3546 3337 3600 de
3386 3563 3496 3616 quo
3539 3549 3676 3604 dixit

2091 3627 2320 3685 Petrus:
2363 3628 2502 3695 Quid
2540 3634 2757 3687 tentatis
2791 3633 2981 3701 Deum,
3019 3639 3447 3708 superimponere
3485 3642 3675 3712 jugum

2088 3723 2143 3775 in
2176 3724 2460 3778 cervicibus
2485 3721 2886 3795 discipulorum,
2904 3730 3043 3797 quod
3069 3745 3162 3783 nec
3183 3740 3359 3800 patres
3382 3735 3548 3787 nostri
3579 3749 3677 3790 nec

2091 3829 2184 3867 nos
2215 3822 2429 3882 portare
2448 3817 2719 3883 potuimus
2738 3817 2779 3848 ²¹
2803 3809 3077 3874 ?Aiterius
3096 3828 3179 3874 est
3200 3828 3382 3874 autem
3403 3822 3675 3892 baptisma
3758 3850 3759 3853 η

2089 3904 2317 3971 Christi,
2345 3915 2403 3960 et
2423 3905 2559 3961 levis
2581 3906 2726 3978 jugi:
2759 3908 2906 3977 quod
2929 3909 3090 3964 nobis
3112 3909 3367 3965 Christus
3392 3911 3672 3981 imposuit,

2088 4000 2171 4056 sic
2195 3999 2413 4055 dicens:
2447 3999 2634 4054 Tollite
2655 4002 2848 4072 jugum
2878 4019 3071 4055 meum.
3123 4004 3191 4058 Et
3227 4019 3444 4059 rursus:
3477 4004 3673 4076 Iugum

2088 4094 2228 4147 enim
2255 4109 2427 4147 meum
2459 4110 2622 4148 suave
2645 4104 2740 4160 est,
2765 4104 2814 4149 et
2868 4111 2999 4148 onus
3030 4112 3203 4149 meum
3238 4096 3348 4150 leve
3368 4106 3442 4151 est
3460 4098 3526 4153 ”.
3565 4096 3675 4153 Sed

2088 4199 2194 4239 nec
2226 4184 2607 4249 vineam,sive
2634 4200 2824 4255 agrum
2859 4185 3126 4240 creditum
3169 4186 3348 4252 nobis,
3384 4187 3537 4243 vario
3585 4203 3676 4243 se-

2088 4292 2211 4331 rere
2240 4276 2507 4332 debemus
2529 4277 2763 4343 semine,
2792 4286 2852 4332 ut
2875 4292 2986 4331 non
3017 4278 3292 4350 contraria
3346 4278 3548 4334 divinis
3573 4280 3673 4334 do—

2092 4369 2292 4425 ctrinis
2324 4368 2621 4424 Ecclesiam
2643 4370 2961 4437 doceamus,
3016 4370 3477 4440 quemadmodum
3509 4386 3674 4441 prava

2086 4463 2364 4534 sapientes
2392 4462 2658 4529 haeretici,
2694 4462 2917 4517 Christo
2968 4462 3191 4531 nuptias
3213 4478 3313 4532 per
3344 4478 3499 4517 suam
3532 4479 3671 4533 pra:-

322 4626 327 4629 _
384 4571 596 4635 cereis,
627 4583 791 4639 quam
828 4567 945 4637 ipse
977 4564 1128 4629 fecit,
1163 4552 1513 4619 ροηδθιιει-ει,
1550 4563 1705 4619 unde
1752 4573 1806 4620 ει
1831 4581 1980 4620 nunc
2013 4571 2057 4627 υ
2086 4556 2319 4611 sentiam
2364 4554 2748 4619 benedicente,
2781 4563 2947 4624 atque
2995 4555 3251 4609 dicente:
3299 4555 3422 4609 Non
3466 4573 3528 4609 ea
3557 4572 3676 4625 qua!

343 4657 358 4666 ’
387 4663 617 4720 dicens:
652 4661 853 4733 Diliges
874 4660 1107 4713 amicum
1135 4668 1304 4724 tuum,
1342 4658 1452 4713 sive
1481 4659 1781 4727 proximum
1830 4668 1979 4713 tuum

385 4760 528 4812 sicut
546 4757 790 4825 teipsum,
810 4753 1019 4809 addidit
1042 4770 1055 4805 :
1080 4752 1195 4824 Ego
1227 4751 1482 4807 Dominus
1508 4768 1526 4806 :
1549 4752 1683 4824 leges
1718 4769 1862 4808 meas
1888 4769 1980 4808 cu-

384 4849 603 4904 stodite.
637 4846 871 4913 Quando
898 4859 1030 4899 vero
1066 4858 1170 4900 nos
1218 4843 1365 4897 Deus
1423 4843 1697 4909 dilexerit,
1739 4843 1858 4912 ipso
1893 4843 1978 4898 di-

382 4950 553 4999 cente
575 4953 868 5011 cognosce,
903 4937 979 4991 ait
1018 4937 1163 4991 enim
1191 4954 1205 4989 :
1236 4934 1508 5002 Majorem
1537 4935 1636 4989 hac
1663 4936 1979 4991 that-itane:

384 5050 543 5089 nemo
573 5034 749 5096 habet,
783 5048 945 5103 quam
969 5043 1025 5084 ut
1048 5031 1286 5084 animam
1319 5046 1473 5084 suam
1516 5031 1633 5101 quis
1676 5040 1837 5099 ponat
1886 5048 1983 5097 pro

383 5126 579 5179 amicis
598 5125 791 5179 suis“.
824 5123 980 5178 Unde
1000 5130 1059 5177 et
1083 5122 1256 5191 legem
1291 5136 1444 5176 suam
1476 5121 1808 5191 praecipuam
1860 5137 1983 5176 esse

383 5216 707 5274 dilectionis
737 5214 1058 5269 mandatum
1103 5211 1274 5268 dixit:
1319 5212 1425 5266 hoc
1454 5210 1544 5265 hic
1582 5211 1790 5265 addens
1835 5211 1979 5281 quod

382 5311 449 5364 in
480 5308 602 5363 aliis
631 5305 909 5362 mandatis
938 5318 1048 5358 non
1084 5302 1331 5372 reperies
1360 5301 1656 5370 adjectum.

462 5401 629 5457 Vens.
668 5400 754 5456 19.
796 5418 815 5451 t
858 5396 1114 5453 Iumenta
1143 5410 1255 5449 non
1294 5403 1384 5449 tua
1428 5393 1599 5448 facies
1637 5393 1979 5447 commisceri

383 5510 518 5552 cum
542 5493 769 5549 alterius
790 5489 1006 5563 generis
1046 5486 1441 5542 animantibus.
1488 5487 1714 5556 Agrum,
1742 5483 1878 5547 sive,
1919 5490 1979 5536 ut

385 5587 770 5660 Septuaginta,
801 5585 1019 5640 vineam
1051 5591 1198 5636 tuam
1225 5595 1339 5634 non
1366 5593 1517 5634 seres
1543 5578 1761 5632 diverso
1808 5578 1978 5631 semi-

461 5723 504 5755 "
533 5723 576 5779 ll
599 5722 796 5778 Thess.
825 5739 906 5785 tn,
940 5721 1030 5774 14.
1110 5719 1303 5775 "ibid.
1325 5719 1413 5775 15.

382 5797 435 5837 ³³
452 5795 617 5853 Prov.
650 5811 800 5859 xxxi,
829 5795 916 5848 15.
1024 5793 1064 5824 ¹⁹
1097 5790 1116 5846 1
1146 5790 1273 5846 Cor.
1306 5808 1360 5859 x,
1392 5788 1484 5843 20.

381 5870 456 5927 15
481 5879 539 5926 et
559 5881 716 5940 seqq.
791 5867 832 5897 "
863 5863 1024 5920 Joan.
1054 5864 1256 5931 vu,2l.

1496 5718 1536 5749 ιδ
1559 5717 1855 5779 Ronmmt,
1884 5714 1972 5769 10.

1596 5789 1640 5819 ²⁰
1673 5787 1791 5841 Gal.
1826 5802 1877 5852 ν,
1910 5789 1962 5840 4.

2049 5712 2096 5745 ¹⁸
2123 5711 2281 5767 Jnan.
2305 5728 2413 5776 xw,
2450 5710 2536 5765 12.
2588 5710 2632 5740 “'
2657 5707 2816 5763 Joan.
2859 5722 2950 5768 xv,
2987 5707 3070 5759 l3.

2089 4647 2459 4716 ingrediuntur
2488 4655 2673 4700 nocent
2701 4646 2963 4699 hominem
2996 4647 3322 4715 prohibentes
3372 4648 3585 4713 nubere,
3625 4657 3674 4702 et

2087 4737 2450 4807 praecipientes
2478 4736 2730 4789 abstineri
2764 4752 2797 4789 a
2827 4736 2953 4789 cibis
3003 4750 3119 4805 qua:
3161 4734 3302 4789 Deus
3329 4737 3523 4790 creavit
3574 4738 3670 4801 eis,

2088 4831 2294 4885 sibimet
2319 4830 2617 4898 impietates
2637 4840 2945 4899 pneparant
2964 4838 3185 4882 mortem
3197 4829 3263 4881 ³³.
3283 4829 3342 4893 in
3358 4829 3556 4899 quibus
3575 4844 3674 4884 ne-

2087 4921 2325 4976 cessarie
2354 4920 2658 4976 secundum
2689 4919 3045 4990 Septuaginta
3077 4919 3322 4974 subdidit
3354 4938 3367 4972 :
3409 4919 3523 4989 Ego
3554 4936 3673 4973 sunt

2083 5014 2346 5068 Dominus
2378 5014 2518 5068 Deus
2544 5025 2733 5076 uester,
2770 5013 2839 5067 ab
2869 5011 3021 5067 omni
3045 5027 3144 5066 vos
3189 5012 3504 5082 huiusmodi
3540 5027 3674 5066 con-

2087 5106 2327 5160 tinentes
2354 5120 2477 5160 esse
2507 5104 2716 5159 malitia
2765 5102 3017 5173 cupiens,
3065 5111 3120 5156 et
3159 5101 3251 5172 qui
3293 5115 3388 5171 per
3424 5101 3674 5171 Evange-

2083 5200 2215 5254 littm
2246 5199 2359 5254 dixi
2409 5198 2476 5253 ad
2529 5213 2625 5253 eos
2681 5198 2776 5267 qui
2828 5196 2969 5250 male
3020 5195 3219 5265 legem,
3281 5202 3336 5247 et
3392 5193 3459 5247 ad
3513 5205 3669 5245 suam

2081 5291 2421 5345 voluntatem
2470 5288 2783 5358 accipiunt:
2839 5285 3021 5340 Nolite
3076 5286 3327 5356 judicare
3380 5282 3669 5336 secundum

2082 5385 2294 5457 faciem,
2319 5385 2409 5437 sed
2419 5384 2628 5454 justum
2646 5381 2915 5452 judicium
2935 5377 3258 5448 judicare".

2155 5474 2260 5529 Nec
2288 5475 2455 5528 oderis
2486 5475 2705 5544 fratrem
2728 5482 2877 5525 tuum
2903 5471 2959 5523 in
2990 5470 3142 5524 corde
3189 5480 3299 5531 tuo,
3330 5467 3420 5521 sed
3461 5468 3667 5536 publica

2081 5587 2246 5640 argue
2268 5585 2409 5635 eum,
2449 5586 2513 5622 ne
2540 5567 2735 5622 habeas
2760 5582 2918 5635 super
2949 5582 3009 5619 eo
3045 5572 3336 5635 peccatum.
3367 5558 3490 5613 Non
3522 5575 3667 5631 quie—

3150 5704 3191 5733 ‘7
3215 5701 3302 5756 Ill.
3342 5700 3475 5769 Reg.
3504 5714 3541 5766 ι,
3571 5696 3663 5750 53.

2075 5785 2117 5815 ⁹¹
2157 5784 2277 5838 Act.
2307 5770 2411 5847 xv,
2438 5783 2520 5836 l0.
2604 5781 2649 5812 ”
2678 5778 2864 5834 Matth.
2892 5793 2967 5846 χι,
2999 5776 3089 5843 :19,
3113 5776 3199 5830 δυ.
3299 5772 3343 5803 ⁸³
3376 5770 3541 5826 Marc.
3566 5783 3665 5834 vu,
