3892 6422
456 368 590 435 103i

1651 362 2008 431 HESYCHII
2060 370 2533 432 PRESBYTERI
3558 370 3663 439 1032

456 496 539 535 res
569 477 837 543 ultionem,
870 493 963 532 nec
988 491 1185 532 memor
1206 477 1310 531 eris
1352 476 1569 546 injuria
1595 477 1785 531 civium
1808 488 2036 532 tuorum.
2064 490 2114 544 Α
2213 477 2491 545 Quantum
2515 478 2659 533 inter
2682 476 2995 533 libertatem
3016 486 3072 532 et
3127 475 3438 533 servitutem
3483 479 3665 540 intersit

461 571 660 641 Diliges
692 571 925 626 amicum
957 581 1104 626 tuum
1151 571 1287 625 sicut
1316 570 1556 639 téipsum.
1608 571 1720 642 Ego
1760 570 2032 625 Dominus.

354 726 365 739 ι
457 663 623 736 Leges
652 680 796 718 meas
829 664 1103 718 custodite.
1135 662 1302 718 Recte
1341 661 1591 717 Christus
1643 662 1845 718 Judaeis
1889 662 2038 718 dice-

457 751 552 808 bat
584 771 597 806 :
628 751 750 807 Non
782 753 1030 817 credatis,
1059 752 1186 824 quia
1213 753 1330 806 veni
1355 751 1552 806 solvere
1580 752 1768 824 legem,
1794 761 1887 805 aut
1917 768 2040 822 pro-

456 849 642 917 phetas
667 861 686 899 .'
714 861 820 898 non
880 845 997 898 veni
1046 843 1265 909 solvere,
1292 844 1384 897 sed
1434 842 1649 911 implere
1675 844 1745 896 ".
1782 841 1839 897 Si
1890 846 2036 898 enim

456 935 819 1005 perscruteris
845 935 962 989 haec
992 935 1180 997 verba,
1232 933 1482 988 invenies
1522 940 1788 1003 quantum
1835 947 2037 989 conse-

457 1027 645 1095 nantia
668 1027 779 1082 sint
806 1027 893 1081 his
922 1025 1201 1082 mandatis"
1236 1025 1371 1097 legis
1403 1026 1714 1097 evangelica
1758 1026 2034 1097 degmata,

456 1126 647 1188 utpote
695 1117 886 1171 eodem
927 1115 1038 1171 Deo
1074 1124 1302 1185 utraque
1332 1115 1596 1186 loquente
1632 1132 1647 1168 :
1682 1116 1898 1171 Etenim
1944 1117 2038 1187 qui

454 1225 603 1269 nunc
647 1210 891 1272 fratrem,
924 1209 969 1264 si
999 1210 1330 1279 peccaverit,
1369 1207 1776 1277 corripiendum
1830 1224 2038 1279 prece-

454 1302 557 1373 pit,
586 1301 676 1356 hic
711 1316 811 1371 per
834 1301 1130 1371 Evangelia
1158 1299 1423 1370 praecepit
1451 1316 1465 1353 :
1500 1297 1560 1354 Si
1583 1307 1760 1353 autem
1791 1315 2038 1369 peccave-

451 1394 525 1446 rit
553 1394 610 1446 in
642 1401 692 1446 te
713 1378 880 1464 frater
909 1401 1047 1457 tuus,
1074 1391 1206 1445 vade
1227 1399 1275 1445 et
1301 1390 1505 1461 corripe
1533 1407 1652 1445 eum
1689 1391 1826 1445 inter
1860 1401 2039 1446 temet-

454 1485 628 1554 ipsum
662 1484 833 1537 solum
866 1499 884 1537 :
918 1499 1023 1538 non
1058 1491 1347 1537 correctum
1379 1492 1577 1549 autem,
1600 1498 1781 1537 coram
1812 1499 1916 1537 uno
1947 1500 2038 1537 ar-

453 1593 574 1647 gue,
606 1585 655 1630 et
689 1593 868 1630 coram
898 1575 1026 1639 alio,
1059 1575 1247 1631 deinde
1294 1592 1476 1629 rursus
1502 1576 1559 1629 in
1608 1573 1872 1640 Ecclesia,
1919 1592 2038 1629 cum

456 1682 622 1734 neque
665 1683 843 1720 coram
888 1665 997 1719 illis
1038 1666 1341 1735 increpatus
1376 1675 1636 1719 correctus
1664 1666 1822 1735 fuerit
1858 1665 1925 1717 ²⁶.
1968 1665 2039 1719 Ει

456 1759 549 1813 hic
573 1759 796 1828 quidem
829 1773 954 1814 cum
991 1759 1190 1814 dixerit
1226 1772 1242 1812 :
1276 1759 1359 1813 Ne
1388 1757 1563 1812 oderis
1598 1758 1821 1827 fratrem
1856 1764 2032 1823 tuum,

455 1848 664 1902 addidit
690 1865 706 1902 :

525 1939 606 1993 Ne
622 1938 816 1992 habeas
838 1954 994 2007 super
1016 1937 1108 1991 illo
1136 1948 1426 2007 peccatum.
1467 1939 1547 1993 ibi
1574 1948 1760 1994 autem
1789 1946 1846 1993 et
1886 1936 2033 2008 quod

452 2042 740 2102 peccatum
799 2031 1077 2096 ostendit,
1117 2031 1195 2085 ait
1239 2032 1389 2086 enim
1417 2030 1519 2086 :Si
1572 2048 1677 2085 non
1728 2032 2034 2085 dimiseritis

453 2122 770 2187 hominibus,
804 2139 896 2175 nec
951 2122 1119 2176 Pater
1146 2132 1315 2177 vester
1362 2125 1592 2178 dimittet
1619 2123 1759 2178 vobis
1816 2133 2033 2191 peccata

450 2225 622 2269 vestra
654 2216 720 2267 ³⁷.
747 2215 860 2280 llic,
918 2229 1028 2269 non
1077 2232 1290 2285 quaeres
1332 2217 1616 2283 ultionem,
1666 2234 1765 2287 per
1806 2216 2033 2270 Paulum

451 2318 634 2360 autem
663 2324 675 2358 :
706 2305 826 2359 Non
849 2307 1184 2375 vosmetipsos
1213 2309 1559 2374 vindicantes,
1590 2310 1913 2374 charissimi,
1944 2310 2036 2362 sed

449 2401 574 2451 date
592 2398 762 2451 locum
789 2399 885 2452 ine
908 2400 974 2452 ³⁸.
1010 2397 1171 2453 Nunc
1200 2400 1338 2454 dixit
1358 2416 1455 2470 per
1482 2402 1616 2472 legis
1644 2402 1845 2455 librum
1878 2420 1892 2456 :
1923 2399 2036 2455 Nec

451 2504 662 2542 tuemur
686 2489 795 2543 eris
824 2488 1040 2559 injuriae
1058 2490 1283 2545 civium.
1303 2490 1408 2544 Per
1430 2492 1789 2562 Evangelium
1813 2501 1998 2547 autem
2018 2511 2032 2546 ε

450 2581 631 2637 Omnis
660 2584 750 2651 qui
781 2583 1033 2636 nascitur
1083 2584 1242 2653 fratri
1264 2599 1379 2648 suo,
1411 2584 1533 2638 sine
1576 2599 1761 2650 causa,
1797 2601 1916 2639 reus
1961 2594 2036 2639 est

441 2675 650 2744 judicio
677 2672 770 2727 ²⁸”.
804 2673 1033 2743 l’rOpter
1075 2674 1224 2743 quod
1262 2690 1357 2731 eos
1390 2678 1741 2730 canteriatam
1790 2679 2037 2733 habentes

449 2784 607 2822 suam
624 2768 998 2820 conscientiam
1026 2768 1072 2799 "
1118 2767 1319 2822 Paulus
1376 2767 1700 2824 nominavit.
1732 2769 2037 2826 Vestimen-

451 2868 569 2914 tum
591 2869 777 2913 autem
800 2858 1185 2925 abominabile,
1215 2873 1281 2914 ex
1312 2859 1530 2915 duobus
1582 2871 1902 2918 contentum
1952 2864 2037 2918 in-

452 2952 592 3017 duit,
621 2953 713 3022 qui
738 2952 874 3007 dicit
897 2967 956 3008 se
993 2951 1276 3009 Christum
1305 2953 1553 3020 adorare,
1578 2964 1635 3010 et
1690 2956 1882 3012 adorat
1924 2957 2038 3012 dse-

451 3061 667 3111 mones,
689 3046 780 3114 qui
810 3045 956 3100 Solis
975 3044 1204 3115 iustitia:
1233 3059 1293 3100 se
1312 3060 1570 3101 asserens
1597 3047 1851 3113 militem,
1871 3049 2037 3104 etiam

451 3138 723 3192 visibilem
747 3138 913 3202 hunc,
941 3144 998 3191 et
1020 3138 1117 3207 qui
1153 3138 1222 3193 ad
1252 3139 1621 3194 ministerium
1646 3150 1913 3197 creaturae
1940 3142 2034 3197 da-

452 3236 542 3281 tus
571 3235 655 3282 est
685 3228 853 3282 solem
887 3230 1085 3298 placat,
1118 3229 1207 3282 vel
1246 3210 1471 3299 reliqua
1523 3231 1722 3298 sidera,
1778 3242 1873 3287 aut
1931 3235 2033 3288 ali-

450 3321 584 3390 quid
617 3320 946 3389 hujusmodi,
975 3320 1119 3374 sicut
1144 3320 1428 3376 Manichaei
1475 3331 1531 3377 et
1554 3322 1646 3376 alii
1691 3323 1842 3377 multi
1864 3324 2036 3378 haere-

452 3413 947 3469 ticifaciunt.Unde
963 3429 1063 3483 pro
1084 3414 1317 3484 reprobo
1338 3414 2036 3480 etabominabili,'l‘heodo-

452 3507 566 3563 tion
586 3505 804 3560 Saturne
822 3506 1014 3571 edidit,
1030 3506 1108 3560 sic
1127 3507 1317 3575 utique
1334 3506 1622 3562 inveniens
1638 3507 1695 3561 in
1714 3507 1962 3570 Hebraso,
1980 3518 2034 3562 et

450 3615 785 3655 conservans
803 3601 949 3654 sicut
974 3600 1206 3667 invenit,
1236 3609 1297 3654 ut
1315 3602 1537 3655 nomine
1568 3600 1790 3654 Saturae
1822 3601 2035 3670 planior

450 3691 774 3762 legislatoris
792 3691 1022 3745 etlicitur
1037 3691 1286 3746 intentio.
1303 3692 1423 3745 Non
1456 3692 1569 3746 vult
1601 3693 1746 3746 enim
1768 3708 1889 3757 nos,
1908 3709 2031 3747 cum

450 3784 621 3838 simus
639 3783 754 3849 Dei,
772 3784 1054 3838 diabolicis
1075 3784 1367 3838 immisceri
1384 3785 1637 3856 negotiis,
1652 3800 1828 3854 neque
1871 3785 2032 3839 simul

449 3876 792 3930 orationibus
821 3886 879 3931 et
926 3876 1392 3933 incantationibus
1433 3893 1651 3943 vacare,
1684 3894 1788 3932 nec
1842 3860 2033 3948 phyla-

447 3970 634 4025 cteriis
706 3969 968 4024 Ecclesia:
1040 3969 1181 4037 Dei,
1242 3979 1666 4040 sanctorumque
1737 3972 1978 4025 virorum
2014 4010 2028 4036 ,

446 4064 535 4118 vel
564 4080 595 4117 e
622 4064 841 4117 diverso
860 4078 1153 4133 pravorum
1209 4062 1583 4117 veneﬁcarum
1633 4062 1799 4116 sint-ul
1854 4062 2029 4123 indui,

447 4166 505 4210 et
524 4171 591 4210 ea
610 4170 734 4224 qua:
773 4164 903 4209 sunt
945 4154 1340 4209 daemoniorum
1378 4154 1791 4209 circumducere
1844 4163 2032 4208 sancto

446 4248 694 4318 Spiritui,
724 4248 782 4301 in
810 4263 940 4317 quo,
965 4250 1040 4302 ait
1072 4247 1296 4312 Paulus,
1328 4246 1521 4316 signati
1550 4260 1742 4299 sumus
1762 4246 1830 4300 ³⁶-.
1850 4247 2033 4301 ltece-

447 4340 530 4394 dit
567 4340 736 4404 enim,
770 4349 960 4402 utpote
1016 4354 1314 4408 perpessus
1351 4338 1764 4403 contumeliam,
1794 4348 1849 4392 et
1885 4341 2030 4394 obti-

446 4434 602 4488 nebit
660 4434 976 4487 immundus
1004 4434 1234 4501 spiritus
1265 4468 1283 4497 ,
1329 4439 1387 4485 et
1435 4431 1672 4501 patietur
1719 4432 2030 4501 llUJmeOdl

445 4527 590 4596 quod
624 4526 752 4580 Saul
784 4526 1012 4595 pertulit
1028 4522 1364 4594 “'zSpiritus
1377 4534 1558 4578 autem
1588 4524 1801 4577 Domini
1856 4541 2030 4578 reces-

446 4619 515 4670 sit
564 4635 598 4670 a
652 4617 837 4681 Saule,
867 4627 917 4670 et
950 4614 1259 4686 eatagitabat
1288 4631 1407 4669 eum
1445 4615 1665 4685 spiritus
1703 4615 1801 4670 Dei
1829 4618 2023 4671 malus.

444 4707 717 4775 Nonquia
750 4707 891 4762 Deus
915 4705 1221 4762 transmisit
1260 4706 1488 4771 malum,
1510 4707 1604 4761 sed
1642 4708 1770 4776 quia
1820 4708 2024 4778 permi-

443 4803 517 4855 sit
540 4798 793 4855 obtinere
814 4814 941 4853 eum
964 4799 1062 4869 qui
1085 4799 1236 4852 illum
1257 4798 1440 4869 elegit.

522 4890 684 4945 Vens.
721 4890 912 4945 20—93.
942 4909 961 4941 ‹
1004 4893 1181 4947 Homo
1220 4891 1265 4945 si
1299 4889 1587 4951 dormierit
1612 4905 1737 4945 cum
1792 4890 2026 4945 muliere

442 4982 592 5037 coitu
619 4982 863 5045 seminis,
893 4997 1014 5052 quae
1043 4983 1110 5037 sit
1146 4982 1341 5036 ancilla
1367 4981 1528 5035 etiam
1580 4981 1804 5044 nubilis,
1837 4991 1894 5037 et
1940 4989 2024 5035 ta-

444 5089 573 5129 men
626 5074 806 5144 pretio
851 5091 959 5129 non
1011 5075 1315 5144 redempta,
1343 5089 1448 5128 nec
1492 5074 1745 5129 libertate
1797 5075 2022 5139 donata,

440 5167 780 5237 vapulabunt
808 5170 989 5233 amho,
1020 5176 1077 5221 et
1105 5183 1215 5222 non
1238 5169 1562 5232 morientur,
1598 5168 1725 5237 quia
1767 5182 1879 5220 non
1922 5164 2024 5220 fuit

441 5254 636 5310 libera.
664 5257 767 5311 Pro
811 5256 1014 5312 delicto
1063 5266 1246 5311 autem
1295 5272 1399 5312 suo
1434 5257 1633 5312 ederet
1681 5255 1912 5312 Domino
1950 5255 2022 5310 ad

441 5346 640 5401 ostium
672 5348 1009 5403 tabernaculi
1076 5348 1374 5403 testimonii
1423 5350 1672 5415 arietem,
1732 5348 2023 5416 orabitque

442 5453 540 5508 pro
566 5456 632 5495 eo
651 5442 930 5508 sacerdos,
956 5451 1013 5496 et
1032 5457 1129 5513 pro
1161 5442 1361 5496 delicto
1387 5443 1506 5513 ejus
1539 5458 1724 5497 coram
1769 5442 2021 5507 Domino,

439 5538 498 5584 et
518 5533 965 5602 repropitiabitur
985 5534 1056 5599 ei,
1081 5534 1492 5603 dimitteturque
1519 5543 1821 5605 peccatum.
1856 5554 1875 5584 ι

547 5786 591 5853 f3
613 5782 875 5852 Matth.v,
908 5787 992 5839 l7.
1069 5787 1114 5818 "
1145 5787 1333 5842 Matth.
1356 5790 1601 5853 xvm,l5.
1678 5790 1722 5820 ²⁷
1760 5788 1947 5842 Matth.
1971 5805 2043 5851 vt,
2077 5789 2164 5843 l5.
2244 5791 2287 5820 ’⁸
2319 5789 2475 5842 Rom.
2508 5807 2603 5853 χιι,
2638 5790 2725 5845 l9.

442 5851 589 5916 ",2.
641 5854 707 5909 .'°
729 5855 931 5924 Ephcs.
962 5874 1035 5922 ιν,
1062 5856 1150 5913 ⁸50.
1217 5861 1283 5892 ³⁰”
1306 5860 1326 5913 ι
1352 5851 1625 5932 lleg.xnx,
1658 5861 1711 5916 9.
1790 5860 1829 5893 ³³
1853 5859 2013 5911 ιὶοηι.

2150 5861 2201 5913 4.
2281 5860 2326 5891 δ’
2350 5858 2465 5913 Gal.
2494 5851 2675 5927 ιν,Ξῖ.

2137 569 2431 626 ostendere
2486 585 2587 639 per
2635 584 2701 624 ea
2726 583 2846 638 quae
2876 583 3026 623 nunc
3056 568 3199 623 dicta
3240 576 3402 631 sunt.
3438 569 3665 642 legislstor

2138 662 2405 729 intendit;
2435 658 2563 717 nam
2590 662 2645 716 in
2671 676 2735 716 ea
2776 676 2899 730 qua:
2937 660 3109 715 libera
3136 667 3220 715 est
3245 659 3569 730 desponsata,
3593 666 3669 720 ad-

2138 753 2397 807 ulterium
2412 766 2537 808 esse
2554 751 2820 809 delictum
2831 752 2953 821 ejus
2972 750 3205 820 quicum
3230 765 3293 805 ea
3311 749 3587 809 fornicatus
3604 766 3669 811 est

2137 845 2353 908 asserit,
2383 842 2682 912 mortisque
2717 858 2892 913 paena:
2907 858 3032 897 eum
3046 842 3327 912 subjacere
3363 844 3591 900 sancivit.
3621 846 3669 900 lu

2136 932 2334 987 ancilla
2353 942 2531 986 autem
2548 931 2734 996 nubili,
2747 932 2895 1001 quod
2914 930 3268 1002 Septuaginta
3282 931 3571 996 ediderunt,
3584 932 3671 988 Cu-

2137 1025 2311 1081 stodia
2338 1024 2559 1086 homini,
2590 1022 2643 1077 id
2673 1031 2779 1089 est,
2809 1022 3159 1092 desponsata,
3179 1021 3503 1077 absolvensa
3520 1039 3668 1092 ptena,

2138 1114 2465 1172 sacriﬁcium
2477 1115 2635 1185 jubet
2652 1114 2852 1170 offerre
2866 1128 3015 1179 eum,
3040 1112 3132 1183 qui
3149 1113 3209 1167 in
3226 1128 3345 1168 eam
3370 1115 3609 1183 peccavit,
3619 1131 3672 1171 ex

2139 1208 2244 1263 hac
2267 1206 2515 1262 sensibili
2536 1205 2801 1262 servitute
2844 1204 3240 1276 intelligibilcm
3280 1205 3466 1260 volens
3519 1215 3672 1260 osten-

2136 1298 2290 1353 dere.
2321 1297 2509 1368 Neque
2562 1298 2711 1353 enim
2762 1296 3025 1366 praecepit
3068 1295 3124 1349 in
3165 1295 3390 1350 ancillas
3424 1296 3673 1365 quaslibet,

2137 1399 2343 1461 quanto
2397 1389 2573 1462 magis
2630 1390 2992 1459 desponsatas
3030 1387 3293 1443 delictum
3347 1387 3676 1443 fornicationis

2137 1482 2372 1549 admitti,
2411 1482 2506 1538 sed
2540 1482 2792 1537 ancillam
2828 1481 3238 1552 desponsatam,
3271 1480 3385 1535 sive
3416 1481 3677 1536 custodiam

2139 1574 2347 1630 homini
2377 1572 2692 1630 Judmorum
2718 1573 2850 1629 dicit
2877 1572 3234 1644 Syuagogam,
3263 1588 3384 1642 qua:
3407 1571 3503 1643 legi
3529 1582 3676 1627 custo~

2137 1665 2249 1720 dita
2275 1673 2379 1731 est,
2410 1679 2513 1719 nec
2545 1665 2812 1735 despondi
2848 1664 3088 1731 Christo,
3114 1665 3433 1734 priusquam
3473 1679 3677 1719 morere-

2140 1766 2230 1812 tur
2281 1757 2415 1827 legis
2457 1756 2664 1822 littera,
2694 1764 2929 1826 poterat.
2959 1755 3115 1811 Unde
3152 1767 3207 1812 et
3232 1755 3434 1811 Paulus
3462 1756 3676 1810 dicebat:

2064 1830 2114 1927 Β.
2137 1844 2299 1916 Ergo,
2324 1846 2536 1917 fratres,
2566 1855 2615 1899 et
2661 1862 2748 1899 vos
2796 1847 2990 1899 mortui
3041 1847 3165 1900 estis
3217 1846 3344 1915 legi,
3390 1863 3478 1916 per
3528 1862 3678 1916 corpus

2136 1936 2349 2003 Christi,
2408 1945 2466 1990 ut
2513 1937 2628 1990 sitis
2685 1937 2926 2002 alterius,
2964 1938 3055 2007 qui
3113 1953 3178 1990 ea:
3220 1938 3441 1990 mortuis
3485 1953 3679 1991 resurre-

2133 2029 2212 2081 xit
2235 2029 2304 2084 ".
2337 2028 2458 2099 Ipse
2480 2037 2684 2092 autem,
2712 2029 2964 2083 ancillam
2990 2044 3111 2085 esse
3129 2028 3445 2084 Judaeorum
3474 2027 3679 2099 Synago-

2132 2137 2279 2192 gam,
2307 2123 2423 2177 haec
2461 2122 2651 2177 dicens
2672 2123 2893 2178 docuit:
2931 2122 3070 2188 Quia
3118 2124 3390 2177 Abraham
3426 2125 3547 2177 duos
3571 2123 3679 2190 ﬁlios

2134 2216 2341 2281 habuit,
2364 2232 2527 2270 unum
2555 2232 2620 2271 ex
2643 2216 2864 2283 ancilla,
2888 2227 2940 2270 et
2965 2233 3129 2270 unum
3148 2232 3213 2270 eo:
3233 2216 3398 2271 libera
3428 2217 3491 2269 ³³.
3515 2218 3680 2273 Deinde

2135 2324 2300 2379 quam
2327 2309 2498 2362 voluit
2524 2309 2778 2364 ancillam
2827 2309 3074 2379 intelligi,
3114 2324 3401 2379 exponens
3442 2310 3677 2365 subdidit:

2136 2396 2265 2462 Qua:
2293 2407 2412 2451 sunt
2440 2414 2535 2467 per
2563 2398 2876 2469 allegoriam
2904 2399 3045 2451 dicta
3074 2415 3093 2462 ,'
3119 2399 3231 2453 ha'c
3261 2401 3403 2453 enim
3447 2409 3556 2453 sunt
3602 2402 3680 2454 duo

2138 2500 2471 2554 testamenta,
2497 2508 2660 2545 unum
2681 2493 2891 2563 quidem
2925 2509 2988 2547 ea:
3036 2506 3210 2547 monte
3235 2493 3369 2547 Sina
3396 2495 3450 2547 in
3496 2497 3679 2549 servitu-

2139 2593 2240 2637 tem
2292 2599 2566 2653 gcnerans,
2589 2585 2729 2652 quod
2780 2594 2854 2639 est
2889 2585 3054 2655 Agar.
3083 2583 3216 2638 Sina
3254 2596 3433 2638 autem
3463 2602 3594 2639 mons
3625 2595 3679 2639 est

2138 2675 2195 2728 in
2244 2675 2460 2738 Arabia,
2492 2676 2797 2744 conjunctus
2844 2678 2911 2741 ei,
2941 2693 3058 2746 quin
3108 2694 3246 2731 nunc
3301 2687 3377 2732 est
3408 2678 3678 2741 Jerusalem,

2138 2783 2254 2837 qua:
2279 2768 2434 2820 servit
2459 2767 2524 2821 ³³.
2557 2766 2693 2822 Cum
2725 2769 2828 2823 hac
2861 2784 2991 2841 ergo
3021 2770 3064 2825 si
3085 2771 3210 2840 quis
3239 2771 3521 2826 dormierit
3565 2773 3678 2826 coitu

2139 2858 2384 2927 seminis,
2424 2860 2478 2915 id
2507 2870 2611 2926 est,
2642 2861 2732 2931 qui
2774 2862 2940 2932 hujus
2964 2863 3239 2934 particeps
3282 2865 3506 2921 edoctus
3550 2866 3679 2920 fuerit

2138 2952 2421 3018 doctrinae,
2456 2954 2518 3006 in
2580 2964 2790 3010 tantum
2839 2963 2897 3009 ut
2943 2957 3309 3028 coniungatur
3353 2960 3425 3024 ei,
3471 2969 3522 3013 ct
3561 2969 3681 3014 coeat

2140 3060 2265 3100 cum
2297 3061 2383 3111 ea,
2416 3061 2513 3116 per
2568 3047 2704 3117 legis
2744 3047 2997 3103 videlicet
3057 3052 3549 3116 conversationem,
3586 3054 3680 3122 quia

2142 3153 2311 3191 unum
2349 3138 2695 3206 reperiuntur
2747 3139 2801 3194 bi
2824 3140 2918 3210 qui
2964 3141 3069 3196 sibi
3112 3143 3388 3215 coniugali
3448 3146 3679 3200 consortio

2141 3231 2420 3285 sociantur
2444 3236 2655 3297 (semen
2684 3241 2867 3286 autem
2900 3249 2999 3302 pro
3038 3234 3330 3289 doctrinali
3363 3238 3521 3291 verbo
3542 3236 3681 3304 accipi

2140 3322 2362 3385 debere,
2398 3322 2853 3392 multipliciteriu
2886 3323 2993 3377 hoc
3024 3323 3272 3379 Levitico
3328 3326 3467 3381 libro
3512 3326 3683 3395 pridem

2141 3412 2691 3486 demonstravimus);
2737 3417 3050 3487 quicunque
3096 3434 3225 3490 ergo
3262 3428 3551 3491 antequam
3592 3419 3683 3473 hac

2142 3522 2241 3576 per
2260 3507 2552 3562 adventum
2585 3508 2788 3563 Christi
2810 3509 3158 3574 liberaretur,
3192 3512 3300 3568 hoc
3324 3513 3543 3579 fecerat,
3570 3520 3683 3566 ηοω

2142 3615 2251 3652 non
2276 3599 2645 3653 moriebatur:
2675 3615 2802 3653 nam
2848 3610 2903 3655 et
2932 3602 2982 3655 si
3008 3604 3321 3659 secundum
3376 3605 3612 3667 litteram,
3641 3612 3683 3657 et

2141 3708 2249 3747 non
2304 3691 2606 3746 secundum
2639 3693 2892 3762 spiritum
2928 3694 3104 3765 legem
3154 3697 3477 3767 accipiebat,
3528 3710 3683 3766 quem-

2140 3785 2787 3877 admodum'udseorum‘
2803 3786 2962 3843 docet
3001 3787 3305 3860 Synagoga,
3337 3790 3529 3845 ancilla
3566 3793 3683 3860 juste

2140 3879 2473 3943 nominatur,
2497 3879 2624 3948 quia
2664 3879 2988 3951 legislatoris
3013 3881 3376 3937 intentionem
3419 3881 3679 3954 ignorabat.

2139 3966 2328 4027 Servus
2349 3981 2552 4033 autem,
2574 3969 2717 4023 sicut
2737 3969 2874 4024 dixit
2901 3969 3171 4034 Christus,
3198 3972 3361 4025 nescit
3403 3971 3680 4025 voluntatem

2143 4061 2344 4115 domitu
2382 4062 2466 4115 sui
2494 4060 2568 4126 ³⁵,
2619 4070 2675 4115 et
2720 4071 3007 4131 pr0pterea
3040 4052 3373 4133 delinquere
3420 4062 3677 4119 dicebatur.

2141 4152 2630 4222 remissionemque
2657 4153 3022 4208 necessariam
3052 4154 3312 4219 habebat,
3344 4155 3465 4225 quia
3487 4151 3680 4209 domini-

2139 4261 2262 4298 cum
2291 4253 2620 4316 praeceptum
2662 4261 2770 4302 non
2809 4247 3111 4302 secundum
3151 4248 3482 4304 dominicam
3530 4245 3680 4301 stude-

2138 4339 2232 4392 bat
2254 4339 2610 4393 voluntatem.
2649 4339 3036 4396 Verumtamen
3067 4341 3196 4410 quia
3223 4359 3336 4398 non
3378 4342 3551 4397 adhuc
3590 4346 3682 4392 erat

2138 4429 2388 4490 liberata,
2421 4439 2711 4501 propterea
2740 4433 2952 4487 occulta
2986 4443 3106 4488 erat
3136 4435 3279 4504 legis
3308 4431 3677 4503 contemplatio.

2139 4520 2294 4577 Unde
2315 4529 2371 4577 et
2394 4531 2609 4592 tempus
2639 4523 2925 4578 videbatur
2954 4524 3157 4579 habere
3192 4525 3530 4581 conversatio
3564 4522 3680 4576 litte-

2132 4630 2228 4675 rae.
2250 4630 2352 4669 nec
2397 4623 2573 4669 morte
2602 4616 2799 4686 subjici
2840 4616 3119 4680 dicuntur,
3151 4627 3208 4671 et
3242 4618 3594 4673 visitationem
3617 4611 3679 4665 eis

2130 4706 2402 4776 promisit.
2432 4708 2568 4761 Nam
2596 4707 2743 4777 quod
2773 4717 2961 4765 nostra
2989 4710 3273 4764 translatio
3308 4709 3508 4764 habet:
3541 4707 3679 4775 Vapu-

2130 4796 2313 4851 labunt
2361 4798 2533 4863 ambo,
2561 4799 2921 4869 Septuaginta
2973 4800 3183 4862 dicunt,
3228 4800 3466 4856 l’isitatio
3495 4799 3582 4854 erit
3605 4797 3676 4853 eis.

2127 4898 2306 4943 etnon
2337 4891 2650 4944 morientur.
2688 4889 3069 4947 Visitationem
3106 4901 3293 4948 autem
3331 4893 3410 4948 eis
3443 4886 3676 4963 promisil.

2132 4983 2187 5038 id
2214 4992 2305 5038 est
2334 5000 2364 5039 a
2393 4984 2528 5054 legis
2543 4985 2807 5041 servitute
2832 4986 3161 5043 libertatem.
3200 4990 3320 5044 Mos
3351 4988 3489 5043 enim
3521 4994 3593 5040 est
3614 4980 3676 5037 div

2133 5079 2276 5135 vinas
2303 5079 2621 5149 Scriptum,
2642 5080 2979 5147 libertatem,
3008 5083 3373 5138 visitationem
3419 5074 3672 5152 appellari:

2130 5188 2259 5227 nam
2284 5181 2338 5226 et
2378 5173 2761 5239 liberationem
2793 5175 3080 5231 servitutis
3137 5175 3400 5247 Egyptian
3447 5166 3674 5227 visitatio-

2128 5280 2257 5319 nem
2289 5265 2601 5321 invenimus
2620 5265 2790 5321 Deum
2811 5266 3208 5335 nominantcm,
3232 5268 3449 5339 quando
3474 5266 3535 5319 ad
3556 5261 3673 5329 Moy-

2127 5368 2225 5408 sen
2264 5353 2483 5409 dicebat
2518 5372 2530 5407 :
2569 5352 2810 5411 Convoca
2856 5359 3085 5413 seniores
3141 5360 3371 5415 ﬁliorum
3432 5355 3586 5411 Israel
3635 5355 3671 5401 ει

2126 5446 2265 5498 dices
2290 5445 2363 5499 ad
2387 5462 2473 5499 eos
2505 5462 2522 5500 :
2563 5445 2817 5502 Dominus
2848 5447 2990 5504 Deus
3018 5460 3235 5520 patrum
3279 5461 3549 5506 vestrorum
3592 5455 3671 5509 ap-

2128 5539 2307 5605 paruit
2339 5539 2489 5604 mihi,
2521 5539 2660 5595 Deus
2684 5540 2975 5609 Abraham,
3028 5554 3079 5598 et
3112 5544 3254 5600 Deus
3286 5544 3455 5610 Isaac,
3478 5550 3523 5595 et
3559 5537 3668 5591 Deut

2834 5792 2897 5823 η·
2930 5791 3121 5848 Matth.
3154 5812 3208 5862 ν,
3241 5794 3349 5862 ea,
3432 5790 3473 5822 ιο
3502 5789 3519 5843 ι
3552 5784 3665 5862 riga.

2759 5862 2805 5895 ⁸³
2830 5863 2962 5919 ibid.
2991 5855 3203 5919 2385..
3265 5866 3309 5896 ³*
3329 5860 3456 5918 Luc.
3482 5875 3572 5914 ιη.
3594 5855 3638 5899 7‘
