  <div class='ocr_page' id='page_1' title='image "/cluster/home/n/w/nwhite01/storage/ocr_20150623/93/coo.31924054869973/528.png"; bbox 0 0 3892 6456; ppageno 0'>
   <div class='ocr_carea' id='block_1_1' title="bbox 242 375 383 446">
    <p class='ocr_par' dir='ltr' id='par_1_1' title="bbox 242 375 383 446">
     <span class='ocr_line' id='line_1_1' title="bbox 242 375 383 446; baseline 0 -4"><span class='ocrx_word' id='word_1_1' title='bbox 242 375 383 446; x_wconf 81' lang='lat'><strong>1033</strong></span> 
     </span>
    </p>
   </div>
   <div class='ocr_carea' id='block_1_2' title="bbox 1368 373 2379 439">
    <p class='ocr_par' dir='ltr' id='par_1_2' title="bbox 1368 373 2379 439">
     <span class='ocr_line' id='line_1_2' title="bbox 1368 373 2379 439; baseline 0 -2"><span class='ocrx_word' id='word_1_2' title='bbox 1368 375 1453 438; x_wconf 83' lang='lat' dir='ltr'><strong>IN</strong></span> <span class='ocrx_word' id='word_1_3' title='bbox 1504 373 1947 439; x_wconf 85' lang='lat' dir='ltr'><strong>LEVITICUM.</strong></span> <span class='ocrx_word' id='word_1_4' title='bbox 1980 398 2055 411; x_wconf 84' lang='lat'><strong>-</strong></span> <span class='ocrx_word' id='word_1_5' title='bbox 2089 375 2240 436; x_wconf 90' lang='lat' dir='ltr'><strong>LIB.</strong></span> <span class='ocrx_word' id='word_1_6' title='bbox 2276 375 2379 439; x_wconf 86' lang='lat' dir='ltr'><strong>VI.</strong></span> 
     </span>
    </p>
   </div>
   <div class='ocr_carea' id='block_1_3' title="bbox 3363 386 3503 453">
    <p class='ocr_par' dir='ltr' id='par_1_3' title="bbox 3363 386 3503 453">
     <span class='ocr_line' id='line_1_3' title="bbox 3363 386 3503 453; baseline 0.014 -2"><span class='ocrx_word' id='word_1_7' title='bbox 3363 386 3503 453; x_wconf 63' lang='lat' dir='ltr'><strong>103i</strong></span> 
     </span>
    </p>
   </div>
   <div class='ocr_carea' id='block_1_4' title="bbox 235 491 3507 575">
    <p class='ocr_par' dir='ltr' id='par_1_4' title="bbox 235 491 3507 575">
     <span class='ocr_line' id='line_1_4' title="bbox 235 491 3507 575; baseline 0.004 -27"><span class='ocrx_word' id='word_1_8' title='bbox 235 493 421 559; x_wconf 78' lang='lat' dir='ltr'><strong>Iacob,</strong></span> <span class='ocrx_word' id='word_1_9' title='bbox 443 495 617 551; x_wconf 85' lang='lat' dir='ltr'><strong>dicens</strong></span> <span class='ocrx_word' id='word_1_10' title='bbox 645 512 662 550; x_wconf 90' lang='lat'><strong><em>:</em></strong></span> <span class='ocrx_word' id='word_1_11' title='bbox 702 495 930 551; x_wconf 84' lang='lat' dir='ltr'><strong>Visitans</strong></span> <span class='ocrx_word' id='word_1_12' title='bbox 961 496 1167 551; x_wconf 73' lang='lat' dir='ltr'><strong>visitavi</strong></span> <span class='ocrx_word' id='word_1_13' title='bbox 1194 511 1283 550; x_wconf 85' lang='lat' dir='ltr'><strong>vos</strong></span> <span class='ocrx_word' id='word_1_14' title='bbox 1339 504 1390 549; x_wconf 83' lang='lat' dir='ltr'><strong>et</strong></span> <span class='ocrx_word' id='word_1_15' title='bbox 1410 494 1516 549; x_wconf 83' lang='lat' dir='ltr'><strong>vidi</strong></span> <span class='ocrx_word' id='word_1_16' title='bbox 1565 508 1817 564; x_wconf 75' lang='lat' dir='ltr'><strong>quwcun-</strong></span> <span class='ocrx_word' id='word_1_17' title='bbox 1845 504 1892 558; x_wconf 77' lang='grc' dir='ltr'><strong>Α</strong></span> <span class='ocrx_word' id='word_1_18' title='bbox 1922 500 2068 546; x_wconf 87' lang='lat' dir='ltr'><strong>ctum</strong></span> <span class='ocrx_word' id='word_1_19' title='bbox 2105 491 2313 548; x_wconf 90' lang='lat' dir='ltr'><strong>bonum</strong></span> <span class='ocrx_word' id='word_1_20' title='bbox 2340 492 2654 550; x_wconf 70' lang='lat' dir='ltr'><strong>Iudaeorum</strong></span> <span class='ocrx_word' id='word_1_21' title='bbox 2682 496 2941 567; x_wconf 85' lang='lat' dir='ltr'><strong>populum</strong></span> <span class='ocrx_word' id='word_1_22' title='bbox 2964 506 3092 555; x_wconf 90' lang='lat' dir='ltr'><strong>ante</strong></span> <span class='ocrx_word' id='word_1_23' title='bbox 3121 499 3336 558; x_wconf 80' lang='lat' dir='ltr'><strong>Domini</strong></span> <span class='ocrx_word' id='word_1_24' title='bbox 3360 518 3507 575; x_wconf 67' lang='lat' dir='ltr'><strong>pra:-</strong></span> 
     </span>
    </p>
   </div>
   <div class='ocr_carea' id='block_1_5' title="bbox 235 582 1819 658">
    <p class='ocr_par' dir='ltr' id='par_1_5' title="bbox 235 582 1819 658">
     <span class='ocr_line' id='line_1_5' title="bbox 235 582 1819 658; baseline -0.004 -16"><span class='ocrx_word' id='word_1_25' title='bbox 235 602 338 657; x_wconf 80' lang='lat' dir='ltr'><strong>que</strong></span> <span class='ocrx_word' id='word_1_26' title='bbox 365 597 642 641; x_wconf 75' lang='lat' dir='ltr'><strong>evenerunt</strong></span> <span class='ocrx_word' id='word_1_27' title='bbox 660 588 800 642; x_wconf 75' lang='lat' dir='ltr'><strong>vobis</strong></span> <span class='ocrx_word' id='word_1_28' title='bbox 823 590 880 641; x_wconf 85' lang='lat' dir='ltr'><strong>in</strong></span> <span class='ocrx_word' id='word_1_29' title='bbox 908 587 1158 658; x_wconf 64' lang='lat' dir='ltr'><strong>Egypto,</strong></span> <span class='ocrx_word' id='word_1_30' title='bbox 1191 596 1239 641; x_wconf 90' lang='lat' dir='ltr'><strong>et</strong></span> <span class='ocrx_word' id='word_1_31' title='bbox 1275 586 1384 640; x_wconf 77' lang='lat' dir='ltr'><strong>dixi</strong></span> <span class='ocrx_word' id='word_1_32' title='bbox 1409 599 1428 637; x_wconf 89' lang='lat'><strong><em>:</em></strong></span> <span class='ocrx_word' id='word_1_33' title='bbox 1459 582 1716 638; x_wconf 86' lang='lat' dir='ltr'><strong>Liberabo</strong></span> <span class='ocrx_word' id='word_1_34' title='bbox 1731 599 1819 637; x_wconf 83' lang='lat' dir='ltr'><strong>uos</strong></span> 
     </span>
    </p>
   </div>
   <div class='ocr_carea' id='block_1_6' title="bbox 234 677 1819 750">
    <p class='ocr_par' dir='ltr' id='par_1_6' title="bbox 234 677 1819 750">
     <span class='ocr_line' id='line_1_6' title="bbox 234 677 1819 750; baseline 0 -19"><span class='ocrx_word' id='word_1_35' title='bbox 234 692 303 731; x_wconf 75' lang='lat' dir='ltr'><strong>ea:</strong></span> <span class='ocrx_word' id='word_1_36' title='bbox 330 679 669 747; x_wconf 74' lang='lat' dir='ltr'><strong>oppressione</strong></span> <span class='ocrx_word' id='word_1_37' title='bbox 689 677 1061 750; x_wconf 75' lang='lat' dir='ltr'><strong>.Egyptiorum</strong></span> <span class='ocrx_word' id='word_1_38' title='bbox 1090 679 1157 732; x_wconf 76' lang='grc'><strong>³³.</strong></span> <span class='ocrx_word' id='word_1_39' title='bbox 1184 678 1386 748; x_wconf 80' lang='lat' dir='ltr'><strong>Aperte</strong></span> <span class='ocrx_word' id='word_1_40' title='bbox 1408 691 1537 748; x_wconf 88' lang='lat' dir='ltr'><strong>ergo</strong></span> <span class='ocrx_word' id='word_1_41' title='bbox 1564 692 1665 746; x_wconf 88' lang='lat' dir='ltr'><strong>per</strong></span> <span class='ocrx_word' id='word_1_42' title='bbox 1684 692 1819 746; x_wconf 70' lang='lat' dir='ltr'><strong>pra:-</strong></span> 
     </span>
    </p>
   </div>
   <div class='ocr_carea' id='block_1_7' title="bbox 232 766 1817 841">
    <p class='ocr_par' dir='ltr' id='par_1_7' title="bbox 232 766 1817 841">
     <span class='ocr_line' id='line_1_7' title="bbox 232 766 1817 841; baseline -0.002 -18"><span class='ocrx_word' id='word_1_43' title='bbox 232 779 449 823; x_wconf 84' lang='lat' dir='ltr'><strong>sentem</strong></span> <span class='ocrx_word' id='word_1_44' title='bbox 480 769 655 841; x_wconf 86' lang='lat' dir='ltr'><strong>legem</strong></span> <span class='ocrx_word' id='word_1_45' title='bbox 683 768 908 825; x_wconf 87' lang='lat' dir='ltr'><strong>visitare</strong></span> <span class='ocrx_word' id='word_1_46' title='bbox 936 785 1031 825; x_wconf 91' lang='lat' dir='ltr'><strong>eos</strong></span> <span class='ocrx_word' id='word_1_47' title='bbox 1089 769 1338 839; x_wconf 79' lang='lat' dir='ltr'><strong>permisit</strong></span> <span class='ocrx_word' id='word_1_48' title='bbox 1368 783 1466 839; x_wconf 90' lang='lat' dir='ltr'><strong>per</strong></span> <span class='ocrx_word' id='word_1_49' title='bbox 1491 766 1695 823; x_wconf 92' lang='lat' dir='ltr'><strong>Christi</strong></span> <span class='ocrx_word' id='word_1_50' title='bbox 1748 766 1817 821; x_wconf 88' lang='lat' dir='ltr'><strong>li-</strong></span> 
     </span>
    </p>
   </div>
   <div class='ocr_carea' id='block_1_8' title="bbox 229 858 1818 931">
    <p class='ocr_par' dir='ltr' id='par_1_8' title="bbox 229 858 1818 931">
     <span class='ocr_line' id='line_1_8' title="bbox 229 858 1818 931; baseline -0.001 -15"><span class='ocrx_word' id='word_1_51' title='bbox 229 861 667 924; x_wconf 86' lang='lat' dir='ltr'><strong>berationem,de</strong></span> <span class='ocrx_word' id='word_1_52' title='bbox 691 876 795 931; x_wconf 90' lang='lat' dir='ltr'><strong>qua</strong></span> <span class='ocrx_word' id='word_1_53' title='bbox 809 860 1096 916; x_wconf 77' lang='lat' dir='ltr'><strong>manifeste</strong></span> <span class='ocrx_word' id='word_1_54' title='bbox 1116 861 1403 917; x_wconf 83' lang='lat' dir='ltr'><strong>Zacharias</strong></span> <span class='ocrx_word' id='word_1_55' title='bbox 1415 876 1514 931; x_wconf 92' lang='lat' dir='ltr'><strong>per</strong></span> <span class='ocrx_word' id='word_1_56' title='bbox 1531 858 1818 915; x_wconf 77' lang='lat' dir='ltr'><strong>Canticum</strong></span> 
     </span>
    </p>
   </div>
   <div class='ocr_carea' id='block_1_9' title="bbox 230 951 1817 1021">
    <p class='ocr_par' dir='ltr' id='par_1_9' title="bbox 230 951 1817 1021">
     <span class='ocr_line' id='line_1_9' title="bbox 230 951 1817 1021; baseline -0.001 -15"><span class='ocrx_word' id='word_1_57' title='bbox 230 967 396 1007; x_wconf 90' lang='lat' dir='ltr'><strong>suum</strong></span> <span class='ocrx_word' id='word_1_58' title='bbox 424 953 559 1007; x_wconf 83' lang='lat' dir='ltr'><strong>dixit</strong></span> <span class='ocrx_word' id='word_1_59' title='bbox 591 971 603 1007; x_wconf 92' lang='lat'><strong>:</strong></span> <span class='ocrx_word' id='word_1_60' title='bbox 635 952 949 1008; x_wconf 79' lang='lat' dir='ltr'><strong>Benedictus</strong></span> <span class='ocrx_word' id='word_1_61' title='bbox 999 953 1251 1007; x_wconf 75' lang='lat' dir='ltr'><strong>Dominus</strong></span> <span class='ocrx_word' id='word_1_62' title='bbox 1287 952 1429 1007; x_wconf 85' lang='lat' dir='ltr'><strong>Deus</strong></span> <span class='ocrx_word' id='word_1_63' title='bbox 1471 951 1661 1016; x_wconf 83' lang='lat' dir='ltr'><strong>Israel,</strong></span> <span class='ocrx_word' id='word_1_64' title='bbox 1693 953 1817 1021; x_wconf 85' lang='lat' dir='ltr'><strong>quia</strong></span> 
     </span>
    </p>
   </div>
   <div class='ocr_carea' id='block_1_10' title="bbox 227 1043 1821 1113">
    <p class='ocr_par' dir='ltr' id='par_1_10' title="bbox 227 1043 1821 1113">
     <span class='ocr_line' id='line_1_10' title="bbox 227 1043 1821 1113; baseline 0.001 -17"><span class='ocrx_word' id='word_1_65' title='bbox 227 1044 487 1109; x_wconf 76' lang='lat' dir='ltr'><strong>uisitauit,</strong></span> <span class='ocrx_word' id='word_1_66' title='bbox 511 1050 562 1098; x_wconf 87' lang='lat' dir='ltr'><strong>et</strong></span> <span class='ocrx_word' id='word_1_67' title='bbox 611 1045 732 1099; x_wconf 78' lang='lat' dir='ltr'><strong>fecit</strong></span> <span class='ocrx_word' id='word_1_68' title='bbox 794 1045 1203 1113; x_wconf 79' lang='lat' dir='ltr'><strong>redemptionem</strong></span> <span class='ocrx_word' id='word_1_69' title='bbox 1229 1044 1393 1113; x_wconf 70' lang='lat' dir='ltr'><strong>phebis</strong></span> <span class='ocrx_word' id='word_1_70' title='bbox 1417 1059 1530 1098; x_wconf 70' lang='lat' dir='ltr'><strong>sua:</strong></span> <span class='ocrx_word' id='word_1_71' title='bbox 1561 1044 1628 1096; x_wconf 77' lang='lat'><strong>“.</strong></span> <span class='ocrx_word' id='word_1_72' title='bbox 1680 1043 1821 1098; x_wconf 83' lang='lat' dir='ltr'><strong>Dicit</strong></span> 
     </span>
    </p>
   </div>
   <div class='ocr_carea' id='block_1_11' title="bbox 227 1134 1819 1204">
    <p class='ocr_par' dir='ltr' id='par_1_11' title="bbox 227 1134 1819 1204">
     <span class='ocr_line' id='line_1_11' title="bbox 227 1134 1819 1204; baseline 0 -16"><span class='ocrx_word' id='word_1_73' title='bbox 227 1135 378 1189; x_wconf 89' lang='lat' dir='ltr'><strong>enim</strong></span> <span class='ocrx_word' id='word_1_74' title='bbox 408 1135 783 1191; x_wconf 90' lang='lat' dir='ltr'><strong>liberationem</strong></span> <span class='ocrx_word' id='word_1_75' title='bbox 820 1151 983 1204; x_wconf 87' lang='lat' dir='ltr'><strong>quam</strong></span> <span class='ocrx_word' id='word_1_76' title='bbox 1025 1135 1282 1191; x_wconf 83' lang='lat' dir='ltr'><strong>Christus</strong></span> <span class='ocrx_word' id='word_1_77' title='bbox 1330 1136 1386 1190; x_wconf 89' lang='lat' dir='ltr'><strong>in</strong></span> <span class='ocrx_word' id='word_1_78' title='bbox 1425 1134 1713 1199; x_wconf 89' lang='lat' dir='ltr'><strong>sacriﬁcio,</strong></span> <span class='ocrx_word' id='word_1_79' title='bbox 1762 1142 1819 1188; x_wconf 90' lang='lat' dir='ltr'><strong>et</strong></span> 
     </span>
    </p>
   </div>
   <div class='ocr_carea' id='block_1_12' title="bbox 224 1227 1818 1298">
    <p class='ocr_par' dir='ltr' id='par_1_12' title="bbox 224 1227 1818 1298">
     <span class='ocr_line' id='line_1_12' title="bbox 224 1227 1818 1298; baseline 0 -19"><span class='ocrx_word' id='word_1_80' title='bbox 224 1227 544 1296; x_wconf 77' lang='lat' dir='ltr'><strong>evangelica</strong></span> <span class='ocrx_word' id='word_1_81' title='bbox 604 1228 1047 1291; x_wconf 88' lang='lat' dir='ltr'><strong>conversatione,</strong></span> <span class='ocrx_word' id='word_1_82' title='bbox 1076 1229 1266 1283; x_wconf 67' lang='lat' dir='ltr'><strong>Iudaeo</strong></span> <span class='ocrx_word' id='word_1_83' title='bbox 1295 1228 1554 1298; x_wconf 87' lang='lat' dir='ltr'><strong>primum,</strong></span> <span class='ocrx_word' id='word_1_84' title='bbox 1584 1235 1639 1281; x_wconf 92' lang='lat' dir='ltr'><strong>et</strong></span> <span class='ocrx_word' id='word_1_85' title='bbox 1692 1234 1818 1296; x_wconf 87' lang='lat' dir='ltr'><strong>post</strong></span> 
     </span>
    </p>
   </div>
   <div class='ocr_carea' id='block_1_13' title="bbox 228 1315 1847 1387">
    <p class='ocr_par' dir='ltr' id='par_1_13' title="bbox 228 1315 1847 1387">
     <span class='ocr_line' id='line_1_13' title="bbox 228 1315 1847 1387; baseline -0.001 -19"><span class='ocrx_word' id='word_1_86' title='bbox 228 1316 338 1370; x_wconf 90' lang='lat' dir='ltr'><strong>hoc</strong></span> <span class='ocrx_word' id='word_1_87' title='bbox 358 1315 565 1379; x_wconf 63' lang='lat' dir='ltr'><strong>Graeco,</strong></span> <span class='ocrx_word' id='word_1_88' title='bbox 584 1318 883 1372; x_wconf 87' lang='lat' dir='ltr'><strong>secundum</strong></span> <span class='ocrx_word' id='word_1_89' title='bbox 902 1318 1048 1387; x_wconf 90' lang='lat' dir='ltr'><strong>quod</strong></span> <span class='ocrx_word' id='word_1_90' title='bbox 1068 1318 1206 1372; x_wconf 76' lang='lat' dir='ltr'><strong>dixit</strong></span> <span class='ocrx_word' id='word_1_91' title='bbox 1222 1315 1813 1386; x_wconf 77' lang='lat' dir='ltr'><strong>Apostolus,pr:estitit.</strong></span> <span class='ocrx_word' id='word_1_92' title='bbox 1842 1382 1847 1387; x_wconf 89' lang='lat'>_</span> 
     </span>
    </p>
   </div>
   <div class='ocr_carea' id='block_1_14' title="bbox 223 1407 1813 1479">
    <p class='ocr_par' dir='ltr' id='par_1_14' title="bbox 223 1407 1813 1479">
     <span class='ocr_line' id='line_1_14' title="bbox 223 1407 1813 1479; baseline -0.002 -19"><span class='ocrx_word' id='word_1_93' title='bbox 223 1407 323 1460; x_wconf 80' lang='lat' dir='ltr'><strong>Ait</strong></span> <span class='ocrx_word' id='word_1_94' title='bbox 345 1408 490 1461; x_wconf 87' lang='lat' dir='ltr'><strong>enim</strong></span> <span class='ocrx_word' id='word_1_95' title='bbox 515 1408 582 1462; x_wconf 92' lang='lat' dir='ltr'><strong>de</strong></span> <span class='ocrx_word' id='word_1_96' title='bbox 613 1407 906 1479; x_wconf 83' lang='lat' dir='ltr'><strong>Evangelia</strong></span> <span class='ocrx_word' id='word_1_97' title='bbox 926 1409 1073 1478; x_wconf 88' lang='lat' dir='ltr'><strong>quod</strong></span> <span class='ocrx_word' id='word_1_98' title='bbox 1098 1425 1127 1463; x_wconf 90' lang='lat' dir='ltr'><strong>a</strong></span> <span class='ocrx_word' id='word_1_99' title='bbox 1152 1408 1383 1463; x_wconf 90' lang='lat' dir='ltr'><strong>Domino</strong></span> <span class='ocrx_word' id='word_1_100' title='bbox 1408 1410 1671 1463; x_wconf 89' lang='lat' dir='ltr'><strong>donatum</strong></span> <span class='ocrx_word' id='word_1_101' title='bbox 1696 1415 1813 1460; x_wconf 89' lang='lat' dir='ltr'><strong>est:</strong></span> 
     </span>
    </p>
   </div>
   <div class='ocr_carea' id='block_1_15' title="bbox 227 1497 1815 1567">
    <p class='ocr_par' dir='ltr' id='par_1_15' title="bbox 227 1497 1815 1567">
     <span class='ocr_line' id='line_1_15' title="bbox 227 1497 1815 1567; baseline -0.001 -16"><span class='ocrx_word' id='word_1_102' title='bbox 227 1497 405 1551; x_wconf 70' lang='lat' dir='ltr'><strong>Virtus</strong></span> <span class='ocrx_word' id='word_1_103' title='bbox 439 1499 533 1552; x_wconf 88' lang='lat' dir='ltr'><strong>Dei</strong></span> <span class='ocrx_word' id='word_1_104' title='bbox 558 1509 632 1553; x_wconf 89' lang='lat' dir='ltr'><strong>est</strong></span> <span class='ocrx_word' id='word_1_105' title='bbox 663 1499 719 1551; x_wconf 87' lang='lat' dir='ltr'><strong>in</strong></span> <span class='ocrx_word' id='word_1_106' title='bbox 746 1499 971 1553; x_wconf 83' lang='lat' dir='ltr'><strong>salutem</strong></span> <span class='ocrx_word' id='word_1_107' title='bbox 994 1500 1136 1554; x_wconf 86' lang='lat' dir='ltr'><strong>omni</strong></span> <span class='ocrx_word' id='word_1_108' title='bbox 1159 1500 1410 1564; x_wconf 79' lang='lat' dir='ltr'><strong>credenti,</strong></span> <span class='ocrx_word' id='word_1_109' title='bbox 1439 1498 1623 1552; x_wconf 75' lang='lat' dir='ltr'><strong>Judwo</strong></span> <span class='ocrx_word' id='word_1_110' title='bbox 1646 1499 1815 1567; x_wconf 84' lang='lat' dir='ltr'><strong>primo</strong></span> 
     </span>
    </p>
   </div>
   <div class='ocr_carea' id='block_1_16' title="bbox 219 1588 1814 1661">
    <p class='ocr_par' dir='ltr' id='par_1_16' title="bbox 219 1588 1814 1661">
     <span class='ocr_line' id='line_1_16' title="bbox 219 1588 1814 1661; baseline 0 -19"><span class='ocrx_word' id='word_1_111' title='bbox 219 1601 273 1642; x_wconf 89' lang='lat' dir='ltr'><strong>et</strong></span> <span class='ocrx_word' id='word_1_112' title='bbox 342 1588 521 1643; x_wconf 72' lang='grc' dir='ltr'><strong>σταιοο</strong></span> <span class='ocrx_word' id='word_1_113' title='bbox 548 1590 612 1642; x_wconf 85' lang='grc'><strong>³⁷.</strong></span> <span class='ocrx_word' id='word_1_114' title='bbox 646 1590 761 1645; x_wconf 73' lang='lat' dir='ltr'><strong>Non</strong></span> <span class='ocrx_word' id='word_1_115' title='bbox 816 1592 1119 1646; x_wconf 88' lang='lat' dir='ltr'><strong>secundum</strong></span> <span class='ocrx_word' id='word_1_116' title='bbox 1163 1591 1398 1661; x_wconf 84' lang='lat' dir='ltr'><strong>aliquam</strong></span> <span class='ocrx_word' id='word_1_117' title='bbox 1456 1604 1814 1660; x_wconf 88' lang='lat' dir='ltr'><strong>personarum</strong></span> 
     </span>
    </p>
   </div>
   <div class='ocr_carea' id='block_1_17' title="bbox 219 1682 1815 1753">
    <p class='ocr_par' dir='ltr' id='par_1_17' title="bbox 219 1682 1815 1753">
     <span class='ocr_line' id='line_1_17' title="bbox 219 1682 1815 1753; baseline -0.001 -19"><span class='ocrx_word' id='word_1_118' title='bbox 219 1684 622 1753; x_wconf 86' lang='lat' dir='ltr'><strong>acceptioncm,</strong></span> <span class='ocrx_word' id='word_1_119' title='bbox 650 1683 743 1738; x_wconf 89' lang='lat' dir='ltr'><strong>sed</strong></span> <span class='ocrx_word' id='word_1_120' title='bbox 774 1683 899 1753; x_wconf 84' lang='lat' dir='ltr'><strong>quia</strong></span> <span class='ocrx_word' id='word_1_121' title='bbox 928 1683 1087 1753; x_wconf 87' lang='lat' dir='ltr'><strong>primi</strong></span> <span class='ocrx_word' id='word_1_122' title='bbox 1118 1682 1294 1738; x_wconf 72' lang='lat' dir='ltr'><strong>Judaei</strong></span> <span class='ocrx_word' id='word_1_123' title='bbox 1318 1684 1459 1737; x_wconf 87' lang='lat' dir='ltr'><strong>hanc</strong></span> <span class='ocrx_word' id='word_1_124' title='bbox 1478 1682 1709 1737; x_wconf 79' lang='lat' dir='ltr'><strong>salutem</strong></span> <span class='ocrx_word' id='word_1_125' title='bbox 1758 1688 1815 1734; x_wconf 90' lang='lat' dir='ltr'><strong>et</strong></span> 
     </span>
    </p>
   </div>
   <div class='ocr_carea' id='block_1_18' title="bbox 220 1773 1814 1846">
    <p class='ocr_par' dir='ltr' id='par_1_18' title="bbox 220 1773 1814 1846">
     <span class='ocr_line' id='line_1_18' title="bbox 220 1773 1814 1846; baseline 0.003 -20"><span class='ocrx_word' id='word_1_126' title='bbox 220 1773 621 1840; x_wconf 86' lang='lat' dir='ltr'><strong>liberationem,</strong></span> <span class='ocrx_word' id='word_1_127' title='bbox 656 1784 847 1846; x_wconf 82' lang='lat' dir='ltr'><strong>utpote</strong></span> <span class='ocrx_word' id='word_1_128' title='bbox 897 1777 1063 1830; x_wconf 88' lang='lat' dir='ltr'><strong>etiam</strong></span> <span class='ocrx_word' id='word_1_129' title='bbox 1100 1776 1235 1830; x_wconf 87' lang='lat' dir='ltr'><strong>alios</strong></span> <span class='ocrx_word' id='word_1_130' title='bbox 1267 1775 1613 1839; x_wconf 88' lang='lat' dir='ltr'><strong>seducentes,</strong></span> <span class='ocrx_word' id='word_1_131' title='bbox 1648 1776 1814 1830; x_wconf 84' lang='lat' dir='ltr'><strong>babe-</strong></span> 
     </span>
    </p>
   </div>
   <div class='ocr_carea' id='block_1_19' title="bbox 1926 574 3523 654">
    <p class='ocr_par' dir='ltr' id='par_1_19' title="bbox 1926 574 3523 654">
     <span class='ocr_line' id='line_1_19' title="bbox 1926 574 3523 654; baseline 0.009 -17"><span class='ocrx_word' id='word_1_132' title='bbox 1926 583 2156 638; x_wconf 84' lang='lat' dir='ltr'><strong>sentiam</strong></span> <span class='ocrx_word' id='word_1_133' title='bbox 2207 584 2471 654; x_wconf 88' lang='lat' dir='ltr'><strong>potuisse.</strong></span> <span class='ocrx_word' id='word_1_134' title='bbox 2517 584 2627 641; x_wconf 89' lang='lat' dir='ltr'><strong>Cur</strong></span> <span class='ocrx_word' id='word_1_135' title='bbox 2673 587 2821 643; x_wconf 91' lang='lat' dir='ltr'><strong>enim</strong></span> <span class='ocrx_word' id='word_1_136' title='bbox 2870 590 3110 646; x_wconf 89' lang='lat' dir='ltr'><strong>triennio</strong></span> <span class='ocrx_word' id='word_1_137' title='bbox 3138 574 3376 651; x_wconf 87' lang='lat' dir='ltr'><strong>fructum</strong></span> <span class='ocrx_word' id='word_1_138' title='bbox 3423 574 3523 652; x_wconf 33' lang='lat' dir='ltr'><strong>eis‘</strong></span> 
     </span>
    </p>
   </div>
   <div class='ocr_carea' id='block_1_20' title="bbox 1925 673 3506 745">
    <p class='ocr_par' dir='ltr' id='par_1_20' title="bbox 1925 673 3506 745">
     <span class='ocr_line' id='line_1_20' title="bbox 1925 673 3506 745; baseline 0.008 -17"><span class='ocrx_word' id='word_1_139' title='bbox 1925 673 2103 729; x_wconf 87' lang='lat' dir='ltr'><strong>omnis</strong></span> <span class='ocrx_word' id='word_1_140' title='bbox 2128 673 2259 745; x_wconf 85' lang='lat' dir='ltr'><strong>ligni</strong></span> <span class='ocrx_word' id='word_1_141' title='bbox 2290 690 2400 730; x_wconf 91' lang='lat' dir='ltr'><strong>non</strong></span> <span class='ocrx_word' id='word_1_142' title='bbox 2420 690 2542 732; x_wconf 90' lang='lat' dir='ltr'><strong>esse</strong></span> <span class='ocrx_word' id='word_1_143' title='bbox 2566 677 2814 734; x_wconf 89' lang='lat' dir='ltr'><strong>esibilem</strong></span> <span class='ocrx_word' id='word_1_144' title='bbox 2854 680 3106 737; x_wconf 85' lang='lat' dir='ltr'><strong>dicebat?</strong></span> <span class='ocrx_word' id='word_1_145' title='bbox 3126 681 3234 739; x_wconf 85' lang='lat' dir='ltr'><strong>Sed</strong></span> <span class='ocrx_word' id='word_1_146' title='bbox 3260 700 3363 742; x_wconf 90' lang='lat' dir='ltr'><strong>nec</strong></span> <span class='ocrx_word' id='word_1_147' title='bbox 3393 686 3506 741; x_wconf 85' lang='lat' dir='ltr'><strong>ullo</strong></span> 
     </span>
    </p>
   </div>
   <div class='ocr_carea' id='block_1_21' title="bbox 1926 767 3507 846">
    <p class='ocr_par' dir='ltr' id='par_1_21' title="bbox 1926 767 3507 846">
     <span class='ocr_line' id='line_1_21' title="bbox 1926 767 3507 846; baseline 0.009 -26"><span class='ocrx_word' id='word_1_148' title='bbox 1926 767 2087 822; x_wconf 93' lang='lat' dir='ltr'><strong>modo</strong></span> <span class='ocrx_word' id='word_1_149' title='bbox 2107 769 2510 832; x_wconf 87' lang='lat' dir='ltr'><strong>mundum,sed</strong></span> <span class='ocrx_word' id='word_1_150' title='bbox 2545 779 2602 826; x_wconf 83' lang='lat' dir='ltr'><strong>et</strong></span> <span class='ocrx_word' id='word_1_151' title='bbox 2648 772 3058 829; x_wconf 89' lang='lat' dir='ltr'><strong>mundationem</strong></span> <span class='ocrx_word' id='word_1_152' title='bbox 3115 784 3312 846; x_wconf 89' lang='lat' dir='ltr'><strong>quarto</strong></span> <span class='ocrx_word' id='word_1_153' title='bbox 3357 793 3507 835; x_wconf 88' lang='lat' dir='ltr'><strong>anno</strong></span> 
     </span>
    </p>
   </div>
   <div class='ocr_carea' id='block_1_22' title="bbox 1928 862 3508 938">
    <p class='ocr_par' dir='ltr' id='par_1_22' title="bbox 1928 862 3508 938">
     <span class='ocr_line' id='line_1_22' title="bbox 1928 862 3508 938; baseline 0.009 -24"><span class='ocrx_word' id='word_1_154' title='bbox 1928 862 2291 917; x_wconf 82' lang='lat' dir='ltr'><strong>necessariam</strong></span> <span class='ocrx_word' id='word_1_155' title='bbox 2323 863 2638 921; x_wconf 88' lang='lat' dir='ltr'><strong>habentem.</strong></span> <span class='ocrx_word' id='word_1_156' title='bbox 2670 866 2737 920; x_wconf 88' lang='lat' dir='ltr'><strong>Et</strong></span> <span class='ocrx_word' id='word_1_157' title='bbox 2765 882 2884 938; x_wconf 75' lang='lat' dir='ltr'><strong>qua:</strong></span> <span class='ocrx_word' id='word_1_158' title='bbox 2909 869 3026 924; x_wconf 84' lang='lat' dir='ltr'><strong>haec</strong></span> <span class='ocrx_word' id='word_1_159' title='bbox 3052 879 3174 925; x_wconf 89' lang='lat' dir='ltr'><strong>erat</strong></span> <span class='ocrx_word' id='word_1_160' title='bbox 3198 872 3508 930; x_wconf 79' lang='lat' dir='ltr'><strong>mundatio?</strong></span> 
     </span>
    </p>
   </div>
   <div class='ocr_carea' id='block_1_23' title="bbox 1925 949 3505 1031">
    <p class='ocr_par' dir='ltr' id='par_1_23' title="bbox 1925 949 3505 1031">
     <span class='ocr_line' id='line_1_23' title="bbox 1925 949 3505 1031; baseline 0.009 -29"><span class='ocrx_word' id='word_1_161' title='bbox 1925 949 2042 1003; x_wconf 85' lang='lat' dir='ltr'><strong>Non</strong></span> <span class='ocrx_word' id='word_1_162' title='bbox 2072 953 2337 1021; x_wconf 88' lang='lat' dir='ltr'><strong>aspersio,</strong></span> <span class='ocrx_word' id='word_1_163' title='bbox 2369 967 2479 1007; x_wconf 90' lang='lat' dir='ltr'><strong>non</strong></span> <span class='ocrx_word' id='word_1_164' title='bbox 2515 953 2864 1022; x_wconf 87' lang='lat' dir='ltr'><strong>sacriﬁcium,</strong></span> <span class='ocrx_word' id='word_1_165' title='bbox 2903 972 3013 1012; x_wconf 88' lang='lat' dir='ltr'><strong>non</strong></span> <span class='ocrx_word' id='word_1_166' title='bbox 3041 958 3187 1014; x_wconf 86' lang='lat' dir='ltr'><strong>aliud</strong></span> <span class='ocrx_word' id='word_1_167' title='bbox 3222 961 3505 1031; x_wconf 84' lang='lat' dir='ltr'><strong>quidpiam</strong></span> 
     </span>
    </p>
   </div>
   <div class='ocr_carea' id='block_1_24' title="bbox 1927 1040 3504 1113">
    <p class='ocr_par' dir='ltr' id='par_1_24' title="bbox 1927 1040 3504 1113">
     <span class='ocr_line' id='line_1_24' title="bbox 1927 1040 3504 1113; baseline 0.006 -18"><span class='ocrx_word' id='word_1_168' title='bbox 1927 1040 2260 1112; x_wconf 88' lang='lat' dir='ltr'><strong>hujusmodi,</strong></span> <span class='ocrx_word' id='word_1_169' title='bbox 2285 1044 2445 1113; x_wconf 91' lang='lat' dir='ltr'><strong>quale</strong></span> <span class='ocrx_word' id='word_1_170' title='bbox 2482 1045 2589 1100; x_wconf 91' lang='lat' dir='ltr'><strong>alio</strong></span> <span class='ocrx_word' id='word_1_171' title='bbox 2627 1046 2747 1102; x_wconf 91' lang='lat' dir='ltr'><strong>loco</strong></span> <span class='ocrx_word' id='word_1_172' title='bbox 2772 1049 3072 1104; x_wconf 85' lang='lat' dir='ltr'><strong>secundum</strong></span> <span class='ocrx_word' id='word_1_173' title='bbox 3108 1051 3348 1106; x_wconf 87' lang='lat' dir='ltr'><strong>litteram</strong></span> <span class='ocrx_word' id='word_1_174' title='bbox 3413 1051 3504 1105; x_wconf 80' lang='lat' dir='ltr'><strong>lex</strong></span> 
     </span>
    </p>
   </div>
   <div class='ocr_carea' id='block_1_25' title="bbox 1925 1135 3505 1211">
    <p class='ocr_par' dir='ltr' id='par_1_25' title="bbox 1925 1135 3505 1211">
     <span class='ocr_line' id='line_1_25' title="bbox 1925 1135 3505 1211; baseline 0.006 -24"><span class='ocrx_word' id='word_1_175' title='bbox 1925 1135 2202 1204; x_wconf 85' lang='lat' dir='ltr'><strong>praecepit.</strong></span> <span class='ocrx_word' id='word_1_176' title='bbox 2228 1135 2370 1207; x_wconf 81' lang='lat' dir='ltr'><strong>Ergo</strong></span> <span class='ocrx_word' id='word_1_177' title='bbox 2397 1148 2555 1192; x_wconf 88' lang='lat' dir='ltr'><strong>vocat</strong></span> <span class='ocrx_word' id='word_1_178' title='bbox 2589 1139 2900 1195; x_wconf 87' lang='lat' dir='ltr'><strong>necessarie</strong></span> <span class='ocrx_word' id='word_1_179' title='bbox 2956 1142 3025 1196; x_wconf 89' lang='lat' dir='ltr'><strong>ad</strong></span> <span class='ocrx_word' id='word_1_180' title='bbox 3087 1141 3505 1211; x_wconf 86' lang='lat' dir='ltr'><strong>contemplatio-</strong></span> 
     </span>
    </p>
   </div>
   <div class='ocr_carea' id='block_1_26' title="bbox 1923 1224 3500 1305">
    <p class='ocr_par' dir='ltr' id='par_1_26' title="bbox 1923 1224 3500 1305">
     <span class='ocr_line' id='line_1_26' title="bbox 1923 1224 3500 1305; baseline 0.008 -29"><span class='ocrx_word' id='word_1_181' title='bbox 1923 1236 2050 1278; x_wconf 89' lang='lat' dir='ltr'><strong>nem</strong></span> <span class='ocrx_word' id='word_1_182' title='bbox 2084 1224 2334 1294; x_wconf 89' lang='lat' dir='ltr'><strong>spiritus,</strong></span> <span class='ocrx_word' id='word_1_183' title='bbox 2364 1241 2488 1282; x_wconf 90' lang='lat' dir='ltr'><strong>eum</strong></span> <span class='ocrx_word' id='word_1_184' title='bbox 2519 1228 2613 1298; x_wconf 87' lang='lat' dir='ltr'><strong>qui</strong></span> <span class='ocrx_word' id='word_1_185' title='bbox 2636 1245 2745 1284; x_wconf 93' lang='lat' dir='ltr'><strong>non</strong></span> <span class='ocrx_word' id='word_1_186' title='bbox 2772 1231 2949 1286; x_wconf 89' lang='lat' dir='ltr'><strong>solum</strong></span> <span class='ocrx_word' id='word_1_187' title='bbox 2992 1233 3242 1289; x_wconf 85' lang='lat' dir='ltr'><strong>meditari</strong></span> <span class='ocrx_word' id='word_1_188' title='bbox 3299 1233 3500 1305; x_wconf 87' lang='lat' dir='ltr'><strong>legem,</strong></span> 
     </span>
    </p>
   </div>
   <div class='ocr_carea' id='block_1_27' title="bbox 1923 1311 3498 1395">
    <p class='ocr_par' dir='ltr' id='par_1_27' title="bbox 1923 1311 3498 1395">
     <span class='ocr_line' id='line_1_27' title="bbox 1923 1311 3498 1395; baseline 0.01 -31"><span class='ocrx_word' id='word_1_189' title='bbox 1923 1311 2019 1366; x_wconf 91' lang='lat' dir='ltr'><strong>sed</strong></span> <span class='ocrx_word' id='word_1_190' title='bbox 2070 1322 2126 1367; x_wconf 90' lang='lat' dir='ltr'><strong>et</strong></span> <span class='ocrx_word' id='word_1_191' title='bbox 2151 1313 2371 1384; x_wconf 90' lang='lat' dir='ltr'><strong>aliquod</strong></span> <span class='ocrx_word' id='word_1_192' title='bbox 2431 1331 2497 1371; x_wconf 79' lang='lat' dir='ltr'><strong>ex</strong></span> <span class='ocrx_word' id='word_1_193' title='bbox 2541 1321 2909 1391; x_wconf 89' lang='lat' dir='ltr'><strong>eapercipere</strong></span> <span class='ocrx_word' id='word_1_194' title='bbox 2929 1324 3277 1378; x_wconf 90' lang='lat' dir='ltr'><strong>commodum</strong></span> <span class='ocrx_word' id='word_1_195' title='bbox 3325 1325 3498 1395; x_wconf 86' lang='lat' dir='ltr'><strong>cupit.</strong></span> 
     </span>
    </p>
   </div>
   <div class='ocr_carea' id='block_1_28' title="bbox 1924 1401 3498 1482">
    <p class='ocr_par' dir='ltr' id='par_1_28' title="bbox 1924 1401 3498 1482">
     <span class='ocr_line' id='line_1_28' title="bbox 1924 1401 3498 1482; baseline 0.01 -26"><span class='ocrx_word' id='word_1_196' title='bbox 1924 1401 2149 1459; x_wconf 87' lang='lat' dir='ltr'><strong>Terram</strong></span> <span class='ocrx_word' id='word_1_197' title='bbox 2173 1421 2307 1477; x_wconf 87' lang='lat' dir='ltr'><strong>ergo</strong></span> <span class='ocrx_word' id='word_1_198' title='bbox 2342 1408 2491 1464; x_wconf 82' lang='lat' dir='ltr'><strong>Deus</strong></span> <span class='ocrx_word' id='word_1_199' title='bbox 2540 1409 2653 1476; x_wconf 88' lang='lat' dir='ltr'><strong>dat,</strong></span> <span class='ocrx_word' id='word_1_200' title='bbox 2688 1427 2852 1482; x_wconf 90' lang='lat' dir='ltr'><strong>quam</strong></span> <span class='ocrx_word' id='word_1_201' title='bbox 2907 1414 3085 1482; x_wconf 89' lang='lat' dir='ltr'><strong>ipsum</strong></span> <span class='ocrx_word' id='word_1_202' title='bbox 3141 1415 3273 1471; x_wconf 90' lang='lat' dir='ltr'><strong>dare</strong></span> <span class='ocrx_word' id='word_1_203' title='bbox 3320 1417 3498 1482; x_wconf 85' lang='lat' dir='ltr'><strong>decet,</strong></span> 
     </span>
    </p>
   </div>
   <div class='ocr_carea' id='block_1_29' title="bbox 1924 1496 3500 1575">
    <p class='ocr_par' dir='ltr' id='par_1_29' title="bbox 1924 1496 3500 1575">
     <span class='ocr_line' id='line_1_29' title="bbox 1924 1496 3500 1575; baseline 0.009 -26"><span class='ocrx_word' id='word_1_204' title='bbox 1924 1496 1978 1550; x_wconf 90' lang='lat' dir='ltr'><strong>id</strong></span> <span class='ocrx_word' id='word_1_205' title='bbox 2005 1506 2111 1563; x_wconf 88' lang='lat' dir='ltr'><strong>est,</strong></span> <span class='ocrx_word' id='word_1_206' title='bbox 2142 1498 2382 1554; x_wconf 85' lang='lat' dir='ltr'><strong>divinam</strong></span> <span class='ocrx_word' id='word_1_207' title='bbox 2413 1501 2775 1572; x_wconf 89' lang='lat' dir='ltr'><strong>Scripturam,</strong></span> <span class='ocrx_word' id='word_1_208' title='bbox 2809 1521 2932 1575; x_wconf 71' lang='lat' dir='ltr'><strong>qua:</strong></span> <span class='ocrx_word' id='word_1_209' title='bbox 2974 1509 3238 1561; x_wconf 88' lang='lat' dir='ltr'><strong>virtutum</strong></span> <span class='ocrx_word' id='word_1_210' title='bbox 3285 1506 3500 1563; x_wconf 75' lang='lat' dir='ltr'><strong>fructus</strong></span> 
     </span>
    </p>
   </div>
   <div class='ocr_carea' id='block_1_30' title="bbox 1922 1587 3499 1668">
    <p class='ocr_par' dir='ltr' id='par_1_30' title="bbox 1922 1587 3499 1668">
     <span class='ocr_line' id='line_1_30' title="bbox 1922 1587 3499 1668; baseline 0.008 -27"><span class='ocrx_word' id='word_1_211' title='bbox 1922 1587 2046 1653; x_wconf 85' lang='lat' dir='ltr'><strong>fert,</strong></span> <span class='ocrx_word' id='word_1_212' title='bbox 2074 1604 2196 1659; x_wconf 77' lang='lat' dir='ltr'><strong>quae</strong></span> <span class='ocrx_word' id='word_1_213' title='bbox 2227 1591 2394 1647; x_wconf 84' lang='lat' dir='ltr'><strong>habet</strong></span> <span class='ocrx_word' id='word_1_214' title='bbox 2423 1592 2567 1649; x_wconf 82' lang='lat' dir='ltr'><strong>illam</strong></span> <span class='ocrx_word' id='word_1_215' title='bbox 2598 1594 2788 1660; x_wconf 90' lang='lat' dir='ltr'><strong>vitam,</strong></span> <span class='ocrx_word' id='word_1_216' title='bbox 2808 1604 2864 1650; x_wconf 89' lang='lat' dir='ltr'><strong>et</strong></span> <span class='ocrx_word' id='word_1_217' title='bbox 2886 1597 3040 1662; x_wconf 81' lang='lat' dir='ltr'><strong>colit,</strong></span> <span class='ocrx_word' id='word_1_218' title='bbox 3069 1598 3186 1652; x_wconf 87' lang='lat' dir='ltr'><strong>sive</strong></span> <span class='ocrx_word' id='word_1_219' title='bbox 3215 1608 3499 1668; x_wconf 82' lang='lat' dir='ltr'><strong>operatur,</strong></span> 
     </span>
    </p>
   </div>
   <div class='ocr_carea' id='block_1_31' title="bbox 1920 1681 3502 1759">
    <p class='ocr_par' dir='ltr' id='par_1_31' title="bbox 1920 1681 3502 1759">
     <span class='ocr_line' id='line_1_31' title="bbox 1920 1681 3502 1759; baseline 0.008 -27"><span class='ocrx_word' id='word_1_220' title='bbox 1920 1694 2083 1749; x_wconf 87' lang='lat' dir='ltr'><strong>quam</strong></span> <span class='ocrx_word' id='word_1_221' title='bbox 2135 1681 2305 1737; x_wconf 88' lang='lat' dir='ltr'><strong>David</strong></span> <span class='ocrx_word' id='word_1_222' title='bbox 2331 1683 2513 1740; x_wconf 88' lang='lat' dir='ltr'><strong>colere</strong></span> <span class='ocrx_word' id='word_1_223' title='bbox 2544 1695 2602 1741; x_wconf 91' lang='lat' dir='ltr'><strong>et</strong></span> <span class='ocrx_word' id='word_1_224' title='bbox 2642 1688 2855 1755; x_wconf 83' lang='lat' dir='ltr'><strong>operari</strong></span> <span class='ocrx_word' id='word_1_225' title='bbox 2886 1690 3179 1759; x_wconf 86' lang='lat' dir='ltr'><strong>promittit,</strong></span> <span class='ocrx_word' id='word_1_226' title='bbox 3209 1690 3306 1745; x_wconf 90' lang='lat' dir='ltr'><strong>ubi</strong></span> <span class='ocrx_word' id='word_1_227' title='bbox 3350 1692 3502 1745; x_wconf 87' lang='lat' dir='ltr'><strong>enim</strong></span> 
     </span>
    </p>
   </div>
   <div class='ocr_carea' id='block_1_32' title="bbox 1924 1769 3503 1849">
    <p class='ocr_par' dir='ltr' id='par_1_32' title="bbox 1924 1769 3503 1849">
     <span class='ocr_line' id='line_1_32' title="bbox 1924 1769 3503 1849; baseline 0.007 -26"><span class='ocrx_word' id='word_1_228' title='bbox 1924 1769 2032 1826; x_wconf 90' lang='lat' dir='ltr'><strong>Deo</strong></span> <span class='ocrx_word' id='word_1_229' title='bbox 2084 1774 2302 1842; x_wconf 89' lang='lat' dir='ltr'><strong>placere</strong></span> <span class='ocrx_word' id='word_1_230' title='bbox 2350 1781 2522 1849; x_wconf 88' lang='lat' dir='ltr'><strong>magis</strong></span> <span class='ocrx_word' id='word_1_231' title='bbox 2584 1778 2767 1844; x_wconf 87' lang='lat' dir='ltr'><strong>homo,</strong></span> <span class='ocrx_word' id='word_1_232' title='bbox 2809 1792 2974 1849; x_wconf 89' lang='lat' dir='ltr'><strong>quam</strong></span> <span class='ocrx_word' id='word_1_233' title='bbox 2996 1779 3053 1832; x_wconf 92' lang='lat' dir='ltr'><strong>in</strong></span> <span class='ocrx_word' id='word_1_234' title='bbox 3102 1779 3395 1845; x_wconf 84' lang='lat' dir='ltr'><strong>mandatis,</strong></span> <span class='ocrx_word' id='word_1_235' title='bbox 3446 1790 3503 1836; x_wconf 89' lang='lat' dir='ltr'><strong>et</strong></span> 
     </span>
    </p>
   </div>
   <div class='ocr_carea' id='block_1_33' title="bbox 217 1854 3502 1941">
    <p class='ocr_par' dir='ltr' id='par_1_33' title="bbox 217 1854 3502 1941">
     <span class='ocr_line' id='line_1_33' title="bbox 217 1854 3502 1941; baseline 0.002 -23"><span class='ocrx_word' id='word_1_236' title='bbox 217 1865 358 1919; x_wconf 88' lang='lat' dir='ltr'><strong>bant</strong></span> <span class='ocrx_word' id='word_1_237' title='bbox 387 1866 770 1921; x_wconf 84' lang='lat' dir='ltr'><strong>necessariam.</strong></span> <span class='ocrx_word' id='word_1_238' title='bbox 793 1866 932 1920; x_wconf 91' lang='lat' dir='ltr'><strong>Cum</strong></span> <span class='ocrx_word' id='word_1_239' title='bbox 987 1867 1073 1920; x_wconf 92' lang='lat' dir='ltr'><strong>his</strong></span> <span class='ocrx_word' id='word_1_240' title='bbox 1095 1867 1188 1935; x_wconf 90' lang='lat' dir='ltr'><strong>qui</strong></span> <span class='ocrx_word' id='word_1_241' title='bbox 1246 1866 1467 1931; x_wconf 87' lang='lat' dir='ltr'><strong>dormit,</strong></span> <span class='ocrx_word' id='word_1_242' title='bbox 1490 1854 1675 1929; x_wconf 77' lang='lat' dir='ltr'><strong>idest,</strong></span> <span class='ocrx_word' id='word_1_243' title='bbox 1719 1866 1815 1935; x_wconf 81' lang='lat' dir='ltr'><strong>qui</strong></span> <span class='ocrx_word' id='word_1_244' title='bbox 1845 1857 1888 1914; x_wconf 78' lang='grc' dir='ltr'><strong>Β</strong></span> <span class='ocrx_word' id='word_1_245' title='bbox 1916 1864 2176 1933; x_wconf 87' lang='lat' dir='ltr'><strong>operibus</strong></span> <span class='ocrx_word' id='word_1_246' title='bbox 2213 1866 2375 1922; x_wconf 85' lang='lat' dir='ltr'><strong>bouis</strong></span> <span class='ocrx_word' id='word_1_247' title='bbox 2403 1878 2622 1938; x_wconf 88' lang='lat' dir='ltr'><strong>potest:</strong></span> <span class='ocrx_word' id='word_1_248' title='bbox 2663 1871 2764 1941; x_wconf 50' lang='lat' dir='ltr'><strong>Ait.</strong></span> <span class='ocrx_word' id='word_1_249' title='bbox 2784 1871 2932 1926; x_wconf 92' lang='lat' dir='ltr'><strong>enim</strong></span> <span class='ocrx_word' id='word_1_250' title='bbox 2969 1888 2982 1924; x_wconf 88' lang='lat'><strong>:</strong></span> <span class='ocrx_word' id='word_1_251' title='bbox 3022 1870 3247 1925; x_wconf 74' lang='lat' dir='ltr'><strong>Placebo</strong></span> <span class='ocrx_word' id='word_1_252' title='bbox 3274 1872 3502 1926; x_wconf 85' lang='lat' dir='ltr'><strong>Domino</strong></span> 
     </span>
    </p>
   </div>
   <div class='ocr_carea' id='block_1_34' title="bbox 217 1957 1815 2026">
    <p class='ocr_par' dir='ltr' id='par_1_34' title="bbox 217 1957 1815 2026">
     <span class='ocr_line' id='line_1_34' title="bbox 217 1957 1815 2026; baseline 0.001 -16"><span class='ocrx_word' id='word_1_253' title='bbox 217 1957 440 2023; x_wconf 88' lang='lat' dir='ltr'><strong>miscet,</strong></span> <span class='ocrx_word' id='word_1_254' title='bbox 493 1966 554 2011; x_wconf 92' lang='lat' dir='ltr'><strong>ut</strong></span> <span class='ocrx_word' id='word_1_255' title='bbox 604 1958 835 2012; x_wconf 86' lang='lat' dir='ltr'><strong>seminis</strong></span> <span class='ocrx_word' id='word_1_256' title='bbox 885 1973 1075 2012; x_wconf 90' lang='lat' dir='ltr'><strong>eorum</strong></span> <span class='ocrx_word' id='word_1_257' title='bbox 1124 1966 1179 2011; x_wconf 90' lang='lat' dir='ltr'><strong>et</strong></span> <span class='ocrx_word' id='word_1_258' title='bbox 1236 1957 1498 2012; x_wconf 59' lang='lat' dir='ltr'><strong>doctrinae</strong></span> <span class='ocrx_word' id='word_1_259' title='bbox 1545 1957 1815 2026; x_wconf 85' lang='lat' dir='ltr'><strong>particeps</strong></span> 
     </span>
    </p>
   </div>
   <div class='ocr_carea' id='block_1_35' title="bbox 214 2048 1813 2121">
    <p class='ocr_par' dir='ltr' id='par_1_35' title="bbox 214 2048 1813 2121">
     <span class='ocr_line' id='line_1_35' title="bbox 214 2048 1813 2121; baseline 0.001 -18"><span class='ocrx_word' id='word_1_260' title='bbox 214 2050 507 2114; x_wconf 81' lang='lat' dir='ltr'><strong>efﬁciatur,</strong></span> <span class='ocrx_word' id='word_1_261' title='bbox 542 2051 668 2105; x_wconf 87' lang='lat' dir='ltr'><strong>huic</strong></span> <span class='ocrx_word' id='word_1_262' title='bbox 694 2067 793 2121; x_wconf 91' lang='lat' dir='ltr'><strong>per</strong></span> <span class='ocrx_word' id='word_1_263' title='bbox 821 2050 1150 2105; x_wconf 89' lang='lat' dir='ltr'><strong>sacriﬁcium</strong></span> <span class='ocrx_word' id='word_1_264' title='bbox 1186 2057 1478 2119; x_wconf 73' lang='lat' dir='ltr'><strong>praestatur</strong></span> <span class='ocrx_word' id='word_1_265' title='bbox 1520 2048 1772 2103; x_wconf 87' lang='lat' dir='ltr'><strong>remissio</strong></span> <span class='ocrx_word' id='word_1_266' title='bbox 1794 2067 1813 2104; x_wconf 88' lang='lat'><strong>:</strong></span> 
     </span>
    </p>
   </div>
   <div class='ocr_carea' id='block_1_36' title="bbox 216 2139 1811 2211">
    <p class='ocr_par' dir='ltr' id='par_1_36' title="bbox 216 2139 1811 2211">
     <span class='ocr_line' id='line_1_36' title="bbox 216 2139 1811 2211; baseline 0.001 -16"><span class='ocrx_word' id='word_1_267' title='bbox 216 2143 315 2195; x_wconf 89' lang='lat' dir='ltr'><strong>sed</strong></span> <span class='ocrx_word' id='word_1_268' title='bbox 345 2157 444 2211; x_wconf 91' lang='lat' dir='ltr'><strong>per</strong></span> <span class='ocrx_word' id='word_1_269' title='bbox 468 2140 699 2205; x_wconf 84' lang='lat' dir='ltr'><strong>Christi,</strong></span> <span class='ocrx_word' id='word_1_270' title='bbox 739 2143 845 2197; x_wconf 89' lang='lat' dir='ltr'><strong>hoc</strong></span> <span class='ocrx_word' id='word_1_271' title='bbox 890 2143 1040 2197; x_wconf 89' lang='lat' dir='ltr'><strong>enim</strong></span> <span class='ocrx_word' id='word_1_272' title='bbox 1101 2141 1427 2196; x_wconf 86' lang='lat' dir='ltr'><strong>sacriﬁcium</strong></span> <span class='ocrx_word' id='word_1_273' title='bbox 1478 2139 1811 2211; x_wconf 86' lang='lat' dir='ltr'><strong>signiﬁcans,</strong></span> 
     </span>
    </p>
   </div>
   <div class='ocr_carea' id='block_1_37' title="bbox 215 2230 1816 2302">
    <p class='ocr_par' dir='ltr' id='par_1_37' title="bbox 215 2230 1816 2302">
     <span class='ocr_line' id='line_1_37' title="bbox 215 2230 1816 2302; baseline 0 -16"><span class='ocrx_word' id='word_1_274' title='bbox 215 2231 452 2286; x_wconf 86' lang='lat' dir='ltr'><strong>arietem</strong></span> <span class='ocrx_word' id='word_1_275' title='bbox 483 2247 586 2301; x_wconf 87' lang='lat' dir='ltr'><strong>pro</strong></span> <span class='ocrx_word' id='word_1_276' title='bbox 614 2241 838 2302; x_wconf 89' lang='lat' dir='ltr'><strong>peccato</strong></span> <span class='ocrx_word' id='word_1_277' title='bbox 891 2232 1150 2302; x_wconf 79' lang='lat' dir='ltr'><strong>praecepit</strong></span> <span class='ocrx_word' id='word_1_278' title='bbox 1192 2230 1400 2295; x_wconf 74' lang='lat' dir='ltr'><strong>offerri,</strong></span> <span class='ocrx_word' id='word_1_279' title='bbox 1429 2240 1486 2285; x_wconf 90' lang='lat' dir='ltr'><strong>et</strong></span> <span class='ocrx_word' id='word_1_280' title='bbox 1543 2246 1642 2300; x_wconf 90' lang='lat' dir='ltr'><strong>per</strong></span> <span class='ocrx_word' id='word_1_281' title='bbox 1693 2231 1816 2301; x_wconf 82' lang='lat' dir='ltr'><strong>ejus</strong></span> 
     </span>
    </p>
   </div>
   <div class='ocr_carea' id='block_1_38' title="bbox 215 2322 1812 2393">
    <p class='ocr_par' dir='ltr' id='par_1_38' title="bbox 215 2322 1812 2393">
     <span class='ocr_line' id='line_1_38' title="bbox 215 2322 1812 2393; baseline -0.001 -17"><span class='ocrx_word' id='word_1_282' title='bbox 215 2323 553 2377; x_wconf 88' lang='lat' dir='ltr'><strong>oblationem</strong></span> <span class='ocrx_word' id='word_1_283' title='bbox 584 2324 928 2378; x_wconf 88' lang='lat' dir='ltr'><strong>sacerdotem</strong></span> <span class='ocrx_word' id='word_1_284' title='bbox 978 2324 1282 2393; x_wconf 81' lang='lat' dir='ltr'><strong>deprecari.</strong></span> <span class='ocrx_word' id='word_1_285' title='bbox 1318 2322 1453 2388; x_wconf 86' lang='lat' dir='ltr'><strong>Quis</strong></span> <span class='ocrx_word' id='word_1_286' title='bbox 1502 2322 1575 2375; x_wconf 87' lang='lat' dir='ltr'><strong>sit</strong></span> <span class='ocrx_word' id='word_1_287' title='bbox 1627 2332 1812 2377; x_wconf 89' lang='lat' dir='ltr'><strong>autem</strong></span> 
     </span>
    </p>
   </div>
   <div class='ocr_carea' id='block_1_39' title="bbox 213 2414 1814 2485">
    <p class='ocr_par' dir='ltr' id='par_1_39' title="bbox 213 2414 1814 2485">
     <span class='ocr_line' id='line_1_39' title="bbox 213 2414 1814 2485; baseline 0.001 -17"><span class='ocrx_word' id='word_1_288' title='bbox 213 2415 335 2480; x_wconf 80' lang='lat' dir='ltr'><strong>hic,</strong></span> <span class='ocrx_word' id='word_1_289' title='bbox 366 2415 456 2482; x_wconf 91' lang='lat' dir='ltr'><strong>qui</strong></span> <span class='ocrx_word' id='word_1_290' title='bbox 492 2431 592 2485; x_wconf 86' lang='lat' dir='ltr'><strong>pro</strong></span> <span class='ocrx_word' id='word_1_291' title='bbox 620 2416 769 2469; x_wconf 90' lang='lat' dir='ltr'><strong>omni</strong></span> <span class='ocrx_word' id='word_1_292' title='bbox 820 2415 1025 2470; x_wconf 88' lang='lat' dir='ltr'><strong>mundo</strong></span> <span class='ocrx_word' id='word_1_293' title='bbox 1053 2415 1396 2484; x_wconf 78' lang='lat' dir='ltr'><strong>deprecatus</strong></span> <span class='ocrx_word' id='word_1_294' title='bbox 1427 2422 1534 2477; x_wconf 88' lang='lat' dir='ltr'><strong>est,</strong></span> <span class='ocrx_word' id='word_1_295' title='bbox 1589 2424 1648 2468; x_wconf 92' lang='lat' dir='ltr'><strong>et</strong></span> <span class='ocrx_word' id='word_1_296' title='bbox 1690 2414 1814 2484; x_wconf 89' lang='lat' dir='ltr'><strong>quis</strong></span> 
     </span>
    </p>
   </div>
   <div class='ocr_carea' id='block_1_40' title="bbox 210 2505 1810 2578">
    <p class='ocr_par' dir='ltr' id='par_1_40' title="bbox 210 2505 1810 2578">
     <span class='ocr_line' id='line_1_40' title="bbox 210 2505 1810 2578; baseline -0.002 -16"><span class='ocrx_word' id='word_1_297' title='bbox 210 2509 385 2574; x_wconf 86' lang='lat' dir='ltr'><strong>aries,</strong></span> <span class='ocrx_word' id='word_1_298' title='bbox 409 2508 501 2576; x_wconf 88' lang='lat' dir='ltr'><strong>qui</strong></span> <span class='ocrx_word' id='word_1_299' title='bbox 545 2523 642 2578; x_wconf 90' lang='lat' dir='ltr'><strong>pro</strong></span> <span class='ocrx_word' id='word_1_300' title='bbox 674 2517 900 2577; x_wconf 88' lang='lat' dir='ltr'><strong>peccato</strong></span> <span class='ocrx_word' id='word_1_301' title='bbox 946 2505 1195 2571; x_wconf 83' lang='lat' dir='ltr'><strong>oll‘ertur,</strong></span> <span class='ocrx_word' id='word_1_302' title='bbox 1235 2514 1290 2560; x_wconf 90' lang='lat' dir='ltr'><strong>et</strong></span> <span class='ocrx_word' id='word_1_303' title='bbox 1335 2521 1431 2560; x_wconf 89' lang='lat' dir='ltr'><strong>cur</strong></span> <span class='ocrx_word' id='word_1_304' title='bbox 1457 2513 1583 2560; x_wconf 89' lang='lat' dir='ltr'><strong>ante</strong></span> <span class='ocrx_word' id='word_1_305' title='bbox 1610 2505 1810 2560; x_wconf 88' lang='lat' dir='ltr'><strong>ostium</strong></span> 
     </span>
    </p>
   </div>
   <div class='ocr_carea' id='block_1_41' title="bbox 212 2597 1814 2654">
    <p class='ocr_par' dir='ltr' id='par_1_41' title="bbox 212 2597 1814 2654">
     <span class='ocr_line' id='line_1_41' title="bbox 212 2597 1814 2654; baseline 0.001 -1"><span class='ocrx_word' id='word_1_306' title='bbox 212 2599 557 2654; x_wconf 85' lang='lat' dir='ltr'><strong>tabernaculi</strong></span> <span class='ocrx_word' id='word_1_307' title='bbox 637 2598 932 2654; x_wconf 90' lang='lat' dir='ltr'><strong>testimonii</strong></span> <span class='ocrx_word' id='word_1_308' title='bbox 1042 2600 1112 2653; x_wconf 90' lang='lat' dir='ltr'><strong>ad</strong></span> <span class='ocrx_word' id='word_1_309' title='bbox 1183 2597 1510 2654; x_wconf 80' lang='lat' dir='ltr'><strong>sacriﬁcium</strong></span> <span class='ocrx_word' id='word_1_310' title='bbox 1579 2599 1814 2654; x_wconf 82' lang='lat' dir='ltr'><strong>deduca-</strong></span> 
     </span>
    </p>
   </div>
   <div class='ocr_carea' id='block_1_42' title="bbox 209 2691 1809 2761">
    <p class='ocr_par' dir='ltr' id='par_1_42' title="bbox 209 2691 1809 2761">
     <span class='ocr_line' id='line_1_42' title="bbox 209 2691 1809 2761; baseline -0.001 -15"><span class='ocrx_word' id='word_1_311' title='bbox 209 2702 331 2753; x_wconf 87' lang='lat' dir='ltr'><strong>tur,</strong></span> <span class='ocrx_word' id='word_1_312' title='bbox 388 2692 482 2745; x_wconf 90' lang='lat' dir='ltr'><strong>sed</strong></span> <span class='ocrx_word' id='word_1_313' title='bbox 513 2701 568 2749; x_wconf 90' lang='lat' dir='ltr'><strong>et</strong></span> <span class='ocrx_word' id='word_1_314' title='bbox 623 2692 755 2761; x_wconf 89' lang='lat' dir='ltr'><strong>quid</strong></span> <span class='ocrx_word' id='word_1_315' title='bbox 802 2691 1024 2761; x_wconf 87' lang='lat' dir='ltr'><strong>proprie</strong></span> <span class='ocrx_word' id='word_1_316' title='bbox 1052 2691 1497 2760; x_wconf 79' lang='lat' dir='ltr'><strong>debeatintelligi</strong></span> <span class='ocrx_word' id='word_1_317' title='bbox 1527 2699 1809 2761; x_wconf 86' lang='lat' dir='ltr'><strong>peccatum</strong></span> 
     </span>
    </p>
   </div>
   <div class='ocr_carea' id='block_1_43' title="bbox 207 2784 1814 2854">
    <p class='ocr_par' dir='ltr' id='par_1_43' title="bbox 207 2784 1814 2854">
     <span class='ocr_line' id='line_1_43' title="bbox 207 2784 1814 2854; baseline -0.001 -16"><span class='ocrx_word' id='word_1_318' title='bbox 207 2784 425 2847; x_wconf 86' lang='lat' dir='ltr'><strong>delicti,</strong></span> <span class='ocrx_word' id='word_1_319' title='bbox 455 2799 519 2838; x_wconf 88' lang='lat' dir='ltr'><strong>ea</strong></span> <span class='ocrx_word' id='word_1_320' title='bbox 554 2800 675 2854; x_wconf 67' lang='lat' dir='ltr'><strong>qua:</strong></span> <span class='ocrx_word' id='word_1_321' title='bbox 702 2784 771 2837; x_wconf 85' lang='lat' dir='ltr'><strong>de</strong></span> <span class='ocrx_word' id='word_1_322' title='bbox 796 2784 1079 2839; x_wconf 83' lang='lat' dir='ltr'><strong>sacriﬁciis</strong></span> <span class='ocrx_word' id='word_1_323' title='bbox 1130 2784 1260 2838; x_wconf 91' lang='lat' dir='ltr'><strong>olim</strong></span> <span class='ocrx_word' id='word_1_324' title='bbox 1302 2784 1517 2838; x_wconf 88' lang='lat' dir='ltr'><strong>sancita</strong></span> <span class='ocrx_word' id='word_1_325' title='bbox 1575 2794 1724 2848; x_wconf 90' lang='lat' dir='ltr'><strong>sunt,</strong></span> <span class='ocrx_word' id='word_1_326' title='bbox 1757 2792 1814 2837; x_wconf 89' lang='lat' dir='ltr'><strong>et</strong></span> 
     </span>
    </p>
   </div>
   <div class='ocr_carea' id='block_1_44' title="bbox 207 2873 1808 2946">
    <p class='ocr_par' dir='ltr' id='par_1_44' title="bbox 207 2873 1808 2946">
     <span class='ocr_line' id='line_1_44' title="bbox 207 2873 1808 2946; baseline -0.002 -16"><span class='ocrx_word' id='word_1_327' title='bbox 207 2877 466 2945; x_wconf 71' lang='lat' dir='ltr'><strong>exposita</strong></span> <span class='ocrx_word' id='word_1_328' title='bbox 491 2886 859 2946; x_wconf 88' lang='lat' dir='ltr'><strong>perscrutans,</strong></span> <span class='ocrx_word' id='word_1_329' title='bbox 897 2878 1146 2931; x_wconf 79' lang='lat' dir='ltr'><strong>invenies</strong></span> <span class='ocrx_word' id='word_1_330' title='bbox 1181 2875 1458 2930; x_wconf 86' lang='lat' dir='ltr'><strong>Christum</strong></span> <span class='ocrx_word' id='word_1_331' title='bbox 1491 2873 1546 2929; x_wconf 91' lang='lat' dir='ltr'><strong>in</strong></span> <span class='ocrx_word' id='word_1_332' title='bbox 1581 2873 1682 2939; x_wconf 89' lang='lat' dir='ltr'><strong>eis,</strong></span> <span class='ocrx_word' id='word_1_333' title='bbox 1708 2888 1808 2927; x_wconf 85' lang='lat' dir='ltr'><strong>ve-</strong></span> 
     </span>
    </p>
   </div>
   <div class='ocr_carea' id='block_1_45' title="bbox 206 2965 1806 3041">
    <p class='ocr_par' dir='ltr' id='par_1_45' title="bbox 206 2965 1806 3041">
     <span class='ocr_line' id='line_1_45' title="bbox 206 2965 1806 3041; baseline 0.001 -20"><span class='ocrx_word' id='word_1_334' title='bbox 206 2968 297 3022; x_wconf 88' lang='lat' dir='ltr'><strong>lut</strong></span> <span class='ocrx_word' id='word_1_335' title='bbox 334 2967 386 3020; x_wconf 84' lang='lat' dir='ltr'><strong>in</strong></span> <span class='ocrx_word' id='word_1_336' title='bbox 424 2968 659 3038; x_wconf 80' lang='lat' dir='ltr'><strong>imagine</strong></span> <span class='ocrx_word' id='word_1_337' title='bbox 691 2968 981 3041; x_wconf 88' lang='lat' dir='ltr'><strong>ﬁguratum</strong></span> <span class='ocrx_word' id='word_1_338' title='bbox 1012 2987 1026 3023; x_wconf 92' lang='lat'><strong>:</strong></span> <span class='ocrx_word' id='word_1_339' title='bbox 1065 2966 1159 3037; x_wconf 89' lang='lat' dir='ltr'><strong>qui</strong></span> <span class='ocrx_word' id='word_1_340' title='bbox 1184 2982 1282 3038; x_wconf 91' lang='lat' dir='ltr'><strong>per</strong></span> <span class='ocrx_word' id='word_1_341' title='bbox 1312 2980 1530 3022; x_wconf 89' lang='lat' dir='ltr'><strong>crucem</strong></span> <span class='ocrx_word' id='word_1_342' title='bbox 1558 2965 1806 3022; x_wconf 82' lang='lat' dir='ltr'><strong>immola-</strong></span> 
     </span>
    </p>
   </div>
   <div class='ocr_carea' id='block_1_46' title="bbox 206 3058 1805 3130">
    <p class='ocr_par' dir='ltr' id='par_1_46' title="bbox 206 3058 1805 3130">
     <span class='ocr_line' id='line_1_46' title="bbox 206 3058 1805 3130; baseline 0 -16"><span class='ocrx_word' id='word_1_343' title='bbox 206 3070 328 3121; x_wconf 84' lang='lat' dir='ltr'><strong>tus,</strong></span> <span class='ocrx_word' id='word_1_344' title='bbox 362 3075 486 3115; x_wconf 90' lang='lat' dir='ltr'><strong>cum</strong></span> <span class='ocrx_word' id='word_1_345' title='bbox 508 3060 628 3114; x_wconf 80' lang='lat' dir='ltr'><strong>aliis</strong></span> <span class='ocrx_word' id='word_1_346' title='bbox 655 3060 911 3116; x_wconf 89' lang='lat' dir='ltr'><strong>omnibus</strong></span> <span class='ocrx_word' id='word_1_347' title='bbox 947 3060 1187 3130; x_wconf 86' lang='lat' dir='ltr'><strong>peccatis</strong></span> <span class='ocrx_word' id='word_1_348' title='bbox 1213 3058 1380 3113; x_wconf 88' lang='lat' dir='ltr'><strong>etiam</strong></span> <span class='ocrx_word' id='word_1_349' title='bbox 1429 3058 1536 3114; x_wconf 91' lang='lat' dir='ltr'><strong>hoc</strong></span> <span class='ocrx_word' id='word_1_350' title='bbox 1578 3058 1805 3129; x_wconf 81' lang='lat' dir='ltr'><strong>ignovit,</strong></span> 
     </span>
    </p>
   </div>
   <div class='ocr_carea' id='block_1_47' title="bbox 204 3147 1809 3223">
    <p class='ocr_par' dir='ltr' id='par_1_47' title="bbox 204 3147 1809 3223">
     <span class='ocr_line' id='line_1_47' title="bbox 204 3147 1809 3223; baseline -0.002 -16"><span class='ocrx_word' id='word_1_351' title='bbox 204 3152 363 3223; x_wconf 76' lang='lat' dir='ltr'><strong>quod</strong></span> <span class='ocrx_word' id='word_1_352' title='bbox 397 3151 714 3207; x_wconf 67' lang='lat' dir='ltr'><strong>Iudaeorum</strong></span> <span class='ocrx_word' id='word_1_353' title='bbox 741 3151 1018 3208; x_wconf 89' lang='lat' dir='ltr'><strong>commisit</strong></span> <span class='ocrx_word' id='word_1_354' title='bbox 1050 3150 1303 3222; x_wconf 88' lang='lat' dir='ltr'><strong>populus,</strong></span> <span class='ocrx_word' id='word_1_355' title='bbox 1338 3158 1395 3205; x_wconf 88' lang='lat' dir='ltr'><strong>et</strong></span> <span class='ocrx_word' id='word_1_356' title='bbox 1421 3150 1468 3205; x_wconf 89' lang='lat' dir='ltr'><strong>is</strong></span> <span class='ocrx_word' id='word_1_357' title='bbox 1497 3147 1591 3217; x_wconf 72' lang='lat' dir='ltr'><strong>qui</strong></span> <span class='ocrx_word' id='word_1_358' title='bbox 1614 3159 1731 3206; x_wconf 89' lang='lat' dir='ltr'><strong>erat</strong></span> <span class='ocrx_word' id='word_1_359' title='bbox 1756 3151 1809 3204; x_wconf 87' lang='lat' dir='ltr'><strong>ei</strong></span> 
     </span>
    </p>
   </div>
   <div class='ocr_carea' id='block_1_48' title="bbox 203 3242 1809 3317">
    <p class='ocr_par' dir='ltr' id='par_1_48' title="bbox 203 3242 1809 3317">
     <span class='ocr_line' id='line_1_48' title="bbox 203 3242 1809 3317; baseline -0.004 -15"><span class='ocrx_word' id='word_1_360' title='bbox 203 3247 412 3302; x_wconf 69' lang='lat' dir='ltr'><strong>mistus</strong></span> <span class='ocrx_word' id='word_1_361' title='bbox 437 3263 502 3300; x_wconf 81' lang='lat' dir='ltr'><strong>ex</strong></span> <span class='ocrx_word' id='word_1_362' title='bbox 532 3246 804 3317; x_wconf 74' lang='lat' dir='ltr'><strong>gentibus,</strong></span> <span class='ocrx_word' id='word_1_363' title='bbox 838 3243 1117 3313; x_wconf 85' lang='lat' dir='ltr'><strong>quietiam</strong></span> <span class='ocrx_word' id='word_1_364' title='bbox 1154 3243 1397 3299; x_wconf 87' lang='lat' dir='ltr'><strong>dormire</strong></span> <span class='ocrx_word' id='word_1_365' title='bbox 1437 3259 1563 3299; x_wconf 89' lang='lat' dir='ltr'><strong>cum</strong></span> <span class='ocrx_word' id='word_1_366' title='bbox 1608 3243 1688 3299; x_wconf 84' lang='lat' dir='ltr'><strong>eis</strong></span> <span class='ocrx_word' id='word_1_367' title='bbox 1726 3242 1809 3297; x_wconf 90' lang='lat' dir='ltr'><strong>di-</strong></span> 
     </span>
    </p>
   </div>
   <div class='ocr_carea' id='block_1_49' title="bbox 202 3336 1810 3410">
    <p class='ocr_par' dir='ltr' id='par_1_49' title="bbox 202 3336 1810 3410">
     <span class='ocr_line' id='line_1_49' title="bbox 202 3336 1810 3410; baseline -0.002 -16"><span class='ocrx_word' id='word_1_368' title='bbox 202 3342 379 3403; x_wconf 84' lang='lat' dir='ltr'><strong>citur,</strong></span> <span class='ocrx_word' id='word_1_369' title='bbox 414 3341 586 3410; x_wconf 89' lang='lat' dir='ltr'><strong>legem</strong></span> <span class='ocrx_word' id='word_1_370' title='bbox 609 3354 719 3393; x_wconf 87' lang='lat' dir='ltr'><strong>non</strong></span> <span class='ocrx_word' id='word_1_371' title='bbox 749 3340 1049 3395; x_wconf 88' lang='lat' dir='ltr'><strong>secundum</strong></span> <span class='ocrx_word' id='word_1_372' title='bbox 1083 3337 1449 3393; x_wconf 90' lang='lat' dir='ltr'><strong>intentionem</strong></span> <span class='ocrx_word' id='word_1_373' title='bbox 1481 3336 1810 3409; x_wconf 88' lang='lat' dir='ltr'><strong>legislatoris</strong></span> 
     </span>
    </p>
   </div>
   <div class='ocr_carea' id='block_1_50' title="bbox 201 3428 1805 3501">
    <p class='ocr_par' dir='ltr' id='par_1_50' title="bbox 201 3428 1805 3501">
     <span class='ocr_line' id='line_1_50' title="bbox 201 3428 1805 3501; baseline -0.002 -15"><span class='ocrx_word' id='word_1_374' title='bbox 201 3431 558 3501; x_wconf 77' lang='lat' dir='ltr'><strong>accipiendo.</strong></span> <span class='ocrx_word' id='word_1_375' title='bbox 582 3430 707 3486; x_wconf 68' lang='lat' dir='ltr'><strong>Haec</strong></span> <span class='ocrx_word' id='word_1_376' title='bbox 728 3438 910 3485; x_wconf 89' lang='lat' dir='ltr'><strong>autem</strong></span> <span class='ocrx_word' id='word_1_377' title='bbox 936 3445 1044 3485; x_wconf 91' lang='lat' dir='ltr'><strong>non</strong></span> <span class='ocrx_word' id='word_1_378' title='bbox 1067 3429 1381 3499; x_wconf 85' lang='lat' dir='ltr'><strong>importune</strong></span> <span class='ocrx_word' id='word_1_379' title='bbox 1421 3430 1476 3485; x_wconf 90' lang='lat' dir='ltr'><strong>in</strong></span> <span class='ocrx_word' id='word_1_380' title='bbox 1503 3429 1609 3484; x_wconf 90' lang='lat' dir='ltr'><strong>hoc</strong></span> <span class='ocrx_word' id='word_1_381' title='bbox 1658 3428 1805 3492; x_wconf 88' lang='lat' dir='ltr'><strong>loco,</strong></span> 
     </span>
    </p>
   </div>
   <div class='ocr_carea' id='block_1_51' title="bbox 202 3522 1806 3594">
    <p class='ocr_par' dir='ltr' id='par_1_51' title="bbox 202 3522 1806 3594">
     <span class='ocr_line' id='line_1_51' title="bbox 202 3522 1806 3594; baseline -0.002 -15"><span class='ocrx_word' id='word_1_382' title='bbox 202 3522 311 3579; x_wconf 83' lang='lat' dir='ltr'><strong>sed</strong></span> <span class='ocrx_word' id='word_1_383' title='bbox 347 3522 457 3577; x_wconf 90' lang='lat' dir='ltr'><strong>imo</strong></span> <span class='ocrx_word' id='word_1_384' title='bbox 487 3522 653 3579; x_wconf 88' lang='lat' dir='ltr'><strong>nimis</strong></span> <span class='ocrx_word' id='word_1_385' title='bbox 676 3530 988 3594; x_wconf 91' lang='lat' dir='ltr'><strong>opportuno</strong></span> <span class='ocrx_word' id='word_1_386' title='bbox 1009 3530 1277 3592; x_wconf 87' lang='lat' dir='ltr'><strong>tempore,</strong></span> <span class='ocrx_word' id='word_1_387' title='bbox 1303 3537 1413 3592; x_wconf 90' lang='lat' dir='ltr'><strong>quo</strong></span> <span class='ocrx_word' id='word_1_388' title='bbox 1439 3522 1681 3591; x_wconf 83' lang='lat' dir='ltr'><strong>iumenta</strong></span> <span class='ocrx_word' id='word_1_389' title='bbox 1698 3534 1806 3577; x_wconf 93' lang='lat' dir='ltr'><strong>non</strong></span> 
     </span>
    </p>
   </div>
   <div class='ocr_carea' id='block_1_52' title="bbox 202 3612 1807 3684">
    <p class='ocr_par' dir='ltr' id='par_1_52' title="bbox 202 3612 1807 3684">
     <span class='ocr_line' id='line_1_52' title="bbox 202 3612 1807 3684; baseline -0.001 -15"><span class='ocrx_word' id='word_1_390' title='bbox 202 3622 502 3684; x_wconf 87' lang='lat' dir='ltr'><strong>oporteret</strong></span> <span class='ocrx_word' id='word_1_391' title='bbox 549 3613 775 3669; x_wconf 88' lang='lat' dir='ltr'><strong>alterius</strong></span> <span class='ocrx_word' id='word_1_392' title='bbox 829 3612 1048 3684; x_wconf 76' lang='lat' dir='ltr'><strong>generis</strong></span> <span class='ocrx_word' id='word_1_393' title='bbox 1088 3612 1361 3681; x_wconf 85' lang='lat' dir='ltr'><strong>jumentis</strong></span> <span class='ocrx_word' id='word_1_394' title='bbox 1406 3612 1699 3684; x_wconf 79' lang='lat' dir='ltr'><strong>conjungi,</strong></span> <span class='ocrx_word' id='word_1_395' title='bbox 1752 3612 1807 3667; x_wconf 90' lang='lat' dir='ltr'><strong>id</strong></span> 
     </span>
    </p>
   </div>
   <div class='ocr_carea' id='block_1_53' title="bbox 200 3704 1804 3776">
    <p class='ocr_par' dir='ltr' id='par_1_53' title="bbox 200 3704 1804 3776">
     <span class='ocr_line' id='line_1_53' title="bbox 200 3704 1804 3776; baseline -0.002 -14"><span class='ocrx_word' id='word_1_396' title='bbox 200 3718 319 3765; x_wconf 87' lang='lat' dir='ltr'><strong>est.</strong></span> <span class='ocrx_word' id='word_1_397' title='bbox 352 3721 465 3761; x_wconf 91' lang='lat' dir='ltr'><strong>non</strong></span> <span class='ocrx_word' id='word_1_398' title='bbox 494 3707 687 3761; x_wconf 86' lang='lat' dir='ltr'><strong>liceret</strong></span> <span class='ocrx_word' id='word_1_399' title='bbox 713 3720 810 3761; x_wconf 88' lang='lat' dir='ltr'><strong>eos</strong></span> <span class='ocrx_word' id='word_1_400' title='bbox 829 3705 921 3776; x_wconf 91' lang='lat' dir='ltr'><strong>qui</strong></span> <span class='ocrx_word' id='word_1_401' title='bbox 940 3705 1043 3760; x_wconf 87' lang='lat' dir='ltr'><strong>sub</strong></span> <span class='ocrx_word' id='word_1_402' title='bbox 1061 3705 1250 3776; x_wconf 90' lang='lat' dir='ltr'><strong>jugum</strong></span> <span class='ocrx_word' id='word_1_403' title='bbox 1273 3704 1401 3760; x_wconf 83' lang='lat' dir='ltr'><strong>facti</strong></span> <span class='ocrx_word' id='word_1_404' title='bbox 1428 3713 1557 3759; x_wconf 89' lang='lat' dir='ltr'><strong>sunt</strong></span> <span class='ocrx_word' id='word_1_405' title='bbox 1579 3704 1804 3770; x_wconf 89' lang='lat' dir='ltr'><strong>Christi,</strong></span> 
     </span>
    </p>
   </div>
   <div class='ocr_carea' id='block_1_54' title="bbox 197 3796 1808 3870">
    <p class='ocr_par' dir='ltr' id='par_1_54' title="bbox 197 3796 1808 3870">
     <span class='ocr_line' id='line_1_54' title="bbox 197 3796 1808 3870; baseline -0.002 -13"><span class='ocrx_word' id='word_1_406' title='bbox 197 3801 511 3857; x_wconf 87' lang='lat' dir='ltr'><strong>Judaicum</strong></span> <span class='ocrx_word' id='word_1_407' title='bbox 536 3799 724 3870; x_wconf 87' lang='lat' dir='ltr'><strong>jugum</strong></span> <span class='ocrx_word' id='word_1_408' title='bbox 753 3798 1054 3869; x_wconf 87' lang='lat' dir='ltr'><strong>suscipere,</strong></span> <span class='ocrx_word' id='word_1_409' title='bbox 1089 3797 1433 3868; x_wconf 86' lang='lat' dir='ltr'><strong>signiﬁcavit.</strong></span> <span class='ocrx_word' id='word_1_410' title='bbox 1462 3796 1808 3867; x_wconf 65' lang='lat' dir='ltr'><strong>Copﬁrmans</strong></span> 
     </span>
    </p>
   </div>
   <div class='ocr_carea' id='block_1_55' title="bbox 199 3888 1802 3961">
    <p class='ocr_par' dir='ltr' id='par_1_55' title="bbox 199 3888 1802 3961">
     <span class='ocr_line' id='line_1_55' title="bbox 199 3888 1802 3961; baseline -0.002 -14"><span class='ocrx_word' id='word_1_411' title='bbox 199 3892 363 3947; x_wconf 75' lang='lat' dir='ltr'><strong>enim</strong></span> <span class='ocrx_word' id='word_1_412' title='bbox 416 3892 540 3957; x_wconf 86' lang='lat' dir='ltr'><strong>hoc,</strong></span> <span class='ocrx_word' id='word_1_413' title='bbox 572 3889 859 3961; x_wconf 58' lang='lat' dir='ltr'><strong>praesentia</strong></span> <span class='ocrx_word' id='word_1_414' title='bbox 916 3888 1180 3954; x_wconf 86' lang='lat' dir='ltr'><strong>subdidit,</strong></span> <span class='ocrx_word' id='word_1_415' title='bbox 1212 3902 1312 3958; x_wconf 89' lang='lat' dir='ltr'><strong>per</strong></span> <span class='ocrx_word' id='word_1_416' title='bbox 1364 3904 1486 3959; x_wconf 61' lang='lat' dir='ltr'><strong>quae</strong></span> <span class='ocrx_word' id='word_1_417' title='bbox 1540 3890 1802 3954; x_wconf 83' lang='lat' dir='ltr'><strong>ostendit,</strong></span> 
     </span>
    </p>
   </div>
   <div class='ocr_carea' id='block_1_56' title="bbox 197 3982 1805 4057">
    <p class='ocr_par' dir='ltr' id='par_1_56' title="bbox 197 3982 1805 4057">
     <span class='ocr_line' id='line_1_56' title="bbox 197 3982 1805 4057; baseline -0.002 -16"><span class='ocrx_word' id='word_1_418' title='bbox 197 3988 340 4057; x_wconf 84' lang='lat' dir='ltr'><strong>quia</strong></span> <span class='ocrx_word' id='word_1_419' title='bbox 362 3994 421 4039; x_wconf 86' lang='lat' dir='ltr'><strong>et</strong></span> <span class='ocrx_word' id='word_1_420' title='bbox 463 3992 595 4041; x_wconf 87' lang='lat' dir='ltr'><strong>ante</strong></span> <span class='ocrx_word' id='word_1_421' title='bbox 625 3984 917 4039; x_wconf 83' lang='lat' dir='ltr'><strong>adventum</strong></span> <span class='ocrx_word' id='word_1_422' title='bbox 957 3982 1186 4047; x_wconf 87' lang='lat' dir='ltr'><strong>Christi,</strong></span> <span class='ocrx_word' id='word_1_423' title='bbox 1210 3982 1527 4053; x_wconf 86' lang='lat' dir='ltr'><strong>quicunque</strong></span> <span class='ocrx_word' id='word_1_424' title='bbox 1585 3991 1805 4039; x_wconf 79' lang='lat' dir='ltr'><strong>extero-</strong></span> 
     </span>
    </p>
   </div>
   <div class='ocr_carea' id='block_1_57' title="bbox 197 4073 1806 4146">
    <p class='ocr_par' dir='ltr' id='par_1_57' title="bbox 197 4073 1806 4146">
     <span class='ocr_line' id='line_1_57' title="bbox 197 4073 1806 4146; baseline -0.002 -12"><span class='ocrx_word' id='word_1_425' title='bbox 197 4095 336 4134; x_wconf 86' lang='lat' dir='ltr'><strong>rum</strong></span> <span class='ocrx_word' id='word_1_426' title='bbox 369 4078 478 4131; x_wconf 86' lang='lat' dir='ltr'><strong>illis</strong></span> <span class='ocrx_word' id='word_1_427' title='bbox 511 4074 990 4140; x_wconf 87' lang='lat' dir='ltr'><strong>commiscebatur,</strong></span> <span class='ocrx_word' id='word_1_428' title='bbox 1012 4087 1152 4144; x_wconf 90' lang='lat' dir='ltr'><strong>opus</strong></span> <span class='ocrx_word' id='word_1_429' title='bbox 1182 4073 1421 4130; x_wconf 83' lang='lat' dir='ltr'><strong>habebat</strong></span> <span class='ocrx_word' id='word_1_430' title='bbox 1449 4073 1806 4146; x_wconf 86' lang='lat' dir='ltr'><strong>intelligibilis</strong></span> 
     </span>
    </p>
   </div>
   <div class='ocr_carea' id='block_1_58' title="bbox 192 4166 1804 4238">
    <p class='ocr_par' dir='ltr' id='par_1_58' title="bbox 192 4166 1804 4238">
     <span class='ocr_line' id='line_1_58' title="bbox 192 4166 1804 4238; baseline -0.002 -12"><span class='ocrx_word' id='word_1_431' title='bbox 192 4170 404 4226; x_wconf 78' lang='lat' dir='ltr'><strong>arietis</strong></span> <span class='ocrx_word' id='word_1_432' title='bbox 436 4167 705 4225; x_wconf 88' lang='lat' dir='ltr'><strong>sacriﬁcio</strong></span> <span class='ocrx_word' id='word_1_433' title='bbox 737 4169 805 4223; x_wconf 87' lang='lat' dir='ltr'><strong>ad</strong></span> <span class='ocrx_word' id='word_1_434' title='bbox 834 4166 1284 4238; x_wconf 88' lang='lat' dir='ltr'><strong>propitiationem</strong></span> <span class='ocrx_word' id='word_1_435' title='bbox 1307 4181 1483 4234; x_wconf 84' lang='lat' dir='ltr'><strong>suam,</strong></span> <span class='ocrx_word' id='word_1_436' title='bbox 1513 4168 1804 4223; x_wconf 78' lang='lat' dir='ltr'><strong>conferens</strong></span> 
     </span>
    </p>
   </div>
   <div class='ocr_carea' id='block_1_59' title="bbox 193 4258 1802 4330">
    <p class='ocr_par' dir='ltr' id='par_1_59' title="bbox 193 4258 1802 4330">
     <span class='ocr_line' id='line_1_59' title="bbox 193 4258 1802 4330; baseline -0.001 -11"><span class='ocrx_word' id='word_1_437' title='bbox 193 4262 345 4319; x_wconf 85' lang='lat' dir='ltr'><strong>illud</strong></span> <span class='ocrx_word' id='word_1_438' title='bbox 375 4270 583 4329; x_wconf 88' lang='lat' dir='ltr'><strong>mente,</strong></span> <span class='ocrx_word' id='word_1_439' title='bbox 615 4271 670 4317; x_wconf 90' lang='lat' dir='ltr'><strong>et</strong></span> <span class='ocrx_word' id='word_1_440' title='bbox 689 4260 1009 4318; x_wconf 81' lang='lat' dir='ltr'><strong>describens</strong></span> <span class='ocrx_word' id='word_1_441' title='bbox 1028 4258 1174 4327; x_wconf 90' lang='lat' dir='ltr'><strong>apud</strong></span> <span class='ocrx_word' id='word_1_442' title='bbox 1199 4259 1561 4330; x_wconf 85' lang='lat' dir='ltr'><strong>semetipsum</strong></span> <span class='ocrx_word' id='word_1_443' title='bbox 1588 4275 1687 4330; x_wconf 90' lang='lat' dir='ltr'><strong>per</strong></span> <span class='ocrx_word' id='word_1_444' title='bbox 1737 4261 1802 4317; x_wconf 87' lang='lat' dir='ltr'><strong>ﬁ-</strong></span> 
     </span>
    </p>
   </div>
   <div class='ocr_carea' id='block_1_60' title="bbox 188 4349 1804 4426">
    <p class='ocr_par' dir='ltr' id='par_1_60' title="bbox 188 4349 1804 4426">
     <span class='ocr_line' id='line_1_60' title="bbox 188 4349 1804 4426; baseline -0.002 -17"><span class='ocrx_word' id='word_1_445' title='bbox 188 4369 378 4426; x_wconf 86' lang='lat' dir='ltr'><strong>guras</strong></span> <span class='ocrx_word' id='word_1_446' title='bbox 414 4351 720 4408; x_wconf 85' lang='lat' dir='ltr'><strong>veritatem.</strong></span> <span class='ocrx_word' id='word_1_447' title='bbox 748 4351 839 4406; x_wconf 91' lang='lat' dir='ltr'><strong>Sic</strong></span> <span class='ocrx_word' id='word_1_448' title='bbox 864 4349 1014 4405; x_wconf 89' lang='lat' dir='ltr'><strong>enim</strong></span> <span class='ocrx_word' id='word_1_449' title='bbox 1055 4365 1166 4405; x_wconf 88' lang='lat' dir='ltr'><strong>non</strong></span> <span class='ocrx_word' id='word_1_450' title='bbox 1194 4349 1370 4405; x_wconf 87' lang='lat' dir='ltr'><strong>solum</strong></span> <span class='ocrx_word' id='word_1_451' title='bbox 1396 4364 1507 4404; x_wconf 92' lang='lat' dir='ltr'><strong>non</strong></span> <span class='ocrx_word' id='word_1_452' title='bbox 1544 4351 1804 4406; x_wconf 86' lang='lat' dir='ltr'><strong>condem-</strong></span> 
     </span>
    </p>
   </div>
   <div class='ocr_carea' id='block_1_61' title="bbox 1916 1956 3502 2033">
    <p class='ocr_par' dir='ltr' id='par_1_61' title="bbox 1916 1956 3502 2033">
     <span class='ocr_line' id='line_1_61' title="bbox 1916 1956 3502 2033; baseline 0.008 -26"><span class='ocrx_word' id='word_1_453' title='bbox 1916 1956 1972 2007; x_wconf 88' lang='lat' dir='ltr'><strong>in</strong></span> <span class='ocrx_word' id='word_1_454' title='bbox 1996 1956 2205 2026; x_wconf 81' lang='lat' dir='ltr'><strong>regione</strong></span> <span class='ocrx_word' id='word_1_455' title='bbox 2263 1958 2497 2015; x_wconf 76' lang='lat' dir='ltr'><strong>vivorum</strong></span> <span class='ocrx_word' id='word_1_456' title='bbox 2522 1960 2588 2015; x_wconf 79' lang='grc'><strong>⁸⁸.</strong></span> <span class='ocrx_word' id='word_1_457' title='bbox 2625 1961 2703 2017; x_wconf 90' lang='lat' dir='ltr'><strong>De</strong></span> <span class='ocrx_word' id='word_1_458' title='bbox 2754 1962 2955 2032; x_wconf 85' lang='lat' dir='ltr'><strong>quibus</strong></span> <span class='ocrx_word' id='word_1_459' title='bbox 2997 1963 3118 2033; x_wconf 81' lang='lat' dir='ltr'><strong>ipse</strong></span> <span class='ocrx_word' id='word_1_460' title='bbox 3167 1963 3305 2019; x_wconf 89' lang='lat' dir='ltr'><strong>dicit</strong></span> <span class='ocrx_word' id='word_1_461' title='bbox 3345 1981 3358 2018; x_wconf 90' lang='lat'><strong>:</strong></span> <span class='ocrx_word' id='word_1_462' title='bbox 3397 1963 3502 2030; x_wconf 83' lang='lat' dir='ltr'><strong>Qui</strong></span> 
     </span>
    </p>
   </div>
   <div class='ocr_carea' id='block_1_62' title="bbox 1914 2050 3503 2124">
    <p class='ocr_par' dir='ltr' id='par_1_62' title="bbox 1914 2050 3503 2124">
     <span class='ocr_line' id='line_1_62' title="bbox 1914 2050 3503 2124; baseline 0.008 -25"><span class='ocrx_word' id='word_1_463' title='bbox 1914 2062 2035 2100; x_wconf 84' lang='lat' dir='ltr'><strong>vero</strong></span> <span class='ocrx_word' id='word_1_464' title='bbox 2052 2057 2348 2116; x_wconf 73' lang='lat' dir='ltr'><strong>exspectant</strong></span> <span class='ocrx_word' id='word_1_465' title='bbox 2365 2050 2671 2117; x_wconf 83' lang='lat' dir='ltr'><strong>Dominum,</strong></span> <span class='ocrx_word' id='word_1_466' title='bbox 2696 2055 3004 2109; x_wconf 61' lang='lat' dir='ltr'><strong>haereditate</strong></span> <span class='ocrx_word' id='word_1_467' title='bbox 3031 2057 3366 2124; x_wconf 81' lang='lat' dir='ltr'><strong>possidebunt</strong></span> <span class='ocrx_word' id='word_1_468' title='bbox 3395 2068 3503 2112; x_wconf 90' lang='lat' dir='ltr'><strong>ter-</strong></span> 
     </span>
    </p>
   </div>
   <div class='ocr_carea' id='block_1_63' title="bbox 1915 2140 3499 2219">
    <p class='ocr_par' dir='ltr' id='par_1_63' title="bbox 1915 2140 3499 2219">
     <span class='ocr_line' id='line_1_63' title="bbox 1915 2140 3499 2219; baseline 0.008 -27"><span class='ocrx_word' id='word_1_469' title='bbox 1915 2156 2032 2193; x_wconf 87' lang='lat' dir='ltr'><strong>ram</strong></span> <span class='ocrx_word' id='word_1_470' title='bbox 2053 2141 2120 2193; x_wconf 70' lang='grc'><strong>³⁸.</strong></span> <span class='ocrx_word' id='word_1_471' title='bbox 2153 2140 2517 2200; x_wconf 83' lang='lat' dir='ltr'><strong>l’ossidebunt</strong></span> <span class='ocrx_word' id='word_1_472' title='bbox 2539 2147 2687 2201; x_wconf 92' lang='lat' dir='ltr'><strong>enim</strong></span> <span class='ocrx_word' id='word_1_473' title='bbox 2719 2147 2936 2217; x_wconf 89' lang='lat' dir='ltr'><strong>plenam</strong></span> <span class='ocrx_word' id='word_1_474' title='bbox 2968 2146 3061 2202; x_wconf 79' lang='lat' dir='ltr'><strong>Dei</strong></span> <span class='ocrx_word' id='word_1_475' title='bbox 3112 2148 3311 2219; x_wconf 89' lang='lat' dir='ltr'><strong>spiritu</strong></span> <span class='ocrx_word' id='word_1_476' title='bbox 3349 2147 3499 2205; x_wconf 86' lang='lat' dir='ltr'><strong>Scri-</strong></span> 
     </span>
    </p>
   </div>
   <div class='ocr_carea' id='block_1_64' title="bbox 1916 2239 3499 2313">
    <p class='ocr_par' dir='ltr' id='par_1_64' title="bbox 1916 2239 3499 2313">
     <span class='ocr_line' id='line_1_64' title="bbox 1916 2239 3499 2313; baseline 0.008 -28"><span class='ocrx_word' id='word_1_477' title='bbox 1916 2241 2154 2301; x_wconf 87' lang='lat' dir='ltr'><strong>pturam,</strong></span> <span class='ocrx_word' id='word_1_478' title='bbox 2185 2242 2382 2305; x_wconf 83' lang='lat' dir='ltr'><strong>etquae</strong></span> <span class='ocrx_word' id='word_1_479' title='bbox 2410 2252 2475 2291; x_wconf 79' lang='lat' dir='ltr'><strong>ex</strong></span> <span class='ocrx_word' id='word_1_480' title='bbox 2516 2253 2580 2292; x_wconf 86' lang='lat' dir='ltr'><strong>ea</strong></span> <span class='ocrx_word' id='word_1_481' title='bbox 2615 2249 2745 2294; x_wconf 90' lang='lat' dir='ltr'><strong>sunt</strong></span> <span class='ocrx_word' id='word_1_482' title='bbox 2773 2239 2935 2305; x_wconf 88' lang='lat' dir='ltr'><strong>bona,</strong></span> <span class='ocrx_word' id='word_1_483' title='bbox 2973 2241 3069 2309; x_wconf 88' lang='lat' dir='ltr'><strong>qui</strong></span> <span class='ocrx_word' id='word_1_484' title='bbox 3097 2240 3269 2296; x_wconf 90' lang='lat' dir='ltr'><strong>Deum</strong></span> <span class='ocrx_word' id='word_1_485' title='bbox 3295 2256 3499 2313; x_wconf 64' lang='lat' dir='ltr'><strong>exspeo</strong></span> 
     </span>
    </p>
   </div>
   <div class='ocr_carea' id='block_1_65' title="bbox 1914 2326 3509 2400">
    <p class='ocr_par' dir='ltr' id='par_1_65' title="bbox 1914 2326 3509 2400">
     <span class='ocr_line' id='line_1_65' title="bbox 1914 2326 3509 2400; baseline 0.007 -23"><span class='ocrx_word' id='word_1_486' title='bbox 1914 2332 2090 2386; x_wconf 85' lang='lat' dir='ltr'><strong>ctant,</strong></span> <span class='ocrx_word' id='word_1_487' title='bbox 2141 2326 2235 2395; x_wconf 86' lang='lat' dir='ltr'><strong>qui</strong></span> <span class='ocrx_word' id='word_1_488' title='bbox 2291 2328 2693 2396; x_wconf 86' lang='lat' dir='ltr'><strong>mandatorum,</strong></span> <span class='ocrx_word' id='word_1_489' title='bbox 2723 2346 2845 2400; x_wconf 71' lang='lat' dir='ltr'><strong>quae</strong></span> <span class='ocrx_word' id='word_1_490' title='bbox 2887 2331 2942 2384; x_wconf 89' lang='lat' dir='ltr'><strong>in</strong></span> <span class='ocrx_word' id='word_1_491' title='bbox 2996 2347 3062 2387; x_wconf 89' lang='lat' dir='ltr'><strong>ea</strong></span> <span class='ocrx_word' id='word_1_492' title='bbox 3117 2332 3509 2399; x_wconf 72' lang='lat' dir='ltr'><strong>continentur,</strong></span> 
     </span>
    </p>
   </div>
   <div class='ocr_carea' id='block_1_66' title="bbox 1916 2414 3497 2494">
    <p class='ocr_par' dir='ltr' id='par_1_66' title="bbox 1916 2414 3497 2494">
     <span class='ocr_line' id='line_1_66' title="bbox 1916 2414 3497 2494; baseline 0.007 -29"><span class='ocrx_word' id='word_1_493' title='bbox 1916 2414 2337 2471; x_wconf 66' lang='lat' dir='ltr'><strong>retributiones:</strong></span> <span class='ocrx_word' id='word_1_494' title='bbox 2368 2420 2659 2487; x_wconf 87' lang='lat' dir='ltr'><strong>promittit.</strong></span> <span class='ocrx_word' id='word_1_495' title='bbox 2698 2419 2851 2475; x_wconf 83' lang='lat' dir='ltr'><strong>Hanc</strong></span> <span class='ocrx_word' id='word_1_496' title='bbox 2884 2430 3085 2476; x_wconf 83' lang='lat' dir='ltr'><strong>terram</strong></span> <span class='ocrx_word' id='word_1_497' title='bbox 3116 2421 3329 2494; x_wconf 81' lang='lat' dir='ltr'><strong>ingredi</strong></span> <span class='ocrx_word' id='word_1_498' title='bbox 3369 2424 3497 2493; x_wconf 91' lang='lat' dir='ltr'><strong>qui-</strong></span> 
     </span>
    </p>
   </div>
   <div class='ocr_carea' id='block_1_67' title="bbox 1913 2505 3500 2585">
    <p class='ocr_par' dir='ltr' id='par_1_67' title="bbox 1913 2505 3500 2585">
     <span class='ocr_line' id='line_1_67' title="bbox 1913 2505 3500 2585; baseline 0.005 -26"><span class='ocrx_word' id='word_1_499' title='bbox 1913 2505 2037 2559; x_wconf 91' lang='lat' dir='ltr'><strong>dem</strong></span> <span class='ocrx_word' id='word_1_500' title='bbox 2067 2505 2161 2560; x_wconf 89' lang='lat' dir='ltr'><strong>ﬁlii</strong></span> <span class='ocrx_word' id='word_1_501' title='bbox 2198 2505 2511 2564; x_wconf 69' lang='lat' dir='ltr'><strong>Judaaorum</strong></span> <span class='ocrx_word' id='word_1_502' title='bbox 2574 2510 2832 2581; x_wconf 60' lang='lat' dir='ltr'><strong>praecepti</strong></span> <span class='ocrx_word' id='word_1_503' title='bbox 2872 2519 3020 2578; x_wconf 90' lang='lat' dir='ltr'><strong>sunt,</strong></span> <span class='ocrx_word' id='word_1_504' title='bbox 3061 2523 3118 2567; x_wconf 87' lang='lat' dir='ltr'><strong>et</strong></span> <span class='ocrx_word' id='word_1_505' title='bbox 3164 2522 3500 2585; x_wconf 88' lang='lat' dir='ltr'><strong>acceperunt</strong></span> 
     </span>
    </p>
   </div>
   <div class='ocr_carea' id='block_1_68' title="bbox 1915 2598 3494 2677">
    <p class='ocr_par' dir='ltr' id='par_1_68' title="bbox 1915 2598 3494 2677">
     <span class='ocr_line' id='line_1_68' title="bbox 1915 2598 3494 2677; baseline 0.009 -27"><span class='ocrx_word' id='word_1_506' title='bbox 1915 2598 2140 2666; x_wconf 87' lang='lat' dir='ltr'><strong>priores.</strong></span> <span class='ocrx_word' id='word_1_507' title='bbox 2174 2598 2339 2655; x_wconf 88' lang='lat' dir='ltr'><strong>Primi</strong></span> <span class='ocrx_word' id='word_1_508' title='bbox 2383 2604 2527 2657; x_wconf 89' lang='lat' dir='ltr'><strong>enim</strong></span> <span class='ocrx_word' id='word_1_509' title='bbox 2604 2619 2788 2660; x_wconf 83' lang='lat' dir='ltr'><strong>sacras</strong></span> <span class='ocrx_word' id='word_1_510' title='bbox 2849 2617 3210 2677; x_wconf 80' lang='lat' dir='ltr'><strong>susceperunt</strong></span> <span class='ocrx_word' id='word_1_511' title='bbox 3266 2608 3494 2673; x_wconf 86' lang='lat' dir='ltr'><strong>litteras,</strong></span> 
     </span>
    </p>
   </div>
   <div class='ocr_carea' id='block_1_69' title="bbox 1913 2690 3494 2764">
    <p class='ocr_par' dir='ltr' id='par_1_69' title="bbox 1913 2690 3494 2764">
     <span class='ocr_line' id='line_1_69' title="bbox 1913 2690 3494 2764; baseline 0.006 -23"><span class='ocrx_word' id='word_1_512' title='bbox 1913 2697 2137 2757; x_wconf 79' lang='lat' dir='ltr'><strong>propter</strong></span> <span class='ocrx_word' id='word_1_513' title='bbox 2164 2690 2309 2760; x_wconf 77' lang='lat' dir='ltr'><strong>quod</strong></span> <span class='ocrx_word' id='word_1_514' title='bbox 2343 2700 2401 2745; x_wconf 89' lang='lat' dir='ltr'><strong>et</strong></span> <span class='ocrx_word' id='word_1_515' title='bbox 2452 2690 2660 2761; x_wconf 83' lang='lat' dir='ltr'><strong>lignum</strong></span> <span class='ocrx_word' id='word_1_516' title='bbox 2718 2692 2864 2762; x_wconf 89' lang='lat' dir='ltr'><strong>quod</strong></span> <span class='ocrx_word' id='word_1_517' title='bbox 2921 2693 3004 2749; x_wconf 90' lang='lat' dir='ltr'><strong>edi</strong></span> <span class='ocrx_word' id='word_1_518' title='bbox 3035 2703 3235 2764; x_wconf 89' lang='lat' dir='ltr'><strong>potest,</strong></span> <span class='ocrx_word' id='word_1_519' title='bbox 3269 2695 3323 2749; x_wconf 90' lang='lat' dir='ltr'><strong>id</strong></span> <span class='ocrx_word' id='word_1_520' title='bbox 3387 2707 3494 2756; x_wconf 90' lang='lat' dir='ltr'><strong>est.</strong></span> 
     </span>
    </p>
   </div>
   <div class='ocr_carea' id='block_1_70' title="bbox 1913 2780 3563 2857">
    <p class='ocr_par' dir='ltr' id='par_1_70' title="bbox 1913 2780 3563 2857">
     <span class='ocr_line' id='line_1_70' title="bbox 1913 2780 3563 2857; baseline 0.004 -26"><span class='ocrx_word' id='word_1_521' title='bbox 1913 2780 2187 2844; x_wconf 88' lang='lat' dir='ltr'><strong>mandata,</strong></span> <span class='ocrx_word' id='word_1_522' title='bbox 2219 2796 2340 2850; x_wconf 74' lang='lat' dir='ltr'><strong>qua:</strong></span> <span class='ocrx_word' id='word_1_523' title='bbox 2363 2782 2621 2857; x_wconf 73' lang='lat' dir='ltr'><strong>diximus,</strong></span> <span class='ocrx_word' id='word_1_524' title='bbox 2648 2782 2895 2852; x_wconf 89' lang='lat' dir='ltr'><strong>plantare</strong></span> <span class='ocrx_word' id='word_1_525' title='bbox 2922 2785 3177 2853; x_wconf 58' lang='lat' dir='ltr'><strong>praecepti</strong></span> <span class='ocrx_word' id='word_1_526' title='bbox 3240 2792 3387 2850; x_wconf 87' lang='lat' dir='ltr'><strong>sunt,</strong></span> <span class='ocrx_word' id='word_1_527' title='bbox 3440 2784 3497 2838; x_wconf 80' lang='lat' dir='ltr'><strong>hi</strong></span> <span class='ocrx_word' id='word_1_528' title='bbox 3554 2840 3563 2849; x_wconf 65' lang='grc'>,</span> 
     </span>
    </p>
   </div>
   <div class='ocr_carea' id='block_1_71' title="bbox 1911 2871 3493 2944">
    <p class='ocr_par' dir='ltr' id='par_1_71' title="bbox 1911 2871 3493 2944">
     <span class='ocr_line' id='line_1_71' title="bbox 1911 2871 3493 2944; baseline 0.003 -20"><span class='ocrx_word' id='word_1_529' title='bbox 1911 2871 2130 2940; x_wconf 89' lang='lat' dir='ltr'><strong>quidem</strong></span> <span class='ocrx_word' id='word_1_530' title='bbox 2156 2886 2251 2926; x_wconf 86' lang='lat' dir='ltr'><strong>eas</strong></span> <span class='ocrx_word' id='word_1_531' title='bbox 2306 2873 2656 2939; x_wconf 88' lang='lat' dir='ltr'><strong>meditantes,</strong></span> <span class='ocrx_word' id='word_1_532' title='bbox 2683 2874 2737 2927; x_wconf 91' lang='lat' dir='ltr'><strong>hi</strong></span> <span class='ocrx_word' id='word_1_533' title='bbox 2776 2883 2959 2929; x_wconf 89' lang='lat' dir='ltr'><strong>autem</strong></span> <span class='ocrx_word' id='word_1_534' title='bbox 2994 2882 3050 2929; x_wconf 89' lang='lat' dir='ltr'><strong>et</strong></span> <span class='ocrx_word' id='word_1_535' title='bbox 3108 2874 3493 2944; x_wconf 70' lang='lat' dir='ltr'><strong>prmdicantes.</strong></span> 
     </span>
    </p>
   </div>
   <div class='ocr_carea' id='block_1_72' title="bbox 1911 2963 3497 3038">
    <p class='ocr_par' dir='ltr' id='par_1_72' title="bbox 1911 2963 3497 3038">
     <span class='ocr_line' id='line_1_72' title="bbox 1911 2963 3497 3038; baseline 0.004 -21"><span class='ocrx_word' id='word_1_536' title='bbox 1911 2963 2048 3029; x_wconf 85' lang='lat' dir='ltr'><strong>Quia</strong></span> <span class='ocrx_word' id='word_1_537' title='bbox 2079 2964 2226 3018; x_wconf 84' lang='lat' dir='ltr'><strong>enim</strong></span> <span class='ocrx_word' id='word_1_538' title='bbox 2259 2964 2585 3035; x_wconf 84' lang='lat' dir='ltr'><strong>plantationi</strong></span> <span class='ocrx_word' id='word_1_539' title='bbox 2633 2964 2903 3036; x_wconf 88' lang='lat' dir='ltr'><strong>lignorum</strong></span> <span class='ocrx_word' id='word_1_540' title='bbox 2936 2966 3219 3021; x_wconf 85' lang='lat' dir='ltr'><strong>meditatio</strong></span> <span class='ocrx_word' id='word_1_541' title='bbox 3242 2966 3398 3038; x_wconf 77' lang='lat' dir='ltr'><strong>legis,</strong></span> <span class='ocrx_word' id='word_1_542' title='bbox 3440 2980 3497 3023; x_wconf 86' lang='lat' dir='ltr'><strong>ct</strong></span> 
     </span>
    </p>
   </div>
   <div class='ocr_carea' id='block_1_73' title="bbox 1912 3056 3496 3130">
    <p class='ocr_par' dir='ltr' id='par_1_73' title="bbox 1912 3056 3496 3130">
     <span class='ocr_line' id='line_1_73' title="bbox 1912 3056 3496 3130; baseline 0.001 -18"><span class='ocrx_word' id='word_1_543' title='bbox 1912 3056 2224 3125; x_wconf 54' lang='lat' dir='ltr'><strong>praedicatio</strong></span> <span class='ocrx_word' id='word_1_544' title='bbox 2248 3067 2473 3127; x_wconf 81' lang='lat' dir='ltr'><strong>propter</strong></span> <span class='ocrx_word' id='word_1_545' title='bbox 2502 3072 2629 3112; x_wconf 89' lang='lat' dir='ltr'><strong>eum</strong></span> <span class='ocrx_word' id='word_1_546' title='bbox 2660 3059 2985 3127; x_wconf 78' lang='lat' dir='ltr'><strong>profectum,</strong></span> <span class='ocrx_word' id='word_1_547' title='bbox 3014 3060 3106 3128; x_wconf 89' lang='lat' dir='ltr'><strong>qui</strong></span> <span class='ocrx_word' id='word_1_548' title='bbox 3147 3074 3246 3128; x_wconf 91' lang='lat' dir='ltr'><strong>per</strong></span> <span class='ocrx_word' id='word_1_549' title='bbox 3310 3070 3496 3130; x_wconf 84' lang='lat' dir='ltr'><strong>patres</strong></span> 
     </span>
    </p>
   </div>
   <div class='ocr_carea' id='block_1_74' title="bbox 1913 3147 3497 3216">
    <p class='ocr_par' dir='ltr' id='par_1_74' title="bbox 1913 3147 3497 3216">
     <span class='ocr_line' id='line_1_74' title="bbox 1913 3147 3497 3216; baseline 0.004 -15"><span class='ocrx_word' id='word_1_550' title='bbox 1913 3149 2184 3216; x_wconf 89' lang='lat' dir='ltr'><strong>provenit,</strong></span> <span class='ocrx_word' id='word_1_551' title='bbox 2211 3147 2564 3213; x_wconf 85' lang='lat' dir='ltr'><strong>assimilatur,</strong></span> <span class='ocrx_word' id='word_1_552' title='bbox 2615 3150 2741 3205; x_wconf 90' lang='lat' dir='ltr'><strong>audi</strong></span> <span class='ocrx_word' id='word_1_553' title='bbox 2774 3151 2944 3206; x_wconf 89' lang='lat' dir='ltr'><strong>David</strong></span> <span class='ocrx_word' id='word_1_554' title='bbox 2974 3153 3250 3207; x_wconf 85' lang='lat' dir='ltr'><strong>dicentem</strong></span> <span class='ocrx_word' id='word_1_555' title='bbox 3286 3173 3299 3207; x_wconf 88' lang='lat'>:</span> <span class='ocrx_word' id='word_1_556' title='bbox 3340 3154 3406 3207; x_wconf 85' lang='lat' dir='ltr'><strong>Et</strong></span> <span class='ocrx_word' id='word_1_557' title='bbox 3439 3155 3497 3208; x_wconf 85' lang='lat' dir='ltr'><strong>in</strong></span> 
     </span>
    </p>
   </div>
   <div class='ocr_carea' id='block_1_75' title="bbox 1912 3240 3495 3316">
    <p class='ocr_par' dir='ltr' id='par_1_75' title="bbox 1912 3240 3495 3316">
     <span class='ocr_line' id='line_1_75' title="bbox 1912 3240 3495 3316; baseline 0.004 -24"><span class='ocrx_word' id='word_1_558' title='bbox 1912 3240 2022 3310; x_wconf 85' lang='lat' dir='ltr'><strong>lege</strong></span> <span class='ocrx_word' id='word_1_559' title='bbox 2044 3240 2158 3310; x_wconf 80' lang='lat' dir='ltr'><strong>ejus</strong></span> <span class='ocrx_word' id='word_1_560' title='bbox 2201 3241 2545 3295; x_wconf 79' lang='lat' dir='ltr'><strong>meditabitur</strong></span> <span class='ocrx_word' id='word_1_561' title='bbox 2578 3243 2740 3297; x_wconf 80' lang='lat' dir='ltr'><strong>diem:</strong></span> <span class='ocrx_word' id='word_1_562' title='bbox 2767 3252 2937 3299; x_wconf 89' lang='lat' dir='ltr'><strong>nocte.</strong></span> <span class='ocrx_word' id='word_1_563' title='bbox 2974 3243 3042 3297; x_wconf 85' lang='lat' dir='ltr'><strong>Et</strong></span> <span class='ocrx_word' id='word_1_564' title='bbox 3076 3246 3173 3300; x_wconf 86' lang='lat' dir='ltr'><strong>erit</strong></span> <span class='ocrx_word' id='word_1_565' title='bbox 3236 3254 3495 3316; x_wconf 79' lang='lat' dir='ltr'><strong>tanquam</strong></span> 
     </span>
    </p>
   </div>
   <div class='ocr_carea' id='block_1_76' title="bbox 1913 3333 3494 3405">
    <p class='ocr_par' dir='ltr' id='par_1_76' title="bbox 1913 3333 3494 3405">
     <span class='ocr_line' id='line_1_76' title="bbox 1913 3333 3494 3405; baseline 0.004 -21"><span class='ocrx_word' id='word_1_566' title='bbox 1913 3333 2132 3403; x_wconf 83' lang='lat' dir='ltr'><strong>lignum,</strong></span> <span class='ocrx_word' id='word_1_567' title='bbox 2189 3334 2329 3404; x_wconf 81' lang='lat' dir='ltr'><strong>quod</strong></span> <span class='ocrx_word' id='word_1_568' title='bbox 2368 3333 2672 3401; x_wconf 85' lang='lat' dir='ltr'><strong>plantatum</strong></span> <span class='ocrx_word' id='word_1_569' title='bbox 2702 3345 2776 3390; x_wconf 84' lang='lat' dir='ltr'><strong>est</strong></span> <span class='ocrx_word' id='word_1_570' title='bbox 2807 3352 2953 3390; x_wconf 85' lang='lat' dir='ltr'><strong>secus</strong></span> <span class='ocrx_word' id='word_1_571' title='bbox 3006 3337 3256 3391; x_wconf 83' lang='lat' dir='ltr'><strong>decursus</strong></span> <span class='ocrx_word' id='word_1_572' title='bbox 3317 3353 3494 3405; x_wconf 87' lang='lat' dir='ltr'><strong>aqua-</strong></span> 
     </span>
    </p>
   </div>
   <div class='ocr_carea' id='block_1_77' title="bbox 1910 3425 3495 3499">
    <p class='ocr_par' dir='ltr' id='par_1_77' title="bbox 1910 3425 3495 3499">
     <span class='ocr_line' id='line_1_77' title="bbox 1910 3425 3495 3499; baseline 0.003 -22"><span class='ocrx_word' id='word_1_573' title='bbox 1910 3441 2031 3478; x_wconf 76' lang='lat' dir='ltr'><strong>rum</strong></span> <span class='ocrx_word' id='word_1_574' title='bbox 2056 3425 2124 3482; x_wconf 73' lang='grc' dir='ltr'><strong>⁸ο.</strong></span> <span class='ocrx_word' id='word_1_575' title='bbox 2164 3425 2369 3480; x_wconf 81' lang='lat' dir='ltr'><strong>Paulus</strong></span> <span class='ocrx_word' id='word_1_576' title='bbox 2390 3427 2537 3481; x_wconf 91' lang='lat' dir='ltr'><strong>enim</strong></span> <span class='ocrx_word' id='word_1_577' title='bbox 2567 3425 2637 3481; x_wconf 90' lang='lat' dir='ltr'><strong>de</strong></span> <span class='ocrx_word' id='word_1_578' title='bbox 2665 3426 3050 3496; x_wconf 68' lang='lat' dir='ltr'><strong>praedicatione</strong></span> <span class='ocrx_word' id='word_1_579' title='bbox 3078 3442 3241 3498; x_wconf 88' lang='lat' dir='ltr'><strong>quam</strong></span> <span class='ocrx_word' id='word_1_580' title='bbox 3296 3428 3495 3499; x_wconf 71' lang='lat' dir='ltr'><strong>praedi-</strong></span> 
     </span>
    </p>
   </div>
   <div class='ocr_carea' id='block_1_78' title="bbox 1908 3515 3491 3591">
    <p class='ocr_par' dir='ltr' id='par_1_78' title="bbox 1908 3515 3491 3591">
     <span class='ocr_line' id='line_1_78' title="bbox 1908 3515 3491 3591; baseline 0.002 -20"><span class='ocrx_word' id='word_1_581' title='bbox 1908 3518 2050 3571; x_wconf 83' lang='lat' dir='ltr'><strong>cavit</strong></span> <span class='ocrx_word' id='word_1_582' title='bbox 2071 3516 2370 3572; x_wconf 79' lang='lat' dir='ltr'><strong>Corinthiis</strong></span> <span class='ocrx_word' id='word_1_583' title='bbox 2391 3518 2612 3588; x_wconf 78' lang='lat' dir='ltr'><strong>scripsit</strong></span> <span class='ocrx_word' id='word_1_584' title='bbox 2638 3535 2652 3571; x_wconf 89' lang='lat'><strong>:</strong></span> <span class='ocrx_word' id='word_1_585' title='bbox 2685 3515 2798 3589; x_wconf 79' lang='lat' dir='ltr'><strong>Ego</strong></span> <span class='ocrx_word' id='word_1_586' title='bbox 2829 3518 3087 3587; x_wconf 73' lang='lat' dir='ltr'><strong>plantavi,</strong></span> <span class='ocrx_word' id='word_1_587' title='bbox 3114 3519 3300 3588; x_wconf 77' lang='lat' dir='ltr'><strong>Apollo</strong></span> <span class='ocrx_word' id='word_1_588' title='bbox 3343 3520 3491 3591; x_wconf 70' lang='lat' dir='ltr'><strong>riguo</strong></span> 
     </span>
    </p>
   </div>
   <div class='ocr_carea' id='block_1_79' title="bbox 1909 3609 3491 3670">
    <p class='ocr_par' dir='ltr' id='par_1_79' title="bbox 1909 3609 3491 3670">
     <span class='ocr_line' id='line_1_79' title="bbox 1909 3609 3491 3670; baseline 0.002 -6"><span class='ocrx_word' id='word_1_589' title='bbox 1909 3609 2003 3670; x_wconf 85' lang='lat' dir='ltr'><strong>vit,</strong></span> <span class='ocrx_word' id='word_1_590' title='bbox 2038 3611 2128 3664; x_wconf 81' lang='lat' dir='ltr'><strong>sed</strong></span> <span class='ocrx_word' id='word_1_591' title='bbox 2185 3609 2322 3664; x_wconf 84' lang='lat' dir='ltr'><strong>Deus</strong></span> <span class='ocrx_word' id='word_1_592' title='bbox 2359 3612 2738 3665; x_wconf 76' lang='lat' dir='ltr'><strong>incrementum</strong></span> <span class='ocrx_word' id='word_1_593' title='bbox 2799 3611 3031 3666; x_wconf 75' lang='lat' dir='ltr'><strong>dedit“.</strong></span> <span class='ocrx_word' id='word_1_594' title='bbox 3069 3609 3179 3666; x_wconf 89' lang='lat' dir='ltr'><strong>Sed</strong></span> <span class='ocrx_word' id='word_1_595' title='bbox 3232 3613 3491 3667; x_wconf 87' lang='lat' dir='ltr'><strong>mandata</strong></span> 
     </span>
    </p>
   </div>
   <div class='ocr_carea' id='block_1_80' title="bbox 1908 3701 3489 3773">
    <p class='ocr_par' dir='ltr' id='par_1_80' title="bbox 1908 3701 3489 3773">
     <span class='ocr_line' id='line_1_80' title="bbox 1908 3701 3489 3773; baseline -0.001 -16"><span class='ocrx_word' id='word_1_596' title='bbox 1908 3703 2126 3772; x_wconf 88' lang='lat' dir='ltr'><strong>quidem</strong></span> <span class='ocrx_word' id='word_1_597' title='bbox 2166 3702 2307 3756; x_wconf 85' lang='lat' dir='ltr'><strong>bona</strong></span> <span class='ocrx_word' id='word_1_598' title='bbox 2333 3701 2502 3756; x_wconf 89' lang='lat' dir='ltr'><strong>nimis</strong></span> <span class='ocrx_word' id='word_1_599' title='bbox 2530 3710 2709 3766; x_wconf 80' lang='lat' dir='ltr'><strong>erant,</strong></span> <span class='ocrx_word' id='word_1_600' title='bbox 2743 3712 2966 3771; x_wconf 88' lang='lat' dir='ltr'><strong>propter</strong></span> <span class='ocrx_word' id='word_1_601' title='bbox 2994 3702 3139 3771; x_wconf 87' lang='lat' dir='ltr'><strong>quod</strong></span> <span class='ocrx_word' id='word_1_602' title='bbox 3178 3710 3235 3756; x_wconf 91' lang='lat' dir='ltr'><strong>et</strong></span> <span class='ocrx_word' id='word_1_603' title='bbox 3282 3703 3489 3773; x_wconf 84' lang='lat' dir='ltr'><strong>lignum</strong></span> 
     </span>
    </p>
   </div>
   <div class='ocr_carea' id='block_1_81' title="bbox 1908 3792 3486 3864">
    <p class='ocr_par' dir='ltr' id='par_1_81' title="bbox 1908 3792 3486 3864">
     <span class='ocr_line' id='line_1_81' title="bbox 1908 3792 3486 3864; baseline 0.001 -16"><span class='ocrx_word' id='word_1_604' title='bbox 1908 3793 2098 3848; x_wconf 89' lang='lat' dir='ltr'><strong>esibile</strong></span> <span class='ocrx_word' id='word_1_605' title='bbox 2123 3793 2428 3864; x_wconf 81' lang='lat' dir='ltr'><strong>appellavit.</strong></span> <span class='ocrx_word' id='word_1_606' title='bbox 2463 3792 2544 3847; x_wconf 90' lang='lat' dir='ltr'><strong>Illi</strong></span> <span class='ocrx_word' id='word_1_607' title='bbox 2603 3802 2787 3848; x_wconf 88' lang='lat' dir='ltr'><strong>autem</strong></span> <span class='ocrx_word' id='word_1_608' title='bbox 2839 3793 3003 3849; x_wconf 83' lang='lat' dir='ltr'><strong>modo</strong></span> <span class='ocrx_word' id='word_1_609' title='bbox 3049 3809 3159 3863; x_wconf 92' lang='lat' dir='ltr'><strong>quo</strong></span> <span class='ocrx_word' id='word_1_610' title='bbox 3188 3794 3486 3857; x_wconf 87' lang='lat' dir='ltr'><strong>debebant,</strong></span> 
     </span>
    </p>
   </div>
   <div class='ocr_carea' id='block_1_82' title="bbox 1908 3882 3485 3953">
    <p class='ocr_par' dir='ltr' id='par_1_82' title="bbox 1908 3882 3485 3953">
     <span class='ocr_line' id='line_1_82' title="bbox 1908 3882 3485 3953; baseline 0.001 -16"><span class='ocrx_word' id='word_1_611' title='bbox 1908 3897 2019 3939; x_wconf 91' lang='lat' dir='ltr'><strong>non</strong></span> <span class='ocrx_word' id='word_1_612' title='bbox 2049 3883 2416 3953; x_wconf 77' lang='lat' dir='ltr'><strong>operabantur</strong></span> <span class='ocrx_word' id='word_1_613' title='bbox 2447 3882 2751 3937; x_wconf 84' lang='lat' dir='ltr'><strong>secundum</strong></span> <span class='ocrx_word' id='word_1_614' title='bbox 2798 3882 3038 3937; x_wconf 87' lang='lat' dir='ltr'><strong>litteram</strong></span> <span class='ocrx_word' id='word_1_615' title='bbox 3094 3884 3210 3953; x_wconf 86' lang='lat' dir='ltr'><strong>lege</strong></span> <span class='ocrx_word' id='word_1_616' title='bbox 3245 3892 3485 3939; x_wconf 86' lang='lat' dir='ltr'><strong>utentes.</strong></span> 
     </span>
    </p>
   </div>
   <div class='ocr_carea' id='block_1_83' title="bbox 1909 3975 3488 4050">
    <p class='ocr_par' dir='ltr' id='par_1_83' title="bbox 1909 3975 3488 4050">
     <span class='ocr_line' id='line_1_83' title="bbox 1909 3975 3488 4050; baseline 0.002 -22"><span class='ocrx_word' id='word_1_617' title='bbox 1909 3975 2039 4030; x_wconf 79' lang='lat' dir='ltr'><strong>Erat</strong></span> <span class='ocrx_word' id='word_1_618' title='bbox 2062 3990 2192 4046; x_wconf 90' lang='lat' dir='ltr'><strong>ergo</strong></span> <span class='ocrx_word' id='word_1_619' title='bbox 2243 3989 2435 4030; x_wconf 85' lang='lat' dir='ltr'><strong>eorum</strong></span> <span class='ocrx_word' id='word_1_620' title='bbox 2489 3975 2717 4039; x_wconf 77' lang='lat' dir='ltr'><strong>fructus,</strong></span> <span class='ocrx_word' id='word_1_621' title='bbox 2750 3975 2996 4046; x_wconf 88' lang='lat' dir='ltr'><strong>operatio</strong></span> <span class='ocrx_word' id='word_1_622' title='bbox 3038 3975 3292 4032; x_wconf 88' lang='lat' dir='ltr'><strong>videlicet</strong></span> <span class='ocrx_word' id='word_1_623' title='bbox 3350 3977 3488 4050; x_wconf 84' lang='lat' dir='ltr'><strong>legis</strong></span> 
     </span>
    </p>
   </div>
   <div class='ocr_carea' id='block_1_84' title="bbox 1909 4062 3488 4132">
    <p class='ocr_par' dir='ltr' id='par_1_84' title="bbox 1909 4062 3488 4132">
     <span class='ocr_line' id='line_1_84' title="bbox 1909 4062 3488 4132; baseline 0.001 -13"><span class='ocrx_word' id='word_1_624' title='bbox 1909 4062 2146 4121; x_wconf 80' lang='lat' dir='ltr'><strong>triennio</strong></span> <span class='ocrx_word' id='word_1_625' title='bbox 2166 4065 2468 4120; x_wconf 88' lang='lat' dir='ltr'><strong>immunda.</strong></span> <span class='ocrx_word' id='word_1_626' title='bbox 2491 4066 2636 4120; x_wconf 85' lang='lat' dir='ltr'><strong>Dicit</strong></span> <span class='ocrx_word' id='word_1_627' title='bbox 2661 4075 2846 4122; x_wconf 86' lang='lat' dir='ltr'><strong>autem</strong></span> <span class='ocrx_word' id='word_1_628' title='bbox 2906 4066 3229 4132; x_wconf 84' lang='lat' dir='ltr'><strong>triennium,</strong></span> <span class='ocrx_word' id='word_1_629' title='bbox 3262 4082 3294 4122; x_wconf 92' lang='lat' dir='ltr'><strong>a</strong></span> <span class='ocrx_word' id='word_1_630' title='bbox 3343 4077 3488 4121; x_wconf 80' lang='lat' dir='ltr'><strong>tem-</strong></span> 
     </span>
    </p>
   </div>
   <div class='ocr_carea' id='block_1_85' title="bbox 1904 4156 3489 4230">
    <p class='ocr_par' dir='ltr' id='par_1_85' title="bbox 1904 4156 3489 4230">
     <span class='ocr_line' id='line_1_85' title="bbox 1904 4156 3489 4230; baseline 0.003 -20"><span class='ocrx_word' id='word_1_631' title='bbox 1904 4171 2038 4227; x_wconf 92' lang='lat' dir='ltr'><strong>pore</strong></span> <span class='ocrx_word' id='word_1_632' title='bbox 2067 4156 2201 4228; x_wconf 81' lang='lat' dir='ltr'><strong>legis</strong></span> <span class='ocrx_word' id='word_1_633' title='bbox 2226 4172 2400 4227; x_wconf 77' lang='lat' dir='ltr'><strong>usque</strong></span> <span class='ocrx_word' id='word_1_634' title='bbox 2421 4156 2489 4212; x_wconf 89' lang='lat' dir='ltr'><strong>ad</strong></span> <span class='ocrx_word' id='word_1_635' title='bbox 2510 4157 2673 4211; x_wconf 87' lang='lat' dir='ltr'><strong>David</strong></span> <span class='ocrx_word' id='word_1_636' title='bbox 2709 4167 2945 4229; x_wconf 89' lang='lat' dir='ltr'><strong>tempus,</strong></span> <span class='ocrx_word' id='word_1_637' title='bbox 2966 4168 3021 4213; x_wconf 90' lang='lat' dir='ltr'><strong>et</strong></span> <span class='ocrx_word' id='word_1_638' title='bbox 3046 4174 3077 4213; x_wconf 88' lang='lat' dir='ltr'><strong>a</strong></span> <span class='ocrx_word' id='word_1_639' title='bbox 3110 4157 3279 4213; x_wconf 86' lang='lat' dir='ltr'><strong>David</strong></span> <span class='ocrx_word' id='word_1_640' title='bbox 3313 4174 3489 4230; x_wconf 89' lang='lat' dir='ltr'><strong>usque</strong></span> 
     </span>
    </p>
   </div>
   <div class='ocr_carea' id='block_1_86' title="bbox 1905 4245 3490 4319">
    <p class='ocr_par' dir='ltr' id='par_1_86' title="bbox 1905 4245 3490 4319">
     <span class='ocr_line' id='line_1_86' title="bbox 1905 4245 3490 4319; baseline 0.002 -19"><span class='ocrx_word' id='word_1_641' title='bbox 1905 4246 1974 4300; x_wconf 86' lang='lat' dir='ltr'><strong>ad</strong></span> <span class='ocrx_word' id='word_1_642' title='bbox 2020 4245 2556 4315; x_wconf 85' lang='lat' dir='ltr'><strong>transmigrationem</strong></span> <span class='ocrx_word' id='word_1_643' title='bbox 2617 4245 2946 4314; x_wconf 70' lang='lat' dir='ltr'><strong>Babyloniae,</strong></span> <span class='ocrx_word' id='word_1_644' title='bbox 2977 4257 3033 4301; x_wconf 89' lang='lat' dir='ltr'><strong>et</strong></span> <span class='ocrx_word' id='word_1_645' title='bbox 3070 4262 3101 4302; x_wconf 92' lang='lat' dir='ltr'><strong>a</strong></span> <span class='ocrx_word' id='word_1_646' title='bbox 3132 4247 3490 4319; x_wconf 84' lang='lat' dir='ltr'><strong>transmigra-</strong></span> 
     </span>
    </p>
   </div>
   <div class='ocr_carea' id='block_1_87' title="bbox 1904 4336 3488 4408">
    <p class='ocr_par' dir='ltr' id='par_1_87' title="bbox 1904 4336 3488 4408">
     <span class='ocr_line' id='line_1_87' title="bbox 1904 4336 3488 4408; baseline 0.001 -18"><span class='ocrx_word' id='word_1_647' title='bbox 1904 4337 2053 4391; x_wconf 90' lang='lat' dir='ltr'><strong>tione</strong></span> <span class='ocrx_word' id='word_1_648' title='bbox 2125 4336 2432 4408; x_wconf 78' lang='lat' dir='ltr'><strong>Babyloniae</strong></span> <span class='ocrx_word' id='word_1_649' title='bbox 2510 4352 2681 4407; x_wconf 90' lang='lat' dir='ltr'><strong>usque</strong></span> <span class='ocrx_word' id='word_1_650' title='bbox 2724 4336 2792 4392; x_wconf 91' lang='lat' dir='ltr'><strong>ad</strong></span> <span class='ocrx_word' id='word_1_651' title='bbox 2847 4337 3144 4392; x_wconf 87' lang='lat' dir='ltr'><strong>adventum</strong></span> <span class='ocrx_word' id='word_1_652' title='bbox 3203 4338 3416 4394; x_wconf 80' lang='lat' dir='ltr'><strong>Domini</strong></span> <span class='ocrx_word' id='word_1_653' title='bbox 3473 4356 3488 4392; x_wconf 91' lang='lat'><strong>:</strong></span> 
     </span>
    </p>
   </div>
   <div class='ocr_carea' id='block_1_88' title="bbox 1904 4428 3491 4502">
    <p class='ocr_par' dir='ltr' id='par_1_88' title="bbox 1904 4428 3491 4502">
     <span class='ocr_line' id='line_1_88' title="bbox 1904 4428 3491 4502; baseline -0.001 -17"><span class='ocrx_word' id='word_1_654' title='bbox 1904 4430 1983 4485; x_wconf 88' lang='lat' dir='ltr'><strong>sic</strong></span> <span class='ocrx_word' id='word_1_655' title='bbox 2042 4428 2191 4485; x_wconf 88' lang='lat' dir='ltr'><strong>enim</strong></span> <span class='ocrx_word' id='word_1_656' title='bbox 2237 4438 2295 4483; x_wconf 92' lang='lat' dir='ltr'><strong>et</strong></span> <span class='ocrx_word' id='word_1_657' title='bbox 2365 4428 2655 4484; x_wconf 69' lang='lat' dir='ltr'><strong>Matthaaus</strong></span> <span class='ocrx_word' id='word_1_658' title='bbox 2709 4429 2960 4485; x_wconf 79' lang='lat' dir='ltr'><strong>distinxit</strong></span> <span class='ocrx_word' id='word_1_659' title='bbox 3014 4431 3082 4486; x_wconf 76' lang='lat'><strong>&quot;.</strong></span> <span class='ocrx_word' id='word_1_660' title='bbox 3165 4429 3306 4496; x_wconf 85' lang='lat' dir='ltr'><strong>Quia</strong></span> <span class='ocrx_word' id='word_1_661' title='bbox 3359 4446 3491 4502; x_wconf 87' lang='lat' dir='ltr'><strong>ergo</strong></span> 
     </span>
    </p>
   </div>
   <div class='ocr_carea' id='block_1_89' title="bbox 185 4440 1798 4510">
    <p class='ocr_par' dir='ltr' id='par_1_89' title="bbox 185 4440 1798 4510">
     <span class='ocr_line' id='line_1_89' title="bbox 185 4440 1798 4510; baseline -0.002 -8"><span class='ocrx_word' id='word_1_662' title='bbox 185 4445 333 4502; x_wconf 87' lang='lat' dir='ltr'><strong>nari</strong></span> <span class='ocrx_word' id='word_1_663' title='bbox 359 4459 426 4497; x_wconf 81' lang='lat' dir='ltr'><strong>ex</strong></span> <span class='ocrx_word' id='word_1_664' title='bbox 461 4442 791 4499; x_wconf 86' lang='lat' dir='ltr'><strong>obveniente</strong></span> <span class='ocrx_word' id='word_1_665' title='bbox 818 4441 921 4498; x_wconf 91' lang='lat' dir='ltr'><strong>sibi</strong></span> <span class='ocrx_word' id='word_1_666' title='bbox 969 4441 1239 4497; x_wconf 88' lang='lat' dir='ltr'><strong>servitute</strong></span> <span class='ocrx_word' id='word_1_667' title='bbox 1270 4440 1512 4497; x_wconf 73' lang='lat' dir='ltr'><strong>Iudaicae</strong></span> <span class='ocrx_word' id='word_1_668' title='bbox 1581 4442 1798 4510; x_wconf 69' lang='lat' dir='ltr'><strong>litterze,</strong></span> 
     </span>
    </p>
   </div>
   <div class='ocr_carea' id='block_1_90' title="bbox 184 4518 3487 4602">
    <p class='ocr_par' dir='ltr' id='par_1_90' title="bbox 184 4518 3487 4602">
     <span class='ocr_line' id='line_1_90' title="bbox 184 4518 3487 4602; baseline -0.001 -13"><span class='ocrx_word' id='word_1_669' title='bbox 184 4538 299 4595; x_wconf 72' lang='lat' dir='ltr'><strong>sed</strong></span> <span class='ocrx_word' id='word_1_670' title='bbox 336 4535 508 4590; x_wconf 88' lang='lat' dir='ltr'><strong>etiam</strong></span> <span class='ocrx_word' id='word_1_671' title='bbox 560 4533 778 4589; x_wconf 89' lang='lat' dir='ltr'><strong>liberari</strong></span> <span class='ocrx_word' id='word_1_672' title='bbox 827 4533 896 4589; x_wconf 90' lang='lat' dir='ltr'><strong>ab</strong></span> <span class='ocrx_word' id='word_1_673' title='bbox 925 4547 1010 4596; x_wconf 89' lang='lat' dir='ltr'><strong>ea,</strong></span> <span class='ocrx_word' id='word_1_674' title='bbox 1044 4541 1159 4589; x_wconf 89' lang='lat' dir='ltr'><strong>eta</strong></span> <span class='ocrx_word' id='word_1_675' title='bbox 1219 4540 1398 4588; x_wconf 89' lang='lat' dir='ltr'><strong>morte</strong></span> <span class='ocrx_word' id='word_1_676' title='bbox 1459 4532 1799 4589; x_wconf 83' lang='lat' dir='ltr'><strong>inﬁdelitatis</strong></span> <span class='ocrx_word' id='word_1_677' title='bbox 1830 4529 2095 4602; x_wconf 70' lang='grc' dir='ltr'><strong>οίμιπιο</strong></span> <span class='ocrx_word' id='word_1_678' title='bbox 2156 4520 2259 4575; x_wconf 81' lang='lat' dir='ltr'><strong>hoc</strong></span> <span class='ocrx_word' id='word_1_679' title='bbox 2317 4534 2484 4585; x_wconf 67' lang='lat' dir='ltr'><strong>anno.</strong></span> <span class='ocrx_word' id='word_1_680' title='bbox 2535 4533 2758 4574; x_wconf 79' lang='lat' dir='ltr'><strong>omnem</strong></span> <span class='ocrx_word' id='word_1_681' title='bbox 2812 4518 3052 4573; x_wconf 70' lang='lat' dir='ltr'><strong>fructum</strong></span> <span class='ocrx_word' id='word_1_682' title='bbox 3105 4519 3279 4590; x_wconf 74' lang='lat' dir='ltr'><strong>ipsius</strong></span> <span class='ocrx_word' id='word_1_683' title='bbox 3330 4521 3487 4591; x_wconf 70' lang='lat' dir='ltr'><strong>legis.</strong></span> 
     </span>
    </p>
   </div>
   <div class='ocr_carea' id='block_1_91' title="bbox 1906 4609 3491 4675">
    <p class='ocr_par' dir='ltr' id='par_1_91' title="bbox 1906 4609 3491 4675">
     <span class='ocr_line' id='line_1_91' title="bbox 1906 4609 3491 4675; baseline 0 -10"><span class='ocrx_word' id='word_1_684' title='bbox 1906 4620 2156 4667; x_wconf 88' lang='lat' dir='ltr'><strong>sanctum</strong></span> <span class='ocrx_word' id='word_1_685' title='bbox 2173 4619 2231 4666; x_wconf 86' lang='lat' dir='ltr'><strong>et</strong></span> <span class='ocrx_word' id='word_1_686' title='bbox 2248 4609 2519 4665; x_wconf 88' lang='lat' dir='ltr'><strong>laudabile</strong></span> <span class='ocrx_word' id='word_1_687' title='bbox 2551 4609 2783 4666; x_wconf 85' lang='lat' dir='ltr'><strong>Domino</strong></span> <span class='ocrx_word' id='word_1_688' title='bbox 2809 4609 3234 4675; x_wconf 88' lang='lat' dir='ltr'><strong>commendavit,</strong></span> <span class='ocrx_word' id='word_1_689' title='bbox 3264 4625 3376 4665; x_wconf 90' lang='lat' dir='ltr'><strong>non</strong></span> <span class='ocrx_word' id='word_1_690' title='bbox 3405 4619 3491 4665; x_wconf 85' lang='lat' dir='ltr'><strong>ta-</strong></span> 
     </span>
    </p>
   </div>
   <div class='ocr_carea' id='block_1_92' title="bbox 178 4625 1798 4703">
    <p class='ocr_par' dir='ltr' id='par_1_92' title="bbox 178 4625 1798 4703">
     <span class='ocr_line' id='line_1_92' title="bbox 178 4625 1798 4703; baseline -0.002 -17"><span class='ocrx_word' id='word_1_691' title='bbox 178 4629 536 4703; x_wconf 63' lang='lat' dir='ltr'><strong>spiritaliter</strong></span> <span class='ocrx_word' id='word_1_692' title='bbox 556 4628 732 4700; x_wconf 87' lang='lat' dir='ltr'><strong>legem</strong></span> <span class='ocrx_word' id='word_1_693' title='bbox 799 4627 1099 4697; x_wconf 85' lang='lat' dir='ltr'><strong>accipiens,</strong></span> <span class='ocrx_word' id='word_1_694' title='bbox 1124 4635 1181 4683; x_wconf 88' lang='lat' dir='ltr'><strong>et</strong></span> <span class='ocrx_word' id='word_1_695' title='bbox 1221 4625 1487 4683; x_wconf 86' lang='lat' dir='ltr'><strong>sacriﬁcia</strong></span> <span class='ocrx_word' id='word_1_696' title='bbox 1544 4628 1666 4697; x_wconf 88' lang='lat' dir='ltr'><strong>ejus</strong></span> <span class='ocrx_word' id='word_1_697' title='bbox 1730 4626 1798 4683; x_wconf 87' lang='lat' dir='ltr'><strong>ad</strong></span> 
     </span>
    </p>
   </div>
   <div class='ocr_carea' id='block_1_93' title="bbox 1907 4701 3490 4768">
    <p class='ocr_par' dir='ltr' id='par_1_93' title="bbox 1907 4701 3490 4768">
     <span class='ocr_line' id='line_1_93' title="bbox 1907 4701 3490 4768; baseline 0.001 -12"><span class='ocrx_word' id='word_1_698' title='bbox 1907 4717 2034 4758; x_wconf 88' lang='lat' dir='ltr'><strong>men</strong></span> <span class='ocrx_word' id='word_1_699' title='bbox 2066 4702 2155 4758; x_wconf 92' lang='lat' dir='ltr'><strong>vel</strong></span> <span class='ocrx_word' id='word_1_700' title='bbox 2186 4711 2316 4757; x_wconf 91' lang='lat' dir='ltr'><strong>tunc</strong></span> <span class='ocrx_word' id='word_1_701' title='bbox 2345 4702 2539 4758; x_wconf 87' lang='lat' dir='ltr'><strong>esibile</strong></span> <span class='ocrx_word' id='word_1_702' title='bbox 2568 4701 2699 4758; x_wconf 90' lang='lat' dir='ltr'><strong>illud</strong></span> <span class='ocrx_word' id='word_1_703' title='bbox 2731 4716 2853 4758; x_wconf 86' lang='lat' dir='ltr'><strong>esse</strong></span> <span class='ocrx_word' id='word_1_704' title='bbox 2907 4701 3113 4759; x_wconf 78' lang='lat' dir='ltr'><strong>Iudaeis</strong></span> <span class='ocrx_word' id='word_1_705' title='bbox 3149 4702 3383 4768; x_wconf 75' lang='lat' dir='ltr'><strong>dixerat,</strong></span> <span class='ocrx_word' id='word_1_706' title='bbox 3420 4703 3490 4758; x_wconf 87' lang='lat' dir='ltr'><strong>il-</strong></span> 
     </span>
    </p>
   </div>
   <div class='ocr_carea' id='block_1_94' title="bbox 184 4722 1070 4790">
    <p class='ocr_par' dir='ltr' id='par_1_94' title="bbox 184 4722 1070 4790">
     <span class='ocr_line' id='line_1_94' title="bbox 184 4722 1070 4790; baseline -0.008 -8"><span class='ocrx_word' id='word_1_707' title='bbox 184 4724 498 4782; x_wconf 75' lang='lat' dir='ltr'><strong>Cliristum</strong></span> <span class='ocrx_word' id='word_1_708' title='bbox 529 4722 797 4785; x_wconf 86' lang='lat' dir='ltr'><strong>referens,</strong></span> <span class='ocrx_word' id='word_1_709' title='bbox 828 4727 1070 4790; x_wconf 82' lang='lat' dir='ltr'><strong>poterat.</strong></span> 
     </span>
    </p>
   </div>
   <div class='ocr_carea' id='block_1_95' title="bbox 278 4808 1797 4882">
    <p class='ocr_par' dir='ltr' id='par_1_95' title="bbox 278 4808 1797 4882">
     <span class='ocr_line' id='line_1_95' title="bbox 278 4808 1797 4882; baseline -0.005 -13"><span class='ocrx_word' id='word_1_710' title='bbox 278 4814 452 4870; x_wconf 76' lang='lat' dir='ltr'><strong>Vens.</strong></span> <span class='ocrx_word' id='word_1_711' title='bbox 483 4813 675 4868; x_wconf 71' lang='lat'><strong>25-25.</strong></span> <span class='ocrx_word' id='word_1_712' title='bbox 715 4832 733 4866; x_wconf 84' lang='grc'>‹</span> <span class='ocrx_word' id='word_1_713' title='bbox 762 4811 994 4879; x_wconf 85' lang='lat' dir='ltr'><strong>Quando</strong></span> <span class='ocrx_word' id='word_1_714' title='bbox 1028 4810 1256 4882; x_wconf 89' lang='lat' dir='ltr'><strong>ingressi</strong></span> <span class='ocrx_word' id='word_1_715' title='bbox 1308 4808 1522 4865; x_wconf 73' lang='lat' dir='ltr'><strong>fueritis</strong></span> <span class='ocrx_word' id='word_1_716' title='bbox 1575 4818 1797 4872; x_wconf 89' lang='lat' dir='ltr'><strong>terram,</strong></span> 
     </span>
    </p>
   </div>
   <div class='ocr_carea' id='block_1_96' title="bbox 192 4899 1801 4976">
    <p class='ocr_par' dir='ltr' id='par_1_96' title="bbox 192 4899 1801 4976">
     <span class='ocr_line' id='line_1_96' title="bbox 192 4899 1801 4976; baseline -0.006 -14"><span class='ocrx_word' id='word_1_717' title='bbox 192 4919 255 4964; x_wconf 85' lang='lat' dir='ltr'><strong>et</strong></span> <span class='ocrx_word' id='word_1_718' title='bbox 309 4905 698 4976; x_wconf 85' lang='lat' dir='ltr'><strong>plantaveritis</strong></span> <span class='ocrx_word' id='word_1_719' title='bbox 755 4905 812 4958; x_wconf 92' lang='lat' dir='ltr'><strong>in</strong></span> <span class='ocrx_word' id='word_1_720' title='bbox 864 4918 928 4958; x_wconf 86' lang='lat' dir='ltr'><strong>ea</strong></span> <span class='ocrx_word' id='word_1_721' title='bbox 994 4902 1138 4973; x_wconf 87' lang='lat' dir='ltr'><strong>ligna</strong></span> <span class='ocrx_word' id='word_1_722' title='bbox 1188 4900 1489 4972; x_wconf 85' lang='lat' dir='ltr'><strong>pomifera,</strong></span> <span class='ocrx_word' id='word_1_723' title='bbox 1536 4899 1801 4956; x_wconf 89' lang='lat' dir='ltr'><strong>auferetis</strong></span> 
     </span>
    </p>
   </div>
   <div class='ocr_carea' id='block_1_97' title="bbox 196 4991 1800 5071">
    <p class='ocr_par' dir='ltr' id='par_1_97' title="bbox 196 4991 1800 5071">
     <span class='ocr_line' id='line_1_97' title="bbox 196 4991 1800 5071; baseline -0.006 -17"><span class='ocrx_word' id='word_1_724' title='bbox 196 4997 484 5071; x_wconf 62' lang='lat' dir='ltr'><strong>praeputia</strong></span> <span class='ocrx_word' id='word_1_725' title='bbox 516 5012 726 5052; x_wconf 90' lang='lat' dir='ltr'><strong>eorum.</strong></span> <span class='ocrx_word' id='word_1_726' title='bbox 749 4995 916 5049; x_wconf 88' lang='lat' dir='ltr'><strong>Poma</strong></span> <span class='ocrx_word' id='word_1_727' title='bbox 961 5009 1085 5064; x_wconf 64' lang='lat' dir='ltr'><strong>quas</strong></span> <span class='ocrx_word' id='word_1_728' title='bbox 1150 4993 1482 5065; x_wconf 88' lang='lat' dir='ltr'><strong>germinant,</strong></span> <span class='ocrx_word' id='word_1_729' title='bbox 1518 4991 1800 5046; x_wconf 90' lang='lat' dir='ltr'><strong>immunda</strong></span> 
     </span>
    </p>
   </div>
   <div class='ocr_carea' id='block_1_98' title="bbox 195 5081 1802 5154">
    <p class='ocr_par' dir='ltr' id='par_1_98' title="bbox 195 5081 1802 5154">
     <span class='ocr_line' id='line_1_98' title="bbox 195 5081 1802 5154; baseline -0.005 -10"><span class='ocrx_word' id='word_1_730' title='bbox 195 5097 377 5144; x_wconf 88' lang='lat' dir='ltr'><strong>erunt</strong></span> <span class='ocrx_word' id='word_1_731' title='bbox 412 5086 587 5154; x_wconf 85' lang='lat' dir='ltr'><strong>vobis,</strong></span> <span class='ocrx_word' id='word_1_732' title='bbox 626 5100 730 5142; x_wconf 87' lang='lat' dir='ltr'><strong>nec</strong></span> <span class='ocrx_word' id='word_1_733' title='bbox 755 5085 929 5141; x_wconf 88' lang='lat' dir='ltr'><strong>edetis</strong></span> <span class='ocrx_word' id='word_1_734' title='bbox 961 5098 1030 5138; x_wconf 82' lang='lat' dir='ltr'><strong>ex</strong></span> <span class='ocrx_word' id='word_1_735' title='bbox 1069 5082 1169 5138; x_wconf 89' lang='lat' dir='ltr'><strong>eis.</strong></span> <span class='ocrx_word' id='word_1_736' title='bbox 1202 5081 1408 5148; x_wconf 87' lang='lat' dir='ltr'><strong>Quarto</strong></span> <span class='ocrx_word' id='word_1_737' title='bbox 1445 5096 1592 5136; x_wconf 91' lang='lat' dir='ltr'><strong>anno</strong></span> <span class='ocrx_word' id='word_1_738' title='bbox 1620 5081 1802 5136; x_wconf 87' lang='lat' dir='ltr'><strong>omnis</strong></span> 
     </span>
    </p>
   </div>
   <div class='ocr_carea' id='block_1_99' title="bbox 200 5172 1834 5248">
    <p class='ocr_par' dir='ltr' id='par_1_99' title="bbox 200 5172 1834 5248">
     <span class='ocr_line' id='line_1_99' title="bbox 200 5172 1834 5248; baseline -0.006 -13"><span class='ocrx_word' id='word_1_739' title='bbox 200 5181 431 5236; x_wconf 80' lang='lat' dir='ltr'><strong>fructus</strong></span> <span class='ocrx_word' id='word_1_740' title='bbox 452 5192 638 5232; x_wconf 88' lang='lat' dir='ltr'><strong>eorum</strong></span> <span class='ocrx_word' id='word_1_741' title='bbox 656 5173 1086 5231; x_wconf 88' lang='lat' dir='ltr'><strong>sanctiﬁcabitur</strong></span> <span class='ocrx_word' id='word_1_742' title='bbox 1101 5173 1356 5229; x_wconf 88' lang='lat' dir='ltr'><strong>laudabili</strong></span> <span class='ocrx_word' id='word_1_743' title='bbox 1375 5172 1803 5238; x_wconf 84' lang='lat' dir='ltr'><strong>Dumino.Quin-</strong></span> <span class='ocrx_word' id='word_1_744' title='bbox 1829 5242 1834 5248; x_wconf 21' lang='grc' dir='ltr'><strong>θ</strong></span> 
     </span>
    </p>
   </div>
   <div class='ocr_carea' id='block_1_100' title="bbox 201 5267 1804 5335">
    <p class='ocr_par' dir='ltr' id='par_1_100' title="bbox 201 5267 1804 5335">
     <span class='ocr_line' id='line_1_100' title="bbox 201 5267 1804 5335; baseline -0.005 -9"><span class='ocrx_word' id='word_1_745' title='bbox 201 5283 265 5326; x_wconf 87' lang='lat' dir='ltr'><strong>to</strong></span> <span class='ocrx_word' id='word_1_746' title='bbox 289 5280 481 5326; x_wconf 89' lang='lat' dir='ltr'><strong>autem</strong></span> <span class='ocrx_word' id='word_1_747' title='bbox 511 5284 656 5325; x_wconf 91' lang='lat' dir='ltr'><strong>anno</strong></span> <span class='ocrx_word' id='word_1_748' title='bbox 681 5284 793 5325; x_wconf 89' lang='lat' dir='ltr'><strong>non</strong></span> <span class='ocrx_word' id='word_1_749' title='bbox 830 5268 1129 5325; x_wconf 88' lang='lat' dir='ltr'><strong>comedetis</strong></span> <span class='ocrx_word' id='word_1_750' title='bbox 1169 5267 1398 5329; x_wconf 85' lang='lat' dir='ltr'><strong>fructus,</strong></span> <span class='ocrx_word' id='word_1_751' title='bbox 1466 5280 1804 5335; x_wconf 84' lang='lat' dir='ltr'><strong>congregan—</strong></span> 
     </span>
    </p>
   </div>
   <div class='ocr_carea' id='block_1_101' title="bbox 204 5354 1794 5431">
    <p class='ocr_par' dir='ltr' id='par_1_101' title="bbox 204 5354 1794 5431">
     <span class='ocr_line' id='line_1_101' title="bbox 204 5354 1794 5431; baseline -0.008 -12"><span class='ocrx_word' id='word_1_752' title='bbox 204 5373 294 5419; x_wconf 80' lang='lat' dir='ltr'><strong>tes</strong></span> <span class='ocrx_word' id='word_1_753' title='bbox 311 5376 478 5431; x_wconf 87' lang='lat' dir='ltr'><strong>poma</strong></span> <span class='ocrx_word' id='word_1_754' title='bbox 507 5371 628 5430; x_wconf 79' lang='lat' dir='ltr'><strong>quae</strong></span> <span class='ocrx_word' id='word_1_755' title='bbox 641 5359 944 5430; x_wconf 89' lang='lat' dir='ltr'><strong>proferunt.</strong></span> <span class='ocrx_word' id='word_1_756' title='bbox 969 5357 1372 5429; x_wconf 86' lang='lat' dir='ltr'><strong>Ego&#39;Dominus</strong></span> <span class='ocrx_word' id='word_1_757' title='bbox 1398 5354 1538 5411; x_wconf 91' lang='lat' dir='ltr'><strong>Deus</strong></span> <span class='ocrx_word' id='word_1_758' title='bbox 1560 5361 1794 5410; x_wconf 58' lang='lat' dir='ltr'><strong>vester.)</strong></span> 
     </span>
    </p>
   </div>
   <div class='ocr_carea' id='block_1_102' title="bbox 283 5446 1804 5517">
    <p class='ocr_par' dir='ltr' id='par_1_102' title="bbox 283 5446 1804 5517">
     <span class='ocr_line' id='line_1_102' title="bbox 283 5446 1804 5517; baseline -0.004 -12"><span class='ocrx_word' id='word_1_759' title='bbox 283 5451 585 5506; x_wconf 78' lang='lat' dir='ltr'><strong>Permanet</strong></span> <span class='ocrx_word' id='word_1_760' title='bbox 637 5451 695 5506; x_wconf 91' lang='lat' dir='ltr'><strong>in</strong></span> <span class='ocrx_word' id='word_1_761' title='bbox 745 5449 1054 5506; x_wconf 82' lang='lat' dir='ltr'><strong>intentione</strong></span> <span class='ocrx_word' id='word_1_762' title='bbox 1101 5449 1446 5505; x_wconf 90' lang='lat' dir='ltr'><strong>etiamnunc</strong></span> <span class='ocrx_word' id='word_1_763' title='bbox 1507 5446 1804 5517; x_wconf 82' lang='lat' dir='ltr'><strong>legislator,</strong></span> 
     </span>
    </p>
   </div>
   <div class='ocr_carea' id='block_1_103' title="bbox 202 5539 1806 5618">
    <p class='ocr_par' dir='ltr' id='par_1_103' title="bbox 202 5539 1806 5618">
     <span class='ocr_line' id='line_1_103' title="bbox 202 5539 1806 5618; baseline -0.006 -16"><span class='ocrx_word' id='word_1_764' title='bbox 202 5561 379 5618; x_wconf 73' lang='lat' dir='ltr'><strong>quam</strong></span> <span class='ocrx_word' id='word_1_765' title='bbox 408 5544 601 5600; x_wconf 89' lang='lat' dir='ltr'><strong>habuit</strong></span> <span class='ocrx_word' id='word_1_766' title='bbox 638 5544 814 5615; x_wconf 87' lang='lat' dir='ltr'><strong>prius,</strong></span> <span class='ocrx_word' id='word_1_767' title='bbox 845 5543 970 5599; x_wconf 88' lang='lat' dir='ltr'><strong>aliis</strong></span> <span class='ocrx_word' id='word_1_768' title='bbox 1020 5544 1203 5600; x_wconf 81' lang='lat' dir='ltr'><strong>verbis</strong></span> <span class='ocrx_word' id='word_1_769' title='bbox 1257 5541 1695 5612; x_wconf 72' lang='lat' dir='ltr'><strong>praecedentibus</strong></span> <span class='ocrx_word' id='word_1_770' title='bbox 1733 5539 1806 5594; x_wconf 91' lang='lat' dir='ltr'><strong>si-</strong></span> 
     </span>
    </p>
   </div>
   <div class='ocr_carea' id='block_1_104' title="bbox 208 5631 1804 5709">
    <p class='ocr_par' dir='ltr' id='par_1_104' title="bbox 208 5631 1804 5709">
     <span class='ocr_line' id='line_1_104' title="bbox 208 5631 1804 5709; baseline -0.006 -15"><span class='ocrx_word' id='word_1_771' title='bbox 208 5637 366 5694; x_wconf 77' lang='lat' dir='ltr'><strong>milia</strong></span> <span class='ocrx_word' id='word_1_772' title='bbox 408 5636 683 5704; x_wconf 87' lang='lat' dir='ltr'><strong>sanciens,</strong></span> <span class='ocrx_word' id='word_1_773' title='bbox 717 5637 1014 5709; x_wconf 72' lang='lat' dir='ltr'><strong>ostendens</strong></span> <span class='ocrx_word' id='word_1_774' title='bbox 1042 5637 1264 5707; x_wconf 86' lang='lat' dir='ltr'><strong>quidem</strong></span> <span class='ocrx_word' id='word_1_775' title='bbox 1310 5648 1413 5688; x_wconf 90' lang='lat' dir='ltr'><strong>nec</strong></span> <span class='ocrx_word' id='word_1_776' title='bbox 1442 5633 1646 5687; x_wconf 88' lang='lat' dir='ltr'><strong>habere</strong></span> <span class='ocrx_word' id='word_1_777' title='bbox 1688 5631 1804 5687; x_wconf 84' lang='lat' dir='ltr'><strong>fru-</strong></span> 
     </span>
    </p>
   </div>
   <div class='ocr_carea' id='block_1_105' title="bbox 283 5765 1805 5836">
    <p class='ocr_par' dir='ltr' id='par_1_105' title="bbox 283 5765 1805 5836">
     <span class='ocr_line' id='line_1_105' title="bbox 283 5765 1805 5836; baseline -0.006 -6"><span class='ocrx_word' id='word_1_778' title='bbox 283 5773 334 5808; x_wconf 81' lang='grc'><strong><em>⁸³</em></strong></span> <span class='ocrx_word' id='word_1_779' title='bbox 359 5771 535 5830; x_wconf 79' lang='lat' dir='ltr'><strong>Exod.</strong></span> <span class='ocrx_word' id='word_1_780' title='bbox 564 5770 765 5836; x_wconf 72' lang='lat'><strong>“1,16.</strong></span> <span class='ocrx_word' id='word_1_781' title='bbox 869 5770 915 5804; x_wconf 79' lang='grc'><strong>³⁸</strong></span> <span class='ocrx_word' id='word_1_782' title='bbox 950 5770 1086 5826; x_wconf 88' lang='lat' dir='ltr'><strong>Luc.</strong></span> <span class='ocrx_word' id='word_1_783' title='bbox 1110 5786 1149 5834; x_wconf 66' lang='grc' dir='ltr'><strong>ι,</strong></span> <span class='ocrx_word' id='word_1_784' title='bbox 1181 5769 1272 5825; x_wconf 87' lang='grc'><strong>68.</strong></span> <span class='ocrx_word' id='word_1_785' title='bbox 1381 5768 1427 5800; x_wconf 84' lang='grc'>³⁷</span> <span class='ocrx_word' id='word_1_786' title='bbox 1449 5767 1607 5821; x_wconf 79' lang='lat' dir='ltr'><strong>Rom.</strong></span> <span class='ocrx_word' id='word_1_787' title='bbox 1642 5782 1681 5830; x_wconf 86' lang='grc' dir='ltr'><strong>ι,</strong></span> <span class='ocrx_word' id='word_1_788' title='bbox 1718 5765 1805 5821; x_wconf 84' lang='lat' dir='ltr'><strong>lG.</strong></span> 
     </span>
    </p>
   </div>
   <div class='ocr_carea' id='block_1_106' title="bbox 210 5839 1567 5910">
    <p class='ocr_par' dir='ltr' id='par_1_106' title="bbox 210 5839 1567 5910">
     <span class='ocr_line' id='line_1_106' title="bbox 210 5839 1567 5910; baseline -0.006 -13"><span class='ocrx_word' id='word_1_789' title='bbox 210 5844 270 5910; x_wconf 57' lang='grc' dir='ltr'><strong>ἰ,</strong></span> <span class='ocrx_word' id='word_1_790' title='bbox 299 5844 355 5900; x_wconf 79' lang='lat'><strong>5.</strong></span> <span class='ocrx_word' id='word_1_791' title='bbox 431 5846 478 5875; x_wconf 71' lang='grc' dir='ltr'>δι</span> <span class='ocrx_word' id='word_1_792' title='bbox 515 5842 537 5896; x_wconf 90' lang='lat' dir='ltr'><strong>l</strong></span> <span class='ocrx_word' id='word_1_793' title='bbox 569 5841 698 5897; x_wconf 90' lang='lat' dir='ltr'><strong>Cor.</strong></span> <span class='ocrx_word' id='word_1_794' title='bbox 729 5857 817 5906; x_wconf 82' lang='lat' dir='ltr'><strong>IlI,</strong></span> <span class='ocrx_word' id='word_1_795' title='bbox 858 5840 913 5895; x_wconf 88' lang='lat'><strong>6.</strong></span> <span class='ocrx_word' id='word_1_796' title='bbox 994 5841 1041 5871; x_wconf 77' lang='grc'><strong>’⁸⁸</strong></span> <span class='ocrx_word' id='word_1_797' title='bbox 1073 5841 1263 5896; x_wconf 79' lang='lat' dir='ltr'><strong>Matth.</strong></span> <span class='ocrx_word' id='word_1_798' title='bbox 1292 5839 1378 5905; x_wconf 83' lang='lat' dir='ltr'><strong>t,l</strong></span> <span class='ocrx_word' id='word_1_799' title='bbox 1416 5853 1567 5908; x_wconf 89' lang='lat' dir='ltr'><strong>seqq.</strong></span> 
     </span>
    </p>
   </div>
   <div class='ocr_carea' id='block_1_107' title="bbox 510 5936 1196 6000">
    <p class='ocr_par' dir='ltr' id='par_1_107' title="bbox 510 5936 1196 6000">
     <span class='ocr_line' id='line_1_107' title="bbox 510 5936 1196 6000; baseline 0.004 -3"><span class='ocrx_word' id='word_1_800' title='bbox 510 5936 787 5998; x_wconf 73' lang='lat' dir='ltr'><strong>PATROL.</strong></span> <span class='ocrx_word' id='word_1_801' title='bbox 826 5936 946 5997; x_wconf 85' lang='lat' dir='ltr'><strong>Ga.</strong></span> <span class='ocrx_word' id='word_1_802' title='bbox 978 5936 1196 6000; x_wconf 78' lang='lat' dir='ltr'><strong>XCIII.</strong></span> 
     </span>
    </p>
   </div>
   <div class='ocr_carea' id='block_1_108' title="bbox 1907 4792 3492 4864">
    <p class='ocr_par' dir='ltr' id='par_1_108' title="bbox 1907 4792 3492 4864">
     <span class='ocr_line' id='line_1_108' title="bbox 1907 4792 3492 4864; baseline 0.003 -18"><span class='ocrx_word' id='word_1_803' title='bbox 1907 4794 2000 4848; x_wconf 90' lang='lat' dir='ltr'><strong>Iud</strong></span> <span class='ocrx_word' id='word_1_804' title='bbox 2031 4794 2151 4849; x_wconf 90' lang='lat' dir='ltr'><strong>sine</strong></span> <span class='ocrx_word' id='word_1_805' title='bbox 2178 4793 2358 4863; x_wconf 87' lang='lat' dir='ltr'><strong>aliqua</strong></span> <span class='ocrx_word' id='word_1_806' title='bbox 2385 4792 2727 4850; x_wconf 86' lang='lat' dir='ltr'><strong>dubitatione</strong></span> <span class='ocrx_word' id='word_1_807' title='bbox 2769 4794 3041 4863; x_wconf 87' lang='lat' dir='ltr'><strong>probavit,</strong></span> <span class='ocrx_word' id='word_1_808' title='bbox 3075 4808 3181 4864; x_wconf 90' lang='lat' dir='ltr'><strong>qua</strong></span> <span class='ocrx_word' id='word_1_809' title='bbox 3218 4793 3385 4850; x_wconf 89' lang='lat' dir='ltr'><strong>totius</strong></span> <span class='ocrx_word' id='word_1_810' title='bbox 3407 4794 3492 4850; x_wconf 89' lang='lat' dir='ltr'><strong>le-</strong></span> 
     </span>
    </p>
   </div>
   <div class='ocr_carea' id='block_1_109' title="bbox 1909 4884 3493 4959">
    <p class='ocr_par' dir='ltr' id='par_1_109' title="bbox 1909 4884 3493 4959">
     <span class='ocr_line' id='line_1_109' title="bbox 1909 4884 3493 4959; baseline 0.002 -20"><span class='ocrx_word' id='word_1_811' title='bbox 1909 4887 1990 4957; x_wconf 88' lang='lat' dir='ltr'><strong>gis</strong></span> <span class='ocrx_word' id='word_1_812' title='bbox 2020 4884 2256 4953; x_wconf 80' lang='lat' dir='ltr'><strong>fructus,</strong></span> <span class='ocrx_word' id='word_1_813' title='bbox 2286 4887 2343 4941; x_wconf 90' lang='lat' dir='ltr'><strong>in</strong></span> <span class='ocrx_word' id='word_1_814' title='bbox 2397 4887 2641 4943; x_wconf 84' lang='lat' dir='ltr'><strong>adventu</strong></span> <span class='ocrx_word' id='word_1_815' title='bbox 2691 4887 2907 4943; x_wconf 90' lang='lat' dir='ltr'><strong>Domini</strong></span> <span class='ocrx_word' id='word_1_816' title='bbox 2954 4896 3078 4943; x_wconf 88' lang='lat' dir='ltr'><strong>est:</strong></span> <span class='ocrx_word' id='word_1_817' title='bbox 3111 4887 3286 4959; x_wconf 88' lang='lat' dir='ltr'><strong>Hujus</strong></span> <span class='ocrx_word' id='word_1_818' title='bbox 3341 4889 3493 4944; x_wconf 88' lang='lat' dir='ltr'><strong>enim</strong></span> 
     </span>
    </p>
   </div>
   <div class='ocr_carea' id='block_1_110' title="bbox 1911 4979 3543 5059">
    <p class='ocr_par' dir='ltr' id='par_1_110' title="bbox 1911 4979 3543 5059">
     <span class='ocr_line' id='line_1_110' title="bbox 1911 4979 3543 5059; baseline 0.001 -26"><span class='ocrx_word' id='word_1_819' title='bbox 1911 4988 2147 5049; x_wconf 88' lang='lat' dir='ltr'><strong>tempus,</strong></span> <span class='ocrx_word' id='word_1_820' title='bbox 2210 4980 2514 5036; x_wconf 89' lang='lat' dir='ltr'><strong>secundum</strong></span> <span class='ocrx_word' id='word_1_821' title='bbox 2557 4979 2812 5036; x_wconf 91' lang='lat' dir='ltr'><strong>ordinem</strong></span> <span class='ocrx_word' id='word_1_822' title='bbox 2860 4988 3172 5051; x_wconf 87' lang='lat' dir='ltr'><strong>temporum</strong></span> <span class='ocrx_word' id='word_1_823' title='bbox 3232 4981 3492 5052; x_wconf 88' lang='lat' dir='ltr'><strong>superius</strong></span> <span class='ocrx_word' id='word_1_824' title='bbox 3536 5052 3543 5059; x_wconf 26' lang='lat'>&#39;</span> 
     </span>
    </p>
   </div>
   <div class='ocr_carea' id='block_1_111' title="bbox 1910 5069 3485 5139">
    <p class='ocr_par' dir='ltr' id='par_1_111' title="bbox 1910 5069 3485 5139">
     <span class='ocr_line' id='line_1_111' title="bbox 1910 5069 3485 5139; baseline 0.003 -18"><span class='ocrx_word' id='word_1_825' title='bbox 1910 5069 2315 5124; x_wconf 89' lang='lat' dir='ltr'><strong>nominatorum</strong></span> <span class='ocrx_word' id='word_1_826' title='bbox 2373 5084 2550 5123; x_wconf 88' lang='lat' dir='ltr'><strong>annus</strong></span> <span class='ocrx_word' id='word_1_827' title='bbox 2614 5078 2763 5124; x_wconf 90' lang='lat' dir='ltr'><strong>recte</strong></span> <span class='ocrx_word' id='word_1_828' title='bbox 2818 5070 3194 5125; x_wconf 88' lang='lat' dir='ltr'><strong>nominabitur</strong></span> <span class='ocrx_word' id='word_1_829' title='bbox 3238 5080 3485 5139; x_wconf 87' lang='lat' dir='ltr'><strong>quartus,</strong></span> 
     </span>
    </p>
   </div>
   <div class='ocr_carea' id='block_1_112' title="bbox 1908 5159 3489 5226">
    <p class='ocr_par' dir='ltr' id='par_1_112' title="bbox 1908 5159 3489 5226">
     <span class='ocr_line' id='line_1_112' title="bbox 1908 5159 3489 5226; baseline 0.001 -15"><span class='ocrx_word' id='word_1_830' title='bbox 1908 5168 2129 5213; x_wconf 83' lang='lat' dir='ltr'><strong>sanctus</strong></span> <span class='ocrx_word' id='word_1_831' title='bbox 2158 5159 2417 5214; x_wconf 89' lang='lat' dir='ltr'><strong>laudabili</strong></span> <span class='ocrx_word' id='word_1_832' title='bbox 2453 5159 2582 5214; x_wconf 92' lang='lat' dir='ltr'><strong>Deo.</strong></span> <span class='ocrx_word' id='word_1_833' title='bbox 2612 5159 2750 5226; x_wconf 82' lang='lat' dir='ltr'><strong>Quia</strong></span> <span class='ocrx_word' id='word_1_834' title='bbox 2771 5159 3026 5216; x_wconf 88' lang='lat' dir='ltr'><strong>Christus</strong></span> <span class='ocrx_word' id='word_1_835' title='bbox 3062 5176 3188 5216; x_wconf 89' lang='lat' dir='ltr'><strong>eum</strong></span> <span class='ocrx_word' id='word_1_836' title='bbox 3241 5159 3489 5216; x_wconf 85' lang='lat' dir='ltr'><strong>fructife-</strong></span> 
     </span>
    </p>
   </div>
   <div class='ocr_carea' id='block_1_113' title="bbox 1912 5250 3491 5322">
    <p class='ocr_par' dir='ltr' id='par_1_113' title="bbox 1912 5250 3491 5322">
     <span class='ocr_line' id='line_1_113' title="bbox 1912 5250 3491 5322; baseline 0.001 -18"><span class='ocrx_word' id='word_1_837' title='bbox 1912 5265 2033 5305; x_wconf 91' lang='lat' dir='ltr'><strong>rum</strong></span> <span class='ocrx_word' id='word_1_838' title='bbox 2087 5250 2340 5317; x_wconf 88' lang='lat' dir='ltr'><strong>faciebat,</strong></span> <span class='ocrx_word' id='word_1_839' title='bbox 2392 5252 2852 5322; x_wconf 88' lang='lat' dir='ltr'><strong>quemadmodum</strong></span> <span class='ocrx_word' id='word_1_840' title='bbox 2907 5263 3121 5322; x_wconf 90' lang='lat' dir='ltr'><strong>oportet</strong></span> <span class='ocrx_word' id='word_1_841' title='bbox 3183 5253 3347 5308; x_wconf 87' lang='lat' dir='ltr'><strong>etiam</strong></span> <span class='ocrx_word' id='word_1_842' title='bbox 3388 5266 3491 5306; x_wconf 87' lang='lat' dir='ltr'><strong>nos</strong></span> 
     </span>
    </p>
   </div>
   <div class='ocr_carea' id='block_1_114' title="bbox 1911 5347 3489 5421">
    <p class='ocr_par' dir='ltr' id='par_1_114' title="bbox 1911 5347 3489 5421">
     <span class='ocr_line' id='line_1_114' title="bbox 1911 5347 3489 5421; baseline 0 -20"><span class='ocrx_word' id='word_1_843' title='bbox 1911 5347 2237 5403; x_wconf 89' lang='lat' dir='ltr'><strong>fructiﬁcare</strong></span> <span class='ocrx_word' id='word_1_844' title='bbox 2283 5347 2508 5404; x_wconf 87' lang='lat' dir='ltr'><strong>docens.</strong></span> <span class='ocrx_word' id='word_1_845' title='bbox 2546 5350 2716 5405; x_wconf 80' lang='lat' dir='ltr'><strong>Recte</strong></span> <span class='ocrx_word' id='word_1_846' title='bbox 2768 5364 2898 5421; x_wconf 88' lang='lat' dir='ltr'><strong>ergo</strong></span> <span class='ocrx_word' id='word_1_847' title='bbox 2959 5361 3181 5405; x_wconf 90' lang='lat' dir='ltr'><strong>sanctus</strong></span> <span class='ocrx_word' id='word_1_848' title='bbox 3227 5357 3365 5411; x_wconf 88' lang='lat' dir='ltr'><strong>erat,</strong></span> <span class='ocrx_word' id='word_1_849' title='bbox 3400 5357 3489 5401; x_wconf 86' lang='lat' dir='ltr'><strong>ut-</strong></span> 
     </span>
    </p>
   </div>
   <div class='ocr_carea' id='block_1_115' title="bbox 1913 5439 3490 5511">
    <p class='ocr_par' dir='ltr' id='par_1_115' title="bbox 1913 5439 3490 5511">
     <span class='ocr_line' id='line_1_115' title="bbox 1913 5439 3490 5511; baseline 0 -18"><span class='ocrx_word' id='word_1_850' title='bbox 1913 5448 2039 5509; x_wconf 91' lang='lat' dir='ltr'><strong>pote</strong></span> <span class='ocrx_word' id='word_1_851' title='bbox 2060 5455 2092 5495; x_wconf 91' lang='lat' dir='ltr'><strong>a</strong></span> <span class='ocrx_word' id='word_1_852' title='bbox 2131 5439 2332 5495; x_wconf 88' lang='lat' dir='ltr'><strong>Sancto</strong></span> <span class='ocrx_word' id='word_1_853' title='bbox 2352 5448 2667 5496; x_wconf 89' lang='lat' dir='ltr'><strong>sanctorum</strong></span> <span class='ocrx_word' id='word_1_854' title='bbox 2697 5441 2996 5511; x_wconf 87' lang='lat' dir='ltr'><strong>perfectus.</strong></span> <span class='ocrx_word' id='word_1_855' title='bbox 3036 5439 3144 5495; x_wconf 88' lang='lat' dir='ltr'><strong>Sed</strong></span> <span class='ocrx_word' id='word_1_856' title='bbox 3178 5449 3234 5495; x_wconf 86' lang='lat' dir='ltr'><strong>et</strong></span> <span class='ocrx_word' id='word_1_857' title='bbox 3298 5440 3490 5494; x_wconf 84' lang='lat' dir='ltr'><strong>lauda-</strong></span> 
     </span>
    </p>
   </div>
   <div class='ocr_carea' id='block_1_116' title="bbox 1914 5536 3491 5607">
    <p class='ocr_par' dir='ltr' id='par_1_116' title="bbox 1914 5536 3491 5607">
     <span class='ocr_line' id='line_1_116' title="bbox 1914 5536 3491 5607; baseline -0.002 -16"><span class='ocrx_word' id='word_1_858' title='bbox 1914 5536 2079 5591; x_wconf 89' lang='lat' dir='ltr'><strong>bilis:</strong></span> <span class='ocrx_word' id='word_1_859' title='bbox 2131 5537 2312 5591; x_wconf 90' lang='lat' dir='ltr'><strong>omnia</strong></span> <span class='ocrx_word' id='word_1_860' title='bbox 2341 5537 2488 5592; x_wconf 85' lang='lat' dir='ltr'><strong>enim</strong></span> <span class='ocrx_word' id='word_1_861' title='bbox 2543 5551 2664 5605; x_wconf 74' lang='lat' dir='ltr'><strong>quae</strong></span> <span class='ocrx_word' id='word_1_862' title='bbox 2717 5536 2971 5590; x_wconf 85' lang='lat' dir='ltr'><strong>Christus</strong></span> <span class='ocrx_word' id='word_1_863' title='bbox 3009 5546 3290 5607; x_wconf 87' lang='lat' dir='ltr'><strong>operatur,</strong></span> <span class='ocrx_word' id='word_1_864' title='bbox 3349 5536 3491 5589; x_wconf 89' lang='lat' dir='ltr'><strong>bona</strong></span> 
     </span>
    </p>
   </div>
   <div class='ocr_carea' id='block_1_117' title="bbox 1913 5626 3492 5699">
    <p class='ocr_par' dir='ltr' id='par_1_117' title="bbox 1913 5626 3492 5699">
     <span class='ocr_line' id='line_1_117' title="bbox 1913 5626 3492 5699; baseline 0 -19"><span class='ocrx_word' id='word_1_865' title='bbox 1913 5627 2054 5682; x_wconf 89' lang='lat' dir='ltr'><strong>fama</strong></span> <span class='ocrx_word' id='word_1_866' title='bbox 2091 5637 2219 5683; x_wconf 92' lang='lat' dir='ltr'><strong>suut</strong></span> <span class='ocrx_word' id='word_1_867' title='bbox 2246 5637 2410 5698; x_wconf 89' lang='lat' dir='ltr'><strong>atque</strong></span> <span class='ocrx_word' id='word_1_868' title='bbox 2440 5629 2700 5699; x_wconf 84' lang='lat' dir='ltr'><strong>gloriosa,</strong></span> <span class='ocrx_word' id='word_1_869' title='bbox 2737 5630 2811 5682; x_wconf 89' lang='lat' dir='ltr'><strong>ita</strong></span> <span class='ocrx_word' id='word_1_870' title='bbox 2849 5637 2908 5682; x_wconf 91' lang='lat' dir='ltr'><strong>ut</strong></span> <span class='ocrx_word' id='word_1_871' title='bbox 2936 5627 3101 5681; x_wconf 87' lang='lat' dir='ltr'><strong>etiam</strong></span> <span class='ocrx_word' id='word_1_872' title='bbox 3150 5629 3219 5681; x_wconf 90' lang='lat' dir='ltr'><strong>ab</strong></span> <span class='ocrx_word' id='word_1_873' title='bbox 3261 5626 3492 5697; x_wconf 83' lang='lat' dir='ltr'><strong>ingratis</strong></span> 
     </span>
    </p>
   </div>
   <div class='ocr_carea' id='block_1_118' title="bbox 3181 5757 3492 5827">
    <p class='ocr_par' dir='ltr' id='par_1_118' title="bbox 3181 5757 3492 5827">
     <span class='ocr_line' id='line_1_118' title="bbox 3181 5757 3492 5827; baseline 0.01 -15"><span class='ocrx_word' id='word_1_874' title='bbox 3181 5759 3227 5792; x_wconf 76' lang='grc'><strong>⁸⁸</strong></span> <span class='ocrx_word' id='word_1_875' title='bbox 3263 5757 3407 5815; x_wconf 86' lang='lat' dir='ltr'><strong>Psal.</strong></span> <span class='ocrx_word' id='word_1_876' title='bbox 3451 5776 3492 5827; x_wconf 81' lang='grc' dir='ltr'><strong>ι,</strong></span> 
     </span>
    </p>
   </div>
   <div class='ocr_carea' id='block_1_119' title="bbox 1901 5758 3084 5829">
    <p class='ocr_par' dir='ltr' id='par_1_119' title="bbox 1901 5758 3084 5829">
     <span class='ocr_line' id='line_1_119' title="bbox 1901 5758 3084 5829; baseline -0.002 -12"><span class='ocrx_word' id='word_1_877' title='bbox 1901 5763 1946 5798; x_wconf 73' lang='grc'><strong><em>³⁵</em></strong></span> <span class='ocrx_word' id='word_1_878' title='bbox 1978 5762 2121 5818; x_wconf 85' lang='lat' dir='ltr'><strong>Psal.</strong></span> <span class='ocrx_word' id='word_1_879' title='bbox 2145 5778 2288 5829; x_wconf 76' lang='lat' dir='ltr'><strong>cxw,</strong></span> <span class='ocrx_word' id='word_1_880' title='bbox 2318 5761 2371 5816; x_wconf 93' lang='lat'><strong>9.</strong></span> <span class='ocrx_word' id='word_1_881' title='bbox 2495 5763 2539 5795; x_wconf 73' lang='grc'><strong>³⁸</strong></span> <span class='ocrx_word' id='word_1_882' title='bbox 2574 5761 2775 5817; x_wconf 87' lang='lat' dir='ltr'><strong>Psalm.</strong></span> <span class='ocrx_word' id='word_1_883' title='bbox 2807 5777 2995 5826; x_wconf 75' lang='lat' dir='ltr'><strong>xxxvr,</strong></span> <span class='ocrx_word' id='word_1_884' title='bbox 3030 5758 3084 5815; x_wconf 89' lang='lat'><strong>9.</strong></span> 
     </span>
    </p>
   </div>
   <div class='ocr_carea' id='block_1_120' title="bbox 3099 5926 3174 5988">
    <p class='ocr_par' dir='ltr' id='par_1_120' title="bbox 3099 5926 3174 5988">
     <span class='ocr_line' id='line_1_120' title="bbox 3099 5926 3174 5988; baseline -0.013 0"><span class='ocrx_word' id='word_1_885' title='bbox 3099 5926 3174 5988; x_wconf 85' lang='lat'><strong>33</strong></span> 
     </span>
    </p>
   </div>
  </div>
