3892 6432
428 375 564 438 1035

1616 370 1942 429 lIESYCIll
1958 370 1979 428 Ι
2019 368 2500 429 PRESBYTER!

3566 364 3701 431 1036

424 482 626 541 Judaais
652 477 1043 552 gloriﬁcentnr.
1077 476 1213 531 Cum
1276 476 1421 530 enim
1473 475 1829 546 paralyticum
1868 490 2006 544 ροισ-
2035 482 2083 539 Α
2112 474 2404 531 admodum
2470 475 2636 530 etiam
2679 475 2735 530 hi
2762 475 2947 531 facere
2986 484 3416 540 consueverunt,
3450 475 3545 546 qui
3574 476 3699 531 bar-

425 584 632 635 tantem
660 587 825 644 super
846 573 1107 627 humeros
1130 570 1425 642 ,grabatum
1480 569 1769 632 vidissent,
1802 568 2005 637 glori/i-

424 668 615 723 cnbant
659 666 848 732 Deum,
873 665 1151 735 quitatem
1184 673 1495 733 potestatem
1518 663 1742 717 dedisset
1778 663 2006 716 homini-

425 761 518 813 bus
550 758 618 812 ⁸³.
653 756 807 813 Unde
829 771 941 812 non
969 756 1313 827 simpliciter,
1347 759 1442 811 sed
1470 754 1746 811 laudabile
1769 755 2006 813 Domino

425 850 659 904 fructum
693 847 840 902 hune.
877 846 964 900 lex
1022 845 1334 916 appellavit.
1362 843 1603 901 Necdum
1656 854 1840 901 autem
1890 857 2007 903 erat

422 939 627 1009 populo
652 936 875 1003 esibilis,
910 935 1142 990 necdum
1169 936 1315 990 enim
1362 936 1453 991 hic
1487 935 1787 990 secundum
1838 936 2005 1007 spiri-

425 1042 540 1084 tum
567 1028 772 1086 Christi
809 1028 1281 1083 conversationem
1305 1028 1537 1099 adeptus
1560 1027 1738 1084 fuerat
1771 1029 1906 1084 :sed
1948 1030 2005 1085 in

420 1136 565 1177 anno
585 1122 798 1190 quinto,
827 1121 881 1175 in
905 1121 1202 1191 apostolica
1229 1121 1485 1177 videlicet
1530 1123 1903 1192 generatione,
1942 1122 2006 1177 il-

420 1213 530 1283 linc
555 1214 700 1268 enim
724 1214 840 1283 ipse
868 1212 1182 1269 Iudaeorum
1219 1214 1479 1285 populus,
1512 1215 1565 1271 id
1595 1225 1699 1281 est,
1733 1216 1786 1270 hi
1812 1216 1905 1286 qui
1937 1232 2003 1271 ex

418 1307 501 1361 eis
555 1305 928 1372 crediderunt,
978 1313 1032 1360 et
1066 1315 1263 1377 gentes
1301 1321 1515 1371 omnes,
1571 1306 1817 1362 esibilem
1872 1308 2005 1378 legis

417 1395 680 1459 fructum.
712 1397 1087 1466 operationem
1125 1398 1376 1456 videlicet
1429 1400 1760 1456 habuerunt.
1800 1400 1863 1456 Et
1916 1417 2005 1457 se-

415 1487 657 1543 cundum
688 1487 1046 1560 Septuaginta
1095 1491 1328 1561 adiectio
1388 1492 1664 1548 fructuum
1705 1493 1838 1564 legis
1886 1505 2004 1549 erat

414 1580 639 1649 populo,
674 1582 725 1634 id
770 1589 853 1635 est
891 1581 1104 1637 lucrum
1170 1594 1226 1638 et
1262 1587 1634 1642 commodum.
1680 1586 1813 1653 Qua:
1857 1587 2001 1641 enim

414 1679 718 1739 operantur
765 1670 919 1741 prius
976 1672 1099 1726 sine
1144 1673 1317 1741 lucro,
1370 1676 1641 1732 inutiliter
1677 1688 1999 1747 operantur.

415 1759 563 1815 Bene
588 1770 771 1816 autem
800 1762 1125 1833 adiectionis
1170 1765 1258 1821 lex
1288 1768 1609 1823 memoriam
1660 1768 1788 1824 facit
1835 1769 2002 1824 verbo

414 1855 732 1921 convenire,
764 1854 911 1925 quod
940 1854 1076 1911 dixit
1126 1856 1391 1914 Dominus
1429 1859 1487 1914 in
1518 1860 1850 1931 Evangelia:
1886 1861 2001 1930 ipse
2034 1845 2074 1900 υ

413 1944 561 1998 enim
592 1952 710 1998 erat
733 1985 747 2007 ,
783 1945 878 2014 qui
936 1945 1053 2001 haec
1081 1956 1137 2002 et.
1166 1947 1255 2001 illa
1310 1947 1549 2005 dicebat.
1584 1948 1738 2005 Omni
1787 1951 1999 2005 habenti

412 2035 628 2088 dabitur
643 2044 690 2089 et
720 2036 1003 2105 adjicietur
1022 2038 1087 2092 “.
1106 2038 1435 2111 Quicunque
1458 2050 1664 2109 autem,
1688 2051 1997 2114 utoportet,

410 2136 571 2185 vetus
603 2136 753 2184 tenet
776 2137 1181 2195 testamentum,
1212 2134 1261 2187 ei
1307 2142 1361 2188 et
1392 2149 1594 2190 novum
1625 2135 1901 2206 adjicitur,
1945 2147 2003 2193 et

412 2235 512 2289 per
541 2220 645 2275 hoc
671 2220 723 2275 ei
747 2220 955 2276 esibilis
993 2223 1157 2278 etiam
1183 2222 1394 2280 fructus
1436 2227 1750 2282 testamenti
1801 2229 2000 2285 veteris

413 2310 714 2369 invenitur.

482 2403 647 2460 Vens.
672 2405 861 2463 26-28.
901 2428 919 2461 ι
953 2406 1077 2465 Non
1112 2410 1414 2467 comedetis
1445 2427 1665 2469 carnem
1708 2429 1836 2469 cum
1869 2430 2000 2471 san-

409 2494 597 2567 guine,
626 2511 739 2552 non
767 2499 1195 2569 augurabimini,
1226 2515 1331 2556 nec
1347 2501 1714 2559 observabitis
1764 2507 1995 2572 somnia,

409 2603 515 2644 nec
547 2588 599 2643 in
621 2590 918 2646 rotundum
939 2591 1180 2647 tendetis
1214 2607 1450 2658 comam,
1492 2607 1596 2648 nec
1640 2595 1844 2650 radetis
1875 2596 2000 2651 bar-

408 2679 557 2745 bam,
584 2688 639 2735 et
664 2695 831 2750 super
852 2689 1070 2736 mortuo
1097 2694 1209 2735 non
1233 2679 1486 2736 incidetis
1508 2695 1730 2736 carnem
1759 2693 1998 2738 vestram

407 2785 589 2841 neque
611 2770 829 2843 figuras,
856 2780 911 2826 et
933 2771 1184 2845 stigmata
1214 2770 1429 2828 facietis
1462 2772 1637 2829 vobis.
1670 2771 1784 2846 Ego
1814 2776 1998 2832 Domi-

408 2877 538 2917 llllS.
582 2880 601 2913 ι

480 2953 564 3008 Ah
591 2952 742 3008 omni
772 2950 1050 3008 fermento
1070 2951 1293 3008 malitia:
1327 2952 1591 3008 mundum
1619 2967 1742 3009 esse
1780 2953 1997 3010 ﬁdelem

406 3048 545 3113 vult,
577 3053 633 3100 et
657 3051 949 3115 propterea
979 3058 1128 3098 nunc
1153 3042 1372 3113 quidem
1404 3044 1707 3114 prohibeta
1730 3046 1998 3102 servitute

409 3137 542 3212 legis
595 3136 808 3200 litterae,
841 3143 896 3190 et
953 3134 1237 3190 Judaicam
1286 3134 1591 3190 doctrinam
1654 3136 1998 3199 demonstrat

2108 566 2323 621 baricas
2361 568 2584 621 student
2630 582 2835 631 comas,
2866 576 3093 639 propter
3113 569 3258 639 quod
3291 568 3398 623 hoc
3464 565 3703 636 Septua-

2107 660 2256 731 ginta
2282 659 2491 731 σισὸην,
2517 659 2742 715 forsitan
2798 671 3019 732 propter
3068 662 3506 734 magnitudinem
3565 684 3703 721 con-

2107 767 2393 809 cursorum
2448 753 2770 822 capillorum
2820 754 3254 824 appellaverunt.
3300 754 3420 811 Non
3483 769 3705 828 oportet

2107 853 2293 899 autem
2324 843 2426 897 hoc
2459 841 2598 901 fieri.
2623 841 2719 896 sed
2743 850 3033 897 contentos
3066 858 3189 896 esse
3218 843 3566 898 naturalibus
3613 860 3698 897 or-

2107 934 2404 997 namentis,
2438 932 2576 986 nihil
2629 934 2938 1003 exquirere,
2997 934 3102 988 nisi
3135 933 3322 989 forsan
3387 935 3705 990 Creatorem

2107 1026 2312 1097 aliquid
2342 1026 2642 1097 indiguisse
2661 1026 2729 1081 ad
2756 1025 3149 1097 perliciendum
3207 1028 3414 1082 animal
3464 1043 3704 1084 accusa-

2106 1134 2251 1189 mus.
2281 1118 2388 1174 Sed
2419 1134 2520 1175 nec
2542 1118 2828 1174 cincinnos
2857 1119 3072 1174 nutrire
3094 1118 3150 1172 in
3179 1118 3447 1175 honorem
3494 1120 3705 1176 dzemo-

2106 1228 2259 1278 num,
2292 1212 2505 1284 capillis
2531 1212 2651 1267 aliis
2680 1211 2956 1277 fortiores,
2983 1220 3041 1266 et
3079 1211 3185 1266 hoc
3209 1226 3410 1266 vovere
3436 1229 3452 1266 :
3483 1211 3707 1267 student

2106 1305 2251 1360 enim
2287 1306 2392 1360 hoc
2413 1304 2631 1376 pagani,
2669 1313 2832 1374 caput
2865 1318 3164 1374 puerorum
3197 1304 3399 1359 ollerre
3432 1305 3706 1360 daemoni-

2105 1398 2227 1453 bus.
2263 1396 2418 1454 Unde
2434 1398 2506 1453 de
2530 1398 2633 1452 hoc
2664 1398 2901 1453 maxime
2927 1405 3146 1468 oportet
3189 1397 3368 1467 putari
3417 1398 3703 1469 legislatu-

2106 1506 2220 1546 rem
2245 1490 2564 1560 prmeipere.
2596 1487 2704 1544 Sed
2736 1504 2841 1544 nec
2870 1490 3092 1544 barbam
3140 1490 3334 1544 radere
3361 1490 3447 1543 vel
3496 1504 3701 1543 secun-

2104 1584 2233 1639 dum
2286 1581 2641 1653 Septuaginta
2687 1596 3041 1652 corrumpere
3089 1581 3282 1636 faciem
3327 1583 3559 1638 barbae:
3602 1599 3706 1638 nec

2105 1676 2375 1732 incisuras
2404 1676 2457 1730 in
2488 1690 2722 1746 corpore
2753 1675 2859 1729 sibi
2892 1675 3073 1730 facere
3103 1692 3197 1731 eos
3217 1676 3311 1746 qui
3356 1675 3493 1730 ﬂent
3534 1691 3702 1745 supra

2103 1778 2352 1824 mortuos
2382 1768 2566 1835 etiam,
2594 1768 2702 1823 hoc
2732 1767 2878 1823 enim
2912 1769 3106 1839 pagani
3136 1779 3571 1825 consueverunt.
3611 1772 3704 1825 Sic

2104 1860 2252 1916 enim
2274 1858 2440 1932 alliigi
2480 1875 2647 1930 supra
2683 1867 2929 1915 mortuos
2958 1870 3198 1930 Oportet,
3234 1870 3295 1916 ut
3337 1876 3443 1916 nec
3498 1861 3701 1916 faciem

2104 1952 2286 2018 laedat,
2327 1967 2431 2007 nec
2461 1967 2661 2022 corpus
2698 1960 3033 2021 corrumpat,
3066 1966 3097 2006 a
3119 1952 3319 2022 quibus
3352 1968 3455 2008 nos
3495 1953 3704 2007 Paulus

2102 2045 2402 2114 prohibens
2455 2045 2534 2100 ait
2565 2062 2577 2097 :
2613 2042 2752 2098 Nolo
2782 2059 2868 2097 vos
2895 2044 3162 2115 ignorare,
3225 2046 3442 2115 fratres,
3473 2055 3531 2099 ut
3599 2062 3705 2099 non

2103 2134 2508 2199 contristemini,
2537 2133 2672 2188 sicut
2699 2143 2747 2187 et
2784 2134 2959 2189 caeteri
2984 2136 3075 2206 qui
3094 2152 3239 2204 spem
3279 2152 3382 2190 non
3412 2137 3610 2191 habent
3634 2139 3700 2190 ⁸⁸.

2103 2228 2236 2282 Nam
2268 2226 2550 2298 quodlibet
2577 2243 2790 2292 eorum,
2808 2244 2931 2298 qua:
2960 2228 3219 2298 praedicta
3241 2238 3372 2285 sunt
3396 2246 3564 2300 agere
3589 2247 3703 2285 non

2102 2330 2187 2377 est
2220 2334 2373 2391 spem
2410 2320 2614 2376 habere
2672 2320 3095 2377 resurrectionis
3148 2331 3517 2387 mortuorum,
3571 2326 3701 2394 quia

2104 2422 2362 2482 tanquam
2397 2411 2503 2468 illis
2532 2411 2827 2481 corruptis,
2861 2411 3186 2482 semetipsos
3212 2412 3489 2482 dissipant
3534 2427 3702 2485 atque

2103 2513 2484 2575 corrumpunt.
2524 2502 2787 2559 Prohibet
2836 2503 3088 2576 stigmata
3142 2503 3257 2560 lie-ri
3324 2505 3379 2560 in
3434 2520 3699 2577 corpore,

2104 2599 2346 2669 undique
2402 2597 2615 2653 decoris
2651 2597 2930 2669 legislator
2973 2612 3159 2653 curam
3222 2614 3441 2669 gerens,
3475 2609 3536 2655 et
3580 2615 3694 2655 non

2100 2690 2413 2745 concedens
2460 2689 2611 2745 abuti
2660 2703 2825 2745 carne
2883 2688 2938 2743 in
2998 2688 3241 2758 quolibet
3296 2688 3536 2757 horum;
3578 2706 3698 2761 qua:

2098 2781 2319 2853 quidem
2364 2781 2465 2853 ipsi
2508 2789 2735 2845 nocent,
2783 2790 2957 2835 totum
2994 2789 3179 2836 autem
3227 2781 3430 2836 animal
3480 2781 3690 2837 foedum

2096 2872 2355 2929 reddunt.
2387 2871 2690 2928 Comedere
2719 2872 2867 2927 enim
2901 2888 3066 2942 super
3097 2882 3333 2941 montes,
3385 2876 3539 2945 quod
3600 2878 3694 2931 Se-

2101 2964 2383 3036 ptuaginta
2422 2964 2478 3018 in
2512 2965 2670 3020 initio
2722 2964 3009 3035 praesentis
3053 2966 3187 3037 legis
3233 2977 3566 3037 posuerunt,
3598 2986 3693 3040 pro

2101 3074 2169 3114 eo
2199 3058 2344 3129 quod
2365 3066 2552 3113 nostra
2582 3058 2750 3112 editio
2776 3058 2961 3123 habet,
2991 3058 3111 3112 Non
3126 3059 3415 3115 comedetis
3439 3077 3562 3116 cum
3580 3079 3693 3116 san-

2101 3152 2277 3222 guine,
2315 3153 2540 3223 propter
2569 3166 2667 3205 eos
2703 3151 2797 3220 qui
2837 3150 3105 3206 idolorum
3144 3151 3541 3210 festivitatibus
3570 3170 3694 3211 con-

411 3229 680 3286 inutilem.
706 3227 860 3282 Nunc
889 3236 1073 3282 autem
1106 3242 1298 3284 rursus
1325 3227 1390 3283 ad
1417 3243 1661 3284 errorem
1706 3231 1994 3300 gentilium

2100 3246 2241 3301 sueti
2289 3254 2418 3299 sunt
2446 3244 2749 3314 prohibuit.
2774 3245 2890 3300 Hoc
2938 3244 3083 3300 enim
3134 3254 3190 3301 et
3246 3244 3388 3303 Osee
3431 3263 3692 3303 accusans

408 3336 719 3380 sermonem
763 3321 948 3387 vertit,
997 3335 1177 3390 neque
1229 3321 1375 3375 enim
1427 3322 1635 3389 omnia,
1679 3339 1801 3393 qua:
1849 3340 1998 3380 nunc

407 3416 576 3472 vetita
609 3424 758 3479 sunt,
791 3414 1083 3470 studentur
1109 3430 1123 3469 :
1152 3414 1354 3486 quippe
1375 3431 1498 3471 cum
1545 3431 1656 3471 non
1679 3417 1857 3473 solum
1888 3420 1999 3476 sint

405 3508 653 3575 ridicula,
690 3507 787 3564 sed
841 3507 1101 3569 etiamet
1153 3508 1319 3563 noxia
1364 3509 1719 3566 studentibus
1752 3527 1838 3578 ea,
1875 3529 1997 3583 quae

408 3600 642 3657 maxime
682 3599 921 3655 ostendit
949 3597 1336 3667 Ecclesiastes;
1371 3601 1448 3657 ait
1479 3602 1626 3656 enim
1650 3620 1664 3658 :
1686 3602 1790 3668 Qui
1819 3605 1998 3660 obser-

408 3703 497 3749 vat
524 3702 750 3759 ventum,
780 3709 884 3747 non
924 3693 1149 3747 seminat
1183 3709 1196 3744 :
1233 3702 1283 3748 et
1324 3695 1414 3765 qui
1457 3697 1753 3751 considerat
1784 3699 1992 3765 nubem,

408 3800 675 3857 nunquam
707 3794 860 3841 metet
889 3784 955 3841 “‘.
982 3784 1285 3856 Augurium
1321 3801 1450 3860 ergo
1494 3801 1607 3843 non
1661 3790 1838 3845 solum
1892 3807 1994 3847 vox

405 3882 521 3937 avis
561 3882 854 3952 cujuslibet
880 3874 980 3936 aut
1016 3881 1231 3937 volatus
1260 3878 1523 3949 appellat,
1556 3881 1649 3950 qui
1682 3882 1769 3937 vel
1799 3883 1992 3952 prohi-

402 3976 497 4030 bet
535 3990 565 4028 a
598 3975 830 4045 Quadam
861 3973 1078 4029 actione
1105 3972 1194 4028 vel
1236 3987 1357 4027 eam
1384 3972 1683 4029 studiosius
1721 3973 1995 4030 admonet

404 4068 834 4135 accelerandam,
862 4067 960 4123 sed
984 4075 1041 4122 et
1065 4067 1237 4138 signis
1259 4066 1339 4121 uti
1370 4067 1736 4138 loquentium,
1763 4076 1992 4137 praeter-

403 4161 691 4227 euntium,
738 4159 1119 4224 ohviantium,
1165 4168 1220 4213 et
1269 4159 1630 4229 quorumdam
1682 4158 1739 4212 in
1795 4159 1992 4214 itinere

402 4252 812 4311 obvenientium
863 4250 1341 4320 ollendiculorum,
1402 4251 1703 4320 taliumque
1740 4250 1991 4306 .aliorum

401 4355 507 4401 est.
560 4346 643 4400 Ab
692 4343 886 4401 avibus
942 4344 1089 4400 enim
1150 4359 1439 4416 augurum,
1493 4342 1591 4398 sed
1643 4351 1698 4397 et
1754 4344 1988 4399 aliorum

402 4440 682 4510 signorum
707 4435 1017 4493 observatio
1047 4434 1268 4490 dicitur.
1324 4431 1645 4504 Auspicium
1689 4443 1873 4489 autem
1903 4443 1988 4491 est

401 4537 750 4585 transeuntes
775 4529 1124 4584 considerare
1150 4541 1297 4592 aves,
1332 4534 1389 4580 et
1423 4533 1650 4595 propter
1670 4524 1767 4581 has
1802 4526 1857 4580 in
1887 4527 1985 4582 de-

398 4632 598 4679 sertam
629 4623 697 4677 ab
729 4622 1046 4678 hominibus
1075 4621 1219 4676 viam
1259 4618 1444 4691 egredi
1486 4626 1581 4672 aut
1608 4619 1791 4673 avium
1832 4621 1988 4676 vola-

400 4722 536 4775 tum,
568 4722 660 4767 aut
695 4711 1076 4781 vocesquales
1102 4709 1213 4765 sint
1253 4718 1691 4779 perscrutentur,
1723 4717 1784 4764 ut
1811 4725 1875 4765 ex
1907 4711 1988 4766 eis

398 4816 747 4877 cognoscant,
776 4821 898 4875 quae
954 4804 1137 4859 futura
1198 4811 1347 4857 sunt.
1379 4801 1534 4868 Quod
1593 4817 1853 4860 accusare
1903 4813 1986 4861 est

364 4915 371 4922 ·
400 4897 589 4962 Deum,
624 4898 752 4966 quia
778 4912 842 4951 ea
875 4911 996 4966 quae
1026 4893 1258 4959 homini,
1287 4908 1447 4964 quem
1496 4893 1797 4950 secundum
1827 4910 1983 4951 suam

397 4993 687 5063 imaginem
720 4991 963 5047 omnium
987 4990 1303 5045 animalium
1334 4991 1635 5064 principem
1677 4993 1981 5058 constituit,

394 5085 696 5149 aLeeondit,
730 5095 784 5139 et
837 5084 907 5137 ab
938 5083 1017 5138 cis
1055 5081 1327 5152 quispiam
1387 5082 1566 5145 discit,
1598 5099 1721 5153 quas
1773 5099 1879 5139 nec
1917 5086 2014 5168 ab.

396 5175 732 5243 spiritalibus
764 5175 916 5237 viris,
951 5175 1044 5228 sed
1078 5188 1183 5227 nec
1211 5190 1240 5227 a
1270 5174 1401 5237 Deo,
1459 5176 1554 5244 qui
1599 5178 1706 5230 illis
1756 5178 1982 5241 revelat,

396 5268 832 5336 potestdiscere,
869 5267 1012 5321 sicut
1066 5267 1142 5331 hi,
1175 5268 1267 5336 qui
1302 5267 1355 5321 in
1385 5269 1645 5338 praedicto
1680 5285 1868 5326 errore
1898 5286 1985 5325 se-

395 5359 539 5413 ducti
572 5369 719 5420 sunt,
750 5359 1105 5412 arbitrantur.
1142 5358 1368 5429 Insuper
1394 5376 1498 5427 nec
1528 5377 1738 5417 comam
1799 5364 1851 5417 in
1895 5379 1987 5417 ro-

395 5451 623 5505 tundum
659 5451 905 5513 tondere,
938 5449 991 5503 id
1039 5458 1143 5514 est,
1182 5466 1290 5505 non
1338 5453 1528 5508 radere
1570 5454 1624 5508 in
1685 5455 1982 5510 rotundum

394 5552 669 5612 aspectum
705 5542 917 5612 capitis,
938 5542 1077 5597 sicut
1110 5549 1167 5596 et
1190 5542 1549 5614 Symmachus
1579 5547 1978 5618 cdidit,qnem-

462 5740 508 5772 “
534 5740 726 5795 Matth.
763 5756 841 5804 tx,
875 5741 930 5794 8.

1034 5741 1079 5773 “
1114 5742 1307 5798 Matth.
1349 5761 1476 5807 xxv,
1520 5746 1589 5801 ‘29
1687 5747 1731 5777 ’⁸⁵
1764 5745 2040 5809 Ι·Ἳ(ι(·1ιξ.λι,
2076 5749 2129 5801 4.

2097 3339 2359 3408 populum
2403 3335 2740 3403 Judaeorum,
2799 3336 2977 3392 dixit:
3011 3335 3244 3406 Spiritus
3279 3340 3691 3410 fornicatione»:

2100 3429 2300 3499 decepit
2325 3444 2430 3492 eos,
2462 3440 2509 3483 et
2536 3427 2785 3500 fornicati
2809 3436 2931 3481 sunt
2959 3445 2992 3482 a
3027 3428 3135 3483 Deo
3167 3446 3286 3486 suo.
3317 3429 3492 3502 Super
3536 3435 3694 3487 verti-

2102 3539 2212 3576 cem
2238 3521 2492 3575 montium
2531 3520 2800 3574 incensum
2831 3519 3137 3586 adolebant,
3163 3532 3212 3576 et
3240 3539 3400 3591 super
3421 3524 3581 3578 colles
3604 3542 3698 3579 sa-

2098 3613 2407 3682 criﬁcabant
2462 3612 2527 3665 ⁸⁷.
2554 3611 2664 3668 Sed
2710 3610 2991 3666 videamus
3020 3623 3220 3683 praeter
3274 3613 3413 3679 haec,
3445 3629 3571 3685 qua:
3599 3632 3703 3673 nos

2092 3708 2283 3778 jnbeat
2305 3722 2499 3763 cavere
2531 3708 2873 3763 :secundum
2921 3708 3223 3778 spiritalem
3263 3711 3699 3782 contemplatio-

2095 3817 2221 3858 nem
2255 3818 2381 3861 non.
2416 3802 2707 3859 comedere
2735 3818 2901 3875 super
2943 3812 3181 3868 montes,
3214 3804 3269 3859 id
3321 3816 3430 3871 est,
3493 3808 3699 3879 cogita-

2097 3894 2337 3949 tionibus
2368 3894 2619 3973 superbis
2646 3909 2758 3950 non
2804 3895 2978 3965 pasci,
3014 3895 3084 3952 de
3119 3897 3320 3967 quibus
3346 3898 3522 3954 Isaias
3572 3901 3692 3956 ait:

2094 3984 2276 4040 Omnis
2309 4002 2456 4040 mons
2484 3996 2531 4041 et
2560 3985 2706 4042 collis
2735 3987 3107 4043 humiliabitur
3139 3990 3204 4044 ⁸⁸.
3250 3988 3371 4047 Non
3413 3994 3691 4064 augurari,

2092 4093 2206 4133 non
2239 4077 2532 4149 auspicari,
2564 4087 2756 4135 utnon
2774 4079 3128 4138 intendentes
3169 4082 3451 4139 dremones
3495 4099 3692 4140 secun-

2092 4170 2222 4225 dum
2253 4185 2442 4226 eorum
2469 4171 2806 4228 voluntatem
2839 4172 3108 4240 vivamus,
3126 4189 3308 4245 neque
3326 4190 3422 4230 cor
3438 4186 3690 4232 nostrum

2092 4261 2410 4319 volneribus
2436 4263 2738 4331 tradamus,
2769 4280 2892 4335 qua:
2918 4265 3140 4337 rapiunt
3167 4282 3359 4322 semen
3402 4270 3624 4338 pietatis
3658 4285 3687 4323 a

2092 4352 2272 4418 nobis,
2313 4354 2459 4409 sicut
2490 4352 2757 4410 Dominus
2805 4356 2860 4410 in
2903 4357 3179 4427 parabolis
3212 4359 3553 4430 evangelicis
3602 4362 3688 4417 di-

2094 4444 2174 4499 xit
2198 4446 2265 4498 ‘9.
2298 4445 2521 4501 Comam
2547 4462 2661 4502 non
2695 4447 2989 4503 tendamus
3024 4465 3040 4504 :
3077 4450 3163 4505 vel
3197 4450 3341 4506 sicut
3363 4451 3688 4525 Septuagin-

2095 4545 2148 4592 ta
2178 4539 2367 4609 σισόην
2402 4539 2470 4594 de
2495 4540 2706 4609 capillis
2764 4542 2982 4613 capitis,
3018 4559 3124 4598 non
3169 4543 3457 4601 faciamus.
3494 4545 3684 4618 Capilli

2092 4630 2238 4685 enim
2284 4631 2457 4685 nostri
2511 4646 2611 4700 pro
2651 4634 3100 4705 cogitationibus,
3149 4636 3525 4706 accipiuntur,
3556 4655 3682 4708 pro-

2091 4732 2213 4791 pter
2252 4724 2400 4793 quod
2441 4724 2576 4778 dixit
2600 4710 2906 4782 Dominus:
2942 4728 3111 4783 Vestri
3151 4739 3331 4783 autem
3360 4740 3410 4783 et
3477 4732 3660 4799 capilli

2090 4815 2279 4883 capitis
2307 4831 2484 4869 omnes
2509 4821 2777 4872 numerati
2804 4830 2927 4874 sunt
2954 4821 3022 4876 ⁵ο.
3065 4820 3169 4892 Ipsi
3192 4821 3341 4876 enim
3384 4823 3682 4893 utpotejn-

2088 4906 2216 4969 dici,
2253 4916 2306 4963 ct
2338 4909 2501 4963 corda
2520 4912 2809 4978 scrutanti,
2835 4924 3133 4969 numeratae
3179 4925 3312 4971 sunt
3338 4930 3537 4971 omnes
3589 4932 3681 4970 no-

2088 5008 2214 5053 stra:
2267 5000 2645 5069 cogitationes.
2686 5001 2819 5058 Non
2874 5015 3093 5076 oportet
3148 5020 3281 5077 ergo
3339 5022 3438 5063 eas
3478 5008 3680 5080 agitare

2087 5091 2419 5161 quempiam,
2453 5092 2540 5147 vel
2562 5102 2877 5161 concutere,
2911 5097 3007 5152 sed
3040 5111 3143 5151 nec
3195 5097 3400 5155 oll‘erre
3449 5100 3679 5160 diabolo.

2091 5184 2236 5253 quod
2289 5180 2497 5239 faciunt
2544 5187 2791 5256 quidam,
2828 5196 2883 5243 et
2940 5188 3010 5244 de
3063 5189 3423 5246 sensibilibus
3478 5192 3680 5263 capillis

2092 5276 2299 5331 crinem
2335 5276 2650 5343 offerentes,
2680 5280 2821 5334 sicut
2846 5283 3102 5351 superius
3154 5282 3416 5341 diximus.
3453 5285 3678 5354 Insuper

2091 5384 2201 5423 non
2223 5379 2459 5439 oportet,
2492 5372 2637 5426 sicut
2672 5373 3042 5441 pra-diximus,
3077 5377 3302 5431 barbam
3342 5360 3561 5443 radere,
3596 5376 3676 5431 vel

2092 5464 2393 5516 secundum
2446 5463 2803 5536 Septuaginta
2839 5482 3193 5538 corrumpere
3236 5468 3438 5524 faciem
3482 5470 3674 5528 barbae.

2090 5553 2215 5622 quia
2239 5554 2590 5623 perfectionis
2614 5564 2808 5611 nostra:
2843 5556 3059 5629 signum
3104 5560 3273 5616 barba
3312 5570 3417 5616 est.
3448 5562 3673 5618 Virtutes

2226 5750 2272 5781 ³⁵⁸
2302 5748 2537 5807 lThcss.
2565 5769 2637 5821 tv,
2674 5755 2759 5811 l2.
2856 5756 2900 5788 ⁸⁷
2927 5755 3066 5813 Osee
3099 5774 3173 5823 IV,
3223 5757 3309 5825 l2,
3342 5758 3427 5814 l5.
3504 5757 3647 5812 uUsa

390 5823 480 5863 \L.
518 5813 569 5863 4.
648 5812 691 5843 ⁵³
725 5810 915 5865 Matth.
948 5815 1194 5884 xttt,19;
1242 5817 1374 5871 Luc.
1413 5832 1501 5881 xt.,
1534 5818 1623 5870 24.
1691 5819 1734 5852 δ’
1782 5817 1971 5871 Matth.

2098 5819 2185 5872 50.
