3892 6470
197 402 332 470 1037

1334 410 1417 470 ΙΝ
1457 410 1894 471 LEVITICUM.
1925 436 1995 446 —
2030 411 2177 471 LIB.
2224 411 2327 471 VI.

3256 404 3265 416 ’
3326 416 3464 481 1038

189 530 369 576 autem
401 521 691 593 designant
720 538 905 578 veram
946 533 1190 581 nostram
1219 525 1613 596 perfectionem
1641 542 1776 595 quas
1806 535 1851 589 Α
1880 526 2082 597 loquos,
2115 532 2163 579 et
2188 526 2431 594 veneﬁcis
2449 542 2552 580 non
2594 525 2990 597 adjungamini,
3047 536 3104 582 ut
3148 528 3467 598 polluamiui

190 613 548 685 incongruum
582 623 666 670 est
721 630 1075 686 corrumpere
1108 628 1402 688 operantes
1451 633 1560 671 non
1621 633 1770 680 vero,

186 706 288 762 Sed
312 707 416 762 sub
439 706 575 762 falso
600 716 656 762 et
687 707 812 763 ﬁcto
837 709 1045 764 habitu.
1078 707 1189 764 Nec
1242 709 1540 774 incisiones
1595 709 1776 763 facere

188 809 355 865 super
400 796 638 851 animam
694 798 898 852 bonum
928 799 1093 854 estin
1140 814 1409 869 corpore:
1448 808 1576 854 sunt
1627 800 1776 855 enim

186 888 602 955 delectationes,
627 905 749 959 qua:
777 891 844 945 ad
898 891 1201 947 nocendam
1231 893 1469 947 animam
1530 893 1779 949 incidunt

188 995 413 1049 corpus,
444 989 500 1034 et
530 990 908 1050 corrumpunt.
943 980 1051 1036 Sed
1077 991 1134 1037 et
1155 982 1427 1054 stigmata,
1460 982 1514 1037 id
1541 992 1646 1047 est,
1670 999 1778 1037 ma-

188 1070 250 1125 la:
277 1071 541 1127 doctrinae
570 1072 845 1143 dogmata,
893 1074 1019 1142 quia
1062 1073 1354 1139 inhaerent,
1379 1083 1436 1129 et
1476 1074 1779 1147 inﬁguntur

185 1164 385 1217 animae
412 1177 511 1232 per
556 1164 803 1233 quaedam
857 1164 1247 1229 blandimenta,
1281 1164 1368 1220 vel
1413 1165 1774 1237 syllogismos,

185 1255 274 1309 vel
301 1254 604 1325 quemlibet
624 1256 792 1310 alium
857 1257 1078 1312 modum
1125 1257 1443 1313 docentium
1507 1258 1776 1328 intelliga-

184 1363 329 1402 mus.
372 1346 639 1418 Praacepit
661 1362 792 1419 ergo
817 1348 977 1403 nobis
1002 1348 1089 1403 lex
1132 1357 1189 1404 et
1243 1350 1313 1404 ab
1358 1349 1443 1404 his
1477 1349 1776 1414 abstinuere,

183 1440 313 1508 quia
346 1438 613 1508 impressa
641 1440 731 1494 vel
788 1440 1069 1504 immersa,
1098 1440 1240 1495 sicut
1273 1440 1453 1496 solent
1502 1440 1772 1511 stigmata,

181 1531 476 1588 difﬁculter
512 1532 819 1588 abolentur.

260 1624 425 1679 Vens.
453 1623 543 1680 29.
578 1642 598 1675 ι
635 1624 716 1679 Ne
747 1624 1045 1694 prostituas
1074 1625 1237 1681 ﬁliam
1292 1634 1460 1691 tuam,
1506 1634 1564 1679 ut
1593 1636 1777 1681 conta-

183 1721 432 1775 minetur
461 1733 627 1784 terra,
652 1727 708 1775 et
740 1720 1032 1790 impleatur
1055 1721 1297 1791 piaculo.
1334 1739 1354 1771 ι

258 1810 318 1866 Si
344 1810 492 1865 enim
519 1820 706 1882 patres
722 1827 864 1881 quos
914 1822 1132 1881 oportet
1167 1813 1307 1868 ﬁlios
1333 1813 1652 1879 emendare,
1705 1815 1773 1869 ad

1880 618 1937 672 in
1957 619 2049 672 eis.
2082 615 2195 687 Ego
2221 634 2338 671 sum
2372 617 2631 671 Dominus
2659 617 2801 672 Deus
2832 628 3022 673 vester.
3060 618 3294 675 Maxima
3347 621 3468 675 dia-

1882 707 2042 763 bolici
2079 708 2299 773 erroris,
2352 717 2408 763 et
2440 708 2649 764 fraudis
2705 710 2938 779 species,
2995 712 3471 782 ventriloquorum

1880 809 1967 855 est
1993 799 2307 870 exquisitio.
2351 800 2512 856 Unde
2544 809 2600 855 et
2629 800 2831 857 Paulus
2879 801 3117 871 puellam
3150 803 3468 868 inveniens,

1881 892 2135 963 spiritum
2171 892 2465 948 habentem
2496 893 2781 964 Pythonis,
2829 895 3081 964 quamvis
3134 894 3472 951 daemonium

1881 996 2076 1053 magna
2108 982 2176 1037 de
2208 982 2326 1053 ipso
2356 991 2410 1038 et
2434 983 2542 1038 Sila
2571 986 2914 1052 praedicaret,
2962 993 3019 1041 et
3076 986 3288 1042 diceret
3324 1005 3336 1040 :
3400 988 3474 1042 Hi

1880 1073 2113 1126 homines
2133 1072 2270 1127 servi
2292 1073 2389 1128 Dei
2420 1074 2610 1129 excelsi
2637 1083 2777 1144 sunt,
2832 1078 2923 1148 qui
2974 1078 3295 1132 annuntiant
3327 1080 3474 1132 vobis

1879 1165 2022 1217 viam
2053 1166 2292 1219 veritatis
2319 1165 2393 1231 ἐς
2429 1166 2633 1222 malum
2652 1177 2833 1223 tamen
2864 1167 3118 1239 spiritum
3152 1168 3468 1240 increpans,

1879 1256 2159 1328 et'fugavit.
2178 1257 2482 1313 Pessimum
2533 1267 2618 1313 est
2671 1260 2835 1315 etiam
2867 1268 2924 1315 et
2969 1260 3229 1316 veneﬁcis
3289 1261 3475 1316 adhae-

1879 1364 2021 1417 rere,
2054 1349 2182 1420 quia
2212 1349 2522 1405 daemonum
2577 1350 2926 1407 inimicorum
2979 1353 3160 1417 nobis,
3196 1362 3253 1409 et
3298 1356 3477 1425 pesti-

1883 1440 2117 1497 lentium
2153 1440 2378 1496 nomina
2397 1440 2609 1496 dicunt.
2638 1440 2742 1508 Qui
2766 1442 2868 1497 etsi
2920 1443 2989 1499 ad
3012 1444 3180 1500 breve
3222 1453 3464 1516 tempus,

1880 1542 1942 1588 ut
1960 1533 2015 1588 in
2041 1547 2282 1588 errorem
2301 1532 2542 1598 mittant,
2568 1532 2825 1588 videntur
2839 1535 3054 1604 operari
3077 1536 3302 1605 aliquid,
3324 1543 3474 1606 quod

1881 1626 1948 1680 ad
1973 1624 2314 1695 corporalem
2341 1625 2633 1679 sanitatem
2654 1625 2763 1680 vile
2784 1634 2840 1681 et
2858 1640 3114 1697 parvum,
3128 1629 3289 1698 quale
3306 1631 3475 1685 etiam

1884 1718 2124 1789 imperiti
2147 1718 2346 1773 medici
2376 1718 2595 1788 operari
2631 1728 2882 1788 possunt,
2944 1729 3324 1793 verumtamen
3372 1737 3477 1778 nec

1884 1810 1987 1864 hoc
2026 1818 2086 1863 ut
2118 1809 2269 1873 boni,
2334 1821 2514 1879 neque
2576 1820 2632 1864 ut
2666 1811 2806 1865 bene
2857 1811 3106 1867 volentes
3156 1813 3477 1870 hominibus

184 1901 611 1958 fornicationem
639 1918 745 1959 nos
775 1904 1091 1968 hortantur,
1136 1915 1497 1974 provocantes
1554 1915 1647 1959 aut
1691 1906 1776 1958 vi-
1807 1900 1849 1954 Β
1878 1907 2195 1970 operantur,
2225 1898 2321 1954 sed
2346 1899 2404 1953 in
2440 1900 2757 1956 servitutem
2789 1901 2911 1956 illos
2961 1903 3208 1976 redigere
3229 1914 3284 1961 et
3315 1906 3482 1962 aDeo

179 2005 381 2050 ventes
406 1995 658 2064 turpiter,
687 2004 750 2050 ut
768 1995 871 2066 ipsi
892 1997 962 2051 ad
990 1997 1353 2053 imitationem
1383 2007 1693 2068 parentum,
1711 1998 1779 2052 ad

183 2089 395 2143 malum
418 2089 734 2155 illiciantur,
771 2090 1009 2160 piaculo,
1057 2090 1146 2145 vel
1204 2092 1509 2146 secundum
1545 2090 1779 2161 Septua-

179 2182 365 2253 ginta,
387 2180 754 2237 fornicatione
784 2191 931 2236 terra
963 2182 1291 2252 completur,
1343 2191 1399 2237 et
1443 2184 1512 2238 ad
1552 2198 1774 2238 onmem

189 2269 430 2341 speciem
466 2270 763 2342 impietatis
790 2270 1032 2341 proﬁcit,
1064 2273 1191 2341 quia
1237 2288 1335 2329 eos
1353 2273 1446 2343 qui
1471 2274 1779 2329 eruditercs

189 2377 316 2418 esse
356 2362 688 2429 debuerunt,
745 2364 812 2419 ad
871 2365 1077 2419 malum
1127 2365 1283 2436 pueri
1308 2366 1632 2437 paedagogos
1681 2366 1778 2420 ha-

186 2455 342 2512 bent.
402 2454 510 2511 Sed
554 2470 660 2512 nec
709 2456 953 2512 animam
1001 2466 1270 2524 nostram,
1310 2473 1432 2528 quae
1460 2458 1617 2514 nobis
1671 2458 1779 2512 ﬁlia

187 2547 470 2619 unigenita
496 2554 601 2612 est,
645 2546 799 2603 itaut
820 2546 990 2604 David
1028 2548 1241 2604 diceret
1269 2566 1283 2602 :
1314 2548 1506 2631 Libera
1537 2567 1571 2604 a
1611 2549 1778 2604 leoni-

184 2642 281 2695 bus
306 2641 522 2695 unicam
552 2657 727 2696 meam
758 2641 803 2674 ⁸¹
837 2658 851 2695 :
882 2650 939 2696 et
981 2658 995 2695 :
1052 2642 1132 2697 De
1159 2658 1323 2697 manu
1364 2646 1513 2699 canis
1559 2645 1774 2698 unicam

185 2750 364 2788 meam
399 2733 467 2798 “,
510 2720 933 2803 prostituamus,
972 2749 1005 2789 a
1056 2720 1169 2790 Deo
1196 2735 1340 2803 illam
1385 2736 1780 2791 discessionem

184 2825 475 2888 docentes,
498 2840 568 2880 ne
600 2824 907 2881 fornicante
954 2824 1139 2880 anima
1190 2825 1498 2881 fornicetur
1553 2835 1611 2881 et
1648 2841 1781 2882 cor-

181 2933 319 2991 pus.
352 2917 467 2973 lloc
490 2918 636 2974 enim
671 2927 837 2984 terra,
868 2927 1056 2989 utpote
1085 2920 1234 2988 quod
1288 2918 1358 2974 de
1403 2929 1549 2975 terra
1598 2929 1781 2975 ortum

180 3019 291 3074 est,
318 3018 377 3065 et
414 3010 469 3065 in
499 3019 702 3065 terram
732 3018 1061 3077 revertetur,
1097 3011 1422 3082 appellatur.

255 3101 335 3157 Et
360 3102 647 3173 impleatur
675 3102 908 3172 piaculo,
941 3103 1030 3158 vel
1056 3103 1200 3160 sicut
1225 3103 1607 3175 Septuaginta,
1624 3106 1784 3160 adul-

180 3194 347 3248 terio.
371 3192 535 3248 Ebrio
561 3192 771 3263 quippe
791 3207 1030 3255 sessore,
1062 3207 1239 3263 equus
1263 3193 1511 3248 defertur
1536 3195 1613 3248 ini
1643 3209 1782 3264 prae-

178 3300 342 3355 ceps.
380 3283 423 3339 A
460 3283 570 3341 Deo
600 3284 891 3340 recedente
936 3285 1138 3351 anima,
1166 3286 1349 3341 omnis
1385 3284 1650 3356 iniquitas
1684 3286 1784 3341 do-

178 3376 435 3430 minatur
458 3375 513 3429 in
546 3391 797 3447 corpore.

254 3467 428 3524 Vens.
457 3469 546 3525 50.
588 3488 607 3522 ι
648 3470 886 3526 Sabbata
932 3486 1053 3526 mea
1083 3472 1380 3539 custodite,
1434 3480 1492 3527 et
1529 3482 1785 3529 sanctua-

173 3562 334 3617 rium
366 3577 550 3619 meum
579 3565 830 3620 metuite.
858 3563 968 3636 Ego
989 3564 1277 3620 Dominus.
1320 3584 1338 3616 ι

253 3656 420 3710 Sicut
482 3671 591 3711 uno
646 3656 948 3712 exsistente
997 3657 1508 3726 specialiSabbato,
1550 3658 1784 3729 septima

173 3744 450 3800 videlicet
466 3744 575 3811 die,
609 3760 775 3802 omne
800 3746 948 3801 aliud
977 3746 1285 3819 legitimum
1310 3747 1514 3802 ostium
1573 3746 1785 3803 S'abba-

175 3847 303 3891 tum
336 3837 666 3907 appellatur,
694 3838 740 3892 si
769 3853 895 3893 cum
922 3838 1199 3911 generalis
1241 3840 1313 3894 sit
1361 3839 1696 3895 abstinentia
1753 3856 1784 3896 a

172 3929 360 3990 malo,
388 3929 491 3984 hoc
521 3930 671 3984 enim
702 3945 896 3986 revera
912 3931 1100 3987 studet
1146 3930 1429 4002 legislator
1457 3929 1782 3997 Sabbatum,

170 4030 238 4075 et
259 4034 370 4091 per
399 4020 613 4091 singula
643 4035 874 4091 quaeque
928 4020 1187 4076 recedere
1217 4019 1377 4075 nobis
1402 4033 1434 4072 a
1460 4018 1604 4075 malo
1638 4034 1785 4088 prae-

169 4116 358 4186 cepit.
390 4114 505 4169 Hoe
534 4114 683 4169 enim
716 4113 967 4180 fulciens,
1000 4113 1247 4170 addidit:

252 4207 872 4263 Sanctuarium.meum
906 4208 1145 4262 metuite.
1203 4205 1300 4259 Vel
1352 4205 1498 4261 sicut
1553 4204 1786 4275 Septua-

169 4300 363 4371 ginta,
381 4297 580 4353 Sancta
605 4314 722 4353 mea
750 4298 996 4352 timebitis
1012 4314 1030 4350 :
1053 4296 1181 4368 quia
1204 4296 1670 4367 quemadmodum
1691 4309 1780 4359 eo,

169 4392 275 4463 qui
310 4407 429 4460 quo
451 4390 841 4446 debentmodo
860 4390 1134 4446 accedunt
1158 4390 1227 4444 ad
1275 4405 1357 4451 ea,
1417 4388 1781 4454 sanctiﬁcent,

170 4485 263 4539 sic
300 4484 364 4537 hi
412 4484 505 4553 qui
541 4478 726 4554 inique
785 4492 1126 4553 praesumunt
1161 4483 1218 4536 in
1257 4482 1358 4547 eis,
1396 4490 1589 4535 etnon
1625 4482 1784 4550 prius

1882 2005 2137 2060 separare
2189 1988 2492 2059 cupientes.
2545 1989 2653 2046 Sed
2713 2007 2816 2047 nec
2855 1994 3248 2064 ventriloquos,
3281 1996 3337 2052 id
3370 2006 3475 2062 est,

1882 2082 2047 2138 falsos
2074 2081 2371 2153 prophetas
2398 2098 2712 2154 sequamur,
2755 2085 2849 2155 qui
2888 2087 3112 2143 nomine
3159 2088 3257 2144 Dei
3292 2089 3475 2145 aliena

1881 2188 1911 2228 a
1943 2174 2056 2229 Deo
2080 2174 2299 2239 docent,
2333 2183 2390 2229 et
2419 2177 2753 2246 prophetant
2786 2195 2799 2230 :
2831 2178 2924 2248 qui
2969 2180 3297 2252 ventriloqui
3330 2182 3481 2252 juste

1881 2264 2156 2331 dicuntur,
2183 2266 2337 2335 quasi
2372 2266 2696 2340 iutelligibili
2741 2278 2934 2325 ventre
2956 2271 3041 2326 sui
3081 2273 3281 2337 cordis,
3316 2274 3481 2328 fabu-

1880 2356 1962 2410 las
1990 2357 2274 2427 quasdam,
2308 2358 2363 2412 id
2387 2367 2490 2423 est,
2517 2357 2683 2413 falsas
2724 2360 3021 2427 doctrinas,
3058 2371 3115 2417 et
3158 2364 3478 2434 prophetias

1881 2450 2243 2521 proferentes,
2301 2451 2371 2507 de
2418 2451 2619 2522 quibus
2669 2467 2769 2523 per
2813 2452 3157 2510 Ezechielem
3214 2455 3481 2512 Dominus

1882 2542 2053 2597 dixit:
2092 2542 2177 2596 Va:
2202 2544 2469 2613 prophetis
2518 2544 2892 2614 insipientibus
2941 2547 3032 2615 qui
3058 2558 3349 2616 sequuntur
3369 2550 3481 2617 spi-

1882 2637 2049 2690 ritum
2086 2652 2242 2691 suum
2272 2638 2339 2690 ".
2364 2636 2429 2691 lli
2450 2644 2505 2692 et
2532 2636 2785 2702 veneﬁci,
2824 2647 2885 2693 ut
2940 2638 3034 2709 qui
3086 2655 3212 2694 cum
3270 2641 3483 2697 blandi-

1883 2737 2069 2784 mento
2099 2728 2358 2799 quodam,
2394 2738 2450 2784 et
2498 2728 2690 2784 fraude
2738 2729 2931 2785 domos
2978 2731 3366 2802 ingredientes,
3423 2742 3483 2788 et

1882 2819 2124 2890 captivas
2151 2819 2417 2874 ducentes
2444 2818 2795 2874 mulierculas
2827 2830 3084 2876 oneratas
3109 2823 3370 2892 peccatis,
3403 2825 3483 2878 si-

1882 2918 1974 2965 cut
2000 2909 2074 2965 ait
2103 2911 2303 2965 Paulus
2324 2910 2390 2976 '°,
2415 2919 2563 2965 recte
2591 2911 2971 2981 appellantur:
3000 2912 3055 2966 in
3081 2913 3168 2968 his
3192 2928 3321 2985 ergo
3336 2929 3482 2984 pra:-

1882 3002 2027 3073 eepit
2063 3017 2174 3057 non
2202 3000 2391 3073 pollui.
2424 3001 2680 3057 Polluunt
2729 3004 2877 3058 enim
2937 3020 3226 3060 sermones
3286 3021 3480 3060 eorum

1882 3109 1980 3150 eos
2015 3094 2109 3164 qui
2137 3094 2217 3149 eis
2246 3093 2531 3149 obediunt.
2578 3094 2735 3150 Unde
2784 3104 2841 3150 et
2901 3096 3110 3152 addidit
3150 3114 3162 3149 :
3205 3097 3313 3168 Ego
3359 3115 3481 3152 sum

1886 3187 2149 3242 Dominus
2183 3186 2320 3241 Deus
2344 3196 2534 3241 vester.
2592 3187 2696 3241 Per
2742 3187 3115 3258 evangelicam
3171 3188 3481 3244 doctrinam

1889 3279 2080 3335 dicens
2113 3295 2127 3331 :
2161 3281 2428 3333 Attendite
2462 3280 2542 3333 his
2591 3281 2684 3350 qui
2712 3281 2927 3334 veniunt
2989 3281 3059 3333 ad
3085 3296 3174 3334 vos
3216 3282 3270 3334 in
3319 3284 3483 3335 vesti-

1888 3373 2076 3426 mentis
2105 3372 2301 3437 ovium,
2361 3372 2682 3426 intrinsecus
2739 3382 2917 3426 autem
2968 3381 3089 3426 sunt
3143 3372 3250 3441 lupi
3314 3389 3484 3441 rapa-

1887 3483 1970 3521 ces
1986 3465 2052 3520 ⁸⁷.

1958 3557 2124 3613 Vens.
2155 3559 2244 3615 5'2.
2281 3580 2300 3611 ι
2328 3559 2525 3616 Coram
2576 3575 2713 3616 cano
2744 3559 2921 3629 capite
2955 3574 3242 3631 consurge,
3275 3568 3330 3615 et
3380 3561 3487 3615 ho-

1887 3665 2022 3706 nora
2054 3666 2344 3721 personam
2370 3653 2519 3708 senis
2542 3660 2594 3708 et
2620 3653 2753 3707 time
2784 3650 3075 3706 Dominum
3102 3652 3271 3706 Deum
3303 3661 3479 3707 tuum.

1889 3745 2001 3817 Ego
2024 3759 2145 3800 sum
2186 3744 2469 3800 Dominus.
2509 3764 2528 3795 ι

1960 3835 2174 3892 Bonum
2205 3846 2291 3892 est
2310 3837 2555 3907 quidem,
2592 3846 2649 3891 et
2671 3844 2796 3891 eum
2827 3836 3054 3908 quijam
3111 3837 3180 3893 ad
3223 3836 3483 3892 canitiem

1887 3930 2141 4000 pervenit
2160 3929 2453 3995 honorare,
2486 3930 2651 3985 habet
2707 3929 2858 3983 enim
2891 3938 3109 3999 tempus
3137 3930 3340 4000 aliquid
3362 3946 3485 3984 am-

1888 4023 2031 4093 plius
2049 4018 2244 4094 prccul
2269 4022 2436 4078 dubio
2471 4020 2541 4077 ad
2567 4021 2934 4094 prudentiam,
2983 4024 3080 4078 sed
3110 4032 3167 4078 et
3216 4025 3483 4079 honorem

1887 4129 2051 4186 quem
2117 4113 2557 4186 provectioribus
2613 4114 3017 4185 impendimus,
3086 4131 3198 4170 non
3264 4131 3485 4185 quoque

1886 4224 1919 4262 a
1948 4206 2250 4263 minoribus
2272 4206 2625 4273 merebimur,
2674 4214 2836 4277 atque
2874 4221 2940 4261 ex
2978 4209 3084 4262 hoc
3115 4206 3252 4262 ordo
3306 4208 3486 4263 bonus

1887 4300 2055 4355 vitam
2085 4308 2336 4354 nostram
2363 4296 2420 4352 in
2449 4298 2737 4352 honestate
2776 4297 3113 4361 custodiens,
3163 4297 3322 4353 nobis
3354 4314 3485 4367 pro-

1888 4390 2122 4464 (ligatur.
2150 4390 2359 4446 Canum
2395 4397 2599 4455 autem,
2624 4403 2753 4444 vere
2812 4403 3025 4456 senem,
3078 4389 3133 4444 id
3195 4399 3298 4454 est,
3357 4405 3486 4443 eum

1888 4484 2149 4556 iutellige,
2181 4484 2249 4539 de
2279 4497 2387 4553 quo
2408 4482 2484 4537 ait
2507 4480 2751 4552 Moyses:
2777 4481 3051 4552 Interroga
3083 4490 3287 4550 patrem
3312 4493 3484 4539 (imm.

170 4575 523 4645 semetipsos
568 4576 729 4631 sorde
777 4575 998 4630 malitiae
1045 4583 1301 4645 purgant,
1369 4583 1535 4643 atque
1595 4573 1676 4627 sic
1715 4572 1781 4627 ad
1818 4608 1861 4661 ῃ
1890 4587 1939 4631 et
1968 4575 2308 4630 annuntiabit
2333 4573 2706 4638 tibi;seniores
2747 4584 2881 4639 tuos,
2908 4583 2957 4627 et
2979 4574 3149 4627 dicent
3169 4574 3261 4627 tibi
3289 4573 3487 4628 “.Sed

172 4667 398 4722 munda
437 4667 727 4733 accedunt,
759 4676 1140 4736 corrumpunt,
1168 4666 1284 4721 sive
1339 4666 1687 4736 disperdunt,
1721 4665 1788 4719 si-

171 4770 277 4815 cut
321 4759 532 4824 Nadab,
576 4768 631 4814 et
655 4758 818 4824 Abiu,
851 4768 906 4813 et
941 4758 1034 4811 lilii
1067 4757 1207 4813 Heli.
1262 4756 1419 4813 Unde
1467 4766 1523 4812 et
1583 4757 1786 4812 Paulus

170 4854 250 4908 de
279 4853 373 4906 his
402 4853 495 4921 qui
531 4851 991 4920 incircumspecte
1025 4851 1253 4922 mystica
1287 4850 1624 4921 percipiunt,
1653 4851 1789 4905 subd

171 4945 326 4999 didit
359 4962 370 4997 :
404 4944 691 5013 Propterea
723 4943 874 4997 multi
905 4945 958 4996 in
993 4943 1136 4997 vobis
1163 4944 1381 5013 inﬁrmi,
1412 4955 1456 4998 et
1480 4942 1783 5008 imbecilles,

171 5047 227 5091 et
266 5036 547 5090 dormiunt
573 5035 815 5090 multi”.
854 5034 1010 5091 Unde
1036 5045 1090 5090 et
1128 5051 1276 5090 nunc
1322 5035 1597 5105 legislator
1634 5036 1788 5091 addi-

173 5126 307 5180 dit:
375 5124 488 5196 Ego
530 5125 806 5190 Dominus,
843 5126 897 5181 id
952 5135 1054 5190 est,
1107 5136 1351 5190 sanctus,
1413 5127 1545 5181 etin
1582 5126 1787 5180 sanctis

180 5218 477 5282 habitans,
535 5227 592 5289 et
653 5218 965 5273 necessario
1026 5218 1251 5289 exigens
1314 5227 1631 5274 sanctorum
1662 5220 1787 5271 vin-

181 5309 423 5364 dictam.

261 5401 434 5455 Vens.
456 5401 547 5456 51.
587 5421 605 5454 ι
636 5399 749 5456 Nec
768 5394 1059 5458 declinetis
1098 5401 1167 5457 ad
1199 5417 1403 5473 magos,
1426 5417 1532 5458 nec
1553 5402 1621 5456 ab
1644 5400 1791 5455 ario-

184 5491 256 5548 lis
292 5491 509 5562 aliquid
547 5491 925 5556 sciscitemiui,
955 5502 1015 5547 ut
1045 5492 1365 5563 polluamini
1392 5509 1492 5562 per
1513 5508 1630 5547 eos.
1671 5511 1689 5543 ι

252 5585 624 5656 Septuaginta
662 5594 844 5639 autem
871 5585 1041 5640 edunt
1074 5603 1115 5647 :,
1140 5584 1261 5638 Non
1285 5586 1567 5655 sequimini
1589 5585 1791 5638 ventri-

250 5792 301 5828 ⁸⁸
328 5789 480 5846 Psal.
526 5797 708 5854 xxxiv,
748 5788 836 5842 Π.
910 5791 956 5821 ⁸³
992 5788 1133 5844 Psal.
1173 5789 1399 5853 xxr,2l.

188 5877 271 5933 ιιι,
307 5863 366 5917 6.
452 5860 718 5915 "Matth.
747 5876 842 5927 vn,
892 5860 960 5914 15
1058 5861 1105 5892 ⁸⁸
1137 5861 1292 5914 Deut.
1318 5876 1490 5924 xxxn,
1526 5861 1577 5912 7.

1478 5788 1531 5818 ⁵³
1566 5787 1583 5841 l
1616 5786 1742 5842 Cor.
1781 5803 1861 5850 Xl,
1886 5785 1975 5839 50.
2052 5786 2097 5816 "’
2123 5787 2241 5839 Aet.
2277 5802 2390 5847 xvi,
2428 5785 2515 5840 Π.

1655 5860 1697 5890 συ
1739 5857 1755 5909 l
1792 5858 1932 5912 'I'itn.
1976 5874 2027 5921 v,
2056 5858 2143 5909 Η.

1897 4679 1952 4725 et
1980 4669 2180 4723 Paulus
2212 4683 2225 4719 :
2266 4667 2564 4735 Presbyteri
2587 4665 2788 4734 duplici
2844 4666 3039 4719 honore
3069 4666 3217 4736 digni
3246 4666 3486 4719 habean-

1897 4772 2003 4825 tur,
2041 4761 2274 4814 maxime
2294 4760 2383 4830 qui
2413 4758 2662 4811 laborant
2690 4759 2743 4810 in
2765 4760 2917 4811 verba
2940 4766 2988 4810 et
3013 4758 3253 4811 doctrina
3287 4758 3354 4810 ".
3377 4757 3489 4812 Sed

1896 4864 1951 4908 et
1980 4852 2171 4907 Daniel
2201 4867 2325 4907 cum
2353 4859 2499 4906 esset
2521 4865 2676 4920 puer,
2723 4860 2780 4904 et
2809 4848 3023 4919 judiees
3066 4859 3231 4920 atque
3258 4852 3488 4922 presby—

1896 4957 2045 5001 teros
2072 4944 2259 5015 populi
2280 4942 2655 4998 criminantes.
2692 4941 3000 4997 Susannam
3026 4951 3299 5011 argueret,
3332 4942 3489 4997 dice-

1895 5040 2029 5093 bant
2050 5037 2138 5092 alii
2164 5034 2464 5108 presbyteri
2495 5053 2508 5089 :
2550 5034 2693 5097 Veni,
2728 5036 2849 5088 sede
2869 5036 2925 5086 iu
2952 5036 3123 5087 medio
3150 5044 3407 5095 nostrum,
3438 5042 3487 5087 et
3540 5043 3553 5053 λ

1896 5135 1947 5180 et
1970 5127 2233 5179 annuntio
2270 5124 2435 5187 nobis,
2463 5124 2588 5194 quia
2626 5123 2718 5177 tibi
2748 5124 2886 5177 Deus
2907 5125 3047 5177 dedit
3071 5126 3316 5178 honorem
3336 5140 3514 5199 δοκε-ν

1897 5220 2053 5272 elutis
2086 5219 2131 5249 ⁶⁰
2177 5226 2286 5272 :ut
2332 5217 2735 5281 ostenderetur,
2788 5216 2913 5286 quia
2976 5215 3258 5285 sapientiae
3315 5215 3489 5284 uiagis

1895 5325 2060 5378 quam
2109 5308 2284 5364 aetatis
2317 5315 2400 5363 est
2429 5306 2747 5377 presbyterii
2770 5306 3021 5377 dignitas.

1978 5398 2255 5463 Veas.55,
2285 5397 2373 5450 54.
2407 5417 2425 5447 ι
2465 5396 2523 5451 Si
2574 5395 2901 5450 habitaverit
2962 5398 3171 5449 advena
3232 5395 3286 5447 in
3344 5402 3488 5448 terra

1898 5500 2099 5555 vestra,
2129 5500 2182 5543 et
2208 5497 2454 5543 moratus
2486 5487 2651 5542 fuerit
2676 5488 2821 5541 inter
2851 5502 2965 5551 vos,
3030 5502 3101 5541 ne
3142 5486 3488 5557 exprobretis

1900 5583 1971 5650 ei,
2004 5582 2099 5636 sed
2124 5583 2196 5636 sit
2226 5582 2368 5635 inter
2401 5597 2496 5636 vos
2524 5580 2677 5650 quasi
2720 5578 2993 5650 indigena,
3020 5589 3075 5635 et
3096 5578 3330 5649 diligatis
3358 5594 3483 5634 cum

2606 5786 2651 5819 ⁸⁸
2686 5786 2884 5842 Ezech.
2918 5801 3037 5853 xm,
3069 5785 3123 5841 5.
3198 5786 3311 5842 “ll
3343 5786 3487 5846 Tim.

2222 5860 2265 5888 “°
2301 5858 2434 5915 Dan.
2468 5872 2582 5919 xm,
2611 5858 2698 5913 50.
