3892 6424
482 376 617 443 1039

1684 360 2046 422 HESYCHII
2089 359 2561 420 PRESBYTERI

3591 362 3693 432 toto

478 493 629 556 Quasi
659 489 1023 559 vosmetipsos
1058 505 1075 543 :
1110 485 1316 541 Fuistis
1342 482 1488 538 enim
1519 489 1573 535 et
1607 495 1705 535 vos
1732 478 1959 534 advena:
2013 478 2067 532 in
2104 489 2143 545 Α
2173 491 2269 535 aut
2318 482 2426 536 alio
2479 481 2724 551 quolibet
2766 480 2930 535 modo
2989 478 3430 534 contrahentibus
3475 497 3697 544 mensura:

478 594 623 638 terra
645 580 884 655 Egypti.
925 579 1037 651 Ego
1071 575 1336 632 Dominus
1373 574 1519 628 Deus
1553 580 1751 627 vester.
1796 589 1814 621 ι

549 670 776 726 Terram
838 668 996 724 nobis
1069 682 1101 722 a
1153 666 1265 720 Deo
1320 664 1550 727 datam,
1610 675 1731 714 esse
1793 658 2066 713 culturam

476 764 741 821 virtutum
773 804 786 828 ,
845 762 1155 829 bonamque
1221 758 1342 825 ejus
1400 752 1709 811 doctrinam
1744 792 1760 818 ,
1813 750 2069 820 superius

479 856 735 912 diximus.
768 852 823 908 Si
850 852 974 925 quis
988 860 1170 906 autem
1214 849 1284 904 ad
1315 848 1458 902 hanc
1481 844 1780 901 accesserit
1828 843 2064 909 advena,

476 945 729 1002 videlicet
763 942 953 999 volens
981 939 1224 998 converti
1245 938 1313 993 ad
1342 946 1585 993 nostram
1613 934 1796 997 tidem,
1827 941 1883 989 et
1910 941 2091 988 terrm.

477 1033 623 1088 illius
647 1032 783 1089 civis
809 1030 1106 1095 conscribi,
1130 1030 1197 1085 de
1228 1044 1336 1099 qua
1364 1027 1567 1084 Paulus
1611 1025 1689 1081 ait
1720 1044 1732 1078 :
1760 1024 2064 1079 Accessistt's

475 1125 547 1178 ad
582 1123 712 1178 Sion
740 1132 992 1185 montem,
1011 1132 1058 1177 et
1082 1122 1152 1175 ad
1179 1122 1446 1175 civitatem
1477 1118 1572 1173 Dei
1603 1118 1817 1172 viventis
1845 1116 2068 1171 Jerusa-

476 1219 576 1272 lem
608 1218 887 1282 caelestem,
907 1225 969 1271 et
997 1215 1285 1268 multorum
1309 1212 1536 1267 millium
1597 1210 1906 1282 angelorum
1959 1209 2067 1279 fre-

476 1312 768 1383 quentiam,
800 1321 849 1365 et
884 1309 1174 1365 Ecclesium
1232 1306 1642 1377 primitittorum,
1669 1304 1758 1373 qui
1785 1304 2069 1372 conscripti

474 1416 593 1459 sunt
620 1405 674 1458 in
702 1403 842 1458 caelis
875 1401 942 1457 °‘.
965 1431 1035 1441 ——
1058 1400 1177 1453 Non
1214 1399 1513 1468 aﬂligamus
1544 1413 1686 1458 eum,
1716 1395 1771 1451 id
1798 1404 1901 1461 est,
1955 1409 2066 1449 non

478 1512 766 1571 graventus
806 1504 997 1551 contra
1030 1508 1156 1547 cum
1212 1492 1425 1562 jugum,
1463 1497 1525 1543 ut
1564 1488 1725 1544 modo
1778 1487 1964 1559 genito
2015 1495 2071 1542 et

475 1590 692 1645 noviter
716 1587 963 1643 credenti
994 1585 1240 1658 graviora
1282 1581 1537 1637 mandata
1582 1580 1950 1650 imponamus,
2010 1588 2070 1633 ut

475 1699 587 1739 non
616 1681 757 1737 sicut
789 1679 1045 1735 Pharismi
1068 1686 1124 1732 et
1150 1676 1356 1732 Seribae
1396 1688 1712 1745 peccemus,
1743 1686 1884 1742 quos
1903 1686 2069 1726 accu-

476 1793 603 1834 sans
632 1774 895 1833 Dominus
916 1773 1131 1829 dicebat
1165 1789 1177 1824 :
1204 1770 1447 1841 Alligant
1472 1783 1634 1821 onera
1661 1767 1848 1838 grauia
1896 1774 1945 1819 et
1967 1767 2070 1818 im-

2168 572 2370 626 dautur
2402 582 2453 627 cl
2487 572 2747 641 pondera,
2783 570 3240 641 quemadmodum
3294 572 3433 642 leges
3463 573 3703 642 judicautt.

2168 664 2271 718 bus
2310 684 2324 719 :
2350 665 2495 719 unde
2523 666 2591 719 de
2624 680 2732 719 non
2757 663 3009 719 faciendo
3037 664 3093 717 in
3115 663 3321 732 justum
3346 664 3556 734 judicio,
3571 668 3699 725 etiam

2169 755 2238 810 de
2282 771 2393 809 non
2423 756 2781 813 immutandis
2808 756 3030 810 stateris
3059 764 3114 809 et
3165 755 3508 825 ponderibus,
3541 773 3621 813 sex
3655 773 3702 816 et

2170 846 2240 901 de
2298 846 2557 909 sextario,
2615 845 2867 902 modiove
2920 845 3175 900 habendo
3230 846 3398 915 justo,
3430 847 3480 902 id
3522 861 3611 913 est,
3655 854 3705 904 tle

2170 942 2320 998 omni
2350 956 2608 999 mensura
2636 940 2751 996 viui
2791 948 2887 995 aut
2910 940 3017 995 olei
3066 938 3293 995 addidit.
3330 938 3410 996 Ab
3465 945 3596 998 omni
3630 949 3711 1001 uti-

2169 1049 2279 1103 que
2307 1032 2597 1104 injustitia,
2625 1048 2747 1102 qua:
2778 1046 2907 1103 ergo
2950 1031 3258 1101 proximum
3287 1032 3504 1103 geritur,
3539 1043 3649 1091 tam.
3665 1037 3705 1091 in

2172 1126 2494 1195 majoribus,
2518 1140 2682 1194 quam
2712 1126 2770 1179 in
2818 1124 3129 1179 minoribus
3170 1124 3432 1195 praecepit
3475 1126 3706 1181 abstinen-

2171 1218 2322 1283 dum,
2349 1218 2474 1288 quia
2508 1217 2657 1287 quod
2691 1217 2959 1287 injustum
3007 1225 3112 1279 est,
3148 1215 3352 1286 ubique
3392 1216 3706 1274 abominabile

2170 1321 2292 1365 est:
2329 1311 2506 1380 placet
2535 1319 2721 1366 autem
2772 1310 2884 1364 Deo
2930 1323 3150 1378 semper
3179 1308 3328 1378 quod
3387 1308 3578 1380 justum
3627 1322 3707 1366 est.

2174 1401 2619 1471 Prmtereaﬁquod
2643 1400 2798 1457 diviti
2822 1400 3100 1470 possessio
3133 1400 3271 1472 agri,
3314 1410 3370 1456 et
3415 1401 3593 1457 domus
3629 1415 3707 1466 est,

2174 1494 2278 1548 hoc
2303 1493 2525 1564 pauperi
2549 1507 2809 1548 mensura
2836 1492 2970 1553 vini,
3005 1500 3061 1546 et
3091 1491 3278 1556 tritici,
3322 1501 3378 1546 et
3419 1493 3564 1563 panis
3605 1510 3708 1562 pou-

2171 1586 2274 1641 dus
2305 1592 2407 1651 est,
2433 1593 2491 1639 et
2512 1585 2618 1639 alia
2650 1599 2722 1639 ex
2746 1583 2948 1654 quibus
2992 1583 3159 1638 vitam
3188 1584 3547 1652 quotidianam
3575 1586 3708 1642 ducit.

2175 1674 2282 1731 Sed
2336 1675 2730 1746 necinjustum
2778 1673 2834 1728 in
2859 1673 3070 1744 judicio
3095 1674 3299 1730 mentis
3328 1675 3593 1737 faciamus,
3636 1693 3712 1732 nec

2172 1784 2462 1825 mensuras
2484 1777 2543 1823 et
2572 1776 2808 1823 stateras
2862 1767 3006 1837 ejus,
3063 1783 3187 1838 qua:
3228 1770 3542 1825 naturaliter
3586 1771 3711 1825 nobis

476 1868 786 1939 portabilia,
821 1877 871 1921 et
900 1875 1100 1935 ponunt
1144 1878 1302 1931 super
1325 1861 1568 1916 humeros
1621 1857 1916 1923 hominum,
1964 1856 2069 1925 ipsi
2100 1843 2144 1904 Β
2172 1862 2335 1920 insita
2358 1871 2447 1919 est.
2487 1861 2736 1934 justitiae,
2801 1876 3222 1933 corrumpamus
3264 1863 3423 1919 aliter
3462 1872 3647 1927 nostra,
3672 1875 3712 1917 et

477 1971 658 2015 autem
690 1960 857 2031 digito
878 1974 973 2013 suo
990 1973 1102 2011 non
1135 1955 1319 2011 uolunt
1365 1970 1428 2008 ea
1457 1967 1663 2007 movere
1689 1952 1756 2006 ⁶².
1783 1948 1905 2005 Νοιι
1935 1964 2070 2021 ergo

476 2050 526 2106 ei
557 2050 652 2120 qui
684 2049 898 2104 accedit
926 2048 994 2101 ad
1023 2046 1210 2111 (idem,
1238 2046 1342 2101 hoc
1388 2044 1674 2109 facientes,
1711 2051 1768 2099 et
1817 2041 2069 2113 qumdam

476 2141 667 2214 legalia
701 2140 769 2195 ab
798 2154 865 2195 eo
889 2138 1190 2210 exigentes,
1223 2135 1530 2209 allligamus
1556 2151 1707 2190 eum.
1743 2133 1826 2190 Sit
1882 2140 2069 2190 autem

474 2232 636 2286 nobis
688 2231 831 2287 sicut
894 2230 1148 2302 indigena
1195 2231 1290 2298 qui
1345 2229 1590 2285 nutritus
1621 2238 1706 2284 est
1741 2228 1798 2283 in
1826 2226 1953 2294 lide,
2012 2234 2070 2283 et

475 2325 649 2381 crevit
678 2325 731 2378 in
754 2325 976 2395 pietate.
1002 2322 1159 2379 Unde
1186 2331 1243 2377 et
1265 2322 1459 2379 Petrus
1513 2323 1617 2379 hoc
1644 2320 2071 2377 evidenter-san-

475 2419 645 2483 ciens,
679 2419 746 2475 ad
776 2430 871 2474 eos
897 2418 994 2489 qui
1013 2417 1270 2473 volebant
1298 2416 1691 2472 circumcidere
1722 2415 1791 2471 de
1813 2414 2072 2487 gentibus

476 2511 828 2568 credentibus
874 2511 1091 2567 dicebat
1123 2528 1137 2563 ι
1170 2508 1309 2577 Quid
1335 2510 1550 2569 tentatis
1582 2507 1868 2563 Dominum
1897 2508 2070 2576 impo-

412 2655 439 2663 -
477 2606 805 2677 nerejugum
859 2621 1017 2675 super
1057 2603 1280 2659 cervices
1331 2600 1735 2670 discipularum,
1781 2600 1923 2671 quod
1978 2614 2072 2653 nec

468 2706 653 2767 patres
686 2696 861 2763 uestri,
901 2712 993 2749 nec
1018 2712 1111 2751 nos
1145 2695 1413 2765 potuimus
1472 2701 1689 2763 portare
1717 2692 1800 2745 "i
1824 2691 1922 2748 sed
1971 2705 2072 2761 per

477 2790 706 2861 gratiam
734 2788 867 2845 Iesu
892 2786 1098 2843 Christi
1119 2786 1397 2842 credimus
1447 2784 1667 2850 salvari,
1697 2784 1842 2840 sicut
1866 2784 1965 2839 illi.
2011 2781 2073 2838 In

480 2883 585 2936 hoc
609 2894 740 2953 ergo
767 2893 1218 2950 unumquemque
1253 2879 1543 2944 advenam,
1575 2875 1693 2933 sive
1723 2885 1785 2932 ut
1808 2875 1953 2931 LXX
1983 2874 2079 2930 di-.

476 2983 628 3041 cunt,
678 2973 1024 3043 proselytum,
1055 2970 1199 3027 sicut
1226 2970 1595 3041 nosmetipsos
1643 2969 1953 3043 diligamus,
2011 2977 2077 3025 ut

366 3066 380 3078 °
477 3068 568 3123 illa
596 3066 980 3139 praecipiamus
996 3064 1077 3121 eis
1109 3073 1342 3128 tantum,
1370 3077 1473 3133 per
1500 3076 1643 3133 quos
1670 3062 2068 3135 nosmetipsos,

477 3162 522 3218 si
551 3175 616 3217 ea
647 3159 912 3233 gerimus,
944 3157 1142 3214 salvari
1187 3155 1488 3212 credimus.
1520 3155 1669 3211 Num
1690 3154 1795 3211 etsi
1833 3156 2071 3226 amplius

479 3253 744 3325 temporis
767 3253 837 3308 ab
865 3251 952 3307 his
980 3251 1075 3321 qui
1096 3264 1247 3307 nunc
1271 3249 1340 3306 ad
1358 3248 1518 3305 (idem
1550 3247 1844 3313 accedunt,
1879 3261 1985 3304 nos
2013 3246 2071 3303 in

478 3342 584 3399 ﬁde
609 3343 697 3414 pia
727 3342 1016 3408 habemus,
1038 3349 1423 3398 verumtamen
1440 3347 1497 3395 et
1524 3354 1630 3396 nos
1666 3354 1735 3395 ex
1760 3338 2077 3396 inﬁdelibus

477 3451 690 3503 sumus,
732 3446 829 3492 aut
853 3451 957 3492 nos
987 3435 1091 3507 ipsi
1150 3434 1305 3507 prius
1354 3433 1670 3505 inﬁdelibus
1717 3433 2071 3502 exsistentes,

2170 1956 2413 2028 proximi
2452 1964 2684 2027 peccata
2714 1954 3048 2026 judicantes,
3082 1956 3164 2009 ait
3198 1955 3343 2009 enim
3367 1955 3642 2011 Dominus:
3667 1955 3713 2010 ln

2171 2066 2273 2121 quo
2289 2049 2498 2120 judicio
2541 2047 2908 2118 judicaveritis
2962 2046 3347 2114 judicabimini
3385 2063 3404 2101 :
3456 2057 3502 2102 et
3540 2050 3591 2100 in
3636 2065 3712 2118 qua

2172 2158 2420 2198 mensura
2450 2141 2615 2197 mensi
2647 2139 2879 2212 fueritis,
2930 2138 3180 2193 metietur
3200 2139 3344 2193 vobis
3368 2139 3435 2192 ".
3464 2138 3605 2206 Quod
3627 2138 3714 2209 ipse

2174 2232 2565 2305 interpretans,
2597 2230 3068 2304 quemadmodum
3093 2230 3323 2286 deberet
3354 2231 3587 2303 intelligi,
3615 2233 3716 2285 Silii-

2173 2326 2312 2383 didit
2352 2344 2365 2381 :
2411 2324 2550 2393 Quid
2575 2334 2753 2381 autem
2778 2325 2921 2379 uides
2938 2325 3205 2396 festucam
3262 2325 3321 2379 in
3379 2324 3523 2379 oculo
3570 2325 3718 2395 fratris

2168 2422 2275 2485 tui,
2307 2420 2511 2475 trabem
2535 2427 2734 2484 autem,
2764 2433 2882 2488 quae
2907 2418 2964 2472 in
2994 2416 3146 2471 oculo
3171 2427 3268 2471 tuo
3289 2430 3391 2483 est,
3415 2434 3511 2471 non
3533 2417 3718 2471 vides"?

2177 2511 2291 2567 Sed
2318 2525 2427 2567 nec
2453 2510 2895 2597 iqponderibus,
2932 2517 2991 2565 et
3036 2509 3267 2565 stateris
3302 2519 3359 2566 et
3380 2508 3636 2565 mensuris
3660 2510 3716 2564 di-

2172 2604 2316 2661 vinis
2340 2619 2662 2670 noceamus,
2688 2604 2786 2659 sed
2821 2603 3002 2674 justas
3058 2611 3321 2668 stateras,
3353 2613 3411 2659 et
3457 2616 3716 2665 mensuras,

2174 2704 2231 2753 et
2252 2694 2517 2766 pondera,
2552 2694 2606 2749 id
2631 2703 2738 2769 est,
2772 2694 2921 2766 leges
2944 2692 3250 2764 Scriptum
3273 2694 3471 2750 divinae
3494 2693 3721 2750 custodia-

2177 2801 2323 2850 mus,
2356 2785 2687 2841 nullatenus
2708 2785 2794 2840 eis
2821 2793 3104 2852 stateram,
3131 2793 3237 2841 aut
3265 2787 3476 2857 pondus
3498 2785 3720 2858 superim-

2173 2885 2445 2948 ponentes
2484 2876 2769 2948 proprium
2808 2894 2821 2930 :
2859 2885 2916 2932 et
2942 2891 3124 2947 neque
3166 2877 3279 2933 hoc
3315 2877 3459 2949 quod
3487 2874 3720 2939 Pltarisai,

2173 2971 2466 3040 patiamur,
2490 2970 2558 3029 de
2577 2968 2852 3040 quibusin
2872 2970 3185 3043 Evangeliis
3206 2971 3478 3028 Dominus
3504 2971 3687 3027 dicebat
3708 3005 3719 3021 .

2174 3060 2353 3128 Quare
2377 3062 2817 3134 transgredimini
2847 3064 3107 3118 mandata
3154 3063 3280 3132 Dei,
3338 3075 3543 3135 propter
3587 3063 3721 3118 trali-

2176 3156 2343 3211 tiones
2370 3164 2574 3211 uestras
2599 3154 2684 3209 θ’τῖ
2709 3155 2866 3210 ΙΙΙιιιιι
2887 3155 3034 3211 enim
3056 3156 3125 3211 ad
3156 3159 3481 3213 memoriam
3500 3166 3720 3218 nostram,

2177 3249 2273 3320 qui
2301 3250 2420 3305 haec
2450 3250 2670 3306 locutus
2696 3259 2808 3315 est,
2837 3251 2927 3305 lex
2955 3264 3249 3316 revocans,
3269 3250 3541 3306 subdidit:

2245 3339 2361 3412 Ego
2391 3340 2652 3396 Dominus
2680 3342 2823 3398 Deus
2844 3351 3029 3408 vester,
3061 3343 3152 3413 qui
3181 3343 3349 3398 eduxi
3397 3359 3488 3397 vos
3506 3344 3565 3397 de
3613 3351 3723 3395 terra

2172 3431 2416 3504 Egypti.
2445 3432 2715 3489 Custodite
2747 3434 2929 3489 omnia
2943 3443 3208 3505 praecepta
3251 3451 3390 3499 mea,
3426 3444 3474 3489 et
3524 3434 3723 3489 uniuersa

478 3538 573 3586 aut
600 3530 668 3586 de
700 3529 901 3585 talibus
923 3528 1093 3600 geniti
1112 3527 1383 3599 patribus,
1410 3536 1467 3582 et
1491 3540 1687 3583 omnes
1710 3526 1936 3583 advena:
1965 3526 2075 3581 fui-
2165 3523 2402 3593 judicia,
2452 3532 2501 3578 et
2552 3524 2714 3595 facite
2751 3541 2836 3580 ea.
2893 3524 3260 3596 Septuaginta
3320 3535 3499 3581 autem
3542 3524 3722 3579 edunt:

477 3638 603 3679 mus
630 3623 687 3678 in
741 3631 889 3678 terra
931 3620 1173 3694 Egypti,
1208 3620 1262 3676 id
1304 3629 1409 3686 est,
1466 3619 1524 3675 in
1566 3619 1838 3676 diabolico
1884 3634 2077 3677 errore

477 3723 532 3769 et
561 3712 810 3769 doctrina
837 3711 1214 3768 tenebrarum.
1239 3709 1511 3783 Egyptus
1538 3710 1687 3767 enim
1711 3712 1956 3789 tenebrw,
1986 3711 2077 3767 vel

479 3806 776 3861 obscuritas
809 3803 1224 3874 interpretatur.
1255 3803 1398 3875 Ergo
1423 3802 1587 3859 nimis
1610 3802 1914 3861 secundum
1929 3810 2073 3859 tem-

476 3913 582 3968 pus
612 3897 823 3955 addidit
857 3916 870 3952 :

547 3990 659 4061 Ego
713 3990 972 4045 Dominus
1008 3987 1146 4044 Deus
1177 3997 1367 4043 vester.
1418 3987 1484 4043 id
1515 3995 1619 4055 est,
1649 3987 1743 4058 qui
1774 3995 1831 4044 et
1853 4003 1958 4045 vos
2002 3989 2074 4045 ab

477 4098 663 4138 errore
682 4081 920 4152 suscepi,
954 4082 1022 4136 de
1055 4096 1165 4151 quo
1197 4079 1397 4135 Paulus
1426 4078 1605 4141 dixit:
1634 4077 1903 4137 Conclusit
1929 4078 2070 4137 Deus

478 4174 655 4227 omnia
698 4173 792 4227 sub
830 4172 1228 4238 incredulitate,
1257 4181 1317 4224 ut
1371 4172 1613 4226 omnibus
1653 4173 1972 4227 misereatur
2002 4173 2068 4226 “.

548 4264 712 4320 Vens.
744 4266 935 4321 55-57.
982 4283 1000 4316 ‹
1029 4262 1209 4320 Nolite
1258 4261 1443 4337 facere
1472 4262 1721 4331 iniquum
1752 4262 1977 4333 aliquid,
2015 4262 2072 4319 in

472 4356 699 4428 judicio,
728 4356 784 4411 in
814 4356 1020 4429 regula,
1056 4356 1110 4409 in
1133 4354 1397 4426 pondere,
1431 4353 1487 4407 in
1520 4367 1801 4413 mensura.
1853 4356 2070 4409 Statera

473 4446 710 4517 justa,el
733 4463 888 4519 aequa
921 4448 1034 4503 sint
1062 4445 1328 4517 pondera.
1359 4443 1553 4499 Justus
1583 4443 1822 4509 modius,
1848 4459 2071 4514 aequus-

2168 3614 2395 3674 Omnem
2420 3616 2804 3688 legatisnam,
2829 3627 2878 3672 et
2910 3619 3093 3707 omnia
3138 3628 3412 3690 praecepta
3460 3634 3607 3673 mea:
3639 3615 3725 3685 Ego

2176 3707 2452 3763 Dominus.
2485 3709 2795 3780 Duplicant,
2822 3706 2945 3781 ‘Ego
2969 3706 3256 3777 Dominus,
3285 3722 3346 3768 ut
3377 3722 3436 3767 tu
3466 3724 3724 3784 cognosce-

2174 3817 2285 3868 res,
2312 3802 2443 3873 quia
2469 3803 2569 3873 qui
2598 3818 2702 3858 nos
2729 3802 2799 3859 de
2833 3810 2982 3858 terra
3006 3802 3225 3876 Egypti
3259 3805 3532 3861 sensibilis
3548 3802 3725 3863 eduxit,

2175 3903 2308 3952 tunc
2335 3895 2516 3967 legem
2534 3895 2692 3961 dans,
2716 3895 2836 3966 ipse
2863 3911 3016 3951 nunc
3036 3896 3107 3952 de
3146 3896 3480 3970 intelligibili
3534 3895 3725 3966 Egypto

2176 3987 2534 4060 Evangelium
2564 3988 2873 4058 praedicans
2925 3987 3197 4046 liberavit.
3270 3987 3426 4047 Unde
3476 3998 3725 4061 postquam

2173 4080 2309 4135 dixit
2333 4080 2637 4135 secundum
2670 4078 3032 4152 Septuaginta
3062 4097 3076 4133 :
3127 4080 3405 4138 Custodite
3434 4098 3622 4137 omnem
3667 4078 3723 4130 le-

2172 4190 2289 4246 gem
2313 4189 2507 4238 meam,
2526 4174 2817 4243 oportebat
2844 4172 3116 4241 sullicere,
3142 4177 3331 4232 omnia
3353 4178 3496 4233 enim
3514 4177 3589 4231 lex
3606 4186 3724 4229 com-

2172 4265 2458 4337 plectitur,
2484 4265 2694 4321 addidit
2742 4274 2926 4323 autem
2956 4282 2970 4319 :
3006 4266 3076 4321 Et
3111 4271 3296 4323 omnia
3325 4278 3579 4341 praecepta
3599 4276 3725 4323 mea;

2169 4374 2285 4415 non
2302 4358 2530 4430 judicia,
2558 4357 3113 4431 autjustilicationes,
3163 4370 3262 4417 aut
3293 4361 3611 4425 testimonia,
3629 4369 3725 4428 qua:

2173 4451 2254 4507 sic
2286 4450 2549 4522 appellari
2582 4466 2684 4522 per
2733 4451 2910 4524 legem
2960 4451 3129 4522 Moysi
3181 4463 3601 4515 consueverunt,
3650 4450 3726 4504 sed

474 4557 582 4611 quc
644 4542 938 4596 sextarius.
1009 4540 1122 4611 Ego
1178 4537 1444 4593 Dominus
1506 4535 1651 4592 Deus
1710 4544 1924 4602 vester,
1973 4536 2066 4605 qui
2102 4551 2439 4615 υρηεερρια
2485 4558 2621 4605 mea,
2665 4542 2984 4612 evangelica
3041 4544 3300 4600 mandata
3362 4544 3725 4601 demonstrans,

476 4634 638 4688 eduxi
659 4649 756 4689 vos
783 4634 851 4690 de
872 4642 1015 4690 terra
1037 4630 1278 4703 Egypti.
1322 4628 1612 4689 Custodile
1640 4627 1826 4683 omnia
1859 4641 2067 4697 praece-

475 4736 566 4796 pta
596 4735 825 4790 mea,.et
855 4725 1112 4780 universa
1157 4721 1385 4793 judicia,
1408 4729 1465 4775 et
1497 4718 1659 4774 facite
1683 4734 1767 4773 ea.
1806 4717 1918 4790 Ego
1975 4718 2072 4771 Do-

475 4819 676 4873 minus.
718 4837 736 4868 ι

549 4911 755 4968 Similis
801 4921 887 4968 est
943 4912 1111 4966 etiam
1166 4910 1285 4964 lucc
1341 4908 1552 4964 sanctio
1608 4905 2066 4977 praecedentibus,

474 5005 694 5074 quando
716 5013 838 5075 post
856 5005 1068 5058 lucrum
1086 5001 1282 5055 littera:
1299 4999 1420 5070 ejus
1442 4998 1608 5055 etiam
1639 4997 1893 5068 spiritum
1922 5011 2068 5067 prae-

477 5096 698 5151 serutati
724 5094 1010 5151 fuerimus.
1038 5092 1156 5147 Non
1193 5106 1323 5162 ergo
1362 5088 1480 5146 ﬁeri
1515 5096 1771 5158 oportere
1802 5087 2070 5158 injustam

477 5186 531 5238 in
559 5185 787 5256 judicio,
826 5184 879 5238 in
910 5181 1352 5254 pratcedentibus
1392 5178 1676 5251 praecepit,
1716 5193 1861 5231 nunc
1884 5187 2071 5233 autem

477 5294 579 5333 nec
602 5277 655 5330 in
682 5276 955 5331 mensuris
979 5275 1183 5345 injuste
1239 5287 1420 5345 agere,
1445 5288 1550 5327 nec
1580 5271 1633 5326 in
1652 5270 1917 5341 pondere,
1967 5285 2089 5326 nec.

478 5369 532 5423 in
563 5369 780 5424 statcris
799 5367 1059 5439 praecepit
1093 5383 1106 5419 :
1147 5381 1215 5420 ne
1243 5365 1383 5420 forte
1422 5364 1508 5420 bis
1539 5363 1694 5434 ipsis,
1736 5378 1858 5433 qua:
1914 5363 2070 5433 quasi

478 5461 694 5517 termini
719 5470 850 5516 sunt
873 5459 1121 5531 justitite,
1172 5458 1243 5513 ad
1284 5457 1611 5528 injustitiam
1658 5465 1898 5511 utamur.
1960 5455 2067 5511 Pro

476 5553 721 5608 terminis
747 5568 893 5607 entm
919 5552 1163 5622 justitim,
1210 5551 1596 5617 vendentibus,
1648 5560 1704 5605 et
1732 5550 2064 5615 ementibus,

2177 4650 2301 4705 qua:
2326 4649 2391 4689 ex
2427 4634 2752 4690 auctoritate
2783 4634 3051 4690 Dominus
3078 4637 3363 4707 prmcepit.

2776 4793 3003 4852 CAPUT
3044 4793 3164 4850 XX.

2252 4909 2414 4967 Vens.
2448 4913 2565 4968 1-5.
2607 4932 2625 4966 ι
2664 4912 3013 4983 Locutusque
3062 4920 3149 4966 est
3174 4910 3440 4965 Dominus
3457 4907 3520 4963 ad
3542 4905 3727 4975 Moysen

2179 5003 2370 5060 dicens
2406 5003 2576 5060 :Haec
2604 5006 2832 5075 loquere
2857 5005 2984 5060 ﬁliis
3008 5003 3220 5060 lsrael-z
3281 5003 3460 5059 Homo
3506 5000 3573 5055 de
3628 4991 3729 5050 ﬁliis

2175 5093 2364 5159 lsrael,
2395 5101 2453 5149 et
2480 5095 2549 5150 de
2574 5094 2821 5160 advenis,
2846 5095 2941 5165 qui
2992 5095 3244 5150 habitant
3272 5095 3325 5149 in
3346 5091 3529 5158 Israel,
3560 5087 3600 5143 si
3631 5081 3731 5154 quis

2176 5185 2389 5242 dederit
2410 5187 2479 5243 de
2502 5188 2715 5243 semine
2745 5203 2847 5244 suo
2878 5188 3024 5244 idolo
3087 5186 3322 5255 Moloch,
3354 5193 3528 5242 morte
3557 5178 3729 5237 moria—

2177 5285 2285 5331 tur.
2333 5277 2577 5349 Populus
2609 5288 2770 5336 terrae
2800 5280 3070 5352 lapidabit
3096 5296 3242 5347 eum,
3304 5289 3360 5335 et
3409 5292 3507 5349 ego
3560 5281 3729 5345 ponam

2176 5368 2370 5423 faciem
2432 5385 2608 5426 meam
2661 5381 2851 5427 contra
2895 5373 3065 5439 illum,
3125 5372 3509 5440 suceidamque
3537 5378 3650 5422 eum
3677 5359 3731 5413 dc

2178 5462 2360 5517 medio
2376 5464 2561 5534 populi
2590 5464 2696 5528 sui,
2726 5479 2794 5520 eo
2834 5466 2983 5535 quod
3038 5465 3252 5520 dederit
3292 5463 3362 5518 de
3399 5459 3598 5516 semine
3646 5463 3732 5505 suo

2176 5552 2412 5623 Moloclt,
2472 5557 3007 5614 ctcontaminaverit
3037 5557 3408 5614 sanctuarium
3436 5549 3629 5615 meum,
3679 5555 3731 5596 ac

548 5758 587 5789 “
620 5757 788 5812 liebr.
812 5774 910 5817 xu.
943 5759 1149 5826 22,25.
1228 5760 1272 5792 ⁶²
1306 5758 1495 5816 Matth.
1542 5775 1697 5827 mu,
1725 5759 1779 5813 4.
1856 5757 2044 5812 “Act.
2080 5774 2169 5821 xv,
2207 5758 2288 5813 10.
2369 5758 2414 5791 ⁸³
2445 5759 2606 5814 Rom.
2638 5776 2714 5827 ιιι,
2747 5759 2837 5814 22.
2917 5761 2962 5795 ⁸⁸
2992 5761 3183 5817 Matth.
3219 5774 3313 5825 vtl,
3345 5759 3399 5813 2.
3475 5756 3518 5788 “
3545 5743 3727 5806 ιιιῑάοᾶ

480 5821 518 5850 ⁸⁷
560 5827 748 5882 Matth.
786 5829 948 5897 xv,5.
