3892 6454
224 447 364 514 1041

1381 449 1470 510 ΙΝ
1501 446 1944 510 LEVITICUM.
1979 467 2048 480 -
2086 443 2235 506 LIB.
2271 443 2372 504 VI.

3369 431 3505 496 10ἱὲ

216 564 482 637 polluerit
513 577 714 619 nomen
743 568 996 618 sanctum
1021 577 1225 618 meum.
1250 561 1392 629 Quid
1421 561 1466 618 si
1527 561 1813 633 negligens
1844 568 1888 621 Α
1917 557 2281 622 consuetudo,
2317 563 2374 610 et
2400 554 2486 610 his
2503 553 2596 625 qui
2621 553 2677 608 in
2725 566 2914 608 errore
2971 551 3190 606 illorum
3244 549 3506 604 labeban-

214 658 460 728 populus
509 663 686 720 terras,
739 663 796 710 et
844 654 1003 726 quasi
1059 655 1464 726 parvipendens
1519 653 1810 723 imperium

211 761 426 814 meum,
446 745 715 802 dimiserit
745 747 1046 812 hominem,
1077 747 1170 816 qui
1203 747 1354 801 dedit
1374 746 1442 801 de
1463 747 1677 800 semine
1707 758 1809 800 suo

213 838 456 904 hlolocli,
494 853 598 892 nec
618 837 1029 893 volueritillum
1065 838 1336 904 occidere,
1371 853 1573 909 ponam
1613 836 1810 892 faciem

214 945 401 984 meam
432 944 600 998 super
641 927 922 982 hominem
954 928 1124 992 illum,
1177 936 1232 982 et
1257 928 1638 1000 cognationem
1669 927 1810 996 ejus,

210 1021 608 1092 succidamque
637 1021 838 1091 ipsum,
865 1030 921 1076 et
951 1036 1144 1076 omnes
1181 1020 1272 1091 qui
1305 1027 1709 1075 consenserunt
1738 1018 1808 1082 ei,

215 1124 283 1169 ut
347 1114 752 1170 fornicarontur
805 1129 931 1169 cum
1003 1113 1216 1169 Moluch
1265 1113 1332 1169 de
1378 1113 1561 1168 medio
1625 1110 1812 1182 populi

214 1207 329 1262 sui.
364 1226 383 1258 ι

290 1294 466 1364 Cujus
501 1293 579 1349 rei
598 1294 772 1366 gratia
801 1293 868 1349 de
897 1293 1096 1349 iisdem
1155 1293 1262 1359 bis,
1317 1303 1372 1350 et
1401 1301 1484 1350 ter
1519 1292 1813 1364 aliquando

212 1387 308 1442 [ex
346 1387 628 1458 praecepit,
649 1386 968 1458 frequenter
1007 1387 1062 1441 in
1093 1387 1534 1458 praecedentibus
1553 1387 1810 1450 diximus,

209 1480 348 1550 quia
373 1489 594 1551 propter
633 1480 954 1536 memoriam
982 1480 1280 1552 legentium
1315 1481 1420 1535 hoc
1445 1479 1626 1534 faciat.
1659 1478 1815 1534 Unde

211 1572 390 1626 etiam
423 1572 790 1642 recapitulans
811 1573 1065 1628 mandata
1095 1588 1236 1628 nova
1263 1573 1513 1644 quaedam
1543 1571 1624 1627 eis
1651 1571 1818 1625 inter-

214 1660 395 1726 serit,
451 1669 644 1717 utnon
678 1661 956 1733 superilua
1000 1662 1254 1718 videatur
1307 1662 1486 1734 legum
1537 1659 1815 1731 repetitio,

213 1763 278 1804 et
302 1751 661 1820 inquisitione
683 1765 976 1820 novorum,
999 1753 1168 1807 etiam
1199 1751 1568 1807 anterioribus
1612 1751 1819 1806 studio-

213 1843 341 1898 sius
377 1843 744 1898 intendamus.
778 1843 950 1914 Hujus
973 1843 1049 1899 rei
1081 1843 1252 1916 gratia
1282 1843 1528 1898 actiones
1555 1841 1816 1913 quasdam

1923 658 2030 714 tur,
2067 649 2134 705 de
2161 649 2360 718 quibus
2407 647 2554 704 Deus
2588 663 2686 719 per
2731 643 2932 702 Oseam
2971 643 3107 700 dicit
3156 660 3168 696 :
3229 641 3366 708 Quia
3419 641 3506 696 isti

1919 759 2038 796 cum
2067 741 2370 813 fornicariis
2395 737 2890 810 corrumpebantur,
2926 747 2976 793 et
3011 753 3132 790 cum
3194 735 3508 806 eﬂ'emiuatis

1915 834 2313 904 sacriﬁcabant,
2341 833 2532 904 polluit
2559 829 2660 886 Dei
2711 841 2895 886 sancta
2917 830 2982 884 ⁶⁹.
3023 827 3345 895 Quomodo?
3379 825 3507 898 quia

1913 926 2328 996 polluitnomen
2359 933 2607 981 sanctum
2636 923 2776 994 ejus.
2811 921 2883 977 Ut
2915 921 3064 976 enim
3101 919 3392 991 imaginem
3411 917 3507 973 Dei

1917 1017 2229 1088 percipiens
2262 1017 2426 1072 homo
2447 1017 2643 1083 sancti,
2671 1019 2733 1071 et
2766 1016 2821 1070 in
2854 1013 3061 1070 sanctis
3086 1012 3504 1084 requiescentis,

1916 1118 2141 1165 sanctus
2168 1118 2318 1166 recte
2349 1118 2404 1165 et
2455 1108 2830 1164 sanctificatus
2861 1108 2960 1174 illi,
2989 1107 3148 1178 cujus
3180 1106 3347 1160 habet
3371 1104 3509 1159 ima-

1917 1201 2125 1272 ginem,
2145 1199 2368 1256 dicitur.
2403 1200 2755 1256 Contaminat
2787 1215 2936 1270 ergo,
2961 1207 3018 1254 et
3052 1196 3247 1268 polluit
3307 1211 3509 1251 nomen

1918 1295 2058 1364 ejus,
2076 1291 2172 1364 qui
2193 1295 2245 1348 ei
2270 1282 2420 1348 dedit
2444 1292 2758 1362 imaginem,
2798 1299 2853 1346 et
2904 1305 3004 1362 per
3032 1290 3176 1345 banc
3203 1289 3381 1360 ipsum
3415 1287 3509 1356 qui

1919 1382 2302 1449 sanctificavit,
2326 1383 2494 1453 quiet
2519 1381 2770 1453 spiritum
2804 1381 2929 1436 vitae
2989 1382 3038 1435 ei
3068 1395 3131 1435 ex
3191 1391 3287 1434 sua
3339 1378 3510 1448 gratia

1919 1471 2234 1537 insnﬂlavit,
2265 1472 2388 1544 quia
2423 1473 2622 1544 spiritu
2650 1472 2816 1536 malo,
2873 1482 2930 1527 et
2982 1475 3218 1526 adverso
3247 1469 3364 1526 Deo
3397 1483 3515 1522 cor-

1919 1565 2232 1636 rumpitur,
2261 1575 2317 1620 ct
2370 1563 2710 1620 Dominicam
2769 1561 3064 1634 imaginem
3103 1561 3162 1616 in
3203 1559 3512 1614 dzemonum

1921 1655 2244 1712 servitutem
2270 1655 2488 1726 redigit,
2527 1655 2877 1726 regalemque
2905 1651 3254 1723 margaritam
3279 1665 3308 1703 a
3335 1651 3516 1718 porcis

1922 1748 2190 1820 permittit
2225 1747 2412 1818 pollui.
2453 1747 2600 1802 Idem
2643 1755 2730 1802 est
2755 1756 2811 1800 ct
2839 1745 3088 1815 quisquis
3105 1743 3170 1799 de
3193 1739 3516 1814 cognatione

1924 1850 1979 1897 ct
2008 1843 2076 1898 de
2107 1841 2358 1898 doctrina
2382 1854 2479 1896 sua
2513 1839 2760 1896 avaritize
2781 1839 2966 1905 olfert,
2992 1846 3050 1892 et
3103 1837 3168 1892 ad
3225 1833 3516 1891 avaritiam

217 1934 282 1988 in
317 1933 613 2003 praeteritis
653 1934 982 2005 prohibens,
1037 1949 1232 2006 poenas
1287 1951 1478 1990 earum
1501 1934 1691 2000 tacuit,
1755 1945 1814 1991 ut
1849 1917 1888 1973 Β
1915 1935 2177 2007 operibus
2203 1946 2296 1992 ant
2315 1935 2497 1990 verbis
2527 1932 3032 1997 consuefaciteum,
3075 1929 3169 2000 qui
3191 1942 3518 2000 quocunque

213 2043 349 2098 qua:
379 2027 452 2082 sit
487 2027 626 2095 haec,
644 2028 730 2084 vel
749 2029 924 2100 qualis
954 2038 1286 2101 quaerentes,
1320 2045 1384 2084 ea
1413 2046 1534 2100 quae
1583 2031 1815 2087 inferius

217 2119 431 2185 sancit,
476 2130 832 2177 scrutemur:
881 2122 938 2176 in
983 2123 1072 2177 his
1103 2122 1252 2177 enim
1305 2137 1497 2194 plenas
1560 2123 1815 2190 inseruit,

216 2229 369 2282 quas
392 2222 522 2268 tunc
548 2214 922 2284 praetermisit.
955 2213 1095 2270 Olim
1137 2229 1268 2288 ergo
1306 2216 1607 2285 prohibens
1635 2217 1704 2272 de
1728 2232 1818 2272 se-

222 2305 382 2359 rnine
405 2319 503 2360 suo
525 2304 756 2372 Moloch,
783 2306 898 2362 sive
923 2307 1228 2362 secundum
1265 2307 1628 2380 Septuaginta
1652 2307 1819 2362 Prin-

220 2396 339 2465 cipi
373 2396 508 2452 dari.
546 2397 675 2453 Erat
697 2407 880 2454 autem
910 2399 1020 2454 hoc
1048 2397 1178 2454 idoli
1220 2399 1510 2471 cujusdam
1560 2400 1646 2456 vel
1706 2400 1821 2457 dre-

224 2489 420 2546 monis
454 2506 673 2560 nomen,
701 2493 1006 2550 secundum
1067 2493 1214 2564 quod
1273 2493 1592 2566 Stephanus
1657 2497 1824 2552 Amos

224 2583 542 2640 introduxit
603 2585 924 2642 dicentem:
987 2586 1057 2641 Et
1117 2587 1385 2656 recepistis
1426 2587 1826 2643 tabernaculum

225 2674 466 2738 Moloch,
489 2685 538 2731 et
562 2678 707 2733 sidus
742 2679 840 2734 Dei
885 2681 1044 2735 uestri
1094 2679 1406 2750 Rempltam,
1436 2680 1638 2751 ﬁguras
1693 2699 1826 2752 quas

225 2767 456 2836 fecistis,
493 2779 550 2824 ut
577 2771 811 2827 adoretis
839 2789 928 2828 eas
954 2773 1021 2828 “.
1072 2773 1230 2829 Nunc
1259 2789 1390 2844 ergo
1418 2773 1656 2844 idipsum
1713 2791 1829 2830 rur-

227 2873 332 2912 sus
369 2869 706 2924 contestans.
735 2863 940 2930 quibus
967 2863 1150 2921 verbis
1179 2879 1338 2920 orsus
1365 2864 1438 2920 sit
1466 2867 1688 2922 exordia
1727 2867 1822 2921 hu-

222 2947 324 3016 jus
349 2948 486 3021 le’gis
511 2953 758 3010 audistis.

309 3042 643 3112 Locutusque
675 3056 753 3102 est
774 3047 1065 3103 Dominus‘
1095 3050 1166 3104 ad
1193 3049 1400 3120 Moysen
1431 3053 1605 3108 dicens
1636 3073 1654 3111 :
1703 3053 1829 3110 (lac

233 3133 454 3204 loquere
479 3137 604 3205 [iliis
629 3137 818 3194 Israel.
849 3137 1006 3206 Quod
1031 3139 1388 3215 Septuaginta
1421 3144 1737 3211 ediderunt,
1779 3156 1830 3202 et

232 3225 368 3294 ﬁliis
383 3227 555 3283 Israel
591 3229 822 3302 loquere.
859 3231 979 3287 Non
1024 3233 1131 3288 hoc
1163 3233 1372 3290 dictum
1407 3245 1494 3292 est
1517 3237 1672 3308 quasi
1736 3239 1828 3292 alii

234 3319 484 3374 fuissent
513 3321 712 3392 quibus
740 3323 1106 3394 praecedentia
1159 3335 1435 3394 sanxerat,
1485 3328 1580 3384 sed
1640 3337 1831 3384 osten-

234 3411 380 3467 dens
415 3411 544 3485 quia
576 3413 683 3469 hoc
717 3415 1006 3484 personale
1037 3415 1356 3472 mandatum
1386 3426 1678 3488 propterea
1695 3433 1828 3473 con-

234 3512 336 3559 tra.
369 3519 564 3560 omnes
615 3505 882 3573 dilatavit,
934 3507 1060 3579 quia
1115 3517 1402 3579 peccatum
1455 3519 1646 3566 contra
1684 3513 1832 3582 quod

236 3596 726 3653 comminationem
756 3609 1083 3670 praisentem
1143 3601 1390 3671 protulit,
1439 3611 1653 3656 tantum
1712 3602 1832 3658 aliis

237 3687 638 3747 exsecrabilius
659 3699 766 3758 est,
799 3701 859 3748 ut
882 3693 988 3748 alia
1018 3693 1240 3763 quidem
1285 3701 1506 3764 peccata
1531 3694 1678 3750 solos
1701 3711 1831 3765 pec-

233 3791 453 3838 cantes
472 3799 596 3839 reos
625 3785 803 3855 poenis
829 3784 1134 3850 aﬂieerent,
1179 3785 1284 3842 hoc
1311 3795 1495 3841 autem
1523 3794 1580 3841 et
1614 3802 1710 3842 eos
1738 3787 1833 3857 qui

232 3874 604 3945 neglexerunt
633 3885 975 3946 peccantem,
998 3877 1352 3950 judicemquc
1381 3877 1451 3944 ei,
1482 3877 1578 3933 sed
1607 3887 1663 3933 et
1691 3879 1834 3932 ulto-

237 3979 384 4030 rem,
403 3981 513 4020 non
541 3967 718 4022 solum
736 3968 1012 4040 principes
1039 3969 1246 4040 populi,
1267 3969 1362 4026 sed
1383 3979 1439 4025 et
1466 3976 1631 4026 totam
1651 3968 1828 4042 Syna-

237 4073 439 4130 gogam
471 4099 486 4124 ,
519 4070 576 4114 et
609 4061 874 4131 populum
921 4061 1068 4118 facit.
1124 4061 1362 4132 Populus
1421 4061 1590 4129 enim,
1629 4063 1827 4133 inquit,

241 4161 405 4206 terra
425 4151 685 4222 lapidabit
713 4169 854 4208 eum.
885 4151 998 4210 Nec
1030 4153 1116 4208 bis
1147 4162 1448 4210 contentus
1471 4153 1681 4210 addidit
1709 4169 1724 4208 :

313 4241 390 4296 Et
433 4259 528 4314 ego
549 4259 744 4312 ponam
771 4245 964 4315 faciem
1010 4261 1184 4299 meam
1217 4255 1403 4298 contra
1432 4243 1606 4311 illum,
1665 4247 1837 4300 succi-

240 4333 478 4400 damque
506 4348 626 4386 eum
662 4335 725 4388 de
747 4333 920 4388 medio
941 4333 1124 4404 papuli
1171 4334 1276 4388 sui.
1329 4333 1432 4389 Per
1487 4333 1594 4388 hoc
1645 4349 1839 4390 omnes

239 4426 486 4495 erigens,
501 4435 556 4480 ct
569 4441 873 4496 provocans
897 4437 1086 4482 contra
1101 4442 1249 4492 eum,
1263 4429 1354 4496 qui
1374 4426 1500 4482 talia
1515 4425 1796 4482 commisit
1822 4445 1836 4480 :

243 4517 342 4571 sed
375 4525 430 4572 ct
455 4525 719 4572 terrorem
745 4517 1011 4582 indicens,
1044 4517 1089 4574 si
1120 4517 1480 4588 neglexerint,
1511 4525 1567 4572 et
1589 4533 1699 4572 non
1713 4533 1840 4574 cum

243 4606 434 4662 studio
467 4617 795 4679 praeceptam
829 4623 1048 4679 poenam
1108 4609 1223 4665 suis
1253 4611 1306 4665 in
1337 4625 1458 4666 eam
1487 4613 1840 4668 exercuerint

246 4699 528 4766 manibus,
588 4710 774 4770 utpote
825 4701 880 4756 in
935 4710 1146 4757 tantum
1216 4702 1357 4758 irato
1421 4703 1554 4767 Deo,
1608 4713 1670 4758 ut
1727 4704 1845 4774 ipse

245 4801 444 4864 aperte
476 4793 796 4864 praedictam
841 4795 1173 4852 sententiam
1218 4805 1410 4850 contra
1468 4811 1596 4851 eum
1650 4796 1842 4864 ferret,

244 4899 351 4940 cur
371 4884 592 4940 autem?

321 4977 464 5044 Quia
481 4979 545 5033 de
571 4980 770 5034 semine
801 4995 896 5034 suo
925 4979 1070 5034 dedit
1099 4977 1322 5044 Moloclt,
1363 4987 1419 5033 ut
1461 4981 1845 5034 contaminaret

245 5072 622 5126 sanctuarium
674 5087 869 5138 meum,
919 5081 969 5125 et
1021 5069 1280 5140 pollueret
1353 5086 1544 5125 nomen
1604 5082 1846 5126 sanctum

252 5178 452 5216 meum.
477 5161 802 5232 Quicunque
829 5162 977 5217 enim
1027 5160 1200 5216 filium
1251 5168 1348 5216 aut
1391 5169 1710 5233 cognatum,
1753 5171 1850 5217 aut

251 5251 607 5324 discipulum,
638 5263 735 5306 aut
779 5253 1042 5316 amicum,
1089 5259 1184 5306 aut
1232 5265 1618 5321 quemcunque
1645 5251 1716 5308 de
1748 5267 1848 5306 suo

253 5345 490 5409 semine,
527 5344 613 5398 vel
631 5345 976 5415 cognatione,
1033 5353 1128 5398 aut
1160 5343 1432 5408 doctrina,
1465 5343 1703 5414 principi
1744 5359 1848 5399 sa:-

249 5436 365 5490 culi
399 5437 582 5504 hujus,
607 5437 697 5507 qui
729 5453 877 5492 nunc
929 5445 1186 5507 operatur
1231 5436 1287 5490 in
1364 5436 1487 5492 filiis
1536 5435 1851 5492 difﬁdentiae

253 5529 496 5596 dederit,
521 5519 728 5586 voven's
757 5546 882 5586 cum
899 5538 954 5585 et
991 5543 1322 5586 consecratis
1342 5529 1702 5594 daemonibus,
1762 5527 1851 5583 hic

253 5623 486 5697 quidem
519 5620 587 5678 ad
618 5639 772 5679 sacra
805 5623 1148 5687 daemonum,
1184 5621 1321 5676 alter
1342 5629 1526 5676 autem
1557 5621 1718 5677 mista
1767 5621 1848 5677 vi-

252 5717 344 5772 rili
375 5714 734 5786 muliebrique
761 5715 894 5784 vita,
923 5724 1214 5784 utrumque
1273 5712 1422 5768 enim
1464 5723 1579 5768 erat
1625 5713 1847 5786 paganis

329 5856 376 5887 "
397 5860 565 5912 Amos
595 5875 648 5923 v,
675 5859 780 5924 ‘26;
815 5859 934 5914 Act.
962 5874 1060 5927 vn,
1094 5857 1182 5913 45.

1277 5857 1319 5890 ⁸³
1363 5854 1500 5912 Osee
1532 5873 1605 5923 ιγ,
1643 5857 1725 5911 li.

241 5918 302 6014 "’
334 5927 540 5998 Ephes.
570 5918 645 5995 v,'
663 5928 681 5982 l
700 5929 718 5981 l
734 5967 747 5983 .

1831 5857 1876 5888 7°
1902 5857 1917 5910 l
1945 5853 2084 5908 Tim.
2145 5869 2218 5916 vi,
2256 5853 2350 5918 10;

1917 2025 2080 2084 modo
2135 2025 2440 2097 discipulus
2499 2025 2642 2096 ejus,
2708 2024 2794 2080 vel
2843 2032 3110 2096 cognatus
3151 2029 3259 2086 est,
3289 2035 3512 2077 servum

1919 2137 2046 2179 eum
2077 2119 2412 2184 daemonum,
2444 2119 2704 2174 devotum
2760 2117 3072 2174 idolis'sive
3133 2122 3516 2170 consecratum

1919 2215 2260 2286 militemque
2291 2215 2513 2286 maligni
2540 2212 2800 2284 principis
2823 2211 2990 2280 hujus
3013 2207 3194 2264 smculi
3229 2205 3470 2262 eﬂiciens
3502 2221 3514 2256 :

1921 2302 2100 2363 Radix
2124 2309 2264 2363 enim
2289 2307 2524 2362 omnium
2571 2305 2838 2360 "talorum
2893 2302 3120 2357 avaritia
3143 2302 3226 2368 '"’_;
3282 2315 3398 2371 qua:
3443 2306 3518 2352 est

1923 2400 2186 2455 idolorum
2212 2401 2435 2456 servitus
2459 2401 2528 2454 '“.
2558 2398 2800 2454 Dicimus
2844 2405 3027 2452 autem
3059 2394 3166 2450 hoc
3233 2392 3412 2462 ipsum
3463 2397 3519 2444 et

1923 2501 2116 2548 centra
2147 2507 2242 2548 eos
2275 2491 2368 2563 qui
2401 2489 2732 2547 adulterium
2764 2487 2985 2550 docent,
3037 2489 3396 2558 suggerentes
3416 2495 3515 2534 ne-

1925 2586 2088 2642 farias
2125 2587 2394 2654 actiones,
2421 2585 2714 2642 suadentes
2755 2578 3180 2654 turpitudinem,
3205 2577 3519 2648 polluentes

1927 2691 2118 2737 saneta
2144 2681 2260 2748 Dei,
2293 2681 2347 2736 id
2379 2691 2486 2744 est,
2542 2681 2883 2753 signatorum
2933 2675 3046 2732 Deo
3089 2689 3346 2745 corpora,
3384 2687 3521 2742 quo-

1929 2790 2050 2829 rum
2085 2789 2217 2831 caro
2241 2775 2504 2844 templum
2532 2772 2654 2840 Dei,
2695 2781 2754 2828 et
2776 2769 3015 2842 Spiritus
3041 2768 3218 2822 sancti
3247 2775 3333 2822 est
3367 2763 3522 2818 habi-

1930 2867 2192 2922 taculum.
2231 2863 2392 2921 Unde
2429 2873 2486 2921 et
2539 2865 2786 2936 polluere
2837 2871 2984 2919 recte
3008 2875 3213 2917 nomen
3270 2867 3522 2914 sanctum

1930 2959 2212 3023 dicuntur,
2247 2957 2363 3014 sive
2393 2957 2699 3014 secundum
2725 2955 3110 3027 Septuaginta,
3157 2949 3520 3020 sanctiﬁcato-

1933 3071 2070 3116 rum,
2099 3053 2229 3124 quia
2262 3067 2333 3110 ex
2355 3067 2487 3116 uno,
2522 3060 2619 3107 aut
2645 3049 3004 3120 duobus,aut
3046 3043 3296 3118 pluribus
3339 3041 3524 3096 forsan

1932 3143 2420 3210 abominabilibus,
2457 3143 2704 3197 omnium
2748 3147 3067 3196 sanctorum
3101 3137 3196 3191 Dei
3251 3153 3263 3188 :
3323 3133 3414 3204 qui
3468 3134 3524 3186 in

1933 3251 2000 3290 eo
2030 3235 2402 3300 crediderunt,
2427 3243 2482 3290 et
2512 3233 2778 3302 fidelium,
2815 3228 3267 3287 manifestissime
3313 3225 3525 3281 abomi-

1938 3326 2122 3384 nabile
2145 3315 2348 3383 nomen
2370 3335 2426 3382 et
2456 3326 2891 3382 contaminatum
2949 3323 3094 3378 inter
3127 3318 3378 3375 homines
3405 3315 3524 3372 elli-

1937 3419 2099 3482 citur,
2134 3418 2258 3474 talia
2283 3426 2341 3473 et
2369 3417 2437 3472 de
2461 3417 2676 3473 caeteris
2700 3413 3128 3485 conjicientibus
3157 3411 3246 3466 his
3273 3409 3364 3482 qui
3390 3407 3526 3463 foris

1938 3519 2087 3575 sunt,
2127 3509 2181 3563 in
2213 3507 2392 3580 qualia
2409 3507 2676 3578 quosdam
2704 3505 2962 3562 viderunt
3000 3503 3360 3560 luxuriantes.
3389 3499 3527 3553 Pro-

1939 3611 2124 3670 pterea
2156 3615 2250 3656 eos
2283 3601 2375 3669 qui
2407 3601 2485 3656 sic
2512 3599 2653 3654 mala
2707 3609 2764 3654 et
2811 3593 3200 3653 abominabilia
3241 3591 3524 3664 operibus.

1935 3704 2035 3748 aut
2071 3695 2254 3750 verbis
2285 3695 2504 3760 docent,
2528 3709 2638 3750 non
2655 3691 2820 3750 unius
2847 3692 3131 3764 praecepit,
3157 3690 3256 3747 sed
3279 3689 3525 3745 ninnium

1938 3787 2122 3856 puniri
2152 3786 2440 3842 manibus:
2475 3793 2667 3856 utpote
2689 3785 2937 3841 omnium
2957 3783 3218 3839 inimicus
3247 3791 3303 3836 et
3331 3781 3529 3837 adver-

1939 3877 2118 3932 sarius
2172 3887 2228 3933 et
2257 3879 2506 3933 omnium
2567 3877 2774 3949 gloriae,
2838 3876 2988 3932 sicut
3042 3873 3363 3947 praedictum
3418 3880 3526 3938 est,

1937 3979 2224 4026 nocentes.

2010 4061 2161 4128 Quod
2201 4063 2246 4116 si
2291 4061 2555 4132 negligens
2603 4060 2828 4131 populus
2878 4069 3052 4124 teme,
3085 4069 3134 4114 et
3179 4059 3333 4130 quasi
3377 4057 3529 4126 parvi

1941 4155 2170 4226 pendens
2196 4155 2475 4224 imperium
2509 4168 2682 4207 meum
2704 4153 2960 4206 dimiserit
2988 4151 3272 4212 hominem,
3308 4145 3398 4220 qui
3435 4149 3530 4202 de-

1943 4247 2078 4301 derit
2111 4246 2174 4300 de
2209 4245 2406 4300 semine
2443 4261 2538 4298 suo
2563 4243 2782 4310 Moloch,
2815 4259 2908 4297 nec
2937 4242 3160 4296 voluerit
3199 4241 3353 4294 illum
3390 4242 3531 4295 occi-

1943 4340 2084 4394 dere.
2119 4339 2178 4394 ld
2204 4349 2308 4404 esu,
2335 4337 2380 4394 si
2409 4338 2488 4404 bi,
2517 4337 2610 4408 qui
2648 4335 2872 4392 enutriti
2905 4344 3034 4391 sunt
3062 4335 3120 4390 in
3151 4333 3402 4398 scientia,
3431 4349 3532 4389 ne—

1943 4431 2214 4504 glexerint
2251 4445 2378 4486 eum
2408 4430 2500 4500 qui
2546 4429 2672 4484 talia
2701 4428 2862 4484 docet
2899 4447 2913 4483 :
2951 4429 3070 4484 ha-c
3103 4434 3190 4482 est
3220 4425 3366 4482 enim
3408 4441 3534 4481 vera

1946 4533 2002 4580 et
2024 4533 2174 4580 recta
2201 4534 2366 4585 terra,
2395 4523 2462 4578 de
2488 4537 2593 4592 qua
2623 4521 2699 4577 ait
2723 4521 2890 4578 David
2923 4537 2938 4574 :
2968 4519 3200 4590 Spiritus
3227 4530 3346 4574 tuus
3371 4519 3536 4574 bonus

1876 4649 1920 4705 υ
1947 4617 2166 4672 deducet
2210 4633 2290 4669 me
2334 4617 2390 4668 in
2439 4623 2636 4668 terram
2683 4623 2880 4668 rectam
2907 4613 2975 4667 τ’.
3023 4611 3162 4680 Quia
3204 4613 3409 4668 malum
3451 4623 3538 4669 est

1949 4709 2185 4762 maxime
2214 4707 2317 4762 tale
2350 4715 2636 4778 peccatum
2672 4721 2782 4760 non
2814 4707 3060 4777 exsequi.
3092 4704 3236 4774 Quid
3271 4717 3354 4764 est
3389 4710 3538 4780 quod

1949 4799 2233 4870 sequitur?
2268 4799 2333 4852 Et
2382 4815 2540 4869 super
2562 4797 2928 4869 cognationem
2970 4797 3106 4868 ejus.
3150 4797 3257 4854 Eos
3290 4801 3383 4870 qui
3423 4811 3539 4855 stu-

1949 4893 2084 4944 dent
2137 4889 2395 4943 videlicet
2450 4885 2670 4952 similia,
2710 4886 2804 4956 qui
2854 4887 3069 4960 cognati
3126 4899 3258 4946 sunt
3314 4900 3542 4961 prepter

1951 4980 2364 5034 similitudinem
2395 4977 2628 5033 actionis
2661 4986 2716 5032 et
2747 4976 3033 5032 doctrinae.

2021 5072 2408 5140 Succidantque
2448 5069 2622 5140 ipsum
2651 5078 2700 5122 et
2735 5086 2910 5124 omnes
2941 5071 3032 5140 qui
3064 5080 3432 5126 consenserunt
3469 5071 3537 5134 ei,

1953 5176 2007 5219 ut
2041 5165 2433 5235 foruicareutur
2479 5178 2598 5215 cunt
2637 5161 2838 5216 Moloch
2883 5163 2953 5216 de
2997 5162 3166 5216 medio
3211 5161 3394 5234 populi
3432 5164 3536 5217 sui.

1951 5251 2070 5307 Non
2106 5252 2282 5306 solum
2323 5251 2565 5306 minatus
2601 5259 2686 5306 est
2717 5251 2915 5322 punire
2954 5265 3071 5314 eos,
3101 5252 3193 5322 qui
3228 5253 3422 5308 dicunt
3455 5254 3540 5308 vel

1954 5345 2161 5402 faciunt
2189 5345 2312 5409 hoc,
2339 5352 2395 5398 et
2421 5352 2712 5414 propterea
2739 5351 3001 5416 cognatos
3033 5352 3179 5399 recte
3206 5343 3537 5406 nominatos,

1953 5439 2050 5494 sed
2099 5444 2154 5492 et
2202 5435 2610 5493 consentientes
2655 5435 2728 5499 ei,
2767 5434 2820 5490 id
2871 5444 2965 5491 est
3001 5436 3398 5492 concordantes
3445 5447 3542 5493 aut

1955 5537 2370 5592 concurrentes,
2412 5535 2508 5582 aut
2547 5527 3021 5583 communicantes
3053 5525 3314 5596 operibus
3347 5542 3544 5582 corum-

1957 5620 2336 5686 infructuosis,
2368 5618 2512 5674 sicut
2543 5618 2745 5672 Paulus
2774 5617 2922 5672 dixit.
2941 5617 3008 5670 ⁷³.
3039 5615 3239 5671 Malum
3271 5626 3355 5672 est
3392 5617 3542 5673 enim

1959 5711 2277 5784 permittere
2307 5717 2401 5766 aut
2429 5709 2741 5766 consentire
2771 5710 2936 5764 ctiam
2967 5724 3080 5775 eos,
3109 5708 3198 5779 qui
3229 5709 3362 5765 foris
3393 5717 3539 5772 sunt,

2450 5852 2490 5884 τι
2520 5847 2722 5920 Ephcs.
2760 5867 2811 5916 ν,
2843 5850 2898 5905 5.
3000 5850 3044 5882 ⁷³
3079 5849 3222 5904 Psal.
3255 5863 3416 5913 (ΔΕΗ,
3456 5848 3567 5902 to.“
