3892 6436
498 397 633 465 1043

1703 401 2069 465 IIESYCIIII
2108 402 2586 463 PRESBYTERI

3593 414 3694 477 ιθιι

495 514 753 570 fornicari
789 531 818 568 a
851 513 983 579 Deo,
1017 524 1071 569 et
1105 515 1387 570 adhaerere
1426 512 1752 585 intelligibili
1796 514 2032 584 principi
2069 532 2083 568 :
2116 518 2162 574 Α
2192 530 2285 568 nos
2316 532 2437 568 vero
2464 515 2653 581 lutum,
2681 525 2727 568 et
2761 523 2814 567 tu
2841 515 2991 583 ﬁctor
3030 522 3219 579 noster,
3251 523 3297 569 et
3325 531 3471 586 opera
3496 534 3693 580 uiantium

495 607 670 661 multo
702 607 874 675 magis
905 616 1091 663 autem
1123 606 1191 662 de
1223 606 1404 661 medio
1433 606 1639 677 populi.
1670 604 1785 661 [loc
1819 614 1903 661 est
1941 606 2089 661 enim

497 706 674 753 totum
717 714 940 769 gregem
988 699 1132 769 lupis
1174 700 1420 764 credere,
1453 707 1508 753 et
1553 713 1745 753 omnes
1784 713 1917 754 oves
1960 697 2092 753 feris

500 793 718 847 tradere
750 811 761 845 :
796 793 1069 862 siquidem
1100 794 1168 848 de
1207 794 1384 847 medio
1411 793 1599 864 populi
1627 792 1866 848 inimicis
1898 808 2091 863 rapere

497 884 889 953 permittimus,
934 895 1029 940 aut
1077 885 1124 939 si
1175 900 1400 939 manum
1454 883 1786 955 porrigimus
1835 885 2087 957 rapienti.

498 973 605 1039 Qui
637 975 784 1029 enim
830 976 1108 1031 consentit
1142 994 1154 1028 :
1188 984 1243 1031 et
1276 985 1421 1032 tacet
1459 991 1721 1031 accusare
1761 991 1887 1032 eum
1927 992 2091 1045 quem

499 1082 730 1139 arguere
761 1082 991 1123 necesse
1025 1076 1129 1132 est,
1168 1069 1256 1124 vel
1284 1070 1603 1134 admonere,
1636 1070 1722 1123 vel
1755 1069 2041 1139 increpare
2075 1088 2087 1123 :

499 1156 590 1211 hic
624 1172 734 1211 non
771 1156 945 1228 fugiet
979 1159 1226 1214 divinum
1264 1158 1556 1229 judicium.
1591 1158 1753 1212 Ponit
1788 1166 1971 1213 autem
2011 1158 2092 1213 fa-

500 1249 639 1303 ciem
685 1263 843 1305 suam
898 1265 1064 1321 super
1111 1266 1238 1306 eum
1285 1250 1432 1307 Deus
1479 1250 1624 1305 illam
1666 1251 1734 1307 de
1777 1267 1884 1321 qua
1927 1252 2095 1307 David

500 1338 718 1394 dicebat
746 1358 758 1392 :
796 1340 975 1396 Vultus
1001 1351 1179 1396 autem
1207 1342 1421 1397 Domini
1450 1358 1608 1411 super
1645 1343 1896 1413 facientes
1927 1343 2093 1408 mala,

500 1441 558 1483 ut
589 1432 860 1499 disperdat
906 1434 970 1487 de
1009 1442 1152 1487 terra
1184 1434 1496 1488 memoriam
1531 1450 1710 1491 eorum
1742 1434 1808 1491 ⁷⁸.
1844 1435 1963 1490 Non
1994 1453 2095 1491 so-

502 1523 617 1575 lum
643 1538 774 1593 ergo
803 1525 897 1593 qui
948 1526 1076 1581 talia
1122 1524 1350 1591 faciunt,
1381 1526 1479 1581 sed
1524 1535 1580 1581 et
1613 1527 1706 1611 qui
1742 1530 2098 1583 consentiunt

502 1608 855 1675 facientibus,
887 1611 1032 1671 sicut
1062 1610 1343 1671 Romanos
1388 1612 1589 1668 Paulus
1627 1608 1875 1670 scribens
1908 1631 2096 1685 repre-

502 1701 783 1756 hendebat
833 1702 936 1757 sub
986 1718 1149 1772 paena
1183 1704 1247 1770 ⁷⁵,
1281 1719 1404 1773 qua:
1448 1717 1594 1757 nunc
1640 1703 1783 1759 dicta
1831 1714 1915 1765 est
1949 1721 1979 1760 a
2019 1705 2093 1764 le-

503 1792 785 1861 gislature,
820 1792 1154 1848 elliciuntur.

575 1882 740 1939 Vnus.
768 1848 887 1941 ii—8.
938 1904 955 1936 ι
992 1884 1191 1941 Anima
1236 1903 1358 1958 qua:
1399 1888 1760 1945 declinaverit
1802 1890 1868 1945 ad
1909 1848 2097 1965 magos
2127 1857 2176 1919 Β

501 1986 559 2035 et
608 1977 677 2037 ad
726 1977 949 2044 ariolos,
982 1988 1039 2034 et
1090 1979 1358 2034 fornicata
1398 1979 1583 2048 fuerit,
1620 1997 1743 2037 eum
1784 1983 1864 2039 eis
1894 1999 2094 2054 ponam

500 2069 699 2130 faciem
750 2087 929 2132 meam
977 2082 1168 2127 contra
1212 2089 1355 2137 eam,
1387 2084 1443 2129 et
1482 2074 1807 2133 interficiam
1847 2078 1993 2134 illam
2027 2079 2095 2136 de

499 2164 686 2221 medio
717 2164 924 2233 populi.
958 2165 1412 2231 Sanctiﬁcamini,
1440 2176 1496 2222 et
1532 2178 1709 2225 estote
1739 2171 1936 2242 Sancti,
1969 2172 2096 2242 quia

498 2271 602 2327 ego
629 2257 891 2312 Dominus
923 2258 1067 2312 Deus
1094 2270 1295 2314 vester.
1329 2259 1615 2316 Custodite
1639 2240 1921 2335 praecepta,
1950 2240 2091 2331 mea,

498 2361 557 2407 et
590 2350 753 2404 facite
782 2364 869 2408 ea.
899 2366 998 2421 ego
1029 2350 1291 2406 Dominus
1323 2352 1417 2421 qui
1450 2353 1734 2409 sanctiﬁeo
1768 2372 1887 2411 vos.
1927 2376 1946 2408 ι

572 2440 690 2496 Νοιι
744 2442 1128 2513 qualecunque
1183 2452 1468 2513 peccatum
1523 2460 1647 2501 esse
1700 2446 1974 2505 declinare
2026 2449 2096 2507 ad

498 2550 714 2606 magos,
764 2534 881 2590 sive
941 2543 998 2590 ut
1049 2534 1213 2601 LXX,
1266 2537 1642 2609 ventriloquos,
1687 2543 1773 2596 vel
1820 2543 2095 2599 veneﬁcos

500 2624 857 2698 praediximus
904 2643 917 2685 ς
962 2626 1018 2679 in
1073 2634 1306 2695 utroque
1356 2628 1500 2682 enim
1552 2645 1580 2682 a
1614 2629 1745 2685 Deo
1799 2633 2091 2701 receditur,

501 2713 618 2769 sive
649 2714 939 2770 sensibiles
965 2716 1300 2786 Pytlionieos
1333 2731 1389 2774 et
1421 2720 1714 2786 veneﬁcos,
1743 2725 1858 2779 sive
1890 2726 2094 2780 intelli-

501 2804 696 2874 gibiles
731 2804 901 2870 dicas,
930 2804 985 2860 id
1015 2816 1123 2870 est,
1156 2821 1252 2863 eos
1277 2808 1367 2879 qui
1419 2811 1644 2871 nomine
1674 2812 1767 2867 Dei
1800 2813 1933 2869 falsa
1968 2831 2097 2886 pro-

499 2896 750 2966 phetant,
797 2896 1142 2966 deceptores,
1194 2909 1250 2954 et
1306 2900 1640 2968 adulatores,
1693 2905 1784 2973 qui
1839 2906 2097 2964 veneficis

503 2990 854 3053 sermonibus
904 2992 1123 3048 auditus
1174 2994 1472 3049 multorum
1529 3009 1914 3069 corrumpunt,
1966 3010 2024 3055 ut
2065 3017 2095 3055 a

498 3082 731 3138 veritate
784 3084 1010 3153 quidem
1064 3084 1284 3139 auditus
1344 3094 1615 3154 avertant,
1662 3090 1729 3144 ad
1780 3090 1992 3147 fabulas
2042 3101 2097 3147 et

501 3190 745 3230 errorem
786 3185 1207 3239 convertuntur,
1250 3186 1306 3233 et
1341 3192 1631 3251 propterea
1669 3198 1874 3253 ponere
1900 3183 2094 3245 faciem

502 3282 658 3327 suam
687 3268 878 3337 judex,
915 3277 972 3325 et
1009 3268 1325 3338 disperdere
1354 3287 1451 3330 eos
1480 3274 1549 3330 de
1578 3275 1780 3346 populo
1816 3291 1916 3332 suo
1944 3291 2097 3334 com-

504 3359 745 3415 minatus
774 3369 878 3415 est.
909 3359 1135 3417 Addidit
1161 3371 1344 3418 autem
1377 3383 1389 3417 :

574 3450 1020 3521 Sunctiﬁcamini,
1060 3462 1111 3508 et
1162 3462 1324 3509 estote
1367 3459 1557 3512 sancti.
1605 3459 1917 3519 Ostendens
1966 3465 2097 3536 quia

501 3552 770 3616 quotquot
801 3544 922 3600 illos
948 3544 1125 3601 secuti
1163 3556 1315 3615 sunt,
1349 3549 1538 3618 polluti
1567 3563 1714 3620 sunt,
1737 3564 1792 3609 et
1813 3556 2098 3612 abomina-

500 3635 662 3701 biles,
699 3645 862 3705 atque
909 3635 1200 3702 immundi,
1255 3648 1450 3710 utpote
1493 3642 1587 3712 qui
1637 3645 2097 3704 abominabilibus

500 3728 708 3794 verbis,
749 3737 802 3784 et
827 3729 1012 3799 pravis
1034 3730 1382 3802 dogmatibus
1411 3748 1833 3794 consenserunt.
1868 3740 2098 3813 Insuper

500 3820 714 3884 addidit
747 3840 760 3875 :

574 3913 845 3969 Custodite
877 3925 1137 3984 praecepta
1180 3932 1299 3972 utea
1333 3929 1382 3973 et
1409 3922 1568 3989 facile
1604 3939 1687 3976 ea.
1737 3922 2094 3981 Manifestans

499 4018 557 4062 et
604 4022 701 4078 per
749 4007 872 4073 hoc,
910 4007 1056 4077 quod
1109 4011 1612 4079 praevaricationem
1665 4015 1741 4069 illi
1788 4026 2095 4087 praecepto-

499 4114 624 4157 rum
656 4099 754 4153 Dei
801 4098 1055 4161 doceant,
1102 4101 1219 4155 sive
1258 4102 1433 4174 legem
1480 4105 1735 4167 doceant,
1768 4108 1884 4164 sive
1911 4109 2094 4165 divina

501 4207 563 4249 se
603 4191 952 4262 interpretari
997 4192 1253 4248 mandata
1297 4194 1523 4266 ﬁngant,
1559 4207 1615 4251 et
1646 4212 1936 4267 preplerea
1976 4216 2091 4266 eos,

501 4294 558 4339 et
587 4298 848 4355 sequaces
876 4300 1067 4345 eorum
1104 4294 1408 4345 aversatur.
1460 4287 1568 4344 Sed
1604 4297 1659 4343 et
1702 4290 1926 4347 brevem
1961 4308 2094 4349 eon-

500 4379 807 4437 clusionem
840 4376 1023 4431 verbis
1056 4376 1286 4439 addidit,
1314 4377 1507 4435 dicens
1541 4397 1553 4431 :

574 4470 688 4541 Ego
721 4469 995 4532 Dominus,
1032 4469 1124 4538 qui
1155 4470 1427 4538 sanctiﬁco
1461 4486 1566 4525 vos.
1607 4470 1658 4525 Id
1691 4482 1792 4540 est,
1831 4490 1928 4529 cur
1966 4491 2093 4530 cum

2195 616 2409 657 tuarum
2443 620 2620 658 omnes
2654 621 2747 658 nos
2776 603 2843 659 ⁷⁷.
2890 601 3058 657 Recte
3108 617 3234 674 ergo
3278 605 3560 676 quicunque
3592 616 3696 679 patri

2195 697 2453 758 detrahit.
2488 697 2583 752 sed
2615 707 2670 752 et
2713 696 2897 762 matri,
2933 704 3111 750 morte
3158 696 3407 750 multatus
3435 705 3528 752 est.
3560 698 3697 772 lngra.

2196 793 2286 838 tus
2320 793 2404 838 est
2445 782 2592 839 enim
2624 789 2856 847 naturae,
2893 787 2950 835 et
2992 779 3364 835 benefactores
3404 781 3700 852 blasphemat,

2197 893 2294 947 per
2322 892 2461 945 quos
2491 891 2521 929 a
2553 874 2665 930 Deo
2696 889 2817 929 esse
2849 872 3238 944 pereipientes,
3270 880 3325 926 et
3354 888 3444 943 per
3469 889 3587 943 quos
3617 892 3703 932 me-

2196 971 2410 1029 diantes
2446 968 2691 1041 generati
2740 981 2951 1030 sumus,
2984 975 3040 1019 et
3069 964 3289 1034 injuriat
3311 963 3560 1020 Creatoris
3585 983 3705 1039 orga-

2196 1077 2287 1125 na,
2321 1069 2381 1114 ut
2406 1061 2619 1115 labores
2651 1074 2787 1130 quos
2819 1059 3101 1128 patiuntur
3127 1057 3181 1111 in
3217 1065 3397 1111 nostra
3424 1059 3707 1128 generatione

2198 1144 2497 1216 taceamus,
2522 1166 2647 1205 nam
2676 1151 2802 1220 quia
2826 1150 3116 1205 maximam
3148 1162 3359 1219 poenam
3387 1154 3557 1202 contra
3582 1148 3707 1215 hunc,
3737 1154 3743 1159 ’

2196 1244 2288 1313 qui
2330 1244 2779 1313 liuiusmodi‘est,
2819 1243 2872 1299 id
2904 1250 2990 1299 est
3018 1251 3252 1297 mortem
3287 1241 3547 1311 praecepit,
3570 1254 3711 1298 osten-

2196 1338 2356 1404 dens,
2388 1338 2517 1408 quia
2570 1337 2723 1393 valde
2771 1345 2940 1400 recte,
2983 1345 3039 1392 et
3085 1334 3469 1390 rationabiliter
3506 1333 3641 1389 talem
3672 1350 3715 1392 se

2198 1445 2375 1502 poenae
2411 1430 2700 1500 scripsisse
2729 1429 3086 1494 sententiam,
3112 1426 3315 1483 subdit.
3622 1408 3636 1426 ”

2270 1521 2425 1576 Patri
2472 1522 2734 1592 matrique
2766 1521 3060 1584 maledixit,
3092 1520 3306 1590 sanguis
3346 1519 3453 1588 ejus
3487 1520 3571 1572 erit
3601 1535 3715 1587 super

2199 1630 2335 1670 eum.
2381 1612 2477 1669 Vel
2511 1615 2654 1670 sicut
2685 1612 2852 1676 LXX,
2877 1631 2997 1669 reus
3027 1623 3103 1667 est
3136 1612 3208 1666 ad
3236 1611 3647 1682 satisfaciendum.
3670 1612 3717 1665 de

2202 1724 2380 1779 paenae
2414 1707 2791 1781 magnitudine
2820 1708 3161 1764 mentionem
3194 1714 3249 1760 et
3283 1703 3715 1775 recapitulationem

2203 1800 2415 1857 faciens
2448 1802 2681 1870 peccati.
2731 1800 2791 1855 Si
2833 1815 2966 1873 ergo
3009 1799 3129 1855 haec
3165 1798 3221 1852 in
3251 1813 3337 1860 eo,
3366 1796 3454 1867 qui
3495 1796 3719 1851 sensibiles

2203 1894 2488 1950 maledixit
2508 1903 2714 1964 patres,
2739 1892 2912 1947 multo
2938 1892 3111 1963 magis
3140 1891 3236 1961 qui
3263 1889 3584 1960 blasphemat
3604 1888 3719 1943 Clui-

2204 1995 2374 2052 stum,
2409 1987 2527 2056 ipse
2558 1986 2707 2041 enim
2746 2000 2849 2040 nos
2882 1982 3201 2055 spiritaliter
3233 1981 3571 2053 regeneravit.
3600 1979 3721 2051 lgilur

2203 2079 2295 2149 qui
2341 2077 2462 2147 ejus
2506 2066 2849 2148 mysterium,
2884 2083 2940 2129 et
2972 2072 3199 2147 gratiam
3242 2068 3721 2143 injuriatbaptisma-

2204 2172 2306 2237 tis,
2357 2185 2470 2225 non
2522 2169 2784 2224 obediens
2831 2167 2956 2222 voci
3009 2164 3312 2220 Dominicae
3364 2180 3376 2215 :
3415 2160 3469 2217 Si
3513 2161 3612 2231 quis
3651 2176 3721 2211 non

2203 2264 2363 2334 fuerit
2397 2272 2735 2333 regeneratus
2764 2276 2829 2314 ea:
2856 2275 2996 2330 aqua
3025 2267 3073 2312 et
3103 2258 3319 2326 spiritu,
3352 2271 3454 2308 non
3480 2253 3664 2307 intrabit
3686 2253 3722 2304 in

2202 2370 2423 2426 regnum
2472 2352 2717 2408 malorum
2748 2351 2818 2417 ⁷⁸,
2850 2351 2942 2406 hie
2993 2357 3170 2404 morte
3220 2346 3480 2404 morietur
3523 2342 3721 2415 pessima.

2203 2448 2474 2503 alienatus
2520 2462 2550 2502 a
2592 2461 2762 2518 regno
2809 2445 3095 2507 caelorum,
3125 2451 3181 2497 et
3214 2451 3433 2497 aeterna:
3458 2439 3573 2495 vita:
3599 2436 3722 2491 detri-

2203 2551 2448 2598 mentum
2496 2539 2796 2604 sustinens,
2829 2536 2924 2609 qui
2974 2545 3030 2592 et
3063 2543 3356 2606 propterea
3397 2545 3518 2585 reus
3546 2527 3723 2596 est,qu

2202 2634 2537 2704 praedicante
2590 2628 2867 2695 Domino,
2899 2638 2956 2684 et
3006 2627 3341 2699 praedicante
3384 2623 3513 2678 nihil
3556 2620 3721 2679 durum.

2203 2742 2307 2782 nec
2346 2743 2529 2798 grave,
2565 2740 2745 2794 neque
2782 2724 2929 2794 quod
2978 2720 3267 2791 temporis,
3300 2728 3356 2775 et
3401 2716 3636 2777 materiai,
3662 2722 3726 2766 aut

2204 2819 2372 2884 artis,
2435 2826 2530 2873 aut
2592 2815 2896 2886 disciplinae
2956 2820 3177 2886 egeret,
3253 2810 3348 2867 sed
3416 2802 3725 2865 tantummodo

2204 2908 2395 2963 mundi
2452 2906 2655 2973 cordis,
2707 2915 2763 2960 et
2818 2904 2965 2969 ﬁdei,
3014 2902 3118 2958 iSte
3173 2909 3376 2973 sponte
3426 2900 3526 2954 hoc
3573 2896 3726 2953 donum

2203 3011 2488 3059 aversatus
2515 3012 2620 3057 est.

2274 3091 2439 3148 Vens.
2475 3092 2560 3146 lo.
2603 3111 2621 3142 ι
2657 3090 2712 3145 Si
2761 3087 3065 3144 moechatus
3108 3084 3235 3155 quis
3270 3082 3436 3138 fuerit
3466 3093 3579 3136 cum
3604 3088 3728 3132 uxore

2204 3185 2448 3249 alterius,
2505 3196 2560 3239 et
2606 3181 2931 3238 adulterium
2991 3177 3393 3248 perpetraverit
3441 3187 3559 3231 cum
3603 3181 3729 3224 uxore

2205 3278 2435 3349 proximi
2489 3277 2595 3343 sui,
2631 3284 2807 3331 morte
2847 3272 3114 3329 moriatur
3157 3279 3215 3327 et
3271 3270 3513 3327 moechus
3542 3273 3591 3322 et
3617 3259 3729 3319 adul-

2202 3381 2335 3427 tera.
2379 3391 2397 3423 ι

2274 3463 2388 3519 Nec
2417 3472 2609 3519 contra
2636 3462 2779 3517 hunc
2807 3460 2964 3527 dura,
2989 3459 3083 3515 sed
3112 3457 3225 3513 imo
3255 3455 3427 3527 magis
3454 3450 3603 3508 nimis
3624 3447 3730 3517 iusta

2201 3556 2411 3613 exstitit
2454 3555 2565 3612 lex.
2606 3553 2744 3609 Cum
2794 3554 2987 3609 liceret
3036 3550 3184 3606 enim
3240 3548 3513 3621 propriam
3554 3551 3731 3598 uxorem
3822 3532 3823 3591 Τ

2202 3652 2425 3714 habere,
2461 3647 2763 3719 corrumpit
2804 3647 3029 3701 alterius
3064 3663 3078 3696 :
3116 3658 3246 3698 cum
3290 3643 3479 3696 liceret
3517 3637 3571 3691 in
3607 3628 3731 3688 easti—
3822 3642 3823 3677 1

2201 3753 2310 3798 tate
2362 3741 2592 3805 nubere,
2628 3748 2684 3794 et
2742 3740 2795 3793 in
2854 3736 3293 3794 sanctiﬁcatione
3350 3744 3573 3803 pr0prlas
3615 3719 3731 3780 uxori

2200 3831 2505 3886 secundum
2558 3830 2729 3899 legem
2764 3827 3022 3888 .misceri,
3054 3826 3109 3879 in
3144 3822 3540 3895 impudicitiam
3575 3824 3621 3872 et
3647 3827 3732 3867 cor-

2201 3924 2513 3993 ruptionem
2545 3921 2772 3976 alterius
2806 3919 3071 3975 miscetur
3095 3917 3276 3981 uxori,
3306 3924 3364 3971 et
3396 3913 3610 3981 dissipat
3632 3905 3732 3959 filio-

2198 3992 2319 4069 rum
2346 4012 2751 4079 successiones,
2787 4011 3125 4079 dubiumque
3168 4006 3416 4062 mulieris
3452 4012 3660 4074 partum,
3685 3992 3733 4049 ad

2198 4123 2361 4175 quem
2398 4106 2691 4176 pertineat,
2723 4104 2872 4159 facit.
2906 4101 3011 4157 Sed
3044 4110 3099 4157 et
3142 4109 3435 4171 postquam
3468 4097 3608 4159 dixit,
3642 4104 3733 4144 mw-

2198 4201 2383 4254 clmtus
2414 4200 2573 4270 fuerit
2607 4214 2726 4252 rum
2756 4213 2914 4271 uxore
2943 4195 3184 4257 alterius,
3219 4192 3429 4248 addidit
3457 4208 3471 4244 :

2268 4290 2336 4344 Et
2366 4289 2704 4344 adulteratus
2729 4288 2889 4359 fuerit
2918 4301 3037 4340 cum
3063 4299 3227 4339 uxore
3250 4281 3483 4355 proximi
3510 4277 3601 4332 sui.
3626 4271 3735 4326 Tan-

2197 4397 2359 4452 quam
2410 4381 2548 4436 alter
2593 4380 2665 4436 sit
2709 4380 2818 4445 ille,
2849 4379 2988 4433 alter
3016 4386 3200 4439 autem
3241 4370 3333 4430 hie
3364 4372 3508 4453 quod
3540 4361 3735 4453 invenire

2197 4450 2513 4525 nullatenus
2556 4475 2809 4539 possunt,
2845 4465 2938 4544 qui
2984 4463 3297 4520 secundum
3342 4450 3572 4515 litteram
3606 4450 3735 4507 solam

502 4565 590 4627 his
624 4563 716 4634 qui
748 4563 852 4616 alia
886 4569 1078 4617 contra
1112 4576 1288 4616 meam
1315 4561 1509 4632 legem,
1536 4573 1629 4618 aut
1666 4580 1843 4620 meam
1883 4568 2091 4623 doctri-
2124 4568 2167 4625 D
2197 4565 2370 4635 legem
2402 4562 2679 4632 accipiunt
2713 4578 2726 4614 :
2761 4560 2856 4615 sed
2886 4559 3171 4615 invenient
3200 4557 3274 4610 illi
3309 4555 3400 4625 qui
3430 4554 3496 4608 ad
3526 4544 3735 4605 moralem

503 4670 631 4707 nam
662 4653 874 4718 dicunt,
916 4652 1388 4727 corrumpemini?
1417 4651 1530 4723 Ego
1570 4656 1718 4710 enim
1748 4673 1871 4712 sum
1907 4656 2090 4713 Domi-

500 4763 628 4813 nus,
661 4746 754 4817 qui
788 4761 885 4800 vos
913 4745 1217 4809 sanctiﬁco,
1251 4752 1306 4805 et
1339 4744 1524 4800 nullus
1554 4747 1863 4813 hominum,
1903 4766 2008 4805 nec
2045 4752 2089 4805 si

500 4838 826 4908 prophetam
850 4853 909 4891 se
940 4850 1061 4891 esse
1083 4837 1253 4901 dicat,
1271 4851 1374 4891 nec
1399 4837 1444 4891 si
1474 4839 1775 4908 quamlibet
1803 4841 2091 4897 scientiam

500 4930 805 4999 promittat,
836 4928 943 4983 nisi
976 4927 1137 4989 forte,
1162 4943 1285 4996 quae
1313 4942 1432 4984 mea
1456 4940 1587 4984 sunt
1611 4930 1832 4997 dixerit,
1857 4942 1914 4987 et
1941 4949 1970 4987 a
2004 4948 2092 4989 me

499 5020 793 5092 acreperit,
824 5030 879 5083 et
904 5035 1063 5074 meus
1092 5018 1327 5089 Spiritus
1358 5020 1414 5074 in
1446 5036 1513 5078 eo
1540 5032 1796 5091 operatus
1827 5026 2014 5080 fuerit.

574 5115 734 5170 Vens.
768 5115 821 5167 9.
861 5132 879 5163 (
915 5112 1019 5181 Qui
1060 5112 1405 5168 maledixerit
1456 5116 1600 5184 patri
1654 5131 1756 5171 suo
1803 5126 1860 5171 et
1903 5119 2086 5182 matri,

499 5214 677 5260 morte
722 5202 1010 5257 moriatur.
1058 5199 1165 5269 Qui
1210 5202 1350 5270 patri
1405 5204 1675 5279 matrique
1722 5204 2086 5269 maledixerit.

500 5293 724 5366 sanguis
759 5295 880 5362 ejus
913 5294 983 5348 sit
1019 5308 1186 5363 super
1216 5308 1365 5348 eum.
1386 5300 1427 5345 “»

571 5387 702 5441 Sive
730 5395 791 5440 ut
834 5385 998 5453 LXX,
1031 5402 1150 5439 reus
1181 5395 1276 5451 est,
1325 5396 1386 5442 ut
1428 5387 1533 5441 ltoc
1576 5403 1776 5445 nomen
1810 5389 1875 5447 ad
1908 5390 2085 5459 ipsum

499 5480 675 5535 Deum
724 5479 1015 5536 referatur.
1077 5478 1369 5535 Malacltias
1417 5480 1562 5535 enim
1616 5482 1752 5536 dixit
1790 5500 1801 5534 2
1838 5482 2090 5553 Nunquid

499 5590 604 5628 non
654 5573 791 5628 Deus
848 5590 984 5628 unus
1040 5573 1159 5643 fecit
1215 5574 1338 5627 vos?
1376 5575 1612 5644 nunquid
1655 5584 1808 5645 pater
1854 5577 2089 5630 omnium

497 5677 666 5723 uester
702 5668 783 5721 '6?
815 5668 881 5723 Et
918 5681 1111 5722 rursus
1145 5684 1157 5720 :
1189 5666 1431 5733 Domine,
1487 5677 1641 5737 pater
1695 5676 1869 5722 noster
1909 5685 1960 5722 es
2009 5678 2084 5733 tu,

571 5802 614 5871 ῗξ
640 5802 780 5855 Psal.
816 5817 1011 5871 χχχιιι,
1042 5800 1129 5863 17.
1207 5802 1254 5836 ⁷⁸
1286 5802 1445 5859 Rom,
1480 5822 1517 5871 ι,
1549 5806 1637 5860 52,

502 5867 546 5899 ⁸ο
573 5869 615 5923 ll
643 5871 767 5927 Cur.
794 5887 871 5938 ιι,
901 5873 955 5928 2.

1715 5806 1762 5838 ⁷⁸
1799 5803 2028 5859 Malacli.
2060 5822 2120 5869 ιι,
2156 5805 2240 5859 10.

2198 4657 2537 4713 intellectum
2569 4664 2626 4710 et
2655 4644 3181 4723 contemplationem
3211 4648 3513 4720 spiritalem
3536 4645 3733 4699 currunt.

2195 4750 2472 4818 Quantum
2523 4762 2655 4818 ergo
2708 4746 2972 4808 sensibile
3030 4730 3367 4800 adulterium
3425 4739 3615 4813 malum
3659 4736 3734 4785 esi.

2196 4850 2408 4895 tantum
2440 4849 2526 4894 est
2558 4838 2903 4909 intelligibile
2933 4836 3198 4892 deterius.
3250 4834 3390 4889 Nam
3423 4833 3500 4887 illi
3527 4824 3674 4889 carni,
3697 4818 3734 4871 Ιιὶ

2193 4942 2376 4987 autem
2408 4930 2623 5001 spiritui
2667 4928 3055 4985 contumeliam
3086 4927 3298 4983 faciunt
3337 4943 3351 4981 :
3381 4936 3437 4980 et
3465 4923 3520 4978 hi
3550 4910 3733 4975 homini.

2193 5024 2268 5078 illi
2299 5033 2487 5079 autem
2523 5023 2625 5092 ipsi
2661 5021 2790 5087 Deo,
2822 5021 2891 5076 de
2930 5020 3133 5091 quibus
3176 5018 3350 5075 Oseas
3383 5016 3554 5072 dixit:
3587 5011 3736 5065 Οηιηεε

2193 5117 2560 5172 adulterantes
2602 5115 2756 5185 quasi
2803 5114 3040 5175 clibanus
3079 5128 3358 5167 succensus
3387 5127 3421 5163 a
3455 5111 3675 5177 coquente
3698 5097 3736 5185 ill

2192 5206 2348 5263 corde
2376 5223 2470 5260 suo
2502 5206 2568 5258 ⁷⁸.
2612 5184 2956 5263 Adulterium
2989 5202 3328 5274 intelligibilc
3358 5210 3612 5255 accusans
3640 5209 3651 5243 :
3686 5184 3737 5239 ab

2190 5299 2339 5353 omni
2386 5298 2531 5352 enim
2581 5297 2781 5367 populo
2824 5294 3141 5352 Judzeorum
3179 5297 3299 5353 hoc.
3317 5286 3734 5351 committebatur.

2198 5399 2587 5461 corrumpente
2638 5390 2812 5459 legem
2865 5389 3107 5459 legisque
3148 5388 3421 5458 dogmata.
3462 5381 3736 5471 Quicunque:

2193 5499 2324 5553 ergo
2352 5483 2498 5536 illius
2524 5483 2649 5546 viri,
2682 5482 2751 5537 de
2777 5497 2886 5552 quo
2911 5482 2986 5535 ait
3016 5481 3219 5537 Paulus
3243 5498 3255 5534 :
3285 5473 3547 5546 Despondi
3569 5486 3645 5525 vos
3667 5476 3736 5517 ιιτιι

2192 5575 2325 5637 viro,
2357 5574 2611 5643 virginem
2650 5581 2853 5626 castum
2884 5572 3124 5629 exhibere
3153 5569 3360 5625 Christo
3382 5568 3450 5633 ³ο,
3477 5561 3738 5619 moechatur

2194 5666 2500 5731 mulierem,
2551 5665 2804 5721 videlicet
2846 5666 3170 5731 Ecclesium,
3215 5665 3281 5720 de
3324 5679 3430 5734 qua
3471 5660 3601 5715 idem
3641 5650 3735 5705 ait:

2320 5804 2364 5835 ⁷⁷
2390 5803 2493 5859 lsa.
2526 5821 2667 5872 an',
2703 5804 2755 5861 8.
2814 5807 2881 5853 .73
2910 5803 3072 5861 Joan.
3107 5821 3188 5873 ιιι,
3217 5803 3267 5858 5.
3357 5800 3401 5833 τ⁹
3422 5797 3554 5855 Osee
3585 5803 3666 5852 νυ»
3691 5784 3733 5839 ‘-
