3892 6404
229 400 375 467 1045

1387 405 1469 465 IN
1511 405 1951 467 LEVITICUM.
1985 431 2052 438 —
2091 406 2238 464 LIB.
2274 362 2372 466 vi.

3378 412 3512 474 10lﬁ

226 518 371 585 Viri,
403 520 624 593 diligite,
660 522 904 576 mulieres
945 529 1165 589 vestras,
1205 523 1360 587 sicut,
1389 532 1435 576 et
1478 521 1715 578 Christus
1747 523 1828 576 di-
1859 529 1897 583 Α
1930 521 2287 593 delinquitur,
2328 522 2460 578 illud
2505 533 2688 580 autem
2726 525 2787 580 in
2824 525 2993 581 ﬁlium
3030 543 3058 581 a
3094 535 3270 598 patre.
3315 528 3517 583 Similis

226 612 363 668 texit
406 612 703 668 Ecclesium
730 615 799 671 ⁸³.
848 613 917 670 Ει
965 631 1198 671 rursus:
1232 616 1523 686 Propterea
1568 616 1824 686 relinquet

222 705 387 759 homo
419 716 624 775 patrem
654 716 702 760 et
732 717 978 774 matrem,
1014 718 1064 762 et
1102 709 1384 764 adluerebit
1426 711 1581 764 uxori
1618 726 1746 772 sua',
1777 719 1824 763 et

220 806 387 853 erunt
441 798 544 852 duo
586 799 643 853 in
688 816 849 854 carne
892 817 1020 855 una.
1071 799 1475 857 Sacramentum
1521 812 1701 856 autem
1735 804 1828 857 Ιιοσ

225 906 492 961 magnum
519 900 614 945 est.
655 890 766 964 Ego
798 900 975 947 autem
1005 894 1121 948 dico
1155 897 1211 948 in
1237 893 1446 949 Christo
1477 906 1523 950 et
1566 898 1620 951 in
1647 898 1827 951 Eccle-

223 980 319 1035 sia
353 981 421 1035 ".
462 979 765 1037 Muechatus
815 990 998 1037 autem
1038 984 1219 1038 verbis
1264 985 1535 1054 turpibus,
1577 985 1827 1042 dissemi-

224 1089 378 1127 nans
401 1073 453 1126 in
477 1088 542 1127 ea
566 1073 874 1128 doctrinam
906 1074 1208 1145 propriam,
1227 1086 1282 1130 et
1301 1092 1410 1132 non
1435 1076 1658 1141 Christi,
1688 1077 1829 1133 sicut

225 1165 316 1223 ait
361 1164 584 1234 Paulus,
613 1167 781 1236 turpis
818 1165 950 1219 lucri
974 1166 1151 1236 gratia
1182 1166 1250 1232 ⁸³,
1284 1196 1356 1207 --
1384 1178 1546 1221 morte
1570 1169 1829 1222 moriatur

225 1266 281 1311 et
335 1258 561 1311 iniec/ms
605 1271 655 1312 et
696 1258 964 1312 adultera.
999 1257 1057 1314 ld
1102 1267 1209 1322 est,
1233 1259 1324 1329 qui
1368 1259 1605 1314 alienum
1637 1276 1831 1329 super-

226 1349 479 1405 seminat
510 1350 761 1414 verbum,
806 1342 864 1405 et
904 1352 1173 1418 Ecclesia,
1205 1368 1327 1421 quae
1367 1352 1420 1406 in
1457 1353 1582 1406 talia
1626 1354 1829 1422 patitur

227 1441 524 1497 seminari.
562 1442 717 1497 Hanc
745 1443 923 1509 enim,
948 1443 1092 1498 sicut
1122 1443 1382 1509 diximus,
1416 1460 1640 1499 uxorem
1673 1444 1830 1499 intel-

227 1532 495 1603 ligamus.
540 1530 787 1589 Primum
834 1534 1057 1604 quidem
1111 1534 1227 1588 veri
1281 1536 1529 1606 conjugis
1581 1535 1833 1590 videlicet

227 1623 469 1691 Christi,
516 1625 717 1681 deinde
768 1636 823 1680 et
873 1625 1164 1697 coniugem
1216 1626 1357 1696 ejus,
1401 1627 1490 1682 cui
1540 1642 1571 1683 a
1615 1626 1833 1684 Christo

228 1718 452 1774 credita
482 1727 566 1772 est
599 1716 843 1774 Ecclesia
896 1718 1221 1783 sacerdotis,
1254 1715 1351 1773 aut
1390 1718 1529 1775 forte
1571 1720 1826 1774 doctoris.

227 1808 523 1879 Quotquot
569 1811 717 1864 enim
762 1810 1071 1866 annulando
1117 1800 1421 1875 Christum,
1462 1808 1525 1867 cf
1561 1812 1630 1866 ad
1671 1828 1829 1867 suum

228 1900 434 1956 odium
479 1900 710 1956 verbum
766 1910 1168 1972 corrumpunt,
1222 1903 1366 1959 circa
1424 1902 1830 1973 naufraganles,

230 1990 389 2046 sicut
418 1988 739 2061 Hymenaeus
773 2000 828 2046 et
857 1991 1182 2059 Alexander,
1216 2010 1354 2063 quos
1391 1994 1613 2049 tradidit
1640 1994 1838 2049 Paulus

233 2079 584 2145 Satanre'”,
612 2089 671 2134 ut
720 2080 1000 2137 discerent
1039 2097 1151 2136 non
1182 2083 1591 2153 blaSphemare,
1642 2084 1836 2138 borum

234 2172 575 2229 adulterium
614 2173 668 2226 in
704 2188 994 2243 personam
1025 2172 1231 2228 Christi
1263 2185 1565 2245 reputatur.
1590 2173 1836 2240 Quicun-

236 2280 356 2337 que
388 2274 572 2320 autem
610 2265 958 2319 aemulatione
991 2265 1306 2336 hominum,
1328 2268 1419 2337 qui
1450 2268 1710 2339 tegendas
1735 2268 1837 2321 Ec—

235 2358 444 2413 clesias
472 2366 602 2412 sunt
631 2357 831 2421 sortiti,
859 2359 963 2412 tale
988 2358 1270 2428 quidpiam
1301 2358 1526 2422 faciunt,
1557 2368 1618 2414 ut
1645 2375 1836 2414 eorum

235 2452 557 2507 doctrinam
601 2452 894 2516 subruunt,
934 2453 1079 2522 quod
1115 2451 1316 2507 Paulus
1344 2455 1713 2515 Alexandrum
1756 2456 1836 2509 l'c-

235 2544 391 2599 εἰει-ιε
443 2543 580 2597 dixit
617 2543 891 2605 mraritun,
932 2546 1019 2599 ait.
1056 2546 1200 2600 enim
1232 2565 1246 2601 :
1274 2546 1571 2600 Alexander
1615 2549 1838 2601 terat-ius

238 2635 420 2688 multa
458 2634 601 2687 mala
638 2635 766 2687 mihi
795 2635 1044 2699 ostendit,
1090 2636 1265 2689 reddet
1297 2637 1342 2688 ei
1379 2636 1629 2691 Dominus
1655 2654 1838 2699 secun-

239 2733 378 2781 dum
425 2743 585 2797 opera
633 2742 755 2793 sua,
801 2743 955 2796 quem
1003 2733 1052 2781 et
1101 2736 1157 2781 tu
1195 2726 1390 2787 devita,
1438 2728 1659 2782 multant
1702 2730 1839 2783 enim

242 2821 444 2877 restitit
467 2820 636 2874 verbis
658 2821 851 2874 nostris
881 2819 947 2875 ⁸⁸.
977 2821 1189 2875 Horum
1211 2821 1541 2876 adulterimn
1571 2822 1625 2875 in
1654 2822 1838 2892 proxio

241 2926 405 2965 mum
437 2919 744 2980 reputatur,
769 2926 893 2965 cum
936 2911 1223 2967 sacerdote
1262 2911 1532 2977 videlicet,
1567 2911 1682 2966 sive
1712 2928 1841 2966 con—

242 3004 502 3071 ductore,
536 3012 762 3075 propter
798 3004 957 3074 cujus
992 3004 1414 3069 :emulationem,
1450 3004 1518 3058 ad
1551 3004 1714 3059 talem
1759 3005 1841 3059 in-

236 3094 519 3169 iustitiam
583 3095 952 3168 progreditur.
1004 3096 1109 3150 Sed
1158 3104 1214 3150 et
1263 3097 1427 3167 hujus
1476 3111 1637 3166 plena
1694 3112 1841 3152 mors

1928 624 2110 670 autem
2145 614 2399 685 impietas
2432 626 2513 672 est
2547 617 2719 673 ﬁlium
2746 620 2917 689 patris
2949 622 3031 675 sui
3064 621 3365 687 denudare,
3401 622 3518 678 sive

1929 703 2214 759 diﬁ‘amare
2253 715 2560 775 peccatum,
2593 724 2717 762 cum
2758 717 2813 764 et
2848 710 2947 780 ipsi
2986 710 3039 763 ia
3081 709 3351 766 similibus
3380 711 3519 766 deli-

1930 800 2170 869 querint.
2229 797 2312 853 Ad
2365 815 2505 870 quos
2554 801 2754 857 Paulus
2790 801 3005 857 dicebat
3054 821 3065 855 :
3118 802 3344 872 Propter
3386 821 3521 873 quoa

1930 892 2301 946 inexcusabilis
2346 910 2418 957 es,
2453 910 2482 946 ο
2519 892 2672 948 homo
2701 895 2869 949 omnis
2907 896 2997 965 qui
3033 895 3251 964 judicas
3275 912 3293 960 ;
3320 896 3373 947 in
3420 914 3520 967 qun

1932 984 2070 1038 enim
2095 983 2262 1038 alium
2279 984 2519 1053 iudicas,
2544 988 2765 1055 teipsum
2793 988 3133 1052 condemnas,
3164 992 3350 1042 eadem
3382 990 3521 1041 enim

1932 1073 2069 1145 agis,
2102 1082 2150 1127 et
2177 1074 2395 1143 Judicas
2427 1074 2494 1129 ⁸⁸.

2006 1164 2171 1219 Vens.
2223 1164 2309 1220 15.
2347 1184 2364 1217 ι
2402 1164 2506 1233 Qui
2563 1168 2849 1224 dormieril
2902 1186 3027 1227 cum
3082 1171 3325 1228 masculo
3373 1172 3520 1227 cuitu
3568 1180 3573 1183 '

1934 1255 2193 1323 femineo,
2231 1265 2463 1327 uterque
2514 1270 2772 1329 operatus
2817 1271 2900 1317 est
2944 1264 3117 1328 nefas,
3170 1272 3347 1319 morte
3392 1280 3523 1318 tuo-

1935 1349 2145 1403 riantur
2176 1366 2190 1405 :
2226 1349 2297 1404 sit
2327 1354 2552 1422 sanguis
2582 1367 2773 1409 eorum
2806 1369 2972 1425 super
3000 1372 3114 1411 eos.
3153 1376 3170 1405 ι

2005 1438 2141 1504 Quia
2188 1439 2389 1510 injuria
2431 1450 2642 1498 natura:
2681 1453 2766 1498 est
2801 1444 2904 1499 hoc
2934 1455 3243 1514 peceatum,
3283 1447 3525 1507 ostendit

1936 1542 2043 1584 tam
2085 1530 2302 1587 novitas
2327 1533 2468 1600 ejus,
2502 1549 2669 1603 quam
2710 1534 2943 1591 facinus.
2987 1537 3131 1608 Ergo
3174 1554 3283 1593 non
3324 1538 3523 1594 frustra

1932 1638 2149 1693 poenam
2183 1624 2240 1678 in
2272 1623 2367 1679 illo
2402 1625 2597 1679 mortis
2628 1626 2713 1680 lex
2746 1625 3016 1683 decernit.
3059 1627 3170 1683 Nos
3206 1637 3389 1683 autem
3423 1630 3527 1683 hu-

1929 1715 2167 1784 insmodi
2203 1726 2259 1770 et
2297 1716 2486 1770 auditu
2526 1733 2866 1775 aversantur.
2914 1719 3219 1777 Caveamus
3247 1730 3431 1777 autem
3473 1731 3528 1777 et

1935 1823 2060 1861 eum
2105 1807 2197 1877 qui
2250 1806 2409 1863 fortis
2459 1819 2544 1865 est
2595 1810 2803 1876 anima,
2841 1817 3005 1881 atque
3048 1812 3172 1868 ideo
3221 1812 3527 1882 appellatur

1937 1898 2243 1963 masculus,
2293 1899 2376 1954 vir
2431 1899 2577 1954 enim
2632 1900 2833 1971 ubique
2889 1902 2944 1956 in
2997 1903 3184 1957 divina
3242 1901 3527 1971 Scriptura

1939 1994 2212 2065 perfectus
2238 1996 2532 2052 virtutibus
2561 1996 2900 2063 nominatur,
2930 1998 3080 2054 unde
3102 2007 3163 2053 et
3182 1997 3384 2053 Paulus
3412 1998 3487 2053 ait
3512 2018 3525 2056 :

1936 2088 2113 2143 Donec
2167 2105 2508 2144 occurramus
2557 2106 2735 2144 omnes
2785 2091 2844 2145 in
2896 2092 3070 2146 virum
3121 2093 3433 2161 perfectum,
3472 2093 3528 2145 in

1937 2195 2215 2247 personam
2252 2181 2440 2262 .wtatis
2488 2181 2836 2249 plenitudinis
2883 2181 3083 2237 Christi
3118 2183 3187 2239 ⁸⁷.
3225 2181 3529 2238 Caveamus

1938 2286 2067 2341 ergo
2102 2270 2285 2325 verbis
2334 2270 2654 2342 incongruis
2686 2273 3029 2338 ell‘eminare,
3064 2274 3151 2329 vel
3193 2273 3525 2337 actionibus.

1937 2375 1993 2420 et
2028 2365 2330 2421 dissolvere
2370 2367 2534 2436 hujus
2567 2366 2765 2423 animm
2805 2367 3087 2434 virtutem,
3129 2368 3257 2423 dum
3305 2382 3429 2422 cum
3460 2383 3529 2421 eo
3564 2410 3570 2417 .

1940 2454 2191 2508 videlicet
2221 2464 2277 2510 et
2304 2470 2406 2511 nos
2437 2456 2827 2512 dissolvantur.
2861 2457 3157 2521 Utriusque
3185 2456 3356 2523 enim,
3385 2456 3555 2515 sicut.

1939 2540 2142 2607 cernis,
2186 2557 2349 2611 poena
2384 2557 2535 2598 mors
2567 2549 2672 2598 est.

2011 2631 2174 2688 Vens.
2206 2633 2319 2702 ,H.
2362 2651 2380 2685 ι
2425 2632 2529 2699 Qui
2581 2650 2747 2704 supra
2797 2650 3023 2692 uxorem
3077 2635 3265 2700 ﬁliam,
3312 2636 3529 2690 duxerit

1940 2734 2174 2781 matrem
2224 2725 2368 2795 ejus,
2423 2726 2604 2782 scelus
2658 2737 2920 2797 operatus
2964 2738 3065 2794 est,
3115 2729 3274 2783 vivus
3318 2729 3532 2783 ardebit

1941 2830 2065 2869 cum
2097 2814 2201 2880 eis,
2238 2829 2342 2870 nec
2395 2816 2741 2886 permanebit
2791 2824 3004 2873 tantum
3053 2817 3210 2873 nefas
3252 2818 3308 2872 in
3350 2818 3531 2873 medio

1943 2907 2129 2962 vestri.
2173 2926 2192 2960 ι

2013 2996 2186 3054 Nimis
2219 3005 2370 3054 recte
2408 2998 2488 3054 sic
2522 3012 2724 3055 saevam
2754 3012 2973 3070 poenam
3010 2998 3137 3054 huic
3177 2998 3415 3053 minatus
3445 3004 3532 3052 est

1943 3088 2164 3155 delicto,
2195 3104 2291 3146 eos
2323 3089 2476 3145 enim
2516 3090 2608 3161 qui
2648 3105 2718 3145 ex
2760 3100 2937 3146 matre
2965 3090 3133 3163 geniti
3165 3099 3312 3165 sunt,
3346 3090 3415 3145 ab
3444 3089 3532 3144 his

244 3196 340 3246 est
376 3207 389 3243 :
416 3189 569 3259 quia,
603 3188 708 3244 etsi
765 3205 874 3244 non
932 3189 1244 3259 specialiter
1295 3198 1485 3245 contra
1534 3188 1837 3253 Christum,
1869 3222 1911 3278 Ο
1944 3182 2035 3251 qui
2067 3198 2099 3237 a
2129 3181 2238 3238 ﬁlia
2261 3182 2437 3255 geniti
2464 3191 2614 3249 sunt,
2636 3198 2761 3239 cum
2787 3198 2933 3238 unus
2960 3183 3030 3238 sit
3052 3192 3228 3254 pater,
3257 3183 3532 3238 incertum

244 3291 438 3339 tamen
462 3292 656 3337 contra
678 3281 960 3337 hominem
987 3282 1348 3348 contendens,
1368 3298 1485 3337 corr
1497 3282 1613 3351 upit
1636 3281 1841 3337 Christi

242 3388 394 3445 opus
443 3388 772 3445 gregemque
828 3372 1124 3443 dispersit,
1177 3383 1402 3443 propter
1461 3373 1606 3444 quod
1661 3374 1842 3429 socius

244 3466 376 3537 ejus
421 3465 654 3521 eﬁicitur
689 3480 888 3537 poenae,
915 3464 1231 3536 quicunque
1270 3465 1339 3521 ab
1372 3481 1438 3521 eo
1478 3466 1754 3537 corrumpi
1784 3482 1843 3522 se

245 3558 483 3630 patitur.

328 3649 491 3706 Vens.
532 3651 722 3706 11-12.
773 3669 791 3702 ι
830 3650 934 3717 Qui
969 3650 1256 3706 dormierit
1288 3665 1412 3705 cum
1446 3666 1685 3707 noverca
1720 3667 1841 3719 sua,

242 3751 307 3800 et
356 3742 681 3798 revelaverit
726 3742 1086 3813 ignominiam
1132 3742 1304 3812 patris
1348 3743 1456 3807 sui,
1495 3752 1677 3798 morte
1726 3760 1845 3799 mo-

246 3837 470 3890 riantur
520 3834 715 3897 ambo,
767 3834 991 3905 sanguis
1036 3848 1230 3888 eorum
1284 3833 1355 3888 sit
1405 3848 1571 3903 super
1621 3849 1736 3889 eos.
1788 3834 1845 3889 Si

242 3925 379 3996 quis
428 3923 718 3980 dormieril
765 3939 891 3978 cum
949 3939 1093 3977 nuru
1131 3938 1265 3985 sua,
1317 3930 1547 3993 uterque
1602 3923 1845 3979 morian-

246 4026 367 4082 tur,
392 4018 519 4087 quia
555 4017 736 4073 scelus
764 4017 976 4087 operati
1008 4024 1155 4083 sunt,
1180 4017 1401 4088 sanguis
1429 4032 1619 4074 eorum
1652 4018 1723 4073 sit
1751 4034 1848 4073 su-

246 4125 355 4181 per
387 4125 495 4166 eos.
515 4129 537 4161 ι

327 4198 482 4253 Dicta
519 4206 650 4253 sunt
688 4199 807 4254 haec
838 4198 896 4253 in
931 4200 1036 4254 hoc
1059 4198 1285 4255 Levitici
1316 4200 1456 4255 libro
1482 4215 1512 4255 a
1544 4201 1848 4272 legislatore

248 4289 536 4359 superius,
572 4290 669 4346 sed
700 4289 811 4345 illic
864 4289 1085 4359 quidem
1113 4308 1129 4345 :
1164 4289 1286 4344 Non
1319 4289 1573 4345 reuelabis
1612 4292 1848 4361 turpitu-

247 4382 437 4440 dinem
465 4381 635 4451 patris
670 4381 747 4434 tui
779 4389 827 4434 et
862 4381 1072 4447 matris,
1110 4398 1204 4436 nec
1238 4382 1457 4449 sororis,
1489 4390 1538 4436 et
1575 4399 1761 4449 nurus,
1794 4394 1849 4438 et

251 4472 597 4542 reliquorum
647 4488 744 4542 per
801 4471 1051 4527 ordinem
1105 4472 1246 4529 dixit
1273 4473 1341 4541 ⁸⁵,
1380 4475 1601 4546 quando
1646 4484 1703 4531 et
1747 4491 1851 4532 nos

1945 3285 2033 3332 est
2063 3284 2247 3331 utrum
2277 3275 2499 3343 fratres,
2529 3292 2600 3332 an
2630 3276 2932 3333 avunculos
2965 3285 3219 3347 oporteat
3245 3276 3530 3346 appellari.

1945 3368 2080 3423 Nam
2106 3382 2230 3424 cum
2261 3375 2419 3439 pater
2447 3384 2593 3425 unus
2621 3369 2713 3435 sit,
2737 3368 2938 3425 fratres
2961 3383 3056 3423 eos
3085 3368 3230 3439 cogit
3250 3366 3530 3424 aestimari.

1945 3459 2024 3513 Ex
2058 3458 2273 3515 duabus
2313 3466 2499 3535 autem
2536 3459 2879 3530 parientibus
2916 3474 3040 3514 cum
3082 3474 3188 3514 una
3227 3460 3299 3515 sit
3336 3468 3532 3523 mater,

1945 3551 2051 3605 alia
2088 3550 2220 3619 ﬁlia,
2256 3551 2562 3613 avunculos
2592 3552 2716 3613 hos,
2742 3550 2835 3621 qui
2870 3559 3045 3606 matre
3074 3559 3204 3606 sunt
3241 3551 3433 3622 geniti,
3465 3552 3535 3606 ab

1948 3643 2033 3698 his
2067 3643 2164 3713 qui
2193 3642 2306 3698 nati
2342 3652 2475 3699 sunt
2508 3642 2578 3698 de
2616 3642 2749 3709 ﬁlia,
2771 3643 3053 3714 compellit
3094 3643 3395 3703 necessitas
3439 3660 3538 3713 ap-

1948 3732 2138 3804 pellari
2177 3754 2191 3787 :
2226 3741 2283 3789 et
2322 3734 2429 3790 hoc
2474 3732 2696 3804 quidem
2740 3733 2898 3788 valde
2942 3732 3250 3789 secundum
3302 3735 3536 3788 litteram

1948 3824 2276 3891 custoditur,
2304 3834 2361 3879 et
2380 3832 2607 3882 cavetur
2628 3823 2942 3896 huiusmodi
2967 3825 3179 3881 incerta
3203 3824 3535 3889 commistio,

1948 3916 2271 3988 generisque
2328 3916 2598 3974 confusio.
2663 3918 2802 3985 Quia
2854 3917 3037 3974 omnis
3090 3919 3302 3988 peccati
3361 3927 3539 3973 mater

1950 4010 2397 4079 concupiscentia
2424 4018 2527 4076 est,
2573 4017 2792 4080 oportet
2819 4017 2875 4066 et
2904 4009 3011 4066 hoc
3049 4010 3365 4080 praecaveri,
3396 4018 3455 4063 ut
3492 4012 3539 4064 si

1953 4119 2058 4174 qua
2110 4103 2271 4161 nobis
2328 4103 2541 4174 peccati
2597 4104 3057 4175 concupiscentia
3100 4103 3199 4168 sit,
3253 4119 3426 4174 usque
3469 4104 3540 4159 ad

1953 4197 2095 4251 hanc
2153 4203 2387 4265 stemus,
2418 4204 2476 4251 et
2521 4210 2633 4251 non
2685 4194 2737 4251 ei
2794 4193 3194 4266 coniungimus
3242 4194 3536 4251 actionem.

1952 4288 2057 4356 Qui
2086 4298 2267 4345 autem
2293 4288 2600 4361 coniungit,
2641 4288 2699 4344 in
2737 4288 2863 4361 igne
2889 4287 3267 4352 succenditur,
3297 4302 3407 4342 non
3453 4303 3543 4342 so-

1952 4382 2065 4436 lum
2097 4389 2279 4437 autem
2309 4381 2448 4452 ipse,
2473 4382 2571 4437 sed
2600 4389 2656 4437 et
2682 4379 3020 4442 desiderium
3050 4380 3284 4450 peccati,
3317 4380 3545 4450 insuper

1953 4482 2010 4529 et
2053 4475 2195 4531 actio
2244 4474 2381 4544 ipsa.
2413 4473 2535 4540 Quo
2582 4474 2748 4545 igne?
2780 4473 3010 4544 dequo
3062 4474 3201 4529 dixit
3240 4472 3492 4528 Christus
3528 4491 3540 4525 :

248 4564 379 4619 haec
409 4571 768 4633 exponentes,
803 4578 914 4618 non
954 4563 1133 4619 solum
1167 4565 1340 4635 turpis
1378 4577 1758 4638 cognatorum,
1787 4578 1843 4624 et
1876 4564 1921 4620 D
1956 4564 2140 4636 Ignem
2172 4566 2289 4620 veni
2325 4566 2613 4627 mittereiu
2633 4574 2799 4631 terra,
2832 4575 2884 4620 et
2906 4564 3019 4620 volo
3042 4575 3100 4619 ut
3129 4565 3451 4618 accendatur
3472 4564 3541 4628 ³⁸,

247 4656 483 4714 nefariae
529 4656 930 4712 commistionis
986 4657 1386 4713 aversationem
1428 4659 1601 4730 legem
1651 4660 1846 4731 prazci-

252 4765 415 4822 pere,
452 4749 548 4806 sed
588 4758 643 4804 et
680 4750 748 4805 de
795 4766 905 4805 non
946 4750 1274 4819 revelandis,
1309 4766 1431 4823 quas
1469 4753 1844 4823 cognovimus,

250 4858 442 4913 neque
501 4842 852 4899 didamandis
919 4843 1263 4910 carnalium,
1328 4844 1695 4915 spiritalium,
1764 4848 1852 4903 vel

253 4940 623 5006 cognatorum
676 4935 919 5004 peccatis
958 4935 1101 4990 dicta
1150 4949 1273 4991 esse
1324 4936 1699 5006 exposuimus.
1751 4937 1851 4993 Hic

254 5033 447 5081 autem
493 5027 660 5094 Deus,
714 5028 761 5081 si
811 5027 1108 5093 dormierit,
1158 5028 1369 5085 addidit
1408 5047 1420 5084 :
1456 5029 1612 5091 illum
1659 5032 1853 5101 procul

253 5118 430 5176 dubio
459 5119 736 5175 deducens
766 5121 834 5176 ad
864 5122 1130 5187 medium,
1168 5123 1262 5191 qui
1296 5122 1546 5180 eamdem
1578 5123 1850 5179 actionem

254 5228 511 5283 pravam,
547 5228 710 5282 quam
758 5214 1068 5284 proximum
1107 5215 1290 5286 egisse
1337 5216 1613 5287 cognovit,
1657 5215 1853 5271 nihilo.

256 5307 447 5361 minus
502 5308 649 5378 agit,
705 5324 807 5363 nec
859 5309 1071 5380 peccati
1127 5310 1443 5365 societatem
1503 5311 1852 5375 erubescens,

257 5400 431 5455 etiam
470 5400 552 5454 sic
581 5401 801 5455 exsistit
829 5402 1076 5471 proditor
1104 5401 1158 5454 in
1187 5417 1296 5471 quo
1330 5409 1387 5456 et
1412 5404 1604 5458 m‘ortis
1637 5418 1854 5473 prunam

258 5491 544 5562 legislator
575 5502 723 5545 recte
751 5492 1023 5548 deﬁnivit.
1060 5492 1209 5549 Bene
1244 5501 1428 5549 autem
1460 5508 1711 5550 novercae
1751 5510 1858 5548 nu-

260 5599 388 5640 rum
427 5583 733 5653 conjunxit,
763 5586 892 5654 quia
942 5586 1044 5640 hoc
1090 5585 1311 5655 quidem
1361 5584 1417 5640 in
1470 5594 1622 5656 patre
1673 5602 1703 5640 a
1743 5586 1854 5643 ﬁlio

335 5788 381 5821 ⁸¹
412 5787 625 5842 Coloss.
658 5804 737 5855 ιιι,
777 5788 859 5843 l9.

985 5790 1027 5819 "
1065 5787 1263 5856 lipltcs.
1292 5804 1343 5852 ν,
1378 5787 1439 5842 51
1501 5787 1589 5841 3'2.

273 5851 519 5916 "Levii.
555 5851 765 5924 svnt,“
808 5874 956 5928 seqq.

1042 5858 1086 5889 °“
1117 5859 1275 5913 lieni.
1311 5873 1369 5925 ll,
1410 5859 1460 5910 1.

1717 5786 1763 5817 ³³
1795 5785 1902 5839 Tit.
1938 5803 1973 5849 ι,
2010 5786 2090 5839 Η.

1534 5859 1575 5890 ³⁷
1614 5857 1815 5927 I'Iphes.
1847 5873 1919 5923 l\’,
1955 5858 2033 5911 l5.
2107 5856 2148 5887 δε
2180 5854 2311 5910 Luc.
2344 5868 2439 5918 xu,
2504 5854 2579 5905 tit.

1953 4659 2005 4715 id
2050 4668 2134 4714 est
2167 4658 2703 4715 administrationem
2738 4658 2988 4730 spiritus,
3022 4658 3115 4728 qui
3155 4658 3305 4722 ipsos
3345 4673 3543 4728 pecca-

1955 4760 2101 4807 tores
2130 4751 2200 4806 de
2228 4751 2421 4809 medio,
2442 4750 2674 4816 auferet,
2702 4765 3004 4820 eorumque
3037 4759 3279 4819 peccata.
3315 4748 3373 4803 Si
3404 4750 3544 4803 enim

1954 4846 2167 4915 spiritu,
2206 4844 2284 4899 ait
2330 4841 2556 4910 Paulus,
2605 4844 2749 4913 facta
2796 4844 2975 4899 carnis
3026 4842 3373 4911 morti/iretis,
3406 4844 3544 4896 vive-

1957 4937 2025 4990 tis
2051 4935 2118 4988 ⁸⁸.

2028 5025 2193 5082 Vens.
2228 5027 2317 5094 15,
2352 5026 2437 5083 16.
2474 5046 2492 5080 ι
2526 5026 2631 5094 Qui
2661 5042 2784 5082 cum
2817 5028 3091 5097 iumento,
3123 5036 3180 5083 et
3213 5042 3414 5098 pecore
3453 5040 3547 5082 co:

1955 5120 2102 5187 ierit,
2136 5128 2312 5177 morte
2350 5120 2619 5175 moriatur
2656 5137 2668 5173 :
2707 5135 2874 5190 pecus
2900 5134 3119 5189 quoque
3148 5118 3446 5175 occidetur.
3480 5116 3549 5170 Et

1958 5212 2175 5278 mulier,
2203 5226 2324 5283 qua:
2355 5212 2712 5268 succubuerit
2739 5213 3010 5282 iumento,
3050 5209 3548 5268 simuLinterﬁeie-

1922 5306 1929 5309 ‘
1960 5314 2050 5359 tur
2078 5320 2203 5360 cum
2237 5320 2324 5361 eo.
2361 5304 2597 5377 Sanguis
2626 5319 2816 5359 eorum
2850 5320 3015 5374 super
3038 5319 3154 5377 eos.
3193 5324 3210 5355 ι

2032 5395 2213 5452 Nimia
2252 5403 2443 5452 contra
2483 5394 2742 5465 populum
2791 5376 3105 5449 Judteorum
3135 5392 3409 5466 legislalor
3441 5391 3549 5445 uti-

1967 5499 2056 5545 tur
2097 5487 2461 5554 districtione,
2492 5487 2622 5557 quia
2659 5485 2716 5539 in
2748 5484 3197 5555 tantum..iniqni,
3228 5492 3394 5553 atque
3425 5482 3551 5537 ΙιΙιίο

1964 5579 2079 5636 dini
2115 5579 2287 5636 dediti
2314 5586 2491 5645 erant,
2522 5586 2580 5632 ut
2609 5577 2677 5632 ad
2711 5587 2927 5632 exteras
2958 5576 3119 5633 etiam
3152 5572 3550 5644 concupiscen-

2849 5778 2893 5807 3"
2926 5777 2967 5831 Il
3018 5774 3138 5830 Tim
3181 5792 3233 5832 tv
3270 5815 3284 5841 ,
3325 5774 3418 5833 li,
3475 5773 3534 5825 1ῖὶ

2659 5852 2701 5881 ⁸³
2744 5848 2901 5905 liutn.
2935 5866 3048 5913 vni,
3084 5848 3162 5900 133.

2192 5783 2260 5811 “‘
2296 5783 2313 5835 1
2348 5781 2490 5836 Tim.
2536 5799 2591 5846 ι,
2628 5780 2721 5841 9.0;
