3892 6400
452 341 585 407 1047

1634 347 1996 407 HESYCHII
2043 347 2519 408 PRESBYTEIH

3550 337 3663 402 1048

450 454 551 507 tias
594 451 934 515 aberrarent,
970 458 1029 508 et
1073 462 1362 524 propterea
1415 468 1539 508 cum
1588 450 2032 524 quadrupedibus
2063 462 2107 517 Α
2134 466 2324 527 spectu
2372 458 2605 513 horum?
2655 456 2725 513 Ut
2773 456 2937 511 unius
2977 468 3137 525 paena
3172 450 3348 509 caeteri
3380 449 3664 521 pudicitiam

446 543 572 609 viri,
610 543 963 613 mulierisque
996 544 1398 600 commistionis
1431 544 1763 600 mentionem
1796 544 2026 614 faciens,

447 634 645 689 mortis
696 648 819 688 esse
870 634 1184 705 hujusmodi
1223 650 1441 705 poenam
1488 636 1903 691 demonstravit.
1952 637 2032 692 Tu

450 738 651 796 autem,
684 730 915 787 forsitan
965 728 1296 799 superﬂuam
1338 746 1460 786 esse
1500 730 1747 789 ﬁdelibus
1785 735 1928 789 hanc
1956 733 2035 788 le-

450 838 572 894 gem
600 824 904 895 judicabis;
940 839 1119 894 neque
1168 823 1337 886 enim,
1384 824 1587 894 inquis,
1634 834 1797 897 egent
1845 826 2036 897 hujus-

450 916 597 970 modi
644 916 768 985 jure
813 917 1046 971 censeri.
1092 915 1211 971 Non
1256 924 1437 970 autem
1484 926 1568 972 est
1612 917 1907 988 superﬂua,
1942 918 2037 974 sed

450 1006 619 1060 nimis
648 1007 768 1075 ejus
806 1022 909 1061 nos
948 1007 1140 1075 iuvare
1173 1007 1433 1076 spiritalis
1475 1017 1657 1079 potest
1695 1010 2036 1080 contempla-

451 1095 528 1149 tio
559 1113 571 1149 :
603 1095 647 1150 si
683 1096 1079 1167 quadrupedia,
1104 1098 1417 1168 voluptates
1450 1116 1668 1170 pravas,
1696 1110 1753 1157 et
1779 1103 2036 1157 deorsum

451 1192 655 1236 terram
685 1194 1010 1242 contuentes
1052 1184 1422 1257 intelligamus
1459 1206 1473 1246 :
1505 1196 1695 1259 utpote
1738 1191 1888 1244 omni
1931 1191 2038 1245 hu-

451 1275 613 1326 mana
661 1284 914 1331 carentes
971 1273 1186 1329 actione
1233 1290 1247 1326 :
1291 1284 1348 1330 et
1400 1285 1693 1347 propterea
1744 1278 2040 1349 appellatas

452 1360 847 1432 quadrupedia,
889 1377 1017 1431 quta
1061 1365 1437 1436 quadrupedia
1488 1383 1705 1431 manus,
1753 1369 1893 1424 sicut
1940 1371 2040 1424 ho-

450 1450 652 1516 mines,
690 1465 801 1506 non
849 1452 1073 1519 habent,
1112 1462 1272 1523 atque
1302 1456 1426 1511 ideo
1453 1458 1687 1512 maxima
1721 1471 1906 1513 nostra
1944 1475 2039 1515 co-

453 1544 715 1612 gnatione
767 1554 978 1601 carent.
1033 1545 1359 1617 Quicunque
1408 1563 1538 1620 ergo
1573 1548 1675 1616 vir,
1709 1560 1803 1605 aut
1844 1552 2040 1607 mulier

453 1632 524 1687 ad
560 1633 900 1706 alienigenas
942 1636 1251 1707 voluptates
1297 1639 1354 1693 in
1400 1649 1608 1696 tantum
1655 1642 1946 1706 incumbit,
1982 1652 2040 1697 ut

453 1736 529 1778 ne
555 1724 773 1793 quidem
806 1740 906 1795 per
941 1726 1208 1783 desidiam
1252 1729 1320 1784 ab
1361 1731 1446 1785 eis
1495 1731 1762 1801 capiatur,
1795 1733 1890 1787 sed
1927 1733 2037 1787 imo

2136 549 2367 606 disca‘nt.
2398 550 2731 622 lnterempto
2765 559 2947 605 autem
2988 554 3297 624 peccatore,
3330 550 3384 597 et
3420 552 3667 612 peccatum

2135 641 2298 696 simul
2345 640 2550 707 interit,
2584 638 3042 712 quemadmodum
3086 635 3253 692 semel
3288 634 3344 689 in
3390 633 3668 704 praeceden-

2136 731 2283 785 tibus
2311 730 2570 786 diximus.

2207 821 2372 876 Vens.
2427 820 2514 877 l8.
2563 840 2582 872 t
2623 820 2728 887 Qui
2766 818 2963 875 coierit
3010 832 3134 873 cum
3183 814 3407 869 muliere
3452 813 3508 867 in
3548 812 3672 883 ﬁuxu

2137 921 2439 975 menstruo,
2482 921 2539 965 et
2579 908 2910 966 revelaverit
2950 906 3340 978 turpitudinem
3384 904 3519 974 ejus,
3555 904 3674 974 ipsa.

2137 1018 2244 1073 que
2292 1004 2569 1073 aperuerit
2614 1001 2823 1058 fontem
2875 1000 3159 1074 sanguinis
3198 997 3279 1053 sui
3316 996 3676 1051 iuterﬁcientnr

2137 1094 2298 1149 ambo
2329 1093 2400 1148 de
2429 1094 2609 1149 medio
2636 1094 2820 1164 p0puli
2853 1095 2955 1148 sui.
2991 1112 3010 1145 ι

2209 1185 2249 1238 Α
2311 1195 2646 1241 menstruata
2704 1185 2971 1242 abstineri
3020 1184 3297 1256 legislator
3346 1197 3456 1236 non
3508 1179 3677 1235 frustra

2138 1278 2414 1347 praecepit,
2441 1278 2535 1335 sed
2565 1278 2843 1333 hominem
2868 1276 3105 1333 suadens
3129 1276 3195 1332 ad
3222 1274 3530 1346 pudicitiam
3550 1273 3679 1327 casti-

2139 1369 2370 1438 tatisque
2393 1384 2515 1423 cum
2538 1369 2873 1440 diligentiam
2894 1368 3118 1433 habere,
3137 1382 3201 1422 ex
3224 1381 3329 1437 qua
3357 1363 3680 1420 sanctiﬁcatio

2138 1461 2423 1529 provenit.
2471 1461 2664 1515 nolens
2705 1470 2759 1515 et
2807 1460 2861 1513 in
2905 1459 3072 1514 modo
3122 1473 3411 1529 porcorum
3452 1455 3682 1511 continue

2138 1547 2459 1603 mulieribus
2486 1548 2725 1615 misceri,
2752 1557 2809 1604 et
2836 1549 2903 1603 ad
2929 1554 3278 1603 communem
3308 1545 3680 1615 corruptionem

2139 1653 2351 1703 var-are,
2387 1639 2479 1693 sed
2524 1655 2592 1695 ex
2637 1648 2823 1695 coacta
2871 1638 3201 1694 abstinentia
3239 1653 3397 1691 usum
3436 1636 3602 1691 lacere
3626 1638 3681 1692 ad

2141 1729 2553 1785 continentiam.
2602 1730 2708 1786 Sed
2743 1730 3201 1799 quemadmodum
3236 1727 3477 1797 disperdi
3515 1744 3599 1783 cos
3629 1729 3682 1784 de

452 1813 615 1869 valde
643 1815 723 1870 eis
745 1806 1037 1881 cohaereat,
1067 1827 1124 1873 et
1144 1833 1269 1873 eum
1297 1820 1379 1874 eis
1405 1796 1581 1885 coeat,
1614 1830 1674 1875 ut
1702 1796 2035 1878 commistio-
2069 1796 2112 1853 Β
2138 1820 2340 1891 populo
2386 1836 2487 1875 suo
2536 1796 2830 1891 praecepit.
2886 1836 3012 1876 cum
3067 1821 3447 1892 purgationem
3486 1820 3564 1885 ci,
3608 1821 3681 1889 qui

449 1918 585 1959 ncm
616 1919 738 1960 cum
772 1906 857 1963 eis
887 1907 1205 1965 diuturnam
1248 1918 1304 1965 et
1341 1921 1780 1981 perseverantem
1815 1914 2033 1978 habeat,

454 2010 585 2050 reus
611 2006 696 2051 est
725 1997 793 2062 is,
828 1997 926 2068 qui
972 2000 1098 2055 talis
1142 2010 1246 2066 est,
1278 2003 1463 2057 morti.
1500 2002 1601 2059 llic
1635 2012 1719 2060 est
1756 2006 1902 2060 enim
1932 2021 2036 2060 ne-

450 2084 717 2146 fariarum
750 2089 1037 2145 libidinum
1071 2091 1213 2157 ﬁnis,
1243 2094 1339 2163 qui
1377 2096 1733 2161 operantibus
1756 2111 1851 2153 eas
1875 2097 2035 2167 puni-

453 2177 548 2245 tis,
586 2188 734 2235 recte
781 2180 884 2251 ipsi
934 2182 1100 2237 etiam
1157 2184 1295 2238 mori
1347 2186 1627 2242 dicuntur.
1668 2187 1855 2259 Neque
1885 2191 2034 2244 enim

450 2282 553 2337 per
580 2283 641 2324 se
669 2270 1053 2337 subsistentes,
1086 2273 1212 2343 quia
1248 2274 1395 2329 nulla
1425 2286 1510 2331 est
1537 2278 1746 2347 peccati
1777 2279 2035 2334 substan-

452 2359 530 2415 tia
564 2360 623 2415 in
665 2364 1069 2434 peccatoribus,
1105 2375 1427 2435 operantur,
1453 2369 1655 2436 quibus
1688 2378 1869 2425 tamen
1907 2386 2036 2441 per-

451 2452 603 2517 ditis,
635 2463 694 2508 et
729 2454 863 2523 ipsa:
887 2456 1051 2512 simul
1076 2468 1330 2528 pereunt.

526 2543 690 2602 Vens.
732 2548 817 2602 Π.
854 2568 874 2601 ι
910 2548 1011 2615 Qui
1062 2552 1335 2621 acceperit
1380 2567 1626 2609 sororem
1676 2571 1832 2611 suam
1869 2557 2035 2611 filiam

451 2638 632 2708 patris
672 2639 779 2706 sui‘,
805 2641 894 2695 vel
930 2641 1097 2699 ﬁliam
1131 2642 1323 2698 matris
1364 2658 1499 2709 suae,
1542 2654 1598 2701 et
1630 2646 1831 2703 viderit
1860 2650 2038 2719 turpi-

455 2726 704 2782 tudinem
745 2729 885 2799 ejus,
922 2730 1122 2802 illaque
1167 2735 1520 2802 conspexerit
1570 2736 1755 2792 fratris
1802 2738 2037 2810 ignomi-

455 2815 627 2882 niam,
662 2817 930 2874 nefariam
981 2835 1098 2876 rem
1150 2824 1365 2894 operati
1410 2834 1542 2881 sunt
1575 2843 1595 2881 :
1624 2828 1945 2884 occidentur
1984 2830 2039 2884 in

456 2923 757 2982 conspectu
814 2914 1038 2983 populi,
1095 2930 1163 2970 eo
1216 2917 1364 2986 quod
1422 2920 1817 2989 turpitudinem
1883 2936 2038 2978 suam

456 3012 650 3058 mutuo
727 3004 1093 3061 revelaverint
1170 3017 1227 3063 et
1310 3010 1611 3079 portabunt
1693 3012 2038 3089 iniquitatem

457 3112 633 3153 suam.
670 3114 689 3147 ι

529 3186 838 3245 Tolerabile
883 3203 1005 3246 esse
1046 3192 1170 3256 hoc,
1211 3206 1243 3246 a
1280 3192 1468 3248 multis
1516 3196 1833 3265 putabatur,
1882 3210 2038 3253 soro-

456 3284 613 3341 ribus
640 3284 764 3338 ﬁliae
793 3285 986 3355 patris,
1022 3286 1108 3341 vel
1155 3286 1279 3342 ﬁliae
1318 3287 1510 3343 matris
1538 3289 1776 3354 misceri,
1823 3291 1949 3360 quia
1986 3299 2041 3345 et

455 3376 731 3432 Abraham
761 3375 829 3432 de
857 3373 988 3430 Sara
1019 3377 1236 3433 dicebat
1269 3397 1282 3432 :
1316 3376 1478 3433 Soror
1517 3395 1631 3433 mea
1669 3390 1744 3434 cst
1773 3397 1838 3435 ea:
1864 3390 2036 3451 patre,

456 3475 510 3520 et
546 3481 650 3520 non
677 3481 741 3520 ea
767 3475 939 3520 matre
981 3466 1049 3520 '°.
1091 3465 1246 3533 Quod
1299 3469 1521 3538 quidem
1572 3486 1681 3525 non
1723 3472 2039 3527 omnimodo

455 3555 537 3611 sic
564 3564 668 3619 est,
696 3555 840 3610 sicut
863 3557 1065 3613 habere
1091 3564 1314 3627 putatur
1342 3559 1570 3614 historia
1603 3580 1615 3614 :
1642 3576 1767 3615 nam
1800 3577 1914 3627 eos,
1944 3564 2036 3632 qui

453 3663 525 3702 ex
552 3645 730 3703 Thare
759 3657 915 3718 patre
950 3649 1222 3705 Abraham
1261 3651 1433 3722 geniti
1475 3660 1622 3717 sunt,
1658 3652 1872 3724 Moyses
1908 3669 2037 3707 nar-

453 3754 602 3803 rans,
635 3754 904 3810 nusquam
943 3740 1095 3797 Serm
1140 3743 1473 3799 mentionem
1524 3743 1673 3810 fecit,
1702 3745 1849 3814 quod
1892 3745 1938 3799 si
1982 3754 2037 3801 et

451 3830 627 3886 sorori
685 3845 798 3887 suae
853 3832 1127 3887 Abraham
1183 3834 1387 3903 nupsit.
1434 3843 1563 3890 ante
1625 3845 1808 3889 tamen
1871 3852 2034 3906 quam

449 3930 810 3993 cognosceret
854 3921 1047 3979 Deum.
1090 3924 1289 3980 Malum
1323 3934 1407 3980 est
1439 3941 1569 3997 ergo
1593 3928 1876 3983 sororibus
1904 3943 2036 3983 con-

446 4011 583 4083 iugii
623 4014 884 4069 societate
922 4015 1162 4083 misceri,
1191 4018 1338 4073 unde
1362 4028 1421 4073 et
1448 4018 1580 4073 illud
1610 4019 1696 4073 lex
1727 4020 2031 4089 prohibuit.

447 4103 588 4160 Cum
631 4121 761 4178 ergo
812 4108 927 4164 haec
967 4109 1049 4165 sic
1089 4124 1151 4165 se
1197 4111 1457 4176 habeant,
1490 4113 1803 4169 nullatenus
1833 4133 1862 4170 a
1895 4134 2035 4187 pra:-

447 4195 595 4250 dicta
667 4201 1133 4270 contemplatione
1197 4205 1541 4259 recedamus.
1614 4203 2033 4275 Turpitudinem

448 4293 635 4343 autem
661 4290 866 4345 sororis
890 4306 958 4346 ex
989 4300 1167 4361 patre,
1195 4302 1293 4348 aut
1329 4309 1395 4348 ex
1426 4303 1620 4357 matre,
1656 4311 1845 4352 revera
1882 4299 2032 4354 illum

449 4376 699 4449 intellige
743 4380 954 4445 videre,
983 4390 1038 4438 et
1070 4383 1344 4453 accipere.
1378 4385 1472 4455 qui
1507 4395 1721 4457 turpem
1761 4390 2033 4446 actionem

2134 1910 2396 1965 dormivit
2432 1925 2555 1965 cum
2586 1918 2943 1975 rnenstruata,
2971 1911 3223 1981 superius
3250 1910 3548 1975 indixisset,
3572 1910 3684 1965 dixit

2135 2004 2279 2059 enim
2316 2021 2329 2057 :
2364 2001 2425 2057 Si
2478 2003 2660 2056 coierit
2715 2019 2835 2056 cum
2894 2020 2957 2056 ea
3014 2003 3096 2057 vir
3155 2012 3389 2072 tempore
3444 2003 3683 2070 sanguinis

2137 2092 2495 2157 menstrualis,
2531 2094 2833 2147 immundus
2859 2094 2957 2147 erit
2985 2103 3181 2163 septem
3206 2093 3390 2148 diebus
3418 2092 3484 2145 ἰ.
3513 2091 3684 2146 Deinde

2136 2200 2234 2255 per
2275 2185 2409 2250 haec,
2447 2185 2832 2255 purgationum
2873 2184 3137 2239 sacriﬁcia
3170 2199 3405 2238 narrans
3431 2182 3680 2238 subdidit:

2135 2278 2248 2333 Ista
2282 2289 2355 2333 est
2397 2278 2480 2334 lea:
2508 2280 2621 2349 ejus
2652 2279 2742 2350 qui
2774 2281 2978 2350 ﬂuxum
3012 2280 3229 2333 seminis
3277 2279 3497 2347 patitur,
3540 2288 3583 2331 et
3609 2278 3681 2346 qui

2136 2371 2414 2441 polluitur,
2448 2380 2497 2425 et
2526 2385 2643 2440 qua:
2683 2370 2958 2441 sanguinis
3000 2370 3203 2439 ﬂuxum
3247 2369 3454 2436 patitur
3483 2368 3534 2420 in
3564 2383 3685 2421 men-

2136 2464 2298 2518 struis
2351 2464 2480 2525 suis,
2517 2473 2566 2517 et
2618 2463 2877 2532 ittﬂuxum
2930 2461 3142 2515 seminis
3187 2460 3425 2528 patiente
3471 2459 3523 2512 in
3563 2459 3684 2528 ﬂuxu

2137 2571 2231 2610 suo
2285 2554 2519 2609 masculo
2566 2562 2614 2607 et
2667 2554 2863 2624 {entiua
2898 2554 2965 2605 ".
3009 2551 3076 2606 Et
3127 2553 3282 2616 viro,
3333 2551 3379 2605 si
3438 2550 3685 2605 dormierit

2139 2664 2265 2705 cum
2290 2656 2651 2712 menstruata,
2679 2647 2759 2701 sic
2788 2645 3004 2716 purgari
3045 2653 3101 2699 et
3138 2645 3307 2708 hunc,
3338 2645 3475 2698 sicut
3500 2652 3553 2698 et
3576 2642 3684 2697 alios

2140 2756 2249 2796 non
2281 2740 2462 2811 puniri
2505 2740 2641 2793 vult.
2685 2737 2827 2809 Ergo
2857 2737 3294 2807 contemplemur
3329 2744 3682 2791 menstruatam

2141 2831 2426 2903 gentilium
2455 2829 2800 2901 sapientiam,
2835 2828 2997 2899 longe
3024 2829 3171 2883 enim
3199 2843 3230 2881 a
3257 2828 3370 2883 Deo
3401 2835 3504 2892 cst,
3533 2827 3615 2881 sed
3644 2834 3686 2880 ct

2140 2918 2210 2971 de
2252 2917 2438 2972 volatu
2480 2916 2684 2980 avium,
2725 2932 2889 2971 cursu
2923 2915 3163 2971 siderant
3204 2928 3260 2970 et
3306 2916 3565 2971 mensuris
3588 2915 3684 2970 (αιιί

2142 3010 2332 3065 dicens
2361 3019 2526 3080 atque
2564 3011 2787 3066 docens.
2824 3008 2960 3065 Cum
2996 3009 3098 3065 hac
3137 3025 3270 3081 ergo
3313 3010 3595 3079 pessimum
3621 3020 3688 3062 est

2142 3101 2405 3168 dormire,
2442 3101 2495 3156 id
2520 3111 2604 3156 est
2636 3102 2894 3157 delectari
2930 3101 2988 3156 in
3016 3117 3101 3165 ea,
3129 3112 3184 3155 et
3214 3102 3311 3155 diu
3351 3102 3514 3163 coire,
3539 3099 3620 3153 sed
3645 3107 3687 3152 et

2143 3195 2407 3260 revelare,
2432 3204 2486 3249 et
2517 3195 2690 3265 palam
2722 3193 2992 3265 proferre,
3028 3194 3425 3264 turpitudinem
3452 3193 3581 3261 ejus,
3601 3199 3686 3244 tra-

2140 3285 2322 3342 dendo
2354 3301 2480 3354 eas,
2524 3301 2643 3355 qua:
2674 3286 2818 3355 apud
2856 3301 2975 3341 eam
3012 3294 3173 3350 sunt,
3207 3288 3403 3339 teletas
3427 3292 3481 3339 et
3508 3295 3687 3338 errores

2138 3393 2277 3448 quos
2306 3379 2491 3446 habet,
2525 3388 2581 3433 et
2614 3377 2820 3434 fontem
2867 3378 3035 3433 totius
3071 3378 3278 3432 erroris
3313 3384 3685 3448 exponentem:

2137 3470 2266 3541 quia
2292 3471 2380 3526 bis
2404 3470 2719 3541 publicatis,
2748 3471 2952 3526 revelat
2980 3479 3035 3526 et
3067 3471 3181 3540 ipsa
3208 3470 3417 3525 ﬂuxum
3448 3466 3686 3539 sanguinis

2139 3559 2246 3625 sui,
2272 3560 2323 3613 id
2353 3569 2439 3613 est
2467 3575 2530 3615 ea
2559 3576 2679 3629 Quae
2716 3569 2845 3614 sunt
2874 3560 2943 3615 de
2970 3560 3256 3614 sacrificiis
3298 3562 3556 3615 idolorum
3580 3558 3687 3612 sub-

2139 3652 2497 3707 introducens
2530 3671 2541 3705 :
2575 3662 2800 3721 pr0pter
2847 3652 2992 3722 quod
3044 3667 3156 3706 non
3204 3653 3523 3723 simpliciter
3556 3649 3684 3711 dixit,

2137 3744 2536 3812 interﬁcientur,
2569 3745 2665 3798 sed
2697 3745 2906 3799 addidit
2936 3763 2950 3797 :

2213 3838 2287 3890 De
2317 3837 2487 3891 medio
2509 3838 2689 3906 populi
2709 3839 2809 3891 sui.
2837 3835 2957 3899 Vel,
3001 3837 3309 3891 secundum
3339 3837 3501 3904 LXX,
3532 3853 3588 3890 επ
3614 3851 3684 3906 ge-

2138 3945 2259 3985 nere
2284 3948 2397 3985 suo.
2433 3930 2570 3997 Quia
2595 3932 2687 4001 qui
2717 3932 3045 4001 sapientiam
3072 3931 3240 3986 tradit
3269 3932 3567 4003 gentilium,
3590 3944 3684 3998 qua:

2138 4025 2524 4092 prmvaricatur
2556 4038 2802 4077 errorem
2850 4031 3121 4084 nostrum,
3170 4033 3227 4077 et
3257 4024 3541 4078 scientiam
3567 4022 3683 4090 ejus.

2135 4122 2192 4168 et
2235 4113 2513 4182 pietatem,
2572 4128 2682 4167 non
2724 4123 2804 4168 est
2854 4115 3065 4183 justum
3117 4115 3229 4184 jam
3286 4123 3348 4168 ut
3411 4112 3685 4167 nominetur

2137 4207 2302 4261 homo
2334 4225 2346 4260 :
2381 4206 2477 4260 sed
2507 4215 2561 4260 et
2588 4205 2824 4274 imagine
2861 4205 2956 4259 Dei
2989 4205 3376 4275 semetipsum,
3420 4202 3683 4275 ignorando

2135 4300 2478 4365 Creatorem,
2513 4298 2786 4369 privavit;
2820 4307 2876 4352 et
2905 4297 3028 4352 ideo
3074 4297 3409 4352 interficitur
3442 4297 3508 4351 de
3536 4294 3683 4348 medio

2135 4389 2363 4459 populo,
2417 4389 2534 4445 sive
2563 4389 2631 4444 de
2658 4404 2858 4459 genere
2901 4403 3022 4453 suo,
3057 4399 3119 4442 ut
3164 4404 3277 4442 non
3304 4390 3416 4459 jam
3453 4383 3682 4457 sapientia

447 4485 481 4525 a
510 4478 665 4539 patre
706 4480 804 4528 aut
845 4482 1039 4538 matre,
1072 4474 1123 4529 id
1152 4482 1259 4542 est,
1305 4476 1358 4530 in
1399 4492 1506 4546 qua
1537 4486 1692 4546 pater
1731 4490 1824 4534 aut
1857 4493 2033 4537 mater
2065 4477 2108 4530 D
2138 4478 2473 4561 nominetur,
2521 4479 2617 4533 sed
2660 4487 2846 4534 careat
2890 4479 3037 4550 quod
3089 4480 3284 4534 habuit
3313 4479 3451 4534 falso
3495 4476 3681 4534 nomine

447 4558 696 4631 deliquit,
729 4578 839 4618 non
873 4564 1051 4619 solum
1083 4565 1250 4632 videt,
1284 4567 1382 4622 sed
1411 4575 1467 4621 et
1494 4568 1713 4639 accipit,
1746 4586 1846 4640 per
1874 4572 2031 4626 simi-

446 4650 555 4730 lem
584 4661 642 4707 et
681 4669 866 4723 parem
890 4657 1163 4712 actionem
1195 4674 1209 4713 :
1241 4667 1298 4713 et
1330 4659 1572 4714 nefarius
1609 4669 1698 4716 est
1745 4662 1836 4717 hic
1864 4678 1880 4715 :
1920 4679 2027 4717 non

448 4741 626 4796 solum
655 4753 1025 4812 perscrutans,
1047 4763 1170 4818 quae
1198 4764 1309 4804 non
1335 4751 1599 4820 oportuit,
1631 4754 1728 4808 sed
1755 4762 1810 4810 et
1838 4771 2031 4825 super-

448 4831 743 4900 mdiﬁcans,
777 4844 834 4891 et
881 4838 1226 4911 conjungens
1267 4854 1329 4896 se
1370 4850 1695 4912 perpetratae
1723 4859 1755 4900 a
1787 4846 2031 4915 parenti-

447 4923 552 4984 bus
582 4924 859 4992 pravitati.
891 4926 1025 4994 Quae
1053 4943 1211 4984 soror
1237 4931 1377 5001 ejus,
1408 4932 1564 5003 quasi
1607 4936 1759 5004 pravi
1793 4937 2033 5005 pravitas

445 5017 774 5088 appellatur.
820 5019 928 5076 Sed
960 5032 1017 5078 et
1049 5033 1108 5078 ut
1136 5023 1231 5095 qui
1257 5023 1564 5084 diﬁ‘amavit
1592 5041 1735 5091 eam,
1767 5037 1822 5084 et
1858 5030 2033 5085 disse-

445 5108 703 5175 minavit,
730 5110 957 5171 latentia
980 5114 1130 5169 enim
1160 5114 1458 5185 plurimum
1489 5128 1778 5185 parentum
1809 5132 2032 5189 peccata

445 5199 737 5258 diﬂ'amant
768 5202 887 5271 ﬁlii,
915 5207 1136 5276 quando
1189 5218 1360 5280 agunt
1405 5211 1626 5269 similia.
1679 5212 1836 5269 Unde
1885 5215 2034 5270 hunc

446 5292 542 5361 qui
591 5293 718 5350 talis
766 5306 871 5359 est,
921 5297 1163 5369 disperdi
1213 5299 1270 5354 in
1324 5311 1623 5371 conSpectu
1670 5304 1880 5373 populi,
1921 5305 2029 5372 vel,

446 5383 590 5440 sicut
619 5385 781 5453 LXX,
813 5389 871 5441 in
908 5400 1184 5460 conspectu
1223 5392 1458 5462 ﬁliorum
1495 5396 1700 5465 generis
1731 5396 1835 5458 sui,
1866 5396 1918 5451 id
1945 5406 2029 5452 est

446 5473 760 5533 videntibus
792 5479 994 5536 similia
1031 5482 1417 5554 cogitantibus,
1449 5486 1710 5556 praecepit
1742 5504 1755 5540 :
1794 5486 1849 5540 lii
1880 5490 2027 5543 enim

2135 4580 2300 4642 atque
2349 4571 2499 4637 ﬁcto,
2539 4581 2677 4628 teste
2729 4571 2920 4637 Paulo,
2962 4573 3055 4643 qui
3090 4573 3204 4629 ait:
3248 4573 3518 4644 Sapientia
3555 4571 3682 4641 Imjus

2138 4663 2340 4727 ntundi,
2366 4663 2594 4718 stultitia
2628 4673 2704 4718 est
2733 4666 2879 4734 apud
2921 4664 3087 4719 Deum
3122 4667 3192 4719 ⁸⁸.

2206 4752 2370 4807 Vens.
2413 4754 2498 4809 l9.
2556 4773 2576 4806 ι
2621 4753 3037 4825 Turpitudinem
3088 4765 3400 4813 matertera:
3445 4766 3498 4812 et
3529 4754 3678 4811 amita:

2140 4853 2248 4901 tua:
2286 4861 2398 4900 non
2450 4846 2862 4917 diseooperies:
2916 4849 3010 4918 qui
3062 4850 3168 4903 hoc
3215 4850 3430 4914 fecerit,
3478 4844 3675 4919 ignomi-

2140 4938 2287 4992 niam
2317 4938 2502 4993 carnis
2535 4953 2649 4994 suae
2678 4939 2937 5006 nudavit;
2971 4941 3271 5011 portabunt
3313 4942 3473 4999 ambo
3504 4935 3676 5007 iniqui-

2137 5037 2305 5089 tatem
2333 5045 2510 5086 suam.
2543 5049 2562 5082 ι

2203 5121 2317 5180 Nec
2364 5125 2647 5181 sororibus
2702 5128 2966 5198 praecepit
3011 5142 3202 5184 eorum
3245 5126 3469 5200 quinos
3502 5136 3677 5195 genuc-

2136 5223 2287 5281 runt,
2341 5220 2711 5279 commisceri,
2761 5225 2871 5273 tam
2918 5228 3145 5289 propter
3190 5220 3593 5291 generationes.
3630 5220 3676 5265 ul

2134 5321 2245 5360 non
2278 5308 2708 5374 confundantur,
2749 5326 2915 5383 quam
2944 5319 3005 5366 ut
3025 5320 3427 5383 competentem
3457 5320 3675 5364 reveren-

2132 5402 2263 5456 tiam
2291 5404 2610 5472 parentibus
2635 5419 3047 5470 conservemus,
3084 5415 3307 5477 propter
3344 5420 3438 5460 eos
3465 5411 3516 5457 et
3540 5416 3568 5456 a
3593 5411 3663 5452 so-

2131 5493 2350 5548 roribus
2409 5509 2603 5549 eorum
2665 5496 3055 5551 abstinentes:
3128 5496 3274 5566 quod
3329 5494 3569 5551 similiter
3623 5493 3668 5540 cl

446 5566 544 5623 ﬁlii
571 5571 789 5639 generis
818 5573 939 5645 ejus
967 5585 1113 5635 recte
1142 5575 1417 5633 dicuntur.
1448 5578 1561 5634 Cur
1589 5589 1773 5635 autem
1804 5580 1859 5635 in
1897 5597 2029 5637 con~
2128 5585 2434 5639 secundum
2482 5585 2736 5655 spiritum
2779 5586 3069 5659 intelligas,
3123 5595 3185 5642 ut
3231 5602 3339 5642 non
3389 5584 3551 5642 solum
3595 5589 3671 5633 ve-

514 5770 561 5803 "
583 5771 721 5830 Gen.
752 5792 842 5843 xx,
880 5778 967 5833 12.
1047 5780 1091 5814 "
1115 5781 1289 5840 Levit.
1323 5800 1417 5856 xv,
1448 5784 1538 5842 24.
1612 5786 1657 5819 ⁹²
1689 5783 1822 5841 ibid.
1854 5784 1944 5855 32,
1969 5785 2059 5843 3'5.

2142 5786 2186 5819 ⁸³
2216 5785 2237 5842 Ι
2264 5785 2390 5842 Cor.
2431 5801 2510 5854 ut,
2552 5786 2635 5843 l9.
