3892 6438
187 359 354 425 1049

1352 365 1435 424 IN
1481 362 1933 425 LEVITICUM.
1961 385 2027 396 --·
2069 363 2217 423 LIB.
2248 363 2347 425 VI.

3354 366 3494 435 1(5C

187 473 396 531 lentur
422 483 714 546 parentum
738 485 962 547 peccata
993 478 1236 543 silentio,
1266 487 1325 534 et
1350 481 1639 535 tradantur
1658 480 1803 535 obli-
1832 482 1878 536 Δ
1909 476 2047 533 mori
2100 480 2380 550 prxcepit,
2422 480 2542 535 sine
2577 480 2702 536 filiis
2733 492 2916 536 autem
2970 482 3091 537 illos
3141 483 3275 537 utori
3333 485 3492 552 dicit,

184 565 381 630 vioni,
410 567 507 624 sed
551 576 607 624 et
633 583 854 632 eorum,
893 570 988 641 qui
1025 571 1108 626 eis
1135 571 1328 626 sociati
1362 581 1512 639 sunt,
1562 573 1709 628 unde
1745 581 1802 626 et

180 669 400 712 eorum
433 656 629 714 fratres
654 674 778 715 esse
804 659 1091 716 dicuntur.
1123 660 1402 719 Sileamus
1443 648 1631 718 autem
1671 665 1800 719 illo-

182 761 329 802 rum
362 758 608 817 peccata,
634 751 761 820 quia
792 750 1018 808 nudatis
1042 752 1172 819 illis,
1216 754 1390 811 latere
1415 771 1518 811 nec
1543 765 1801 826 parentes

179 850 463 908 possunt,
492 842 640 898 unde
666 843 743 898 ait
767 862 781 899 :

269 933 638 1004 Ignominiam
688 939 865 993 carnis
914 954 1024 993 suae
1057 940 1298 994 nudavit.
1344 938 1447 1007 Qui
1475 951 1658 997 autem
1696 945 1800 997 hoc

182 1027 442 1095 faciunt,
474 1031 561 1085 cui
594 1047 772 1101 preme
809 1034 1247 1089 submittuntur?
1277 1035 1585 1093 Portabunt
1607 1040 1793 1103 ambo,

186 1118 422 1188 inquit,
478 1120 823 1191 iniquitatem
881 1141 1059 1189 suam.
1118 1125 1265 1181 LXX
1320 1137 1506 1184 autem
1563 1131 1791 1192 addunt,

180 1208 319 1262 sine
370 1208 498 1277 ﬁliis
553 1212 862 1268 morientur.
920 1213 1061 1281 Quia
1119 1218 1217 1287 qui
1272 1206 1383 1273 nan
1430 1219 1665 1276 invicem
1694 1236 1794 1275 sua

184 1301 455 1370 pondera
498 1314 736 1372 portant,
774 1307 871 1361 sed
913 1293 1199 1364 diﬂ‘amanl
1238 1319 1403 1381 atque
1434 1312 1798 1368 disseminant

186 1399 586 1459 cognatorum,
634 1402 743 1448 tam
779 1397 1083 1454 secundum
1124 1415 1347 1455 carnem
1398 1418 1561 1472 quam
1596 1418 1798 1457 secun-

188 1481 339 1536 dum
399 1484 654 1552 spiritum
688 1498 935 1556 peccata,
968 1490 1088 1546 sine
1121 1493 1418 1550 virtutibus
1468 1479 1790 1561 morientur,

188 1588 327 1643 qua:
377 1586 461 1631 est
511 1578 746 1645 pessima
801 1581 1086 1637 sterilitas.
1127 1582 1252 1639 Filii
1276 1587 1482 1641 etenim
1526 1605 1626 1643 nos
1658 1600 1796 1659 tem-

189 1681 341 1753 pore
369 1668 563 1737 judicii
608 1686 719 1726 non
784 1673 1018 1741 juvant,
1067 1676 1303 1733 virtutes
1350 1691 1533 1734 autem
1573 1681 1789 1751 juvant.

187 1773 437 1825 quarum
477 1776 642 1816 causa
677 1763 934 1820 videlicet
972 1784 1322 1833 coronamur,
1369 1786 1600 1840 quarum
1630 1772 1790 1827 steri-

188 1848 359 1905 litate
402 1852 642 1909 animam
700 1866 969 1925 mgrotare
1025 1860 1394 1916 miserrimum
1453 1874 1557 1918 est.
1595 1863 1791 1919 Ornari

186 1954 386 1999 autem
423 1946 734 2019 hujusmodi
784 1950 1017 2007 filiorum
1061 1956 1437 2025 generatione,
1468 1957 1795 2013 beatitudini

188 2044 302 2089 est.
333 2036 403 2093 Et
442 2039 545 2094 hoc
578 2051 669 2095 est
702 2058 828 2097 cum
864 2044 1005 2099 lsaia
1042 2047 1250 2102 dicere.
1287 2049 1330 2102 Α
1359 2050 1496 2119 facie
1531 2060 1647 2113 tua,
1685 2049 1789 2104 Do-

186 2128 360 2191 mine,
424 2133 772 2199 concepimus,
815 2146 863 2189 et
904 2139 1058 2206 (ptasi
1085 2142 1469 2206 parturivimus
1501 2152 1549 2196 et
1582 2146 1791 2213 peperi-

186 2234 314 2271 mus
337 2221 584 2287 spiritum
620 2223 829 2282 salutis.
878 2226 1153 2294 justitiam
1194 2247 1299 2283 non
1330 2232 1551 2300 fecimus
1599 2235 1654 2286 iu
1684 2244 1791 2288 ter-

185 2324 253 2361 ra
272 2308 342 2360 ἰ.
378 2307 441 2360 Ει
479 2310 596 2365 haec
624 2310 898 2384 intelligis,
930 2326 985 2370 ct
1019 2333 1141 2387 quze
1172 2322 1630 2390 subsequuntur:

268 2399 428 2454 Vens.
461 2401 552 2464 20.
580 2402 670 2456 21.
708 2421 726 2454 ‹
766 2404 869 2472 Qui
903 2408 1094 2463 coierit
1123 2427 1246 2464 cum
1272 2428 1442 2467 uxore
1467 2415 1668 2483 patrui,
1700 2420 1788 2473 vel

181 2494 451 2549 avunculi
491 2497 598 2562 sui,
626 2506 681 2552 et
709 2501 1037 2561 revelavcrit
1061 2505 1416 2576 ignominiam
1447 2511 1792 2581 cognationis

180 2600 344 2675 suae,
397 2589 698 2657 portabunt
759 2594 922 2649 ambo
979 2607 1263 2665 peccatum
1318 2618 1520 2668 suum,
1578 2604 1787 2675 absque

181 2674 381 2732 liberis
428 2680 752 2736 morientur.
802 2682 904 2749 Qui
937 2687 1155 2743 duxerit
1193 2707 1418 2747 uxorem
1450 2694 1643 2749 fratris
1675 2674 1783 2761 sui,

182 2782 309 2822 rem
341 2767 469 2825 fecit
493 2770 761 2840 illicitum,
798 2778 1196 2847 turpitudinem
1246 2782 1428 2839 fratris
1458 2785 1543 2840 sui
1573 2788 1786 2842 revela-

180 2860 288 2925 vit,
313 2862 520 2933 absque
553 2866 678 2921 [iliis
707 2880 893 2926 erunt.
940 2891 958 2923 ι

259 2952 520 3012 Ostendit
575 2974 707 3033 ergo
760 2962 1041 3034 legislator
1084 2967 1211 3037 quia
1273 2971 1511 3027 maxime
1540 2972 1781 3029 filiorum

181 3060 358 3102 causa
419 3064 449 3103 a
538 3050 804 3110 Creatore
881 3059 1148 3115 societate
1223 3064 1458 3134 percipit
1531 3076 1783 3123 naturam

181 3142 469 3215 conjungi,
519 3160 583 3200 ea
628 3148 831 3221 quippe
860 3167 983 3224 quae
1022 3171 1169 3212 nunc
1199 3165 1455 3229 tanquam
1496 3162 1785 3218 abomina-

181 3235 323 3290 bilia
354 3237 764 3313 incongruaque
814 3248 1114 3316 prohibuit.
1147 3250 1242 3306 Est
1285 3254 1431 3308 enim
1466 3272 1659 3312 revera
1696 3258 1782 3314 in—

182 3343 515 3399 congruum,
557 3341 614 3388 et
660 3335 1039 3405 jumentorum
1090 3341 1215 3398 vite
1250 3347 1567 3414 proximum
1597 3354 1784 3406 uxori-

185 3418 292 3475 bus
317 3420 569 3490 fratrum,
592 3437 973 3498 cognatorum,
1000 3432 1309 3490 vicinorum
1344 3437 1602 3495 videlicet
1628 3457 1783 3498 com-

182 3512 443 3570 misceri:
474 3527 532 3571 et
559 3517 675 3572 lure
704 3518 761 3573 in
794 3520 899 3576 alia
932 3533 1089 3592 parte
1132 3526 1288 3598 legis,
1320 3529 1374 3585 id
1401 3540 1506 3597 est,
1548 3533 1601 3587 in
1641 3533 1782 3590 libro

182 3602 640 3674 Deuteronomii,
700 3624 808 3664 non
867 3612 1044 3668 solum
1112 3619 1393 3689 przecepit,
1457 3623 1554 3677 sed
1613 3625 1777 3680 etiam

181 3700 473 3769 compulit,
509 3700 747 3758 dicens:
805 3705 1032 3771 Quando
1089 3710 1446 3768 habitaverint
1493 3717 1687 3777 fratres
1707 3720 1779 3772 si-

181 3791 318 3856 mul,
369 3801 420 3846 et
465 3810 597 3848 unus
638 3811 703 3850 ea:
749 3797 825 3851 eis
870 3800 1066 3871 absque
1120 3803 1297 3858 liberis
1328 3818 1565 3863 mortuus
1593 3812 1775 3881 fuerit,

180 3902 322 3941 uxor
348 3887 583 3957 defuncti
608 3904 709 3941 non
731 3890 887 3944 nubet
918 3892 1097 3958 alteri,
1127 3896 1220 3949 sed
1242 3898 1464 3965 accipiet
1511 3917 1628 3955 eam
1659 3906 1775 3974 fra-

181 3989 264 4032 ter
292 3981 428 4049 ejus,
477 3987 527 4031 et
568 3980 841 4039 suscitabit
889 4000 1063 4055 semen
1108 3988 1301 4057 fratris
1344 3992 1512 4045 sui”.
1576 3995 1644 4049 Et
1693 3996 1777 4053 his

181 4068 408 4123 similia.
439 4067 579 4123 Cum
608 4077 793 4123 autem
838 4069 1009 4128 frater
1037 4089 1149 4129 non
1184 4075 1374 4144 fuerit,
1400 4090 1499 4136 aut
1524 4066 1773 4140 avuncu-

181 4161 319 4225 lum,
372 4170 471 4215 aut
519 4176 645 4215 eum
696 4162 934 4233 qualiter
983 4176 1070 4222 est
1112 4182 1180 4223 ex
1215 4170 1388 4240 patris
1416 4176 1771 4246 cognatione,

178 4254 387 4309 dueere
411 4254 698 4310 mulierem
721 4253 968 4313 defuncti
993 4259 1115 4316 sine
1134 4261 1259 4319 filiis
1276 4268 1558 4337 praecepit,
1573 4286 1771 4341 quem-

174 4345 475 4400 admodum
523 4355 578 4400 et
622 4344 766 4402 Booz
828 4346 976 4404 Ruth
1037 4352 1344 4410 secundum
1370 4355 1547 4429 legem
1569 4375 1770 4432 cogna-

177 4437 349 4492 tionis
395 4438 689 4508 accepit“.
735 4440 827 4496 Sic
872 4442 1119 4500 libidinis
1174 4447 1396 4517 quidem
1439 4467 1604 4508 causa
1629 4454 1770 4526 fugit

1905 572 2205 627 secundum
2249 571 2393 627 LXX
2437 573 2706 629 duntaxat
2748 576 3116 645 interpretum
3165 575 3485 640 editionem,

1904 676 1964 720 ut
2004 681 2112 719 non
2166 674 2453 735 reputetur
2486 667 2566 721 eis
2616 666 2854 721 filiorum
2886 666 3186 728 successio.
3222 681 3326 719 m-c
3360 666 3489 720 ﬁliis

1902 772 2056 812 suam
2089 757 2399 827 relinquant
2436 759 2833 814 limreditatem.
2867 758 2985 814 Hoc
3030 768 3214 812 autem
3247 757 3487 812 ostendit

1901 846 2067 900 etiam
2117 845 2478 915 Symmachus
2522 846 2693 901 edens
2739 846 2978 917 planius,
3011 845 3107 900 sed
3147 854 3203 899 et
3235 842 3488 899 Theodo~

1901 939 2035 1001 tion,
2071 937 2165 1007 qui
2193 951 2292 1006 pro
2314 951 2381 990 eo
2406 937 2552 1006 quod
2578 936 2786 992 dictum
2819 944 2922 1001 est,
2958 936 3069 990 sine
3098 934 3225 1004 ﬁliis
3252 935 3486 988 morien-

1900 1038 2006 1093 tur,
2038 1030 2240 1083 -—sine
2286 1029 2410 1097 ﬁliis
2472 1040 2644 1093 erunt,
2707 1038 2941 1099 uterque
2974 1028 3290 1083 ediderunt.
3324 1025 3483 1081 Unde

1898 1130 1955 1176 et
2004 1122 2305 1192 spiritalem
2340 1122 2851 1192 interpretationem
2882 1133 2940 1178 et
2984 1120 3375 1176 resolutionem
3405 1119 3483 1173 si-

1899 1213 2083 1269 milem
2118 1213 2285 1269 habet
2308 1212 2703 1293 superioribus.

1971 1307 2133 1395 Vens.
2167 1305 2259 1361 22.
2298 1325 2316 1358 ι
2353 1306 2638 1361 Custodite
2678 1305 2824 1376 leges
2853 1319 3025 1367 meas,
3057 1314 3221 1374 atque
3247 1304 3477 1373 judicia,

1899 1408 1955 1452 et
1980 1393 2142 1451 facite
2169 1411 2256 1458 ea,
2288 1410 2359 1449 ne
2374 1405 2431 1449 et
2460 1410 2554 1449 vos
2600 1403 2818 1449 evomat
2850 1403 2996 1449 terra
3027 1409 3190 1465 quam
3221 1393 3481 1447 iutraturi

1899 1488 2029 1543 estis
2050 1495 2105 1542 et
2135 1486 2391 1540 habituri.
2427 1504 2445 1535 ι

1967 1580 2085 1635 Non
2119 1579 2278 1633 nobis
2334 1577 2535 1633 sullicit
2588 1585 2797 1647 partem
2831 1578 3124 1647 quamdam
3156 1592 3485 1632 conservare

1895 1674 2052 1745 legis,
2108 1687 2211 1727 nec
2265 1687 2435 1726 unum
2472 1671 2694 1725 aliudve
2751 1672 3067 1725 mandatum
3093 1672 3159 1726 ad
3185 1671 3484 1735 correctio-

1896 1782 2025 1821 nem
2060 1766 2186 1820 vitae
2217 1779 2499 1835 peragere,
2542 1764 2637 1819 sed
2665 1764 2850 1817 omnia
2876 1771 3149 1833 praecepta
3188 1772 3245 1817 et
3275 1763 3484 1832 judicia

1897 1861 2175 1917 custodire
2202 1875 2427 1914 necesse
2475 1860 2762 1923 habemus,
2806 1872 3148 1927 quascunque
3172 1871 3202 1910 a
3235 1856 3346 1910 Deo
3368 1856 3487 1925 jus-

1898 1966 1992 2006 sus
2037 1948 2316 2019 lcgislator
2370 1945 2611 2015 scripsit.
2666 1945 2791 1999 llaec
2817 1944 2966 1998 enim
3005 1943 3140 1997 dicit
3183 1953 3482 2013 praecepta,

1897 2046 1980 2100 vel
2028 2044 2097 2098 de
2146 2043 2346 2113 quibus
2390 2042 2509 2110 ipse
2554 2039 2815 2094 dubitans
2861 2038 3173 2106 inquirebat
3204 2038 3399 2100 Deum,
3431 2046 3487 2092 et

1894 2137 1988 2191 illo
2017 2135 2208 2191 didicit
2240 2133 2547 2204 judicante,
2581 2131 2725 2186 sicut
2749 2131 2803 2183 in
2837 2129 2980 2183 filios
3006 2128 3326 2184 Israelitidis
3357 2145 3484 2183 mu-

1894 2229 2063 2293 lieris,
2115 2228 2208 2298 qui
2260 2228 2476 2282 locutus
2528 2234 2615 2280 est
2647 2223 3081 2294 blasphemiam:
3137 2223 3285 2292 leges
3336 2222 3483 2278 enim

1893 2339 2015 2393 qua:
2055 2322 2127 2376 ita
2177 2321 2403 2392 prolatae
2453 2329 2603 2381 sunt,
2644 2316 2852 2387 judicia
2905 2317 3176 2371 nominat.
3229 2316 3332 2371 Per
3365 2317 3484 2370 haec

1893 2423 2071 2469 autem
2137 2423 2304 2469 totam
2354 2414 2496 2468 hanc
2526 2414 2700 2485 legem
2751 2413 2991 2467 breviter
3038 2412 3385 2483 signiﬁcavit,
3411 2411 3483 2464 de

1892 2520 2000 2577 qua
2047 2506 2188 2559 nihil
2232 2514 2452 2575 Oportet
2496 2505 2824 2577 transgredi,
2870 2515 2929 2559 ut
2962 2520 3073 2558 non
3123 2503 3396 2573 ejiciatur,
3426 2503 3480 2557 id

1892 2609 1977 2653 est
2004 2600 2319 2668 projiciatur
2340 2598 2744 2669 praevaricator.
2769 2595 2885 2652 lloc
2914 2606 3000 2651 est
3025 2596 3173 2651 enim
3199 2611 3476 2655 evomere.

1891 2687 2039 2757 quod
2085 2696 2142 2742 et
2164 2687 2550 2758 Symmachus,
2585 2684 2843 2740 similiter
2871 2693 2928 2740 et
2967 2684 3312 2739 TheodOtion
3339 2682 3480 2751 abji-

1890 2796 2017 2835 cere
2050 2781 2243 2836 edidit.
2278 2780 2470 2835 Evomi
2516 2789 2725 2845 autem,
2771 2778 2951 2834 unde?
2995 2776 3071 2831 De
3107 2785 3250 2831 terra
3285 2775 3481 2829 videli-

1890 2883 1998 2938 cet,
2026 2874 2081 2928 in
2112 2890 2219 2945 qua
2248 2889 2349 2930 nos
2412 2876 2556 2929 Deus
2591 2872 2864 2928 introduci
2898 2870 3211 2942 promittit:
3265 2885 3388 2940 quae
3414 2868 3487 2922 sit

1888 2976 2073 3022 autem
2102 2968 2239 3033 hmc,
2280 2983 2346 3022 ex
2393 2965 2854 3036 subsequentibus
2887 2964 3057 3018 disce.

1961 3061 2127 3117 Vens.
2159 3063 2249 3128 25,
2288 3061 2379 3116 24.
2421 3080 2439 3113 ι
2476 3058 2656 3115 Nolite
2709 3059 2991 3114 ambulare
3024 3058 3079 3112 in
3104 3056 3362 3127 legitimis
3389 3069 3485 3108 ua-

1891 3158 2125 3219 tionum,
2153 3171 2289 3225 quas
2319 3169 2420 3226 ego
2448 3153 2782 3224 expulsurus
2812 3169 2934 3207 sum
2964 3160 3094 3206 ante
3134 3166 3254 3205 vos.
3286 3148 3483 3204 Omnia

1892 3249 2039 3303 cnim
2098 3249 2215 3304 haec
2251 3247 2503 3302 fecerunt
2529 3255 2587 3302 et
2614 3246 2963 3301 abominatus
2995 3260 3118 3298 sum
3150 3257 3269 3297 eos.
3313 3238 3481 3295 Vobis

1893 3341 2040 3397 enim
2070 3342 2283 3411 loquor,
2315 3340 2593 3410 possidete
2643 3351 2843 3394 terram
2874 3354 3086 3403 eorum,
3135 3353 3297 3409 quam
3341 3337 3486 3391 dabo

1890 3434 2048 3488 vobis
2097 3433 2153 3487 in
2188 3433 2605 3489 haereditatem:
2660 3440 2861 3487 terram
2910 3431 3173 3485 ﬂuentem
3229 3430 3369 3485 lacte
3428 3438 3484 3483 et

1890 3527 2073 3581 melle.
2110 3526 2223 3598 Ego
2257 3525 2518 3581 Dominus
2543 3524 2688 3580 Deus
2713 3534 2918 3587 vester,
2961 3524 3052 3594 qui
3091 3522 3341 3592 separavi
3385 3538 3485 3576 vos

1889 3638 1919 3674 a
1953 3620 2165 3675 caeteris
2194 3621 2431 3690 populis.
2475 3638 2493 3670 ι

1957 3711 2080 3766 Non
2137 3713 2314 3766 solum
2376 3710 2441 3765 ad
2470 3709 2689 3764 Judzeos
2745 3708 2866 3763 haec
2898 3708 3045 3762 dicta
3099 3715 3230 3761 sunt
3289 3705 3381 3775 qui
3414 3704 3484 3758 ab

1888 3803 2145 3858 oumibus
2179 3802 2433 3873 gentibus
2463 3810 2685 3870 prOpter
2713 3799 3197 3854 circumcisionem
3225 3807 3282 3852 et
3311 3796 3477 3866 Moysi

1887 3896 2061 3967 legem
2093 3903 2378 3965 separatos
2416 3908 2476 3947 se
2505 3907 2627 3947 esse
2680 3891 2938 3957 credunt,
2976 3890 3070 3944 sed
3101 3896 3158 3942 et
3190 3888 3258 3942 ad
3287 3902 3480 3940 omnes

1884 3988 1977 4061 qui
2017 3989 2289 4044 accedunt
2322 3986 2531 4042 servire
2559 3985 2670 4040 Deo
2698 4003 2711 4039 :
2739 3985 2840 4039 bos
2875 3983 3026 4037 enim
3053 3981 3335 4035 ambulare
3363 3995 3480 4032 ma-

1882 4083 2029 4138 xime
2058 4082 2110 4136 in
2145 4079 2390 4151 gentium
2418 4077 2660 4150 legitima
2689 4078 2801 4132 non'
2824 4076 2952 4131 licet
2985 4094 2999 4130 :
3027 4074 3273 4145 gentium
3296 4080 3478 4125 autem

1881 4177 2002 4232 sine
2033 4174 2343 4236 nationum,
2369 4170 2645 4242 quarum?
2674 4168 2822 4236 Quas
2841 4184 2946 4240 ego
2976 4166 3307 4237 expulsurus
3335 4179 3479 4230 sum,

1880 4267 1980 4334 ait,
2026 4274 2154 4321 ante
2192 4279 2329 4320 vos:
2361 4261 2507 4333 quod
2536 4260 2720 4317 caeteri
2761 4260 3127 4328 interpretum
3157 4255 3477 4319 ediderunt,

1879 4374 2011 4429 quas
2037 4355 2192 4426 ejicio
2223 4371 2315 4425 ego
2341 4370 2375 4408 a
2401 4352 2539 4424 facie
2589 4360 2786 4406 vestra.
2821 4347 2963 4404 LXX
3008 4355 3214 4413 autem,
3250 4364 3283 4399 a
3313 4345 3478 4405 vobis.

1878 4449 1934 4511 id
1962 4456 2048 4503 est
2074 4447 2363 4503 daemonia.
2399 4443 2526 4499 llaec
2553 4443 2704 4498 enim
2735 4457 2766 4496 a
2810 4441 2951 4496 facie
2975 4439 3218 4495 fidelium
3272 4436 3482 4508 expulit

175 4537 537 4599 cognatorum
578 4531 1045 4598 commistionem,
1098 4537 1531 4612 societatemque
1575 4546 1763 4615 prohi-
1806 4567 1850 4622 ι)
1876 4541 2213 4599 dominantia
2265 4539 2369 4605 eis,
2420 4537 2574 4609 prius
2605 4552 2731 4592 cum
2778 4536 2832 4590 in
2872 4535 3159 4604 impietate
3205 4532 3477 4601 persiste-

175 4620 290 4675 bct.
339 4619 569 4686 Quando
613 4626 799 4677 autem
846 4640 1039 4681 rursus
1072 4638 1289 4698 oportet
1316 4631 1770 4695 tribulationibus

174 4712 468 4768 sublevare
495 4715 584 4769 vel
615 4715 852 4783 casibus,
888 4719 1151 4790 praecepit
1194 4730 1252 4776 et
1283 4723 1401 4779 vult
1426 4741 1441 4779 :
1467 4735 1522 4781 et
1546 4730 1772 4800 nuptias

174 4817 286 4856 nou
335 4801 392 4856 in
446 4802 750 4872 pollutione
792 4807 1186 4877 corruptionis,
1232 4810 1331 4866 sed
1355 4813 1424 4867 ad
1456 4819 1772 4875 successio-

174 4910 304 4949 nem
353 4895 573 4966 generis
611 4896 932 4953 hominibus
960 4902 1243 4973 praecepit,
1278 4916 1508 4977 propter
1532 4912 1679 4980 quod
1711 4923 1768 4969 et

173 5001 302 5041 eum
330 4987 424 5057 qui
452 4987 533 5044 sic
561 4989 846 5056 miscetur,
871 4991 990 5047 sine
1018 4993 1145 5049 filiis
1174 4997 1317 5051 mori
1350 5003 1653 5073 praecepit;
1695 5006 1771 5063 ait

173 5078 344 5144 enim,
369 5085 567 5151 absque
588 5081 716 5148 ﬁliis
753 5092 907 5138 erunt
938 5101 957 5139 :
982 5086 1111 5156 quia
1152 5088 1392 5147 filiorum
1425 5097 1770 5164 procreatio-

174 5168 261 5224 nis
294 5169 492 5240 legem,
548 5172 691 5227 male
736 5173 960 5242 utendo,
993 5176 1301 5236 confundit.
1337 5181 1478 5250 Quid
1522 5202 1654 5260 ergo
1684 5197 1772 5244 est

174 5263 315 5317 mori
341 5264 462 5319 sine
486 5264 657 5320 filiis?
688 5276 792 5323 roc
820 5269 966 5324 enim
989 5271 1093 5327 hac
1115 5272 1234 5346 lege
1251 5290 1500 5346 quaerere
1530 5281 1770 5341 maxime

173 5357 551 5413 necessarium
593 5369 697 5425 est,
749 5370 934 5418 utrum
970 5363 1113 5420 ﬁlios
1156 5382 1346 5424 eorum
1374 5372 1467 5440 qui
1499 5375 1766 5431 uxoribus

173 5447 404 5505 fratrum
432 5453 941 5525 avunculorumque
984 5470 1317 5528 nupserunt,
1353 5461 1595 5519 interimi
1623 5482 1763 5535 prae-

169 5543 405 5612 ceperit,
454 5552 510 5600 et
545 5547 820 5615 quomodo
850 5548 959 5604 ait:
996 5548 1116 5604 Non
1146 5555 1438 5608 morientur
1465 5567 1644 5626 patres
1668 5576 1763 5627 pro

173 5634 321 5707 filiis,
351 5651 445 5691 nec
486 5635 589 5705 ﬁlii
639 5655 735 5707 pro
778 5639 1022 5723 patribus
1042 5642 1128 5696 ’7?
1180 5642 1289 5700 Sed
1320 5645 1636 5703 nullatenus
1666 5665 1765 5705 eos

1874 4642 2021 4698 rent,
2071 4640 2259 4687 etnec
2300 4645 2444 4684 unus
2482 4627 2601 4692 uni,
2655 4626 2754 4682 sed
2787 4626 2944 4681 multi
2982 4624 3076 4680 uni
3116 4621 3481 4679 dominaban-

1878 4733 1986 4780 tur.
2025 4722 2183 4791 Quod
2214 4722 2414 4793 probat
2461 4720 2629 4775 Maria
2662 4720 3004 4791 Magdalene,
3038 4717 3110 4773 de
3133 4732 3242 4787 qua
3269 4724 3481 4785 septem

1875 4817 2038 4888 ejecit
2081 4815 2373 4879 daemonia,
2409 4824 2467 4870 et
2497 4815 2591 4886 qui
2630 4814 2850 4870 vinctus
2887 4823 3008 4869 erat
3047 4812 3295 4877 catenis;
3343 4808 3479 4865 dicit

1876 4907 2024 4965 enim
2053 4908 2102 4962 ei
2130 4927 2145 4963 :
2178 4907 2336 4981 Legio
2368 4923 2560 4960 nomen
2586 4915 2661 4961 est
2696 4908 2842 4971 milii,
2879 4907 3006 4977 quia
3037 4904 3193 4959 multi
3221 4901 3477 4976 sumus”.

1877 5003 2004 5058 Haec
2051 5017 2183 5072 ergo
2244 5016 2369 5072 quae
2418 5001 2507 5056 lex
2550 4999 2855 5072 prohibuit,
2905 5000 2975 5054 ab
3026 4998 3148 5052 aliis
3188 4995 3478 5052 commissa

1876 5102 2026 5158 sunt,
2070 5101 2166 5147 aut
2207 5091 2310 5163 ipsi
2341 5108 2440 5163 per
2473 5108 2533 5147 se
2571 5093 2885 5163 agentibus,
2921 5098 3017 5145 aut
3064 5090 3119 5144 in
3156 5086 3476 5143 hominibus

1875 5186 2274 5257 operantibus:
2341 5194 2564 5255 propter
2615 5201 2756 5255 quos
2811 5199 2906 5240 eos
2957 5183 3102 5238 Deus
3132 5179 3479 5235 abominatus
3531 5251 3535 5255 ν

1873 5288 1980 5346 est,
2034 5288 2090 5335 et
2151 5294 2254 5335 nos
2308 5279 2362 5333 in
2416 5279 2794 5334 haareditatem
2842 5277 3061 5333 illorum
3095 5272 3396 5329 introduxit
3421 5271 3475 5325 iu

1877 5382 2081 5427 terram
2132 5370 2395 5426 fluentem
2425 5371 2511 5426 lac
2542 5379 2599 5426 et
2631 5373 2759 5425 mel.
2792 5369 2912 5425 Non
2953 5368 3112 5432 dixit,
3155 5365 3474 5427 habentem,
3531 5404 3551 5411 ..

1873 5474 1933 5520 ut
1963 5465 2033 5519 de
2063 5465 2168 5519 hac
2196 5464 2445 5519 sensibili
2483 5474 2628 5519 terra
2659 5462 2921 5532 accipias,
2953 5459 3100 5530 quod
3128 5459 3339 5514 dictum
3366 5464 3474 5522 est,

1871 5556 1967 5612 sed
2009 5558 2281 5626 ﬂuentem.
2335 5556 2469 5622 Quae
2502 5564 2587 5611 est
2633 5566 2816 5611 autem
2851 5564 2994 5609 terra
3023 5566 3145 5623 qua:
3172 5550 3255 5604 lac
3281 5560 3339 5604 et
3365 5554 3471 5607 mel

1872 5647 2041 5703 ﬂuat?
2099 5648 2332 5705 Delicias
2394 5649 2558 5722 igitur
2585 5649 2721 5703 dicit
2771 5648 2940 5702 futuri
2974 5648 3181 5718 smculi,
3217 5661 3273 5708 et
3321 5651 3466 5706 bona

241 5838 417 5906 ,“lsa.
442 5854 587 5909 xxvr,
618 5838 705 5897 18.
783 5842 829 5875 ³⁵
853 5842 1013 5901 Deut.
1038 5862 1163 5911 xxv,
1202 5847 1253 5903 5.
1330 5848 1374 5883 ’⁸
1402 5847 1569 5903 llutb.
1606 5867 1687 5917 lli,
1731 5852 1752 5907 l
1794 5867 1945 5922 seqq.
2025 5851 2069 5883 97
2102 5851 2257 5907 Deut.
2292 5868 2437 5918 xxiv,
2478 5850 2561 5907 l6.
2641 5851 2685 5884 ’9
2721 5850 2884 5907 Marc.
2917 5868 2971 5919 v,
2995 5852 3049 5909 9.
