3892 6408
475 379 610 449 ιθειι
1668 373 2001 435 unsrcm

2171 369 2559 431 ESBYTERT
3599 372 3708 437 1052

467 509 589 570 quae
637 496 800 553 nobis
844 495 988 552 Deus
1036 503 1161 566 post
1201 493 1661 551 resurrectionem
1710 501 2057 548 mortuorum
2092 498 2131 553 Α
2161 498 2389 547 ςσῑιηῑῑῑι·
2430 489 2763 556 actionibus,
2801 487 2905 543 etsi
2936 486 3179 544 ﬁdelium
3238 488 3447 560 ﬁngant
3475 488 3708 558 habitum,

469 593 670 660 donat;
738 606 861 660 quae.
914 589 998 645 lac
1057 598 1113 645 et
1151 589 1258 643 mel
1306 586 1621 658 appellavit,
1653 586 1782 655 quia
1813 600 1879 639 eo
1921 585 2057 640 nihil
2162 592 2220 639 ut
2267 584 2535 639 immundi
2601 581 2837 653 separati
2889 590 3134 646 sunt,et
3172 582 3322 638 inter
3364 582 3625 641 immunda
3646 590 3713 643 di-

469 692 553 739 est
583 684 805 739 suavius
835 683 891 737 in
918 682 1003 737 his
1024 682 1223 753 quibus
1253 696 1401 735 nunc
1425 681 1631 734 utimur
1686 678 1847 745 cibis,
1880 693 2059 748 neque
2160 678 2349 733 stincti
2383 687 2533 744 sunt,
2566 692 2595 731 a
2625 692 2860 747 quorum
2888 691 2992 730 nos
3024 674 3351 731 omnimodo
3395 677 3545 732 malis
3571 680 3715 734 absti-

468 777 707 832 dulcius.
758 774 865 831 Sed
896 785 952 831 et
984 775 1104 831 sine
1132 774 1320 829 labore
1368 788 1583 837 eorum,
1632 771 1788 827 cibus
1818 781 1903 826 est
1938 771 2061 825 nul—
2161 784 2293 824 nere
2325 769 2601 824 desiderat
2651 777 2879 838 propter
2903 767 3052 838 quod
3078 766 3327 822 addidit:

469 869 577 924 lius
604 868 942 939 operationis
971 868 1058 922 vel
1087 865 1504 938 prreparationis
1532 880 1699 935 egens
1724 882 1737 917 :
1771 863 1882 918 illic
1912 864 2059 920 enim
2233 861 2398 916 Erilis
2420 861 2591 914 sancti
2611 859 2761 933 mihi,
2797 859 2921 927 quia
2955 875 3048 929 ego
3077 868 3295 913 sanctus
3326 875 3441 913 sum
3474 859 3714 917 Dominus.

469 960 613 1015 bona
642 960 823 1016 futura
852 960 1037 1014 saeculi
1085 961 1203 1014 sine
1238 958 1426 1014 labore
1456 965 1621 1012 erunt
1647 955 1828 1025 aliquo
1852 956 1939 1010 vel
1970 956 2063 1010 do.
2162 952 2265 1019 Qui
2317 952 2490 1007 forma
2526 951 2679 1006 vobis
2704 950 3145 1006 conversationis
3200 949 3437 1005 eﬂ’eetus
3488 966 3618 1019 sum,
3644 969 3715 1023 qui

470 1053 606 1117 lore,
645 1053 849 1108 nullius
880 1052 1069 1117 studii,
1118 1051 1325 1106 nullius
1354 1060 1675 1121 apparatus,
1704 1049 1910 1103 nullius
1937 1064 2062 1118 opc-
2166 1055 2375 1101 tantum
2425 1051 2708 1098 aversatus
2759 1058 2879 1097 sum
2938 1051 3181 1105 terrena,
3227 1050 3290 1095 ut
3348 1056 3452 1097 nec
3493 1043 3717 1099 haberem

470 1147 700 1201 rationis
733 1146 971 1216 egentia.
1007 1146 1076 1200 Et
1112 1145 1236 1215 quis
1264 1145 1426 1200 nobis
1453 1143 1571 1198 haec
1605 1142 1720 1209 det,
1756 1150 1947 1213 aperte
1983 1156 2063 1196 sc-
2164 1155 2273 1209 quo
2320 1138 2646 1194 reclinarem
2689 1144 2875 1206 caput,
2930 1137 3026 1207 qui
3083 1136 3253 1191 etiam
3297 1137 3440 1190 meis
3470 1136 3718 1207 discipulis

469 1236 691 1306 quentia
719 1237 884 1291 verba
912 1236 1244 1307 legislatoris
1272 1235 1595 1290 ostendunt.
2166 1228 2456 1283 mandavi:
2513 1227 2632 1282 Non
2676 1228 2992 1297 possideatis
3023 1243 3221 1281 aurum
3257 1241 3424 1295 neque
3455 1238 3716 1295 argentum,

540 1328 654 1400 Ego
688 1329 946 1384 Dominus
989 1330 1125 1384 Deus
1160 1339 1345 1393 vester,
1380 1329 1469 1399 qui
1509 1327 1753 1397 separavi
1792 1342 1880 1379 vos
1905 1342 1938 1378 a
1965 1339 2067 1378 ειε-
2168 1340 2329 1393 neque
2351 1339 2420 1377 res
2447 1324 2501 1376 in
2526 1322 2669 1376 zonis
2698 1323 2900 1387 vestris,
2937 1339 3040 1376 non
3073 1339 3260 1393 peram
3285 1322 3340 1375 in
3373 1324 3478 1387 via,
3509 1338 3593 1377 nec
3614 1324 3721 1379 duas

471 1422 597 1474 teris
627 1422 853 1491 populis.
888 1421 1002 1476 [loc
1041 1430 1225 1475 autem
1259 1419 1516 1474 Christus
1568 1418 1735 1473 fecit:
1767 1417 1884 1486 ipse
1914 1415 2065 1470 enim
2168 1417 2391 1479 tunicas,
2422 1431 2584 1485 neque
2615 1414 2998 1479 calceamcnta,
3042 1431 3212 1485 neque
3232 1414 3495 1484 virgam'.
3529 1415 3583 1469 In
3624 1425 3723 1471 tan-

470 1512 527 1564 in
573 1510 885 1582 Evangeliis
925 1513 994 1567 ab
1034 1512 1295 1567 omnibus
1342 1510 1596 1581 gentibus
1623 1526 1735 1565 non
1768 1509 1945 1564 solum
1978 1508 2065 1562 in-
2168 1520 2281 1564 tum
2306 1523 2434 1579 ergo
2463 1523 2650 1562 eorum
2692 1523 2814 1578 qua:
2845 1508 2902 1562 in
2942 1517 3090 1562 terra
3120 1515 3350 1579 repunt,
3388 1507 3525 1563 nihil
3546 1524 3631 1564 eos
3657 1525 3729 1563 sa-

472 1602 870 1674 telligibilibus,
924 1605 1021 1658 sed
1071 1604 1449 1666 sensibilibus,
1515 1601 1805 1672 distinguit
1848 1615 1945 1655 eos
1973 1598 2065 1670 qui
2168 1618 2298 1673 pere
2326 1611 2419 1657 aut
2446 1617 2606 1672 agere
2631 1602 2833 1657 studet.

472 1695 528 1747 in
563 1691 701 1748 eum'
746 1696 1009 1764 credunt;
1054 1697 1130 1750 ait
1173 1695 1319 1750 cnim
1349 1715 1361 1749 :
1396 1694 1476 1748 Ne
1508 1695 1763 1764 cogitetis,
1800 1694 2064 1747 dicentes:
2242 1694 2403 1749 Vens.
2436 1692 2527 1748 27.
2576 1712 2595 1744 ‹
2643 1692 2760 1758 Vir,
2809 1693 2928 1749 sive
2973 1693 3195 1757 mulier,
3240 1692 3298 1746 in
3333 1691 3531 1762 quibus
3558 1693 3724 1763 Pytho-

473 1786 614 1851 Quid
636 1788 1018 1843 comedemus?
1065 1800 1157 1843 aut
1194 1790 1322 1859 quid
1377 1788 1651 1843 bibemus?
1704 1795 1798 1840 aut
1840 1802 1941 1856 quo
1967 1802 2069 1838 ve-
2169 1786 2345 1853 nicus,
2379 1787 2467 1842 vel
2514 1785 2868 1841 divinationis
2908 1785 3078 1841 fuerit
3127 1785 3385 1855 Spiritus,
3435 1793 3602 1839 morte
3636 1802 3726 1840 mo-

471 1879 735 1933 stiemur?
778 1879 889 1935 lucc
914 1890 1092 1934 autem
1115 1881 1295 1934 omnia
1332 1889 1507 1950 gentes
1532 1880 1804 1950 inquirunt
1823 1879 1888 1930 9’.
1920 1877 2065 1947 Ergo
2098 1859 2139 1915 Β
2170 1879 2399 1945 riantur,
2446 1878 2719 1949 lapidibus
2762 1877 3000 1932 obruent
3029 1891 3147 1931 eos.
3182 1874 3425 1945 Sanguis
3471 1890 3643 1929 eorum
3676 1876 3726 1930 sit

473 1979 661 2039 aperte
691 1986 794 2025 nos
843 1981 1127 2041 separatos
1171 1986 1295 2026 esse
1331 1987 1360 2025 a
1406 1971 1664 2041 gentibus
1702 1971 1840 2035 vult,
1893 1970 2066 2025 subli-
2171 1986 2337 2039 super
2363 1970 2503 2025 illos.
2546 1990 2565 2022 ι

474 2063 703 2118 miorem
734 2065 997 2119 sectando
1022 2064 1518 2119 conversationem.
2243 2063 2357 2117 Hoc
2393 2063 2569 2134 ipsum
2600 2062 2962 2134 Pythonicum
3002 2075 3145 2124 esse,
3178 2058 3268 2115 vel
3322 2058 3585 2123 divinum,
3616 2059 3723 2118 sive.

547 2154 716 2211 Vens.
746 2156 837 2222 25,
869 2157 961 2211 26.
1000 2177 1018 2209 ι
1057 2158 1319 2227 Separate
1355 2174 1485 2228 ergo
1520 2166 1575 2212 et
1618 2173 1715 2212 vos
1755 2157 2066 2227 iumentum
2172 2166 2232 2210 ut
2257 2153 2422 2222 LXX,
2474 2156 2884 2218 incantatorem,
2931 2151 3114 2207 nimiae
3170 2149 3484 2221 iniquitatis
3521 2158 3629 2204 est:
3658 2150 3725 2217 qui

473 2247 742 2302 mundum
770 2249 838 2303 ab
879 2249 1184 2315 immundo,
1218 2265 1372 2304 avem
1427 2250 1687 2304 mundam
1725 2251 1793 2304 ab
1824 2250 2069 2303 immun-
2172 2250 2319 2303 enim
2357 2249 2479 2303 talis
2505 2257 2611 2314 est,
2643 2256 2699 2303 et
2730 2247 2847 2318 ipse
2881 2253 3179 2316 corruptus
3230 2252 3342 2307 est,
3375 2252 3428 2298 et
3458 2242 3587 2296 alios
3626 2256 3725 2310 pro-

473 2338 562 2392 da.
606 2337 685 2393 Ne
734 2340 991 2410 polluatis
1041 2342 1253 2396 animas
1298 2350 1511 2396 vestras
1551 2342 1605 2395 in
1650 2356 1870 2411 pet-ore,
1924 2351 1981 2395 ct
2014 2339 2069 2394 in
2172 2340 2450 2395 culdubio
2495 2340 2548 2393 in
2598 2355 2697 2394 sua
2735 2339 3026 2408 iniquitate
3055 2336 3385 2406 corrumpit.
3436 2334 3583 2389 Unde
3618 2348 3725 2402 pra:-

472 2430 689 2497 avibus,
736 2440 793 2487 et
839 2432 1055 2488 cunctis
1104 2448 1226 2502 quze
1256 2433 1547 2488 moventur
1584 2432 1636 2486 in
1665 2441 1831 2496 terra,
1862 2441 1916 2487 et
1948 2447 2070 2502 qua:
2172 2431 2316 2500 cepit
2342 2430 2616 2501 lapidibus
2658 2446 2786 2485 eum
2813 2429 2995 2495 obrui,
3028 2428 3157 2498 quia
3193 2442 3305 2482 nec
3346 2425 3596 2481 sensibile
3626 2424 3726 2494 quid

472 2522 630 2578 vobis
654 2524 868 2580 ostendi
899 2540 1022 2580 esse
1053 2526 1283 2595 polluta.
1330 2524 1496 2581 Eritis
1542 2525 1713 2581 sancti
1752 2525 1911 2588 mihi,
1944 2526 2071 2595 quia
2174 2527 2408 2598 agimus,
2455 2526 2550 2581 sed
2587 2525 2804 2580 fabulas
2835 2525 2902 2579 de
2934 2524 3125 2588 corde,
3171 2521 3348 2576 veluti
3384 2518 3665 2591 superﬂuos
3688 2528 3727 2571 et

474 2623 699 2670 sanctus
741 2631 863 2670 sum
896 2631 997 2685 ego
1030 2614 1294 2671 Dominus
1336 2624 1391 2670 et
1425 2615 1674 2684 separavi
1710 2630 1806 2668 vos
1836 2628 1865 2666 a
1898 2629 2072 2683 popu-
2175 2633 2343 2673 vanos
2396 2633 2699 2679 sermones.
2757 2618 2842 2672 vel
2898 2616 3149 2687 quaedam
3219 2613 3382 2685 quasi
3440 2611 3726 2667 incantantia

475 2706 562 2769 liS,
598 2713 661 2759 ιη
690 2706 889 2760 essetis
914 2706 1045 2759 mei.
1084 2724 1104 2757 ι
2175 2711 2571 2776 blandimenta,
2622 2710 2943 2781 incongruis
2992 2709 3373 2769 doctrinarum
3427 2704 3726 2762 sermonibus

543 2798 825 2862 Jumenta,
877 2798 993 2853 sive
1042 2813 1263 2869 pecora,
1306 2796 1435 2867 quia
1474 2798 1767 2867 populares
1818 2796 2072 2851 homines
2177 2801 2484 2865 studemus,
2534 2812 2591 2857 ut
2623 2803 2992 2873 popularium,
3025 2800 3140 2856 sive
3171 2799 3511 2871 simplicium
3542 2796 3726 2869 seduce-
3760 2834 3766 2841 .

476 2890 746 2961 intelligat
771 2890 890 2955 lex;
943 2891 1184 2946 volatilia
1229 2901 1410 2945 autem
1458 2891 1945 2959 contemplatores,
1978 2891 2073 2960 qui
2177 2910 2300 2949 mus
2323 2896 2562 2959 auditus,
2612 2897 2682 2951 ad
2717 2897 3041 2952 nutriendos
3077 2906 3306 2951 ventres
3347 2902 3578 2957 nostros,
3603 2901 3727 2959 atque

476 2983 546 3039 ad
573 2983 968 3038 sublimitatem
995 2992 1193 3039 vacant
1239 2983 1506 3049 scienti-.13,
1534 2991 1723 3053 aperte
1751 3000 1779 3036 a
1809 2982 1989 3048 nobis,
2019 2992 2075 3038 et
2178 2988 2398 3057 explere
2429 2999 2650 3044 nostras
2695 2990 3005 3061 voluptates
3039 2990 3175 3045 alias
3210 2990 3413 3045 talibus
3455 2986 3727 3058 exquisitio-

478 3092 605 3130 cum
634 3077 837 3147 quibus
872 3077 1163 3147 oportebat
1187 3074 1596 3147 Scripturarum
1631 3076 2071 3146 probationibus,
2178 3081 2342 3137 nibus
2369 3082 2675 3152 cupientes.
2713 3082 2915 3153 Aperte
2963 3082 3113 3138 enim
3146 3082 3521 3153 intelligibiles
3569 3079 3730 3149 Pytho-

476 3176 760 3224 ostensum
782 3176 887 3235 est,
918 3184 1045 3225 cum
1079 3169 1147 3225 de
1179 3167 1461 3224 sacrificiis
1494 3176 1550 3224 et
1593 3168 1729 3224 cibis
1772 3169 2077 3239 quadrupe-
2102 3217 2144 3276 ο
2180 3173 2335 3228 nicos
2388 3181 2445 3229 et
2503 3190 2705 3244 pravos
2762 3175 3132 3230 incantatores
3190 3174 3464 3229 Romanis
3525 3172 3728 3227 scribens

477 3258 612 3315 dum
659 3260 1075 3331 volatiliumque
1102 3262 1433 3325 diceremus,
1469 3262 1594 3332 quia
1633 3262 1816 3316 omnis
1844 3262 2073 3333 popula-
2104 3258 2143 3276 ν
2177 3264 2380 3320 Paulus
2438 3282 2533 3321 vas
2583 3266 2868 3322 electionis
2908 3267 3180 3337 expressit
3213 3286 3227 3322 :
3285 3266 3545 3338 Rogamus
3586 3272 3728 3316 autem

479 3355 556 3409 ris
594 3355 835 3409 mundus
877 3366 1103 3426 pr0pter
1146 3355 1554 3426 simplicitatem
1588 3373 1618 3410 a
1649 3356 2076 3426 pluribusjudi-
2178 3371 2286 3423 vos,
2325 3357 2538 3426 fratres,
2576 3366 2632 3409 ut
2665 3357 2947 3412 observetis
2975 3374 3063 3411 eos
3104 3358 3197 3427 qui
3247 3357 3584 3411 dissensiones
3624 3352 3731 3409 inter

480 3456 658 3513 catur,
681 3447 1043 3518 similiterque
1071 3456 1128 3503 et
1159 3449 1251 3519 qui
1280 3450 1347 3503 ad
1380 3449 1663 3504 scientiam
1708 3449 1947 3503 divinam
1986 3465 2077 3502 se-
2182 3465 2267 3502 vos
2297 3460 2347 3503 et
2383 3450 2695 3520 offendicula
2737 3460 2930 3520 praeter
2977 3451 3279 3505 doctrinam
3321 3467 3480 3521 quam
3513 3464 3593 3501 vos
3619 3444 3727 3498 didi-

482 3540 748 3610 metipsos
806 3540 1023 3596 tradere
1072 3550 1237 3612 atque
1287 3557 1556 3612 occupare
1595 3542 1873 3596 videntur.
1917 3541 2075 3607 Quod
2181 3542 2342 3606 cistis,
2392 3543 2615 3614 faciunt,
2649 3554 2696 3596 et
2727 3545 2986 3598 declinata
3014 3543 3079 3597 ab
3103 3544 3177 3598 eis
3203 3544 3243 3599 *.
3285 3543 3390 3610 Qui
3433 3550 3601 3596 autem
3630 3537 3732 3591 sint

484 3649 598 3687 non
651 3634 726 3688 ita
773 3649 831 3689 se
864 3635 1033 3691 habet
1066 3654 1079 3690 :
1132 3645 1353 3707 oportet
1397 3640 1545 3693 enim
1583 3638 1903 3709 pepularem
1952 3653 2081 3708 pru-
2179 3634 2260 3699 bi,
2295 3635 2349 3688 in
2389 3636 2857 3705 subsequentibus
2885 3636 3224 3706 explanavit:
3261 3636 3332 3690 Hi
3382 3636 3515 3689 enim
3551 3629 3730 3687 Domino

482 3728 701 3782 dentem
736 3744 856 3783 esse
888 3729 940 3782 in
976 3730 1149 3796 bono;
1182 3730 1234 3784 in
1266 3731 1408 3784 malo
1442 3739 1646 3796 autem,
1672 3730 1814 3785 sieut
1846 3729 1922 3784 ait
1950 3729 2081 3784 Pau-
2181 3736 2359 3782 nostra
2399 3727 2601 3784 Christo
2642 3745 2745 3782 non
2794 3730 3044 3793 serviunt,
3075 3730 3165 3783 sed
3207 3746 3306 3783 suo
3357 3729 3540 3792 ventri,
3579 3733 3625 3777 et
3664 3735 3732 3789 ρετ

484 3819 625 3884 lus’,
684 3820 1009 3891 simplicem.
1057 3821 1153 3876 ilic
1182 3822 1328 3877 enim
1361 3823 1453 3894 qui
1493 3823 1615 3877 talis
1669 3831 1786 3890 est,
1838 3823 2079 3879 mundus
2182 3820 2359 3874 dulces
2412 3838 2695 3887 sermones,
2749 3830 2798 3875 et
2846 3823 3270 3889 benedictiones,
3320 3824 3566 3883 seducunt
3607 3815 3729 3871 corda

483 3920 598 3978 est;
651 3913 742 3982 qui
784 3922 966 3967 autem
1016 3913 1137 3969 talis
1178 3930 1286 3969 non
1323 3924 1427 3979 est,
1467 3914 1787 3969 immundus
1818 3923 1925 3969 est.
1972 3911 2080 3968 Sed
2182 3914 2600 3968 innocentium".
2639 3912 2780 3986 Ergo
2808 3914 2949 3970 bene
2980 3915 3061 3970 eis
3085 3915 3369 3988 legislator
3396 3915 3567 3971 dixit:

483 4013 540 4057 ct
595 4005 686 4074 qui
734 4006 1175 4076 contemplandis
1237 4006 1437 4063 divinis
1485 4015 1664 4072 vacat,
1702 4006 2081 4061 necessarium
2253 4001 2483 4073 Sanguis
2518 4019 2699 4058 eorum
2737 4006 2982 4076 sitsuper
3012 4022 3115 4061 eos.
3162 4006 3305 4073 Quia
3333 4006 3385 4063 vi
3421 4005 3730 4071 corrumpqu

487 4100 653 4155 habet
677 4102 941 4156 mundum
993 4118 1108 4168 eor,
1160 4103 1531 4172 mundamque
1557 4100 1982 4165 conscientiam,
2027 4108 2082 4154 et
2183 4096 2470 4167 populum.

487 4190 646 4246 lidem
678 4207 789 4244 non
838 4195 1041 4245 lictam.
1091 4190 1194 4258 Qui
1236 4200 1419 4245 autem
1462 4191 1582 4245 haec
1626 4205 1734 4243 non
1764 4190 1991 4253 habent,
2026 4189 2081 4244 in
2783 4189 3012 4246 CAPUT
3046 4190 3188 4246 XXI.

484 4280 797 4351 vaniloquia
845 4290 1267 4345 convertuntur,
1311 4298 1414 4334 non
1445 4279 1796 4346 intelligentes
1832 4296 1996 4350 neque
2020 4280 2109 4333 des
2259 4279 2420 4337 Vsus.
2454 4283 2571 4339 1-4.
2632 4303 2650 4334 ι
2685 4283 2941 4354 Dixitque
2975 4283 3241 4339 Dominus
3271 4284 3340 4339 ad
3378 4283 3618 4353 Moysen:
3648 4274 3728 4328 Lo-

486 4374 673 4442 quib‘us
738 4372 1043 4445 loquuntur,
1096 4391 1261 4444 neque
1289 4373 1351 4425 de
1388 4371 1576 4442 quibus
1622 4372 1910 4441 afﬁrmant,
1942 4371 2081 4427 sicut
2184 4390 2354 4444 quere
2384 4376 2452 4431 ad
2490 4375 2824 4441 sacerdotes,
2865 4375 3006 4430 ﬁlios
3041 4375 3244 4442 Aaron,
3293 4386 3350 4432 et
3380 4375 3524 4429 dices
3557 4370 3616 4424 ad
3641 4379 3726 4420 90$-

487 4463 553 4518 ad
583 4461 933 4519 Timotheum
977 4464 1241 4533 scriptum
1276 4474 1359 4518 est
1380 4467 1420 4517 ’.
1478 4462 1795 4519 Necessario
1849 4480 1980 4535 ergo
2028 4473 2084 4518 ct
2186 4466 2264 4520 Ne
2293 4469 2704 4523 contaminetur
2727 4450 3011 4524 sacerdos]
3033 4468 3090 4521 in
3121 4470 3391 4524 mortibus
3418 4465 3603 4521 civium
3634 4472 3728 4513 suo:

488 4557 687 4611 horum
711 4557 1039 4627 illorumque
1071 4556 1307 4611 mundos
1348 4556 1591 4626 separari
1629 4556 1892 4626 praecepit
1918 4563 2084 4626 atque
2121 4574 2161 4627 ο
2192 4572 2333 4622 rum,
2366 4557 2472 4611 nisi
2500 4567 2711 4612 tantum
2745 4559 2797 4612 in
2823 4559 3254 4631 consanguineis
3288 4570 3384 4614 aut
3417 4550 3726 4627 propinquis;

490 4648 821 4715 immundos,
856 4658 917 4704 ut
943 4649 1012 4704 ab
1051 4650 1135 4703 his
1163 4648 1557 4711 abstineamus,
1592 4650 1700 4704 illis
1731 4650 2085 4705 cummiscea-
2190 4647 2241 4703 id
2266 4657 2370 4711 est,
2401 4662 2568 4718 super
2594 4656 2770 4718 patre,
2800 4665 2865 4705 ac
2894 4654 3090 4715 matre,
3118 4660 3175 4704 et
3204 4650 3338 4714 ﬁlio,
3369 4658 3421 4703 et
3451 4648 3575 4706 ﬁlia,
3598 4644 3729 4696 fratre

488 4758 633 4796 mur.
689 4742 796 4796 Sed
847 4742 1076 4796 multam
1128 4740 1455 4811 sapientiam
1499 4757 1653 4796 suam
1711 4742 1873 4797 etiam
1933 4760 2086 4798 nunc
2191 4754 2407 4810 quoque
2443 4752 2497 4795 et
2522 4756 2709 4796 sorore
2738 4742 2963 4813 virgine,
2995 4759 3118 4813 quze
3149 4760 3257 4798 non
3310 4751 3395 4797 est
3422 4747 3579 4808 nupta
3606 4735 3725 4790 viro?

491 4832 764 4902 lcgislator
810 4832 1086 4897 ostendit,
1138 4831 1206 4886 de
1253 4829 1703 4900 quadrupedibus
1755 4831 1977 4901 quidem
2029 4840 2086 4887 et
2193 4833 2291 4886 sed
2375 4849 2478 4889 nec
2540 4834 2593 4888 in
2660 4836 2910 4907 principe
2981 4837 3168 4907 populi
3225 4836 3311 4892 sui
3382 4822 3729 4891 contaminabi-

490 4923 805 4978 volatilibus
860 4924 937 4978 ita
1008 4924 1375 4994 distinguens,
1433 4922 1487 4976 in
1550 4924 1839 4995 rcptilibus
1892 4934 2079 4980 autem
2196 4931 2303 4977 tur.
2347 4943 2364 4975 ι

492 5024 648 5069 terra:
680 5030 789 5070 non
819 5016 912 5078 ita,
949 5025 1145 5070 cuncta
1174 5015 1459 5085 cnimqua:
1491 5025 1785 5071 moventur
1815 5017 1871 5070 in
1915 5027 2080 5084 terra,
2265 5016 2408 5070 LXX
2447 5028 2652 5086 autem,
2710 5019 2831 5075 Non
2860 5020 3126 5090 polluetur
3165 5039 3229 5076 ex
3257 5022 3424 5076 subito
3490 5018 3540 5071 in
3577 5005 3728 5079 ροριιέο

492 5111 772 5165 immunda
829 5119 957 5165 sunt
988 5129 999 5164 :
1035 5110 1138 5177 Qui
1173 5104 1388 5165 terrena
1430 5109 1687 5166 videlicet
1728 5110 1894 5181 sapit,
1925 5110 2084 5180 cujus
2191 5128 2308 5177 suo,
2334 5112 2403 5165 ad
2430 5113 2857 5184 profanationem
2891 5132 3066 5171 suam.
3088 5115 3296 5170 Littera
3331 5112 3540 5182 quidem
3565 5122 3591 5159 a
3618 5113 3727 5156 utor-

493 5205 636 5260 Deus
661 5213 855 5260 venter
899 5214 1002 5270 est,
1057 5205 1149 5275 qui
1194 5219 1407 5258 veneno
1468 5206 1709 5274 pascitur
1757 5206 2085 5261 constituta-
2194 5213 2413 5259 tuorum
2468 5205 2861 5275 pollutionibus
2913 5206 3106 5278 fugere
3153 5208 3461 5283 sacerdotes
3491 5191 3723 5271 ντίεεθβίίν

492 5312 612 5350 rum
646 5296 699 5349 in
734 5296 957 5366 pulvere
989 5296 1348 5366 voluptatum.
1385 5297 1459 5352 De
1492 5297 1624 5366 ipsis
1673 5298 1966 5368 siquidem,
2007 5298 2083 5352 si—
2195 5297 2290 5352 sed
2322 5314 2433 5352 non
2474 5298 2591 5354 haec
2614 5308 2698 5355 est
2726 5300 2862 5371 legis
2892 5300 3149 5365 intentio,
3176 5315 3358 5369 neque
3381 5298 3444 5351 de
3479 5296 3573 5349 hoc
3600 5283 3725 5355 legis"

492 5398 581 5443 cut
620 5390 824 5452 cernis,
853 5389 1171 5444 indistincte
1206 5398 1410 5456 narrat,
1443 5390 1670 5445 dicens:
2195 5389 2339 5443 lator
2409 5391 2712 5460 proposuit,
2768 5392 2864 5447 sed
2894 5393 3101 5462 aliquid
3153 5394 3331 5463 majus
3379 5379 3643 5443 intellexit,
3683 5377 3725 5423 ει

568 5478 634 5532 Et
674 5482 875 5534 cunctis
928 5496 1047 5551 qua:
1098 5490 1370 5535 moventur
1424 5483 1481 5536 in
1520 5493 1684 5549 terra,
1720 5493 1767 5538 et
1804 5500 1920 5553 qua:
1949 5484 2087 5538 vobis
2194 5484 2338 5552 quod
2375 5483 2543 5538 nimis
2591 5486 2658 5541 de
2695 5486 3075 5542 sacerdotibus
3106 5484 3412 5542 necessarie
3458 5476 3722 5561 diceretur:

497 5574 695 5628 ostendi
742 5590 851 5629 esse
890 5573 1114 5643 polluta.
1167 5574 1306 5647 Ergo
1352 5592 1544 5633 omnes
1581 5577 1672 5647 qui
1721 5578 1957 5632 terrenis
1989 5594 2086 5647 pa-
2193 5576 2320 5646 quia
2353 5577 2497 5632 enim
2534 5577 2682 5648 ipsos
2710 5579 3005 5650 inspicere,
3036 5580 3256 5651 quando
3281 5576 3543 5648 negliguﬂl
3574 5553 3723 5651 ιιοιιιξῖί

500 5770 612 5891 ¹8’.⁴
654 5767 840 5826 biatth.
874 5789 947 5838 vi,
976 5774 1063 5827 51.
1146 5773 1342 5830 'llom.
1374 5792 1482 5843 xu,
1514 5774 1594 5829 l9.
1668 5776 1725 5829 ’l
1756 5775 1894 5830 Tim.
1932 5793 1966 5841 ι,
2000 5777 2030 5832 6

2220 5781 2239 5811 ³
2269 5778 2458 5835 Matth.
2495 5797 2547 5849 ι,
2582 5782 2643 5850 9;
2672 5779 2802 5839 Luc.
2832 5800 2905 5851 ιι,
2934 5784 2986 5839 5.
3062 5786 3081 5818 ⁵
3110 5786 3268 5842 Rom.
3295 5798 3400 5847 xvi,
3432 5774 3508 5833 l7.
3573 5767 3591 5799 ⁸
3612 5756 3712 5827 wld'
