3892 6440
248 372 278 440 Ῑ
290 379 408 444 053

1431 391 1513 452 ΙΝ
1549 392 1991 453 LEVITICUM.
2025 414 2093 427 ·-
2128 395 2274 454 LIB.
2315 395 2416 455 VI.
2768 440 2791 451 -

3420 399 3555 465 1055

238 510 506 569 peccata,
535 500 760 567 dicitur,
788 507 1094 562 secundum
1128 509 1277 579 quod
1310 509 1363 563 in
1408 508 1549 565 Osee
1590 509 1857 578 scriptum
1891 522 1932 570 Α
1964 513 2366 580 subsequenter
2407 510 2640 578 addidit,
2681 512 2986 566 secundum
3027 511 3192 575 LXX,
3228 530 3330 566 non
3364 517 3555 584 pollui-

238 598 380 646 est:
412 589 641 645 Peccata
664 595 846 663 populi
878 597 980 650 mei
1013 601 1311 664 comedunt,
1349 611 1399 655 et
1427 603 1498 655 ad
1522 603 1857 672 iniquitatem

235 698 439 737 eorum
495 685 835 741 sublevabunt
880 690 1093 744 animos
1145 695 1382 748 eorum“.
1456 693 1576 749 Non
1634 696 1855 765 quidem

236 775 463 841 omnia,
499 791 841 848 quaecunque
889 781 1127 850 populus
1190 793 1403 853 peccat,
1457 784 1593 855 ipsis
1639 796 1858 856 Oportet

238 866 542 935 imputari,
607 869 705 924 sed
762 871 1096 929 intendenda
1158 883 1243 930 est
1299 875 1389 929 illa
1445 877 1516 931 ab
1569 875 1858 931 Ezechiele

237 962 527 1031 propheta
582 961 727 1018 dicta
763 963 1001 1019 divisio:
1041 965 1153 1020 Fili
1186 967 1436 1033 hominis,
1468 969 1857 1039 speculatorem

234 1052 377 1105 dedi
406 1063 456 1105 te
493 1053 671 1106 domui
712 1054 905 1121 Israel,
938 1066 987 1111 et
1014 1059 1199 1113 audies
1222 1060 1287 1114 de
1318 1076 1409 1115 ore
1460 1078 1574 1115 meo
1619 1061 1852 1125 verbum,

236 1152 292 1196 et
330 1143 680 1197 annuntiabis
708 1147 783 1199 eis
823 1163 889 1200 ea:
922 1164 1003 1201 me
1025 1165 1044 1203 :
1086 1150 1132 1202 si
1156 1150 1358 1204 dicente
1384 1167 1466 1204 me
1504 1152 1577 1204 ad
1602 1153 1849 1221 impium,

232 1232 422 1287 Morte
444 1235 702 1300 morieris,
738 1253 844 1290 non
887 1242 1289 1295 annuntiaveris
1348 1243 1416 1304 ei,
1452 1259 1619 1312 neque
1638 1243 1846 1298 locutus

234 1327 440 1395 fueris,
494 1338 549 1381 ut
598 1338 870 1384 avertatur
917 1348 950 1385 a
981 1332 1066 1385 via
1103 1349 1201 1386 sua
1248 1335 1437 1402 impia,
1470 1344 1519 1388 et
1541 1336 1702 1400 vivat,
1746 1337 1855 1404 ipse

232 1417 450 1485 impius
486 1420 539 1471 in
584 1420 867 1489 iniquitate
891 1439 996 1475 sua
1023 1424 1299 1489 morietur,
1327 1427 1640 1495 sanguinem
1665 1435 1850 1480 autem

232 1507 371 1575 ejus
389 1509 455 1561 de
504 1525 666 1562 manu
696 1519 788 1563 tua
816 1512 1113 1583 requiram.
1152 1511 1212 1567 Si
1248 1523 1429 1567 autem
1469 1524 1525 1567 tu
1558 1516 1853 1567 annuntia-

231 1600 386 1652 veris
420 1601 599 1669 impio,
638 1611 688 1654 et
726 1600 819 1656 ille
846 1619 948 1656 non
987 1604 1147 1674 fuerit
1182 1620 1457 1657 conversus
1484 1604 1551 1657 ab
1579 1604 1854 1672 impietate

233 1711 370 1758 sua,
408 1704 457 1747 et
490 1695 573 1747 via
599 1711 695 1747 sua
731 1695 917 1763 impia,
959 1698 1071 1766 ipse
1104 1696 1316 1766 quidem
1347 1697 1402 1749 in
1436 1697 1723 1767 iniquitate
1751 1714 1850 1750 sua

234 1786 526 1848 morietur,
579 1796 634 1839 tu
683 1796 864 1841 autem
906 1789 1142 1841 animam
1195 1797 1343 1842 tuam
1387 1787 1685 1843 liberasti".
1737 1788 1853 1843 Hoc

1962 613 2047 656 tur
2107 603 2279 658 subito
2325 605 2382 657 in
2410 604 2603 673 populo
2647 620 2742 657 suo
2765 643 2778 667 ,
2815 604 2886 658 ad
2915 606 3339 675 profanationem
3378 622 3551 659 suam.

1960 693 2102 757 Quid
2140 709 2238 763 per
2265 693 2368 748 hoc
2396 695 2715 758 ostendens,
2748 694 2851 747 nisi
2880 694 3007 763 quia
3039 694 3301 765 polluitur
3328 695 3548 764 quidem

1959 795 2016 839 et
2048 784 2106 838 in
2148 786 2349 855 populo
2395 794 2656 855 peccante
2703 785 2977 851 sacerdos,
3027 785 3126 839 sed
3183 800 3294 838 non
3327 785 3555 839 subito?

1959 874 2092 941 Qua:
2148 884 2334 930 autem
2375 877 2645 932 accedunt
2702 875 2757 929 in
2828 875 3107 930 extraneis
3171 875 3363 943 culpm,
3437 876 3555 928 hinc

1960 981 2068 1020 non
2130 966 2274 1022 illico
2327 968 2671 1023 sacerdotem
2727 967 3129 1031 contaminant,
3186 966 3283 1020 sed
3334 966 3552 1034 quando

1959 1060 2061 1129 ipsi
2117 1060 2339 1129 quidem
2390 1060 2797 1129 pertnanserint
2826 1058 2883 1111 in
2936 1056 3195 1128 peccatis,
3239 1057 3553 1111 sacerdotes

1958 1161 2141 1206 autem
2190 1167 2285 1207 eos
2350 1167 2544 1206 curare
2611 1150 2974 1223 neglexerint.
3057 1150 3286 1220 Insuper
3369 1149 3553 1202 subito

1956 1243 2230 1312 quispiam
2261 1257 2498 1311 peccans
2532 1242 2600 1296 de
2647 1241 2872 1311 populo,
2912 1241 3072 1295 venia
3112 1240 3338 1311 dignum
3370 1254 3555 1293 sacer-

1956 1336 2163 1399 dotem,
2205 1344 2395 1403 utpote
2442 1334 2807 1404 ignorantem,
2859 1332 3020 1398 facit;
3068 1341 3313 1402 tempore
3365 1340 3550 1386 autem

1956 1424 2118 1494 longo
2144 1433 2507 1493 praeparatum
2542 1432 2829 1492 peccatum
2877 1422 3248 1486 committens,
3278 1421 3462 1475 locum
3494 1419 3548 1472 ei

1956 1514 2130 1568 venia:
2155 1529 2265 1568 non
2287 1514 2541 1582 reliquit:
2570 1511 2861 1583 oportebat
2890 1511 3039 1566 enim
3063 1513 3401 1566 sacerdotem
3434 1527 3549 1565 non

1957 1607 2226 1677 ignorare,
2261 1606 2305 1661 si
2357 1615 2538 1660 tamen
2602 1605 2895 1675 diligenter
2929 1605 3131 1675 populo
3181 1604 3547 1672 praesedisset,

1955 1707 2211 1768 essetque
2247 1698 2516 1753 sollicitus
2563 1697 2840 1767 quomodo
2895 1696 3008 1762 hic,
3048 1695 3322 1765 quomodo
3374 1694 3461 1747 ille
3491 1710 3551 1748 se

1958 1789 2206 1852 haberet,
2259 1798 2443 1844 utrum
2505 1797 2714 1843 starent
2752 1804 2822 1840 an
2864 1795 3149 1850 nutarent,
3186 1796 3246 1840 ut
3293 1796 3552 1841 nutantes

232 1882 436 1928 autem
466 1874 728 1944 apertius,
763 1877 860 1931 sed
892 1885 948 1931 et
970 1876 1227 1933 subtilius
1258 1877 1316 1931 in
1346 1878 1600 1947 praesenti
1631 1878 1850 1949 legisla-
1886 1855 1925 1907 Β
1954 1882 2195 1937 fulciret.
2224 1880 2289 1935 lli
2332 1882 2481 1936 enim
2518 1881 2611 1951 qui
2668 1881 2855 1937 subito
2890 1881 3116 1947 cadunt,
3150 1895 3245 1934 eos
3271 1880 3362 1950 qui
3404 1896 3550 1950 pra:-

235 1973 339 2017 tor
378 1965 674 2033 exposuit:

316 2053 385 2108 In
422 2056 696 2121 mortibus,
728 2056 921 2128 inquit,
947 2073 1052 2111 non
1083 2060 1512 2111 contaminemur
1546 2058 1684 2110 inter
1715 2057 1851 2111 cives

232 2163 390 2201 suos.
428 2147 486 2201 ln
516 2149 760 2218 quibus?
809 2148 870 2204 In
896 2150 1256 2220 peccantibus
1291 2148 1567 2214 videlicet,
1607 2150 1701 2220 qui
1730 2150 1848 2219 pol-

236 2240 461 2295 lutione
514 2243 880 2312 complentur,
947 2249 1005 2298 et
1065 2243 1187 2298 aliis
1254 2243 1475 2312 quidem
1543 2243 1847 2298 secundum

236 2334 515 2403 quosdam
545 2336 737 2391 modos
767 2336 1086 2407 pollutionis
1118 2344 1379 2391 auctores
1408 2336 1566 2401 ﬁunt,
1604 2336 1844 2391 maxime

238 2435 436 2478 tamen
483 2427 864 2499 sacerdotibus
905 2436 962 2481 et
991 2426 1334 2492 doctoribus,
1379 2426 1600 2496 quando
1631 2441 1726 2481 eos
1755 2442 1847 2481 ne-

237 2516 530 2588 glexerint.
566 2516 954 2573 Verumtamen
985 2518 1041 2573 in
1076 2519 1183 2584 his,
1211 2519 1307 2583 ait,
1356 2534 1468 2574 non
1496 2520 1844 2573 contamina-

240 2619 341 2662 tur
393 2609 447 2663 in
500 2611 771 2665 mortibus
820 2610 1026 2667 civium
1078 2626 1325 2677 suorum,
1382 2612 1436 2666 id
1484 2621 1591 2677 est,
1625 2611 1844 2681 quando

239 2704 385 2757 nihil
410 2704 618 2759 inventi
639 2703 866 2772 fuerint,
885 2706 1031 2776 quod
1057 2708 1138 2762 eis
1175 2707 1520 2776 expediebat,
1567 2707 1840 2766 omisisse.

239 2793 346 2849 sed
372 2794 476 2863 ipsi
503 2792 725 2864 quidem
748 2795 896 2864 quod
925 2797 997 2850 ad
1025 2810 1084 2852 se
1108 2796 1376 2864 pertinuit
1405 2795 1625 2860 fecisse,
1659 2803 1714 2850 et
1747 2795 1841 2851 Dei

241 2883 423 2954 legem
471 2885 834 2954 praedicasse:
897 2885 976 2940 illi
1032 2894 1217 2940 autem
1272 2887 1524 2941 nolentes
1576 2886 1836 2951 obedire,

237 2989 482 3035 mortem
535 2981 757 3037 sibimet
805 2982 1194 3037 conduxerunt
1257 2981 1664 3037 inobedientiaa.
1719 2980 1839 3036 Non

238 3085 380 3143 ergo
424 3072 479 3127 in
514 3072 600 3127 bis
643 3073 737 3143 qui
775 3082 1024 3143 praesunt
1073 3073 1420 3144 polluuntur,
1469 3073 1566 3129 sed
1616 3073 1673 3128 in
1712 3089 1841 3143 pro-

239 3162 454 3233 pinquo
498 3171 555 3217 et
602 3163 852 3232 proximo
906 3154 1027 3226 suo,
1085 3162 1138 3216 in
1192 3173 1350 3232 patre
1375 3170 1432 3218 et
1461 3162 1517 3216 in
1552 3170 1747 3229 matre,
1782 3162 1838 3215 in

240 3257 376 3313 ﬁliis
407 3265 461 3312 et
509 3256 746 3323 ﬁliabus,
798 3257 853 3312 in
912 3256 1084 3312 fratre
1114 3265 1171 3311 et
1203 3270 1392 3312 sorore
1451 3255 1684 3327 virgine,
1722 3270 1846 3325 quae

242 3366 360 3406 non
393 3360 477 3407 est
500 3359 672 3421 nupta
709 3349 850 3405 viro.
885 3349 1117 3420 Oportet
1146 3349 1296 3405 enim
1346 3348 1690 3405 sacerdotem
1723 3347 1850 3403 dili-

241 3441 488 3511 gentiam
521 3440 784 3495 adhibere
808 3448 865 3494 et
890 3438 1094 3510 populo
1126 3447 1186 3494 ut
1211 3453 1324 3493 non
1350 3445 1563 3509 peccet,
1588 3438 1686 3495 sed
1713 3453 1851 3509 pra:-

242 3534 410 3603 cipue
440 3534 623 3591 domui
657 3549 771 3589 sua:
802 3542 858 3588 et
879 3533 1127 3605 cognatis
1153 3549 1168 3597 ;
1212 3542 1436 3602 pr0pter
1471 3532 1618 3601 quod
1647 3530 1851 3586 Paulus

240 3629 361 3682 ait:
396 3625 524 3683 liceo
539 3628 787 3697 prcecipe,
824 3688 825 3691 η
853 3636 911 3680 ut
958 3624 1439 3692 irrepreltensibiles
1478 3625 1604 3678 sint.
1639 3623 1699 3679 Si
1733 3625 1849 3695 quis

246 3730 426 3773 autem
479 3735 718 3782 suorum,
748 3728 796 3773 et
820 3720 1053 3773 maxime
1070 3718 1500 3783 domesticorum,
1531 3734 1717 3771 curam
1747 3735 1851 3772 non

241 3812 421 3875 habet,
463 3811 621 3881 ﬁdem
677 3810 909 3882 negavit,
968 3820 1017 3864 et
1067 3818 1143 3863 est
1192 3808 1395 3877 inﬁdeli
1454 3809 1742 3863 deterior“.
1785 3810 1853 3864 Et

244 3918 477 3959 rursus:
530 3902 588 3958 Si
618 3913 795 3957 autem
850 3903 966 3974 quis
1003 3918 1114 3956 sua:
1162 3902 1344 3955 domui
1396 3918 1620 3970 praeesse
1663 3904 1846 3966 nescit,

245 3996 507 4066 quomodo
544 3994 795 4050 Ecclesia:
845 3995 945 4048 Dei
980 4010 1165 4049 curam
1187 3993 1481 4047 habebit”?
1515 3993 1576 4048 In
1612 3993 1750 4059 ﬁlio,
1787 4000 1844 4048 et

244 4087 473 4155 ﬁlia,_et
527 4087 715 4153 fratre,
746 4094 800 4142 et
826 4102 1019 4142 sorore
1063 4086 1293 4157 virgine,
1328 4085 1587 4141 videlicet
1611 4102 1851 4156 peccan-

246 4180 396 4233 tibus
418 4219 432 4245 ,
456 4178 769 4235 necessarie
796 4178 1054 4233 sacerdos
1090 4177 1383 4248 polluitur:
1422 4186 1610 4249 utpote
1637 4179 1729 4248 qui
1756 4179 1852 4233 de-

245 4273 341 4328 bet
374 4272 637 4342 quotidie,
689 4272 785 4327 sed
810 4280 864 4325 et
907 4271 1058 4326 omni
1085 4272 1243 4334 hora,
1272 4286 1336 4325 ea
1364 4287 1488 4341 quae
1511 4272 1579 4325 ad
1614 4271 1847 4325 salutem

246 4365 532 4435 pertinent
583 4381 678 4420 eos
719 4364 1015 4431 instruere,
1078 4374 1133 4418 et
1186 4364 1411 4435 vigilare
1454 4364 1600 4419 circa
1641 4379 1760 4426 eos.
1792 4374 1851 4419 ut

245 4474 357 4514 non
391 4467 619 4529 peccent
640 4459 762 4513 talia
794 4474 916 4527 qua:
938 4466 1116 4512 morte
1141 4465 1271 4512 sunt
1296 4456 1480 4526 digna.
1519 4455 1635 4511 Hoc
1664 4466 1849 4511 autem

1953 1982 2083 2027 sunt
2135 1972 2256 2027 sine
2311 1973 2471 2042 culpa
2527 1972 2756 2037 faciunt,
2808 1970 3269 2041 quemadmodum
3315 1970 3551 2039 procella

1950 2066 2342 2136 gubernantes,
2400 2080 2466 2120 ex
2508 2064 2806 2134 improviso
2844 2063 3268 2132 superveniens.
3324 2063 3393 2117 Et
3418 2078 3551 2131 pro-

1949 2166 2139 2226 pterea
2163 2171 2272 2211 non
2305 2157 2443 2211 dixit
2466 2156 2807 2212 sacerdotem
2839 2156 3024 2209 subito
3060 2155 3114 2208 in
3138 2154 3343 2224 populo
3376 2154 3547 2224 pollui

1948 2248 2015 2302 ad
2064 2248 2505 2317 profanationem
2553 2262 2730 2302 suam.
2776 2245 2895 2301 Non
2934 2246 3137 2301 frustra
3168 2254 3353 2300 autem
3386 2246 3547 2300 addi-

1946 2341 2028 2396 dit
2072 2342 2517 2412 profanationem,
2587 2341 2685 2395 sed
2734 2339 2867 2394 illud
2918 2355 3018 2409 per
3052 2340 3155 2394 hoc
3192 2338 3423 2394 verbum
3456 2339 3547 2391 in~

1947 2446 2154 2485 nuens:
2206 2431 2332 2500 quia
2372 2430 2592 2501 quando
2623 2426 2879 2487 sacerdos
2911 2428 3196 2499 polluitur,
3241 2427 3545 2481 secundum

1948 2523 2261 2593 priedictam
2306 2537 2549 2588 causam,
2598 2520 2781 2590 populi
2813 2518 3024 2589 peccati
3054 2518 3332 2580 videlicet,
3362 2517 3536 2586 negli—

1947 2630 2080 2687 gens
2102 2623 2156 2668 ct
2184 2630 2295 2668 non
2326 2629 2492 2684 agens
2532 2629 2654 2683 qua:
2684 2611 2861 2667 modis
2897 2610 3151 2665 omnibus
3200 2609 3544 2663 sacerdotem

1945 2708 2252 2778 oportebat,
2285 2706 2567 2776 profanus,
2608 2705 2661 2759 id
2693 2716 2779 2759 est
2808 2703 2993 2757 nudus
3018 2699 3310 2756 sacerdotii
3351 2698 3536 2768 digni-

1947 2807 2058 2854 tate
2109 2798 2386 2853 invenitur
2450 2811 2594 2850 unus
2647 2803 2703 2849 et
2759 2795 2876 2863 ipse
2933 2793 3000 2847 de
3029 2791 3256 2846 multis:
3322 2788 3542 2859 profani

1945 2890 2093 2946 enim
2148 2891 2204 2945 bi
2255 2890 2347 2960 qui
2400 2904 2511 2943 non
2560 2895 2690 2942 sunt
2739 2884 3065 2941 sanctiﬁcati
3138 2884 3439 2945 dicuntur,
3493 2891 3548 2934 et

1944 2984 2179 3039 multum
2237 2989 2405 3049 recte,
2468 2979 2597 3051 quia
2655 2994 2718 3033 ea
2751 2966 2873 3049 quae
2907 2985 3034 3033 sunt
3091 2976 3396 3032 sacerdotis
3438 2991 3547 3031 non

1942 3076 2210 3147 legerunt.

2016 3165 2180 3224 Vens.
2215 3167 2269 3223 5.
2315 3186 2333 3218 ‹
2371 3167 2491 3221 Νοη
2518 3165 2717 3220 radent
2741 3172 2927 3234 caput,
2951 3178 3057 3218 nec
3083 3162 3337 3227 barbam,
3369 3175 3549 3231 neque

1952 3260 2007 3314 in
2047 3260 2307 3315 carnibus
2329 3258 2443 3314 suis
2473 3257 2679 3313 facient
2704 3255 2995 3310 incisuras.
3036 3274 3054 3305 ι

2025 3351 2185 3407 Vinci
2231 3368 2263 3406 a
2316 3350 2698 3407 sacerdotibus
2763 3349 2928 3403 etiam
2988 3345 3268 3401 tristitiam
3313 3361 3433 3417 quae
3482 3345 3553 3400 de

1952 3456 2131 3502 morte
2155 3446 2297 3502 solet
2326 3445 2612 3511 accedere,
2642 3446 2729 3500 lex
2758 3452 2909 3499 recte
2944 3442 3211 3514 praecipit,
3235 3453 3424 3514 utpote
3455 3448 3547 3514 qui

1953 3546 2009 3592 et
2033 3537 2135 3606 ipsi
2161 3552 2315 3606 spem
2348 3536 2475 3591 vitae
2497 3532 2696 3590 futurae
2723 3534 2929 3589 habent
2951 3541 3006 3588 et
3035 3533 3295 3607 populum
3327 3534 3547 3589 docent.

1955 3627 2064 3682 Sed
2096 3634 2249 3681 extra
2278 3627 2397 3681 haec
2427 3641 2539 3680 non
2571 3624 2751 3680 solum
2783 3624 2838 3678 in
2874 3622 3112 3693 propriis
3141 3622 3380 3692 peccatis
3411 3623 3551 3694 vigi-

1951 3719 2067 3774 lare
2097 3735 2195 3775 eos
2234 3729 2289 3775 et
2318 3727 2532 3775 mentes
2560 3717 2766 3772 habere
2795 3730 2977 3780 sanas,
3010 3716 3103 3769 sed
3134 3715 3296 3769 etiam
3321 3714 3374 3768 in
3416 3715 3551 3770 alie-

1952 3813 2060 3878 nis,
2090 3812 2145 3866 in
2175 3811 2260 3867 his
2275 3827 2396 3883 qua:
2412 3824 2562 3864 nunc
2588 3809 2732 3863 dicta
2762 3806 3222 3872 sunt,evidentcr
3249 3807 3493 3876 prmeipit
3519 3826 3531 3861 :

1952 3906 2228 3974 quomodo
2259 3912 2467 3967 autem,
2518 3901 2690 3957 disce.
2730 3898 2909 3969 Caput
2963 3899 3211 3963 etbarba
3265 3899 3547 3968 sapientia:

1953 4008 2034 4053 est
2066 4007 2122 4053 ct
2164 3994 2522 4067 perfectionis
2568 4002 2776 4047 nostra:
2826 3990 3081 4062 signum:
3115 3999 3343 4061 propter
3400 3992 3546 4060 quod

1952 4098 2117 4160 caput
2147 4098 2399 4143 nostrum
2437 4085 2745 4161 appellatur
2783 4082 3057 4149 Christus,
3096 4083 3150 4138 in
3196 4100 3304 4152 quo
3353 4096 3550 4152 sapere

1954 4185 2222 4238 habemus
2284 4181 2522 4237 maxima
2579 4194 2809 4249 quaeque
2860 4188 3026 4248 atque
3084 4179 3349 4249 perlecta,
3410 4185 3546 4232 teste

1954 4276 2142 4341 Paulo,
2174 4276 2266 4345 qui
2300 4276 2467 4331 dicit:
2509 4274 2685 4329 Donec
2717 4289 3060 4328 occurramus
3093 4288 3268 4325 omnes
3298 4272 3352 4324 in
3377 4271 3546 4324 virum

1952 4372 2274 4439 perfectum,
2325 4379 2373 4423 et
2427 4384 2728 4423 mensurae:
2771 4367 2948 4421 (elatis
3002 4364 3344 4432 plenitudinis
3395 4362 3548 4417 Chri«

1952 4464 2020 4517 sti
2054 4463 2118 4516 ¹⁰.
2150 4463 2320 4517 Recte
2351 4468 2533 4516 autem
2567 4469 2620 4516 et
2653 4461 2817 4515 barba
2859 4459 3127 4530 signiﬁcat
3154 4458 3546 4528 perfectionem

245 4554 426 4621 ipsum
460 4552 518 4605 in
553 4560 708 4621 patre
751 4558 807 4605 et
840 4551 891 4603 in
926 4558 1101 4604 matre
1147 4549 1564 4621 intelligendum
1616 4559 1720 4605 est.
1754 4550 1846 4604 Fi-
1881 4554 1925 4611 ι)
1952 4552 2261 4622 sapientiae,
2300 4552 2537 4606 alterum
2599 4559 2784 4605 autem
2843 4548 3283 4619 intelligentiam,
3325 4546 3450 4615 quia
3489 4545 3546 4598 in

248 4643 383 4697 lium
414 4642 618 4712 quippe
651 4643 928 4697 doctorem
959 4642 1129 4711 patris
1160 4642 1462 4711 matrisque
1487 4643 1845 4698 sacerdotalis

247 4735 484 4806 dignitas
513 4734 660 4790 facit.
698 4735 896 4789 Dicens
924 4732 1145 4803 quidem
1186 4748 1461 4797 sororem,
1488 4748 1607 4803 qua:
1629 4750 1734 4787 non
1765 4743 1844 4787 est

250 4835 413 4895 nupta
440 4828 573 4892 viro,
595 4827 834 4882 ostendit
857 4841 956 4896 per
975 4825 1136 4887 hanc,
1157 4825 1304 4894 quia,
1330 4825 1376 4879 si
1408 4825 1626 4895 cognati
1657 4840 1845 4880 sacer--

246 4919 406 4974 dotes
436 4918 760 4987 semetipsos
808 4916 1206 4986 scparavcrint,
1237 4923 1292 4969 et
1335 4915 1533 4970 domus
1569 4916 1840 4984 quodam-

248 5009 414 5064 modo
442 5008 546 5064 alia
577 5008 901 5077 semetipsos
939 5014 1257 5077 scparantes
1296 5004 1424 5060 facti
1453 5004 1682 5069 fuerint,
1711 5006 1841 5059 nule

248 5101 355 5155 lam
411 5099 697 5170 patiuntur
754 5100 811 5153 in
868 5097 1224 5168 peccantibus
1294 5097 1379 5151 his
1460 5096 1844 5167 pollutionem.

247 5192 504 5258 Quandiu
534 5201 719 5246 autem
749 5190 830 5244 eis
854 5190 1161 5254 adhaerent,
1207 5188 1636 5259 propinquitatis
1667 5198 1722 5242 et
1752 5207 1846 5242 co-

249 5283 523 5354 gnationis
579 5283 753 5355 legem
813 5281 1290 5347 custodientihus,
1352 5280 1846 5343 contaminationis

250 5386 444 5427 eorum
495 5381 640 5428 recte
680 5371 971 5443 participes
1004 5370 1336 5432 elﬁciunlur,
1392 5371 1521 5441 quia
1559 5386 1660 5426 nec
1689 5371 1842 5441 igno-

248 5475 373 5516 rare
417 5475 608 5516 eorum
662 5469 906 5531 peccata,
974 5467 1164 5530 utpote
1218 5458 1679 5525 cohabitantium,
1712 5476 1841 5530 pos-

250 5564 403 5622 sunt,
427 5558 573 5628 quod
615 5557 696 5613 eis
736 5565 794 5611 et
840 5556 1329 5612 contaminationis
1382 5572 1612 5611 causam
1670 5557 1836 5626 parit.

253 5648 414 5707 Unde
460 5663 591 5722 ergo
644 5650 833 5706 dicens
880 5648 1026 5719 quod
1079 5647 1134 5703 in
1188 5647 1272 5703 his
1322 5650 1839 5704 contaminarentur

329 5827 508 5891 “Osee
546 5846 619 5902 tv,
652 5830 707 5887 8.
779 5834 798 5866 ⁷
834 5833 1036 5892 Ezech.
1076 5848 1155 5901 tu,
1197 5833 1380 5889 17-19.

1460 5836 1480 5868 ⁸
1526 5838 1543 5891 l
1581 5837 1721 5892 Tim.
1757 5858 1807 5903 γ,
1844 5840 1894 5892 7.

1950 4642 2037 4697 his
2060 4642 2152 4711 qui
2186 4643 2254 4697 ad
2302 4642 2596 4710 iuvenilem
2654 4647 2928 4695 venerunt
2981 4648 3221 4703 aetatem,
3262 4637 3374 4707 jam
3424 4651 3546 4704 qua:

1949 4744 2081 4789 sunt
2106 4733 2256 4787 utilia
2286 4734 2427 4787 scire
2457 4731 2769 4787 valentibus
2792 4731 2959 4786 barba
2991 4729 3253 4784 nascitur.
3274 4727 3545 4794 Quoniam

1947 4841 2075 4895 ergo
2110 4835 2358 4879 mortuos
2389 4833 2704 4895 peccatores
2757 4840 2869 4879 non
2900 4824 3077 4878 solum
3117 4822 3413 4887 Dominus,
3448 4820 3545 4874 sed

1946 4925 2000 4969 et
2033 4914 2235 4971 Paulus
2258 4916 2515 4985 appellat,
2541 4932 2665 4970 cum
2696 4915 2831 4970 dicit
2856 4934 2869 4970 :
2902 4914 2970 4968 Et
2998 4930 3118 4967 cum
3152 4928 3378 4966 essemus
3403 4927 3546 4966 mor-

1952 5010 2029 5061 tui
2057 5009 2287 5077 pcccatis
2313 5009 2526 5071 nostris,
2556 5007 2945 5077 convivi/icavit
2989 5023 3081 5060 nos
3108 5004 3393 5061 Christo".
3424 5002 3541 5058 Non

1947 5109 2167 5169 Oportet
2220 5098 2522 5154 sacerdotis
2573 5085 2828 5152 maxime
2868 5105 3039 5165 caput
3088 5105 3182 5150 aut
3211 5096 3381 5150 barba
3427 5094 3544 5149 radi

1949 5206 2118 5260 super
2168 5198 2470 5254 mortuum,
2505 5190 2557 5244 id
2613 5199 2697 5245 est
2734 5190 2900 5260 supd’r
2938 5197 3308 5258 peccatorcm.
3356 5186 3544 5255 Neque

1946 5283 2338 5354 cuim‘oportet
2361 5283 2746 5355 cogitationes,
2785 5300 2906 5354 qua:
2934 5284 3077 5336 sicut
3115 5280 3292 5350 capilli
3317 5286 3544 5333 ornatus

1953 5386 2081 5437 sunt
2114 5377 2329 5445 capitis,
2362 5384 2417 5430 et
2448 5376 2578 5447 ipsa:
2605 5387 2833 5430 ornatus
2856 5384 2984 5429 sunt
3016 5382 3217 5428 nostra:
3239 5370 3541 5441 sapientiae,

1951 5468 2170 5537 quando
2191 5477 2371 5522 tamen
2395 5476 2526 5523 sunt
2550 5467 2817 5522 ordinata:
2847 5477 3011 5537 atque
3044 5466 3260 5529 sobrim,
3286 5465 3543 5521 sacerdo-

1953 5569 2059 5614 tem
2086 5574 2442 5629 corrumpere
2476 5559 2581 5614 alio
2602 5569 2889 5629 peccante,
2921 5558 3014 5613 sed
3046 5572 3374 5611 conservare
3399 5555 3544 5610 inte-

1959 5669 2109 5724 gras,
2136 5661 2194 5706 ut
2223 5651 2720 5722 possitexhortari,
2743 5652 3050 5717 obsecrare,
3077 5666 3324 5721 arguere,
3359 5650 3541 5704 incre-

3085 5841 3121 5870 “
3156 5837 3350 5905 liphcs.
3387 5854 3444 5903 ιι,
3474 5838 3527 5891 Si.

1978 5842 1996 5869 ι’
2034 5838 2222 5895 lTim.
2258 5840 2421 5906 “1,5.
2506 5839 2767 5912 “Epiros.
2809 5857 2879 5906 tv,
2921 5840 3004 5895 15.
