3892 6396
450 386 596 455 1055

446 518 606 576 pare,
631 499 938 557 secundum
975 498 1121 569 quod
1156 494 1360 552 Paulus
1388 490 1456 547 ad
1501 486 1858 544 Timotheum
1898 482 2039 538 scri-

448 593 578 667 psit.
615 593 813 665 Argue,
845 593 1082 661 increpa,
1135 588 1350 643 obsecra
1397 590 1454 638 in
1483 583 1624 637 omni
1676 578 1936 650 patientia
1963 583 2036 667 ft

450 664 778 741 doctrina".
810 679 1102 748 Quomodo
1132 684 1315 733 autem
1344 676 1452 729 hoc
1489 672 1604 738 ﬁat,
1645 667 1918 725 subdidit:
1960 664 2038 719 Tu

451 784 632 829 autem
660 771 845 843 vigila,
887 771 945 824 in
975 768 1216 824 omnibus
1264 766 1471 829 labora,
1515 777 1645 831 opus
1693 760 1778 830 {ac
1812 772 2037 823 evange-

456 866 671 922 lista“.
705 864 848 935 Ergo
886 862 1140 917 sacerdos
1166 859 1259 930 qui
1290 872 1398 912 non
1423 855 1745 910 exhortatur
1777 859 1833 906 et
1862 848 2043 917 arguit

453 964 801 1028 peccantem,
830 969 941 1007 non
966 951 1168 1022 vigilat;
1182 949 1275 1019 qui
1299 957 1480 1009 autem
1498 959 1611 999 non
1627 942 1833 1014 vigilat,
1849 938 2041 992 radere

455 1057 620 1117 caput
644 1054 700 1102 et
730 1045 952 1100 barbam
995 1040 1296 1097 secundum
1347 1039 1609 1094 virtutem
1654 1033 2042 1105 praedictorum

456 1146 605 1192 recte
631 1135 852 1190 dicitur.
875 1132 983 1189 Sed
1004 1146 1182 1202 neque
1212 1129 1396 1185 facere
1431 1129 1488 1183 iu
1519 1141 1687 1182 carne
1720 1140 1821 1179 sua
1850 1122 2040 1178 conci-

456 1230 640 1284 sioucs
669 1242 835 1297 super
859 1234 1078 1281 mortuo
1100 1221 1445 1279 sacerdotem
1472 1219 1650 1284 decet,
1704 1216 1759 1271 id
1814 1224 1899 1269 est
1932 1227 2042 1267 non

456 1317 809 1374 scandalizari
852 1316 907 1370 in
944 1321 1254 1385 peccatore,
1292 1325 1399 1366 nec
1448 1308 1736 1365 oﬁ‘endere
1781 1313 2044 1376 peccante

456 1408 660 1478 aliquo,
696 1421 876 1478 neque
899 1405 1179 1461 carnalem
1202 1419 1267 1459 ex
1299 1402 1407 1473 hoc
1434 1416 1655 1457 sumere
1692 1397 2040 1469 sapientiam,

456 1500 525 1555 ad
590 1500 892 1555 illicitatem
941 1497 1137 1552 similis
1198 1494 1525 1566 iniquitatis.
1580 1490 1823 1547 lncisura
1895 1488 2046 1542 enim

458 1593 729 1664 sapientia
747 1591 929 1646 carnis
953 1600 1069 1645 est:
1096 1588 1245 1659 quod
1271 1589 1340 1643 de
1368 1587 1593 1652 Judaeis,
1630 1585 1723 1656 qui
1753 1583 2046 1640 carnaliter

458 1686 653 1740 vivunt
674 1694 730 1738 ct
754 1682 977 1752 sapiunt
1005 1690 1247 1745 terrena,
1279 1680 1358 1735 ait
1379 1679 1609 1734 Paulus:
1667 1677 1842 1731 Videte
1866 1692 2042 1739 canes,

457 1780 627 1834 videte
653 1775 821 1829 malos
842 1774 1130 1844 operarios,
1156 1774 1325 1827 videte
1358 1773 1701 1825 concisionem
1720 1770 1784 1824 “.

438 1859 443 1863 ’
530 1868 694 1941 Vens.
729 1868 783 1922 6.
829 1886 849 1919 ι
882 1866 1070 1921 Sancti
1099 1877 1265 1920 erunt
1282 1866 1395 1920 Deo
1417 1880 1517 1919 suo
1574 1872 1629 1918 et
1656 1879 1762 1918 nou
1795 1861 2045 1932 polluent

458 1974 662 2013 nomen
693 1958 833 2028 ejus.
873 1956 1166 2011 lneensum
1196 1956 1342 2011 enim
1382 1955 1599 2009 Domini
1640 1963 1695 2009 et
1725 1969 1895 2025 panes
1950 1953 2046 2007 Dei

459 2052 546 2108 sui
574 2052 850 2117 oﬁ‘erunt;
884 2050 1084 2106 etideo
1112 2047 1285 2103 sancti
1322 2056 1501 2102 erunt.
1557 2066 1574 2097 ι

529 2142 818 2208 Quomodo
844 2143 1092 2213 polluant
1131 2141 1447 2197 sacerdotes
1500 2155 1701 2194 nomen
1737 2139 1850 2203 Dei,
1880 2138 2049 2193 Mala-

458 2236 613 2290 chias
642 2236 911 2305 propheta
942 2234 1228 2305 exposuit:
1265 2233 1359 2287 Vos
1385 2234 1705 2293 sacerdotes,
1737 2234 1827 2303 qui
1848 2233 2047 2301 pallui-

458 2329 524 2381 tis
556 2344 744 2380 nomen
772 2343 966 2391 meum,
997 2335 1045 2380 et
1088 2326 1300 2380 dixistis
1328 2343 1346 2379 :
1387 2329 1455 2381 In
1479 2342 1580 2396 quo
1612 2325 1896 2394 polluimus
1955 2326 2049 2378 te?

457 2420 654 2489 offertis
675 2435 832 2487 super
854 2418 1030 2472 altare
1059 2435 1236 2474 meum
1272 2434 1465 2491 panem
1493 2417 1746 2485 pollutum
1770 2418 1835 2469 ¹⁵.
1869 2417 1933 2470 lit
1966 2416 2049 2469 his

455 2513 656 2568 similia
678 2513 888 2568 addens
933 2512 1208 2568 subdidit:
1262 2511 1488 2581 Propter
1535 2510 1673 2580 quod
1713 2510 1758 2562 si
1816 2508 2048 2577 offeratis

457 2623 654 2662 arcum
685 2607 756 2660 ad
789 2606 1191 2667 immolandum,
1228 2620 1400 2659 nonne
1430 2603 1633 2658 malum
1657 2613 1751 2667 est,
1779 2612 1826 2656 et
1849 2604 1895 2656 si
1924 2603 2049 2673 o/fe-

458 2698 600 2752 ralis
626 2715 643 2752 :
666 2698 917 2751 claudum
949 2707 997 2751 et
1015 2697 1350 2768 languidum,
1374 2711 1545 2749 nonne
1562 2695 1762 2749 malum
1785 2705 1860 2749 est
1879 2694 1963 2747 “?
1987 2695 2051 2748 Et

456 2805 685 2844 rursus:
713 2792 970 2857 Magnum
1001 2800 1075 2843 est
1099 2805 1287 2842 nomen
1330 2805 1501 2841 meum
1531 2789 1587 2842 in
1613 2789 1872 2859 gentibus,
1921 2788 2050 2841 dicit

457 2883 738 2949 Dominus,
768 2899 856 2937 vos
884 2892 1062 2936 autem
1091 2881 1351 2952 poliuistis
1393 2881 1528 2935 illud
1558 2882 1612 2935 in
1642 2896 1703 2934 eo
1751 2885 1889 2951 quod
1916 2881 2051 2933 dici-

461 2974 547 3040 tis,
583 2977 767 3028 Mensa
811 2972 1026 3027 Domini
1054 2974 1261 3028 deserta
1309 2973 1470 3027 est”.
1520 2970 1662 3043 Ergo
1718 2971 1772 3025 in
1824 2980 2051 3041 peccato

459 3063 858 3119 sacriﬁciorum
885 3064 980 3119 Dei
1001 3079 1203 3118 nomen
1245 3063 1501 3133 polluunt
1533 3062 1863 3117 sacerdotes.
1893 3060 2050 3116 Unde

459 3171 585 3210 cum
634 3156 908 3227 legislator
946 3156 1217 3210 dixisset:
1251 3153 1373 3209 Non
1403 3154 1640 3225 polluent
1683 3168 1871 3208 nomen
1911 3153 2045 3222 ejus,

462 3264 573 3303 non
593 3248 793 3303 frustra
825 3247 1053 3312 addidit,
1077 3247 1356 3301 Incensum
1385 3248 1528 3302 enim
1553 3247 1788 3313 Domini,
1809 3255 1856 3299 et
1886 3261 2051 3314 panes

464 3339 564 3393 Dei
595 3338 677 3392 sui
709 3338 954 3407 oﬂ'erunt.
987 3335 1086 3392 Vel
1120 3336 1261 3393 sicut
1292 3336 1454 3405 LXX,
1488 3335 1626 3403 Quia
1666 3339 1767 3408 ipsi
1820 3337 2051 3406 offerunt

462 3429 728 3499 sacriﬁcia
755 3428 892 3495 Dei;
928 3444 1049 3500 qua:
1081 3445 1193 3484 non
1229 3439 1441 3485 tantum
1491 3430 1559 3485 de
1586 3429 2053 3484 irrationabilihus

464 3520 679 3588 bestiis,
707 3529 975 3591 quantum
1001 3523 1068 3578 de
1093 3523 1455 3579 rationalibus
1500 3523 1797 3594 praecipere
1832 3522 2053 3595 legisla-

466 3625 641 3670 torem
666 3624 722 3669 et
768 3616 1092 3686 prophetam
1127 3625 1306 3686 putes.
1336 3616 1606 3672 Pollutam
1647 3617 1796 3671 enim
1827 3617 1960 3670 dicit
1998 3624 2055 3671 et

465 3706 709 3762 ostendit
754 3706 967 3763 Domini
1024 3724 1274 3763 mensam
1310 3710 1568 3764 sacerdos
1626 3709 1717 3762 ille
1755 3707 1845 3779 qui
1880 3708 1949 3763 ab
1989 3723 2054 3761 ea

465 3813 562 3852 eos
589 3797 682 3867 qui
713 3797 1002 3869 iniquitate
1039 3802 1248 3871 peccati
1279 3801 1473 3871 polluti
1501 3810 1650 3868 sunt,
1674 3816 1785 3857 non
1805 3799 2055 3870 praecipit

463 3889 776 3955 abstinere,
840 3891 936 3946 sed
997 3892 1295 3949 indiscrete
1354 3893 1619 3949 terribilia
1671 3892 1947 3964 permittit
1995 3900 2054 3947 et

462 3994 655 4041 sancta
681 3983 962 4057 contingi;
1019 3984 1088 4040 de
1127 3985 1329 4056 quibus
1378 3986 1456 4040 ait
1496 3986 1737 4041 Paulus:
1779 3984 1883 4051 Qui
1949 3999 2054 4038 non

462 4079 710 4133 discernit
739 4094 949 4148 corpus,
968 4078 1236 4148 judicium
1275 4078 1376 4131 sibi
1409 4080 1696 4149 manduca!
1729 4088 1777 4132 et
1830 4078 1959 4132 bibit
1986 4079 2047 4132 ".

461 4169 670 4226 Oﬁ‘eret
702 4181 887 4226 autem
921 4179 977 4226 et
1010 4170 1267 4226 claudum
1303 4174 1368 4226 ad
1399 4170 1593 4235 altare,
1642 4171 1736 4242 qui
1772 4171 2051 4227 inﬁdelem

461 4264 530 4319 ad
562 4263 931 4320 ministerium
963 4265 1257 4335 provehit;
1292 4263 1375 4320 sic
1424 4263 1572 4319 enim
1606 4263 1857 4319 inﬁdeles
1900 4264 2051 4319 Elias

463 4358 754 4415 Thesbites
816 4359 1143 4431 appellavit,
1217 4358 1439 4430 quando
1512 4357 1718 4413 Judmis
1786 4357 2046 4413 dicebat:

467 4452 739 4525 Usquequo
761 4453 1078 4507 claudicatis
1103 4454 1162 4507 in
1189 4461 1471 4521 utramque
1496 4460 1704 4519 partem
1722 4450 1765 4482 ¹⁹
1787 4451 1811 4504 ?
1831 4451 2047 4506 Caicum

460 4555 518 4601 et
544 4547 770 4602 surdum
798 4546 1077 4619 provehit,
1108 4544 1203 4616 qui
1237 4542 1626 4599 inobedicntia:
1672 4542 1758 4599 vel
1788 4542 2048 4613 ignoran-

460 4636 551 4691 tim
582 4635 678 4693 Dei
723 4636 919 4692 morbo
975 4635 1316 4691 laborantem
1366 4632 1662 4703 producit;
1718 4632 1787 4688 de
1841 4632 2045 4703 quibus

457 4732 626 4789 lsaias
656 4732 831 4787 Deum
873 4746 1033 4787 suum
1061 4728 1365 4785 introduxit
1392 4727 1700 4783 dicentem:
1739 4727 1919 4792 Sardi,
1949 4743 2049 4781 au-

458 4823 587 4890 dite,
629 4833 678 4878 et
725 4822 868 4889 caeci,
919 4820 1219 4893 intelligite.
1272 4816 1399 4884 Quis
1454 4835 1644 4883 aecus,
1710 4820 1810 4873 nisi
1859 4817 2051 4873 Servus

457 4917 640 4971 meus?
682 4925 731 4970 et
770 4914 888 4987 quis
931 4915 1144 4980 surdus,
1196 4913 1300 4967 nisi
1342 4914 1414 4967 ad
1463 4930 1618 4982 quem
1660 4912 1870 4967 nuntios
1911 4928 2050 4966 neos

457 5010 581 5067 misi
596 5010 681 5065 ὀἳ
709 5008 942 5077 Quando
977 5024 1124 5081 ergo
1142 5009 1244 5065 hos
1269 5008 1361 5079 qui
1405 5008 1541 5062 tales
1575 5016 1729 5074 sunt,
1752 5005 1954 5062 oﬁ‘erre
1980 5008 2047 5061 ad

457 5103 630 5159 altare
667 5112 723 5159 et
748 5103 1030 5173 suscipere
1062 5101 1352 5174 mysticum
1384 5100 1754 5156 ministerium
1793 5100 2049 5155 sacerdos

460 5194 832 5267 proposuerit,
861 5209 1048 5249 nonne
1100 5192 1524 5263 polluitnomen
1576 5191 1674 5246 Dei
1704 5190 2050 5261 sui?,nequc

459 5287 607 5341 enim
640 5286 745 5342 erit
789 5286 841 5343 ei
897 5286 1005 5341 hoc
1051 5285 1178 5342 sine
1242 5284 1536 5347 maledicto
1571 5291 1627 5338 ct
1669 5283 2049 5349 detractione,

459 5386 653 5451 utpote
672 5378 771 5450 qui
802 5377 1125 5434 ministrare
1173 5377 1286 5432 Deo
1318 5377 1493 5433 malos
1532 5375 1803 5447 praecipit.
1855 5374 1963 5430 Sed
1998 5387 2054 5430 et

464 5472 584 5542 ipse
607 5481 833 5528 sanctus
862 5471 989 5537 erit,
1022 5471 1091 5526 ab
1115 5470 1204 5526 his
1234 5485 1295 5527 se
1316 5469 1645 5537 continens;
1678 5469 1823 5540 quod
1851 5479 2055 5525 osten-

465 5564 546 5621 dit
588 5566 793 5622 Paulus
827 5565 1057 5622 dicens:
1100 5563 1297 5620 Manus
1346 5564 1449 5618 cito
1481 5563 1680 5618 nemini
1719 5562 2052 5632 imposueris,

546 5766 588 5795 "
613 5764 658 5817 ll
685 5764 829 5818 Tim.
872 5780 945 5831 tv,
987 5761 1044 5816 2.
1116 5762 1159 5793 ¹³
1187 5760 1341 5817 ΗΜ.-

1499 5760 1538 5791 ¹²
1570 5759 1803 5829 Philipp.
1847 5776 1926 5824 ιιι,
1951 5759 2005 5812 2.

469 5832 561 5887 2‘).
638 5835 682 5865 ¹²
715 5832 777 5886 ιιι
814 5832 944 5904 Heg.
972 5848 1128 5899 xvtn,
1161 5833 1250 5888 21.
1332 5832 1506 5887 “15a.
1546 5847 1653 5899 xm,
1702 5830 1897 5890 18.19.

1650 366 2020 432 IIESYCIIII
2056 358 2535 424 PRESBYTERI

1979 5831 2020 5860 ’¹
2050 5829 2071 5884 l
2102 5827 2245 5884 'litu.
2279 5846 2331 5893 v,
2356 5826 2444 5880 ἐξ.

3570 361 3685 429 1056

2069 482 2116 539 Α
2146 492 2313 546 neque
2350 474 2819 528 communicat-eris
2849 474 3075 542 peccatis
3119 472 3311 527 alienis
3345 488 3362 526 :
3402 476 3683 540 temetipsum

2141 579 2348 623 castum
2387 566 2681 621 custodi“.
2719 565 2863 637 Ergo
2899 580 3063 620 causa
3116 564 3384 620 castitatis
3419 575 3473 621 et
3516 571 3684 625 sancti-

2140 661 2411 719 ﬁcationis
2444 669 2533 716 est
2565 660 2858 724 sacerdoti,
2891 659 2949 713 in
3005 659 3158 713 nullo
3215 658 3580 729 pradictorum
3604 680 3687 717 mi-

2139 771 2233 811 sce
2244 755 2311 808 ri.

2215 842 2377 899 Vens.
2425 842 2545 898 7-8.
2587 860 2609 894 σ
2665 840 2920 896 Scortum
2970 850 3028 897 et
3049 841 3155 905 vile
3208 844 3560 912 prostibulum
3603 864 3688 905 non

2141 938 2305 993 ducet
2335 949 2586 1001 uxorem,
2615 949 2720 989 nec
2741 949 2862 989 eam
2883 949 3006 1005 qua:
3035 918 3322 1004 repudiata
3347 945 3431 989 est
3453 951 3481 990 a
3510 940 3689 1004 marito,

2140 1029 2270 1100 quia
2295 1036 2647 1084 consecratus
2674 1036 2759 1081 est
2790 1011 2903 1083 Deo
2930 1041 3052 1091 suo,
3072 1036 3123 1082 et
3154 1042 3327 1097 panes
3346 1030 3693 1097 propositionis

2143 1119 2356 1175 oﬂeret.
2389 1121 2473 1174 Sit
2500 1134 2629 1188 ergo
2655 1127 2901 1180 sanctus,
2945 1118 3073 1188 quia
3095 1125 3155 1172 et
3192 1133 3295 1186 ego
3337 1128 3550 1175 sanctus
3594 1139 3688 1176 sum

2146 1211 2430 1275 Dominus,
2461 1213 2556 1280 qui
2586 1209 2871 1265 sanctiﬁco
2894 1224 3011 1264 vos.
3050 1228 3070 1260 ι

2216 1301 2476 1357 Mirabilis
2498 1311 2582 1356 est
2609 1315 2850 1370 praesens
2873 1299 3083 1355 sanctio
3113 1300 3168 1354 in
3198 1296 3336 1354 LXX
3368 1301 3695 1363 translatione,

2144 1394 2272 1463 quia
2311 1393 2454 1448 idem
2509 1392 2827 1447 mandatum
2877 1391 2930 1445 in
2980 1407 3276 1462 personam
3325 1390 3618 1456 multorum,
3657 1405 3696 1447 ct

2146 1501 2337 1541 rursus
2365 1487 2419 1540 in
2464 1485 2645 1540 medio
2677 1483 2981 1554 proferens,
3032 1485 3371 1549 advocavit;
3408 1484 3471 1538 Et
3508 1486 3697 1539 manife-

2148 1586 2292 1632 stum
2334 1576 2523 1646 procul
2552 1575 2721 1630 dubio
2748 1591 2815 1632 ex
2847 1575 2951 1630 hoc
2982 1584 3086 1639 est,
3117 1575 3269 1645 quod
3300 1575 3368 1630 de
3400 1576 3697 1631 multitudine

2148 1668 2371 1738 quidem
2400 1667 2747 1736 sacerdotum
2772 1668 3057 1737 prmeepit,
3085 1668 3140 1721 in
3186 1682 3359 1721 unum
3402 1676 3570 1720 autem
3608 1683 3693 1722 om-

2149 1760 2301 1814 nium
2338 1758 2823 1814 sanctiﬁcatiouem
2866 1759 3113 1823 deduxit,
3148 1759 3312 1812 aiunt
3349 1759 3491 1813 enim
3516 1777 3527 1811 ε
3550 1759 3697 1812 Mulie-

2152 1867 2261 1904 rem
2289 1851 2613 1904 meretricem
2644 1860 2693 1903 et
2716 1852 3000 1921 profanam
3031 1866 3134 1903 non
3165 1850 3446 1919 accipient,
3489 1857 3541 1903 et
3573 1850 3698 1919 paulo

2150 1952 2292 2012 post,
2328 1940 2555 1996 Sanctus
2578 1944 2677 1997 erit
2697 1959 2713 1996 :
2735 1952 2788 1996 ct
2811 1958 3024 2006 rursus,
3051 1940 3407 2009 Sancti/icabo
3431 1958 3559 2002 eum,
3580 1943 3697 2010 quasi

2150 2037 2217 2089 de
2248 2035 2354 2089 illis
2394 2035 2527 2090 dicit
2564 2035 2656 2105 qui
2685 2035 2870 2098 unius,
2916 2034 2969 2089 id
2996 2042 3082 2088 est
3134 2034 3283 2087 illius
3322 2034 3413 2103 qui
3446 2034 3697 2087 secundum

2150 2129 2396 2183 ordinem
2442 2128 2842 2184 Melchisedech
2875 2127 3248 2182 ministrantis
3282 2125 3514 2182 oﬁlcium
3554 2142 3700 2180 susce-

2151 2231 2350 2290 perunt
2387 2221 2578 2277 :illum
2615 2220 2762 2275 enim
2794 2230 2853 2275 et
2880 2220 2996 2290 ipsa
3035 2226 3225 2273 textus
3273 2219 3437 2273 verba
3480 2219 3588 2273 sine
3617 2219 3697 2273 dii-

2151 2314 2390 2369 ﬁcultate
2421 2313 2750 2384 signiﬁcant,
2788 2312 2932 2367 sicut
2965 2319 3121 2367 extra
3151 2318 3397 2365 nostram
3437 2311 3698 2365 translatio-

2148 2423 2275 2461 nem
2302 2408 2466 2462 ctiam
2498 2406 2679 2461 casteri
2712 2406 3073 2473 interpretum
3097 2404 3475 2459 ostenderunt.
3507 2402 3698 2467 Etenim,

2151 2500 2296 2569 quod
2355 2497 2497 2553 LXX
2520 2499 2806 2560 dixerunt,
2842 2497 2995 2551 Dona
3031 2497 3250 2551 Domini
3305 2497 3401 2551 Dei
3441 2498 3585 2550 vestri
3618 2498 3700 2565 ipse

2151 2593 2346 2662 oﬂ'eret,
2378 2592 2450 2645 illi
2470 2591 2790 2646 ediderunt:
2813 2588 2950 2655 Quia
2983 2606 3146 2660 panes
3187 2588 3283 2643 Dei
3317 2591 3394 2643 tui
3414 2590 3517 2658 ipse
3542 2589 3696 2658 oneret.

2151 2683 2309 2737 Nullo
2338 2683 2502 2737 modo
2533 2690 2715 2736 autem
2744 2681 2964 2753 ignoras
2996 2681 3126 2751 quia
3158 2679 3551 2736 Melchisedech
3579 2680 3695 2734 obla-

2154 2777 2358 2832 tionem
2388 2783 2442 2829 et
2474 2775 2841 2830 sacerdotium
2873 2775 2926 2829 in
2957 2774 3197 2845 panibus
3218 2774 3543 2845 possidebat.
3567 2772 3697 2838 Prop-

2152 2876 2236 2921 ter
2272 2866 2414 2935 quod
2465 2874 2520 2920 et
2551 2866 2783 2920 Abrahaa
2820 2880 2991 2936 panes
3038 2881 3238 2936 gerens
3269 2873 3324 2919 et
3394 2865 3695 2930 vinum,qua:

2149 2965 2307 3011 erant
2341 2957 2494 3027 signa
2533 2957 2655 3027 ejus
2684 2956 2995 3022 sacerdotii,
3033 2956 3318 3011 occurrit:
3352 2953 3563 3028 gerebat
3583 2952 3695 3006 enim

2150 3048 2445 3120 imaginem
2493 3047 2718 3112 Christi,
2763 3047 2832 3102 de
2867 3063 2978 3118 quo
3018 3047 3186 3101 David
3239 3055 3459 3118 patrem
3493 3042 3698 3099 exhibuit

2151 3141 2209 3195 in
2234 3141 2523 3213 prophetia
2553 3140 2826 3195 dicentem
2858 3158 2872 3193 :
2906 3139 2947 3193 Τ
2946 3157 2980 3194 u
3013 3157 3065 3195 es
3097 3139 3361 3195 Sacerdos
3388 3140 3442 3193 in
3464 3147 3697 3196 (uernum.

2075 3205 2120 3261 c
2153 3205 2437 3287 secundum
2495 3233 2732 3286 ordinent
2785 3232 3158 3287 Melchisedech
3197 3234 3267 3286 “.
3316 3232 3481 3301 Cujus
3515 3237 3565 3284 et
3589 3241 3700 3282 nunc

2154 3325 2430 3396 legislator
2458 3324 2551 3379 hic
2569 3324 2892 3396 dignitatem
2918 3340 3031 3379 non
3074 3323 3256 3380 solum
3294 3338 3491 3394 panum
3531 3335 3699 3375 memo-

2156 3416 2292 3470 riam
2336 3414 2543 3471 faciens
2568 3415 2810 3471 ostendit
2845 3433 2859 3469 :
2892 3415 2989 3470 sed
3028 3424 3083 3471 et
3115 3413 3510 3484 subsequentia
3550 3409 3697 3470 verba.

2156 3507 2201 3563 si
2218 3524 2410 3563 eorum
2424 3507 2680 3563 subtilius
2693 3508 2943 3564 ordinem
2959 3508 3333 3571 attendamus,
3353 3508 3455 3561 hoc
3468 3504 3701 3560 evidenter

2154 3599 2412 3660 innuunt,
2440 3600 2566 3670 quia
2605 3599 2953 3656 sacerdotum
2980 3599 3344 3655 sanctiﬁcatio
3382 3598 3448 3652 ad
3474 3596 3700 3651 Christum

2153 3689 2349 3753 tendit,
2372 3706 2486 3744 non
2507 3691 2681 3746 solum
2699 3691 2825 3761 quia
2851 3692 2921 3746 ab
2938 3707 3003 3747 eo
3019 3691 3314 3746 sacerdotii
3342 3691 3510 3761 legem
3531 3696 3579 3741 et
3604 3700 3695 3738 mo-

2154 3779 2287 3835 dum
2315 3790 2666 3852 acceperunt,
2702 3782 2798 3837 sed
2828 3783 2956 3853 quia
2998 3782 3398 3839 sacriﬁciorum
3427 3797 3540 3851 qua:
3564 3779 3623 3834 ab
3640 3777 3700 3831 eis

2157 3873 2484 3942 oﬁ'eruntur,
2537 3883 2701 3945 atque
2756 3875 3117 3939 oblationem,
3170 3876 3293 3947 ipse
3350 3876 3491 3946 apud
3533 3880 3703 3945 patrem

2156 3964 2426 4019 mediator
2461 3972 2563 4020 est.
2590 3965 2661 4020 Et
2680 3973 2970 4036 propterea
2996 3965 3110 4020 ait:

2080 1826 2119 1878 Β

2228 4082 2505 4135 Incensum
2553 4080 2693 4133 enim
2722 4078 2941 4132 Domini
2982 4089 3032 4133 et
3057 4096 3222 4150 panes
3256 4080 3352 4134 Dei
3387 4081 3467 4133 sui
3504 4079 3700 4149 offerunt

2156 4169 2283 4226 Sive
2306 4170 2607 4225 secundum
2631 4168 2804 4225 LXX:
2833 4169 2981 4225 Dona
3004 4171 3220 4226 Domini
3243 4174 3397 4227 vestri
3424 4173 3526 4239 ipse
3546 4169 3698 4239 oﬂ'eru.

2154 4263 2265 4320 Cur
2291 4272 2475 4319 autem
2501 4263 2711 4319 addidit
2735 4281 2749 4319 :
2774 4261 2857 4318 Sit
2878 4281 3000 4336 ergo
3030 4275 3266 4333 sanctus,
3283 4267 3406 4337 quia
3433 4275 3479 4319 et
3512 4279 3593 4334 ego
3614 4274 3701 4314 sum

2154 4369 2368 4412 sanctus
2402 4354 2680 4423 Dominus,
2705 4354 2797 4426 qui
2838 4357 3112 4425 sancti/ica
3144 4360 3272 4413 vos?
3302 4359 3420 4413 Non
3454 4357 3594 4419 dixit,
3624 4350 3701 4418 Qui

2153 4446 2436 4504 sanctiﬁco
2482 4454 2572 4512 te,
2621 4461 2693 4502 ne
2722 4446 2862 4501 forte
2895 4447 3174 4503 existimes
3224 4449 3377 4502 illum
3420 4440 3699 4502 sanctiﬁcari

2084 4583 2129 4638 Β
2153 4542 2247 4615 qui
2273 4542 2415 4598 dona
2450 4540 2518 4595 ad
2546 4540 2787 4606 Patrem,
2818 4552 2877 4595 ut
2902 4540 3171 4596 mediator
3209 4542 3423 4605 oﬁ'eret,
3466 4538 3553 4594 sed
3601 4550 3699 4588 san-

2159 4635 2399 4705 ctificans
2424 4651 2533 4699 vos,
2563 4632 2817 4688 videlicet
2839 4633 2930 4703 qui
2956 4632 3011 4686 in
3038 4633 3157 4702 ejus
3180 4634 3406 4704 ﬁguram
3438 4627 3701 4686 sacerdotes

2162 4730 2418 4786 Ecclesiae
2452 4729 2732 4784 constituti
2763 4736 2912 4783 sunt.
2953 4726 3096 4794 Quid
3123 4743 3253 4800 ergo
3279 4742 3498 4783 necesse
3525 4718 3700 4778 eratsic

2156 4824 2322 4877 verba
2349 4821 2623 4884 connecti,
2644 4830 2739 4875 aut
2761 4836 2925 4891 quam
2950 4821 3181 4877 omnino
3213 4821 3379 4875 habet
3406 4826 3699 4883 consequen-

2160 4916 2289 4970 tiam
2339 4913 2526 4967 talium
2548 4912 2781 4983 prolatio
2808 4912 3100 4967 verborum
3124 4912 3180 4966 in
3205 4911 3545 4967 translatione
3557 4901 3699 4960 LXX:

2159 5004 2385 5061 Sanctus
2434 5004 2553 5069 erit,
2602 5003 2726 5072 quia
2775 5013 2990 5057 sanctus
3037 5019 3176 5069 sum,
3224 5020 3317 5074 ego
3360 5000 3595 5056 Dominus
3632 4992 3698 5064 qui

2158 5097 2430 5164 sanctiﬁco
2486 5111 2573 5150 vos
2610 5095 2636 5149 .9
2675 5093 2938 5165 Superius
2988 5096 3137 5150 enim
3184 5090 3612 5151 sanctiﬁcationis
3660 5082 3696 5137 ci

2160 5187 2535 5245 testimonium
2564 5187 2851 5257 praabitum
2875 5195 2978 5251 est,
3001 5188 3142 5242 sicut
3167 5187 3404 5258 pmdicti
3426 5183 3693 5239 ediderunt,

2160 5285 2441 5340 dicentes:
2473 5282 2610 5346 Quia
2639 5290 2854 5335 sanctus
2876 5290 2950 5335 est
2978 5281 3198 5335 Domino
3231 5281 3335 5334 Deo
3363 5295 3470 5333 suo.
3501 5274 3697 5341 Quoth

2160 5376 2232 5431 do
2266 5391 2395 5446 ergo
2445 5389 2635 5429 rursus
2664 5372 2883 5435 inferet,
2928 5372 2995 5427 Et
3024 5372 3375 5442 sanctiﬁcabis
3404 5367 3557 5424 eum?
3574 5362 3694 5418 Dona

2165 5468 2302 5523 enim
2332 5466 2540 5520 Domini
2574 5463 2668 5518 Dei
2697 5464 2854 5517 vestri
2884 5464 2993 5533 ipse
3039 5465 3235 5534 offeret.
3285 5461 3406 5516 Tria
3454 5470 3572 5527 ergo
3606 5451 3695 5504 lucc

2164 5575 2263 5629 per
2299 5574 2362 5613 ca
2390 5572 2510 5628 qua:
2540 5557 2680 5613 dicta
2711 5564 2838 5610 sunt
2863 5556 3118 5623 ostendit,
3152 5555 3206 5611 id
3233 5562 3313 5610 est
3346 5552 3465 5624 quia
3488 5543 3696 5603 Christus

2087 5759 2129 5788 ¹⁵
2162 5756 2390 5813 Malaclt.
2418 5772 2455 5811 t.
2484 5756 2534 5809 7.
2610 5755 2652 5785 ³⁵
2679 5752 2809 5808 ibid.
2840 5753 2891 5807 8.
2975 5755 3013 5785 ¹⁷
3047 5754 3181 5810 ibid.
3223 5753 3304 5808 Η.
3381 5747 3463 5804 ⁸³1
3497 5743 3687 5802 Cor-11v

2524 5825 2569 5856 ²²
2610 5823 2748 5880 Psal.
2782 5839 2888 5890 tux,
2918 5824 2968 5877 4.

2975 5755 3013 5785 ¹⁷
3047 5754 3181 5810 ibid.
3223 5753 3304 5808 Η.
