  <div class='ocr_page' id='page_1' title='image "/cluster/home/n/w/nwhite01/storage/ocr_20150623/93/coo.31924054869973/540.png"; bbox 0 0 3892 6468; ppageno 0'>
   <div class='ocr_carea' id='block_1_1' title="bbox 320 346 1857 442">
    <p class='ocr_par' dir='ltr' id='par_1_1' title="bbox 320 346 1851 420">
     <span class='ocr_line' id='line_1_1' title="bbox 320 346 1851 420; baseline 0.005 -8"><span class='ocrx_word' id='word_1_1' title='bbox 320 346 475 414; x_wconf 67' lang='grc'><strong>1057</strong></span> <span class='ocrx_word' id='word_1_2' title='bbox 1474 358 1560 420; x_wconf 72' lang='grc' dir='ltr'><strong>ΙΝ</strong></span> <span class='ocrx_word' id='word_1_3' title='bbox 1600 356 1851 419; x_wconf 86' lang='lat' dir='ltr'><strong>LEVlTl</strong></span> 
     </span>
    </p>
   </div>
   <div class='ocr_carea' id='block_1_2' title="bbox 2081 346 3618 442">
    <p class='ocr_par' dir='ltr' id='par_1_2' title="bbox 2087 360 3618 442">
     <span class='ocr_line' id='line_1_2' title="bbox 2087 360 3618 442; baseline 0.014 -20"><span class='ocrx_word' id='word_1_4' title='bbox 2087 386 2154 398; x_wconf 92' lang='grc'><strong>-·-</strong></span> <span class='ocrx_word' id='word_1_5' title='bbox 2190 361 2339 424; x_wconf 85' lang='lat' dir='ltr'>LIB.</span> <span class='ocrx_word' id='word_1_6' title='bbox 2374 360 2477 425; x_wconf 83' lang='lat' dir='ltr'><strong>VI.</strong></span> <span class='ocrx_word' id='word_1_7' title='bbox 2781 372 2791 378; x_wconf 84' lang='grc'><em>’</em></span> <span class='ocrx_word' id='word_1_8' title='bbox 3483 375 3618 442; x_wconf 80' lang='grc'><strong>1058</strong></span> 
     </span>
    </p>
   </div>
   <div class='ocr_carea' id='block_1_3' title="bbox 300 467 3620 559">
    <p class='ocr_par' dir='ltr' id='par_1_3' title="bbox 300 467 3620 559">
     <span class='ocr_line' id='line_1_3' title="bbox 300 467 3620 559; baseline 0.009 -42"><span class='ocrx_word' id='word_1_9' title='bbox 300 467 624 521; x_wconf 70' lang='lat' dir='ltr'><strong>secundum</strong></span> <span class='ocrx_word' id='word_1_10' title='bbox 656 468 800 537; x_wconf 89' lang='lat' dir='ltr'><strong>quod</strong></span> <span class='ocrx_word' id='word_1_11' title='bbox 845 478 928 525; x_wconf 86' lang='lat' dir='ltr'><strong>est</strong></span> <span class='ocrx_word' id='word_1_12' title='bbox 965 470 1131 537; x_wconf 85' lang='lat' dir='ltr'><strong>Deus,</strong></span> <span class='ocrx_word' id='word_1_13' title='bbox 1168 479 1221 526; x_wconf 87' lang='lat' dir='ltr'><strong>et</strong></span> <span class='ocrx_word' id='word_1_14' title='bbox 1243 480 1464 528; x_wconf 85' lang='lat' dir='ltr'><strong>sanctus</strong></span> <span class='ocrx_word' id='word_1_15' title='bbox 1495 485 1599 537; x_wconf 82' lang='lat' dir='ltr'><strong>cst,</strong></span> <span class='ocrx_word' id='word_1_16' title='bbox 1636 491 1667 530; x_wconf 91' lang='lat' dir='ltr'><strong>a</strong></span> <span class='ocrx_word' id='word_1_17' title='bbox 1715 485 1909 531; x_wconf 79' lang='lat' dir='ltr'><strong>scmct--</strong></span> <span class='ocrx_word' id='word_1_18' title='bbox 1951 483 1993 539; x_wconf 80' lang='grc' dir='ltr'><strong>Λ</strong></span> <span class='ocrx_word' id='word_1_19' title='bbox 2026 476 2391 549; x_wconf 78' lang='lat' dir='ltr'><strong>legitimorum</strong></span> <span class='ocrx_word' id='word_1_20' title='bbox 2419 480 2698 549; x_wconf 59' lang='lat' dir='ltr'><strong>praedicet,</strong></span> <span class='ocrx_word' id='word_1_21' title='bbox 2722 498 2825 539; x_wconf 86' lang='lat' dir='ltr'><strong>nec</strong></span> <span class='ocrx_word' id='word_1_22' title='bbox 2876 495 3060 540; x_wconf 90' lang='lat' dir='ltr'><strong>utatur</strong></span> <span class='ocrx_word' id='word_1_23' title='bbox 3084 487 3163 542; x_wconf 90' lang='lat' dir='ltr'><strong>eis</strong></span> <span class='ocrx_word' id='word_1_24' title='bbox 3189 490 3388 559; x_wconf 84' lang='lat' dir='ltr'><strong>quibus</strong></span> <span class='ocrx_word' id='word_1_25' title='bbox 3415 490 3503 546; x_wconf 86' lang='lat' dir='ltr'><strong>illa</strong></span> <span class='ocrx_word' id='word_1_26' title='bbox 3528 509 3620 548; x_wconf 85' lang='lat' dir='ltr'><strong>se-</strong></span> 
     </span>
    </p>
   </div>
   <div class='ocr_carea' id='block_1_4' title="bbox 313 557 3617 648">
    <p class='ocr_par' dir='ltr' id='par_1_4' title="bbox 313 557 3617 648">
     <span class='ocr_line' id='line_1_4' title="bbox 313 557 3617 648; baseline 0.008 -40"><span class='ocrx_word' id='word_1_27' title='bbox 313 557 440 625; x_wconf 86' lang='lat' dir='ltr'><strong>ipso</strong></span> <span class='ocrx_word' id='word_1_28' title='bbox 453 558 939 615; x_wconf 78' lang='lat' dir='ltr'><strong>suuctiﬁcationcm</strong></span> <span class='ocrx_word' id='word_1_29' title='bbox 956 562 1481 628; x_wconf 82' lang='lat' dir='ltr'><strong>habens,sedetnos</strong></span> <span class='ocrx_word' id='word_1_30' title='bbox 1495 567 1917 632; x_wconf 82' lang='lat' dir='ltr'><strong>sanctiﬁcamus;</strong></span> <span class='ocrx_word' id='word_1_31' title='bbox 2025 566 2265 620; x_wconf 89' lang='lat' dir='ltr'><strong>cundum</strong></span> <span class='ocrx_word' id='word_1_32' title='bbox 2294 567 2530 648; x_wconf 72' lang='lat' dir='ltr'><strong>litteram</strong></span> <span class='ocrx_word' id='word_1_33' title='bbox 2555 572 2814 627; x_wconf 90' lang='lat' dir='ltr'><strong>utebatur</strong></span> <span class='ocrx_word' id='word_1_34' title='bbox 2848 591 2861 627; x_wconf 92' lang='lat'><strong>:</strong></span> <span class='ocrx_word' id='word_1_35' title='bbox 2891 574 2943 629; x_wconf 90' lang='lat' dir='ltr'><strong>id</strong></span> <span class='ocrx_word' id='word_1_36' title='bbox 2972 586 3076 640; x_wconf 89' lang='lat' dir='ltr'><strong>est,</strong></span> <span class='ocrx_word' id='word_1_37' title='bbox 3103 587 3164 632; x_wconf 87' lang='lat' dir='ltr'><strong>ut</strong></span> <span class='ocrx_word' id='word_1_38' title='bbox 3211 557 3399 648; x_wconf 82' lang='lat' dir='ltr'><strong>neque</strong></span> <span class='ocrx_word' id='word_1_39' title='bbox 3446 582 3617 636; x_wconf 89' lang='lat' dir='ltr'><strong>sacri-</strong></span> 
     </span>
    </p>
   </div>
   <div class='ocr_carea' id='block_1_5' title="bbox 305 648 3617 737">
    <p class='ocr_par' dir='ltr' id='par_1_5' title="bbox 305 648 3617 737">
     <span class='ocr_line' id='line_1_5' title="bbox 305 648 3617 737; baseline 0.009 -39"><span class='ocrx_word' id='word_1_40' title='bbox 305 648 384 698; x_wconf 87' lang='lat' dir='ltr'><strong>de</strong></span> <span class='ocrx_word' id='word_1_41' title='bbox 413 664 523 717; x_wconf 88' lang='lat' dir='ltr'><strong>quo</strong></span> <span class='ocrx_word' id='word_1_42' title='bbox 556 648 694 702; x_wconf 74' lang='lat' dir='ltr'><strong>dixit</strong></span> <span class='ocrx_word' id='word_1_43' title='bbox 718 650 916 704; x_wconf 83' lang='lat' dir='ltr'><strong>Paulus</strong></span> <span class='ocrx_word' id='word_1_44' title='bbox 952 669 965 704; x_wconf 90' lang='lat'><strong>:</strong></span> <span class='ocrx_word' id='word_1_45' title='bbox 1006 650 1108 716; x_wconf 82' lang='lat' dir='ltr'><strong>Qui</strong></span> <span class='ocrx_word' id='word_1_46' title='bbox 1151 653 1449 722; x_wconf 80' lang='lat' dir='ltr'><strong>sanctiﬁcat</strong></span> <span class='ocrx_word' id='word_1_47' title='bbox 1473 665 1522 708; x_wconf 83' lang='lat' dir='ltr'><strong>et</strong></span> <span class='ocrx_word' id='word_1_48' title='bbox 1550 657 1642 726; x_wconf 86' lang='lat' dir='ltr'><strong>qui</strong></span> <span class='ocrx_word' id='word_1_49' title='bbox 1677 659 1921 726; x_wconf 81' lang='lat' dir='ltr'><strong>sanctiﬁ-</strong></span> <span class='ocrx_word' id='word_1_50' title='bbox 2026 659 2142 714; x_wconf 89' lang='lat' dir='ltr'><strong>ﬁcia</strong></span> <span class='ocrx_word' id='word_1_51' title='bbox 2166 648 2587 728; x_wconf 88' lang='lat' dir='ltr'><strong>irrationalium,</strong></span> <span class='ocrx_word' id='word_1_52' title='bbox 2622 674 2679 720; x_wconf 90' lang='lat' dir='ltr'><strong>et</strong></span> <span class='ocrx_word' id='word_1_53' title='bbox 2732 665 3141 736; x_wconf 84' lang='lat' dir='ltr'><strong>puriﬁcationes</strong></span> <span class='ocrx_word' id='word_1_54' title='bbox 3191 671 3507 737; x_wconf 84' lang='lat' dir='ltr'><strong>seusibiles,</strong></span> <span class='ocrx_word' id='word_1_55' title='bbox 3559 674 3617 729; x_wconf 86' lang='lat' dir='ltr'><strong>in</strong></span> 
     </span>
    </p>
   </div>
   <div class='ocr_carea' id='block_1_6' title="bbox 305 743 3253 832">
    <p class='ocr_par' dir='ltr' id='par_1_6' title="bbox 305 743 3253 832">
     <span class='ocr_line' id='line_1_6' title="bbox 305 743 3253 832; baseline 0.009 -42"><span class='ocrx_word' id='word_1_56' title='bbox 305 750 528 805; x_wconf 83' lang='lat' dir='ltr'><strong>cantur,</strong></span> <span class='ocrx_word' id='word_1_57' title='bbox 576 757 640 794; x_wconf 77' lang='lat' dir='ltr'><strong>ea:</strong></span> <span class='ocrx_word' id='word_1_58' title='bbox 698 759 803 795; x_wconf 88' lang='lat' dir='ltr'><strong>uno</strong></span> <span class='ocrx_word' id='word_1_59' title='bbox 843 760 1022 798; x_wconf 77' lang='lat' dir='ltr'><strong>omnes</strong></span> <span class='ocrx_word' id='word_1_60' title='bbox 1055 744 1122 798; x_wconf 79' lang='lat'><strong>&quot;.</strong></span> <span class='ocrx_word' id='word_1_61' title='bbox 1179 743 1284 799; x_wconf 88' lang='lat' dir='ltr'><strong>Sed</strong></span> <span class='ocrx_word' id='word_1_62' title='bbox 1329 746 1416 800; x_wconf 89' lang='lat' dir='ltr'><strong>ille</strong></span> <span class='ocrx_word' id='word_1_63' title='bbox 1457 747 1679 817; x_wconf 83' lang='lat' dir='ltr'><strong>quidem</strong></span> <span class='ocrx_word' id='word_1_64' title='bbox 1727 767 1758 803; x_wconf 86' lang='lat' dir='ltr'><strong>a</strong></span> <span class='ocrx_word' id='word_1_65' title='bbox 1808 749 1921 805; x_wconf 88' lang='lat' dir='ltr'><strong>Deo</strong></span> <span class='ocrx_word' id='word_1_66' title='bbox 2022 752 2225 822; x_wconf 88' lang='lat' dir='ltr'><strong>quibus</strong></span> <span class='ocrx_word' id='word_1_67' title='bbox 2256 752 2616 825; x_wconf 85' lang='lat' dir='ltr'><strong>intelligibilia</strong></span> <span class='ocrx_word' id='word_1_68' title='bbox 2650 758 2856 813; x_wconf 84' lang='lat' dir='ltr'><strong>credita</strong></span> <span class='ocrx_word' id='word_1_69' title='bbox 2888 769 3037 825; x_wconf 90' lang='lat' dir='ltr'><strong>sunt,</strong></span> <span class='ocrx_word' id='word_1_70' title='bbox 3068 775 3253 832; x_wconf 83' lang='lat' dir='ltr'><strong>agant.</strong></span> 
     </span>
    </p>
   </div>
   <div class='ocr_carea' id='block_1_7' title="bbox 304 831 3617 923">
    <p class='ocr_par' dir='ltr' id='par_1_7' title="bbox 304 831 3617 923">
     <span class='ocr_line' id='line_1_7' title="bbox 304 831 3617 923; baseline 0.008 -40"><span class='ocrx_word' id='word_1_71' title='bbox 304 845 489 885; x_wconf 87' lang='lat' dir='ltr'><strong>unum</strong></span> <span class='ocrx_word' id='word_1_72' title='bbox 536 831 713 886; x_wconf 91' lang='lat' dir='ltr'><strong>solum</strong></span> <span class='ocrx_word' id='word_1_73' title='bbox 761 832 961 898; x_wconf 83' lang='lat' dir='ltr'><strong>Filius,</strong></span> <span class='ocrx_word' id='word_1_74' title='bbox 995 835 1091 890; x_wconf 89' lang='lat' dir='ltr'><strong>sed</strong></span> <span class='ocrx_word' id='word_1_75' title='bbox 1122 845 1178 891; x_wconf 89' lang='lat' dir='ltr'><strong>et</strong></span> <span class='ocrx_word' id='word_1_76' title='bbox 1203 835 1296 892; x_wconf 85' lang='lat' dir='ltr'><strong>Dei</strong></span> <span class='ocrx_word' id='word_1_77' title='bbox 1335 847 1554 904; x_wconf 86' lang='lat' dir='ltr'><strong>natura,</strong></span> <span class='ocrx_word' id='word_1_78' title='bbox 1590 855 1695 897; x_wconf 86' lang='lat' dir='ltr'><strong>nos</strong></span> <span class='ocrx_word' id='word_1_79' title='bbox 1735 849 1918 898; x_wconf 88' lang='lat' dir='ltr'><strong>autem</strong></span> <span class='ocrx_word' id='word_1_80' title='bbox 2096 842 2263 899; x_wconf 78' lang='lat' dir='ltr'><strong>Vsus.</strong></span> <span class='ocrx_word' id='word_1_81' title='bbox 2289 845 2338 900; x_wconf 92' lang='lat'><strong>9.</strong></span> <span class='ocrx_word' id='word_1_82' title='bbox 2385 864 2404 898; x_wconf 80' lang='lat' dir='ltr'><strong>t</strong></span> <span class='ocrx_word' id='word_1_83' title='bbox 2441 845 2752 904; x_wconf 81' lang='lat' dir='ltr'><strong>Sacerdotis</strong></span> <span class='ocrx_word' id='word_1_84' title='bbox 2810 847 2917 905; x_wconf 89' lang='lat' dir='ltr'><strong>ﬁlia</strong></span> <span class='ocrx_word' id='word_1_85' title='bbox 2947 851 2992 907; x_wconf 89' lang='lat' dir='ltr'><strong>si</strong></span> <span class='ocrx_word' id='word_1_86' title='bbox 3047 831 3393 923; x_wconf 81' lang='lat' dir='ltr'><strong>deprehensa</strong></span> <span class='ocrx_word' id='word_1_87' title='bbox 3451 855 3617 911; x_wconf 89' lang='lat' dir='ltr'><strong>fuerit</strong></span> 
     </span>
    </p>
   </div>
   <div class='ocr_carea' id='block_1_8' title="bbox 301 923 3616 1015">
    <p class='ocr_par' dir='ltr' id='par_1_8' title="bbox 301 923 3616 1015">
     <span class='ocr_line' id='line_1_8' title="bbox 301 923 3616 1015; baseline 0.009 -41"><span class='ocrx_word' id='word_1_88' title='bbox 301 923 536 994; x_wconf 77' lang='lat' dir='ltr'><strong>gratia;</strong></span> <span class='ocrx_word' id='word_1_89' title='bbox 589 935 816 996; x_wconf 86' lang='lat' dir='ltr'><strong>propter</strong></span> <span class='ocrx_word' id='word_1_90' title='bbox 867 926 1012 996; x_wconf 92' lang='lat' dir='ltr'><strong>quod</strong></span> <span class='ocrx_word' id='word_1_91' title='bbox 1062 928 1151 983; x_wconf 91' lang='lat' dir='ltr'><strong>ille</strong></span> <span class='ocrx_word' id='word_1_92' title='bbox 1195 930 1415 1000; x_wconf 78' lang='lat' dir='ltr'><strong>quidem</strong></span> <span class='ocrx_word' id='word_1_93' title='bbox 1450 932 1772 1000; x_wconf 89' lang='lat' dir='ltr'><strong>sanctiﬁcat,</strong></span> <span class='ocrx_word' id='word_1_94' title='bbox 1817 949 1919 988; x_wconf 90' lang='lat' dir='ltr'><strong>nos</strong></span> <span class='ocrx_word' id='word_1_95' title='bbox 2021 934 2075 989; x_wconf 90' lang='lat' dir='ltr'><strong>in</strong></span> <span class='ocrx_word' id='word_1_96' title='bbox 2099 944 2314 1007; x_wconf 89' lang='lat' dir='ltr'><strong>stupro,</strong></span> <span class='ocrx_word' id='word_1_97' title='bbox 2354 944 2410 992; x_wconf 91' lang='lat' dir='ltr'><strong>et</strong></span> <span class='ocrx_word' id='word_1_98' title='bbox 2434 939 2724 996; x_wconf 87' lang='lat' dir='ltr'><strong>violaverit</strong></span> <span class='ocrx_word' id='word_1_99' title='bbox 2750 957 2954 998; x_wconf 88' lang='lat' dir='ltr'><strong>nomen</strong></span> <span class='ocrx_word' id='word_1_100' title='bbox 3005 944 3178 1015; x_wconf 87' lang='lat' dir='ltr'><strong>patris</strong></span> <span class='ocrx_word' id='word_1_101' title='bbox 3227 946 3332 1013; x_wconf 87' lang='lat' dir='ltr'><strong>sui,</strong></span> <span class='ocrx_word' id='word_1_102' title='bbox 3382 945 3616 1003; x_wconf 90' lang='lat' dir='ltr'><strong>ﬁammis</strong></span> 
     </span>
    </p>
   </div>
   <div class='ocr_carea' id='block_1_9' title="bbox 303 1015 2356 1094">
    <p class='ocr_par' dir='ltr' id='par_1_9' title="bbox 303 1015 2356 1094">
     <span class='ocr_line' id='line_1_9' title="bbox 303 1015 2356 1094; baseline 0.005 -28"><span class='ocrx_word' id='word_1_103' title='bbox 303 1022 497 1067; x_wconf 82' lang='lat' dir='ltr'><strong>autem</strong></span> <span class='ocrx_word' id='word_1_104' title='bbox 519 1015 943 1083; x_wconf 87' lang='lat' dir='ltr'><strong>sanctiﬁcamur;</strong></span> <span class='ocrx_word' id='word_1_105' title='bbox 963 1019 1264 1074; x_wconf 84' lang='lat' dir='ltr'><strong>secundum</strong></span> <span class='ocrx_word' id='word_1_106' title='bbox 1282 1030 1463 1077; x_wconf 86' lang='lat' dir='ltr'><strong>autem</strong></span> <span class='ocrx_word' id='word_1_107' title='bbox 1480 1024 1624 1094; x_wconf 91' lang='lat' dir='ltr'><strong>quod</strong></span> <span class='ocrx_word' id='word_1_108' title='bbox 1643 1025 1915 1081; x_wconf 86' lang='lat' dir='ltr'><strong>incarnari</strong></span> <span class='ocrx_word' id='word_1_109' title='bbox 2020 1032 2303 1081; x_wconf 83' lang='lat' dir='ltr'><strong>exuretur.</strong></span> <span class='ocrx_word' id='word_1_110' title='bbox 2337 1042 2356 1076; x_wconf 72' lang='grc' dir='ltr'><strong>ι</strong></span> 
     </span>
    </p>
   </div>
   <div class='ocr_carea' id='block_1_10' title="bbox 303 1104 3615 1186">
    <p class='ocr_par' dir='ltr' id='par_1_10' title="bbox 303 1104 3615 1186">
     <span class='ocr_line' id='line_1_10' title="bbox 303 1104 3615 1186; baseline 0.007 -29"><span class='ocrx_word' id='word_1_111' title='bbox 303 1104 359 1158; x_wconf 83' lang='lat' dir='ltr'><strong>ei</strong></span> <span class='ocrx_word' id='word_1_112' title='bbox 392 1105 616 1181; x_wconf 76' lang='lat' dir='ltr'><strong>placuit,</strong></span> <span class='ocrx_word' id='word_1_113' title='bbox 643 1114 697 1160; x_wconf 92' lang='lat' dir='ltr'><strong>et</strong></span> <span class='ocrx_word' id='word_1_114' title='bbox 723 1123 831 1161; x_wconf 88' lang='lat' dir='ltr'><strong>non</strong></span> <span class='ocrx_word' id='word_1_115' title='bbox 864 1108 1042 1163; x_wconf 89' lang='lat' dir='ltr'><strong>solum</strong></span> <span class='ocrx_word' id='word_1_116' title='bbox 1067 1111 1424 1176; x_wconf 84' lang='lat' dir='ltr'><strong>sacriﬁcium,</strong></span> <span class='ocrx_word' id='word_1_117' title='bbox 1465 1114 1560 1170; x_wconf 89' lang='lat' dir='ltr'><strong>sed</strong></span> <span class='ocrx_word' id='word_1_118' title='bbox 1585 1123 1641 1170; x_wconf 89' lang='lat' dir='ltr'><strong>et</strong></span> <span class='ocrx_word' id='word_1_119' title='bbox 1667 1116 1916 1186; x_wconf 80' lang='lat' dir='ltr'><strong>pontifex</strong></span> <span class='ocrx_word' id='word_1_120' title='bbox 2089 1110 2270 1166; x_wconf 73' lang='lat' dir='ltr'><strong>Grave</strong></span> <span class='ocrx_word' id='word_1_121' title='bbox 2295 1112 2619 1183; x_wconf 81' lang='lat' dir='ltr'><strong>estquidem</strong></span> <span class='ocrx_word' id='word_1_122' title='bbox 2647 1116 2814 1172; x_wconf 84' lang='lat' dir='ltr'><strong>eliam</strong></span> <span class='ocrx_word' id='word_1_123' title='bbox 2834 1118 3069 1173; x_wconf 78' lang='lat' dir='ltr'><strong>cuilibet</strong></span> <span class='ocrx_word' id='word_1_124' title='bbox 3097 1119 3215 1175; x_wconf 73' lang='lat' dir='ltr'><strong>viro</strong></span> <span class='ocrx_word' id='word_1_125' title='bbox 3234 1119 3498 1176; x_wconf 79' lang='lat' dir='ltr'><strong>fornicari</strong></span> <span class='ocrx_word' id='word_1_126' title='bbox 3547 1120 3615 1175; x_wconf 80' lang='lat' dir='ltr'><strong>ﬁ-</strong></span> 
     </span>
    </p>
   </div>
   <div class='ocr_carea' id='block_1_11' title="bbox 304 1195 3612 1281">
    <p class='ocr_par' dir='ltr' id='par_1_11' title="bbox 304 1195 3612 1281">
     <span class='ocr_line' id='line_1_11' title="bbox 304 1195 3612 1281; baseline 0.008 -33"><span class='ocrx_word' id='word_1_127' title='bbox 304 1195 455 1262; x_wconf 79' lang='lat' dir='ltr'><strong>fieri,</strong></span> <span class='ocrx_word' id='word_1_128' title='bbox 479 1199 781 1253; x_wconf 88' lang='lat' dir='ltr'><strong>secundum</strong></span> <span class='ocrx_word' id='word_1_129' title='bbox 808 1199 913 1255; x_wconf 80' lang='lat' dir='ltr'><strong>hoc</strong></span> <span class='ocrx_word' id='word_1_130' title='bbox 945 1200 1185 1267; x_wconf 86' lang='lat' dir='ltr'><strong>Patrem,</strong></span> <span class='ocrx_word' id='word_1_131' title='bbox 1217 1213 1271 1259; x_wconf 90' lang='lat' dir='ltr'><strong>et</strong></span> <span class='ocrx_word' id='word_1_132' title='bbox 1303 1205 1615 1272; x_wconf 90' lang='lat' dir='ltr'><strong>Dominum,</strong></span> <span class='ocrx_word' id='word_1_133' title='bbox 1650 1217 1705 1263; x_wconf 89' lang='lat' dir='ltr'><strong>et</strong></span> <span class='ocrx_word' id='word_1_134' title='bbox 1745 1209 1915 1263; x_wconf 89' lang='lat' dir='ltr'><strong>Deum</strong></span> <span class='ocrx_word' id='word_1_135' title='bbox 2019 1199 2170 1268; x_wconf 67' lang='lat' dir='ltr'><strong>lim&quot;.</strong></span> <span class='ocrx_word' id='word_1_136' title='bbox 2234 1203 2471 1259; x_wconf 74' lang='lat' dir='ltr'><strong>maXime</strong></span> <span class='ocrx_word' id='word_1_137' title='bbox 2517 1214 2702 1261; x_wconf 70' lang='lat' dir='ltr'><strong>tamen</strong></span> <span class='ocrx_word' id='word_1_138' title='bbox 2762 1211 3087 1273; x_wconf 66' lang='lat' dir='ltr'><strong>sacerdotis,</strong></span> <span class='ocrx_word' id='word_1_139' title='bbox 3125 1212 3253 1281; x_wconf 88' lang='lat' dir='ltr'><strong>quia</strong></span> <span class='ocrx_word' id='word_1_140' title='bbox 3306 1213 3612 1268; x_wconf 78' lang='lat' dir='ltr'><strong>secundum</strong></span> 
     </span>
    </p>
   </div>
   <div class='ocr_carea' id='block_1_12' title="bbox 298 1288 3611 1372">
    <p class='ocr_par' dir='ltr' id='par_1_12' title="bbox 298 1288 3611 1372">
     <span class='ocr_line' id='line_1_12' title="bbox 298 1288 3611 1372; baseline 0.008 -43"><span class='ocrx_word' id='word_1_141' title='bbox 298 1289 521 1344; x_wconf 65' lang='lat' dir='ltr'><strong>habere</strong></span> <span class='ocrx_word' id='word_1_142' title='bbox 563 1291 784 1357; x_wconf 53' lang='lat' dir='ltr'><strong>dicitur,</strong></span> <span class='ocrx_word' id='word_1_143' title='bbox 829 1294 969 1348; x_wconf 73' lang='grc' dir='ltr'><strong>είουι</strong></span> <span class='ocrx_word' id='word_1_144' title='bbox 1007 1293 1125 1363; x_wconf 66' lang='lat' dir='ltr'><strong>ipse</strong></span> <span class='ocrx_word' id='word_1_145' title='bbox 1165 1296 1231 1350; x_wconf 68' lang='lat' dir='ltr'><strong>ad</strong></span> <span class='ocrx_word' id='word_1_146' title='bbox 1267 1296 1488 1352; x_wconf 67' lang='lat' dir='ltr'><strong>Mariam</strong></span> <span class='ocrx_word' id='word_1_147' title='bbox 1542 1298 1912 1372; x_wconf 65' lang='lat' dir='ltr'><strong>Magdpjenm&quot;</strong></span> <span class='ocrx_word' id='word_1_148' title='bbox 2017 1288 2164 1358; x_wconf 89' lang='lat' dir='ltr'><strong>quod</strong></span> <span class='ocrx_word' id='word_1_149' title='bbox 2186 1289 2323 1343; x_wconf 79' lang='lat' dir='ltr'><strong>dixit</strong></span> <span class='ocrx_word' id='word_1_150' title='bbox 2350 1290 2588 1347; x_wconf 87' lang='lat' dir='ltr'><strong>Paulus:</strong></span> <span class='ocrx_word' id='word_1_151' title='bbox 2640 1293 2854 1363; x_wconf 82' lang='lat' dir='ltr'><strong>Oportet</strong></span> <span class='ocrx_word' id='word_1_152' title='bbox 2906 1301 3202 1354; x_wconf 77' lang='lat' dir='ltr'><strong>sacerdotes</strong></span> <span class='ocrx_word' id='word_1_153' title='bbox 3249 1301 3387 1369; x_wconf 81' lang='lat' dir='ltr'><strong>ﬁlios</strong></span> <span class='ocrx_word' id='word_1_154' title='bbox 3416 1300 3611 1356; x_wconf 84' lang='lat' dir='ltr'><strong>habere</strong></span> 
     </span>
    </p>
   </div>
   <div class='ocr_carea' id='block_1_13' title="bbox 304 1380 1841 1456">
    <p class='ocr_par' dir='ltr' id='par_1_13' title="bbox 304 1381 1814 1456">
     <span class='ocr_line' id='line_1_13' title="bbox 304 1381 1814 1456; baseline 0.008 -21"><span class='ocrx_word' id='word_1_155' title='bbox 304 1381 449 1436; x_wconf 75' lang='lat' dir='ltr'><strong>dixit</strong></span> <span class='ocrx_word' id='word_1_156' title='bbox 484 1400 495 1434; x_wconf 92' lang='lat'><strong>:</strong></span> <span class='ocrx_word' id='word_1_157' title='bbox 531 1382 670 1437; x_wconf 84' lang='lat' dir='ltr'><strong>Vade</strong></span> <span class='ocrx_word' id='word_1_158' title='bbox 703 1384 774 1437; x_wconf 87' lang='lat' dir='ltr'><strong>ad</strong></span> <span class='ocrx_word' id='word_1_159' title='bbox 806 1386 999 1456; x_wconf 79' lang='lat' dir='ltr'><strong>fratres</strong></span> <span class='ocrx_word' id='word_1_160' title='bbox 1042 1403 1181 1442; x_wconf 81' lang='lat' dir='ltr'><strong>meos</strong></span> <span class='ocrx_word' id='word_1_161' title='bbox 1210 1397 1258 1443; x_wconf 89' lang='lat' dir='ltr'><strong>et</strong></span> <span class='ocrx_word' id='word_1_162' title='bbox 1292 1390 1377 1443; x_wconf 87' lang='lat' dir='ltr'><strong>dic</strong></span> <span class='ocrx_word' id='word_1_163' title='bbox 1423 1392 1497 1445; x_wconf 89' lang='lat' dir='ltr'><strong>eis</strong></span> <span class='ocrx_word' id='word_1_164' title='bbox 1527 1407 1546 1445; x_wconf 91' lang='lat'><strong>:</strong></span> <span class='ocrx_word' id='word_1_165' title='bbox 1579 1393 1814 1447; x_wconf 81' lang='lat' dir='ltr'><strong>Ascendo</strong></span> 
     </span>
    </p>
   </div>
   <div class='ocr_carea' id='block_1_14' title="bbox 2071 1380 3608 1456">
    <p class='ocr_par' dir='ltr' id='par_1_14' title="bbox 2071 1380 3608 1456">
     <span class='ocr_line' id='line_1_14' title="bbox 2071 1380 3608 1456; baseline 0.012 -25"><span class='ocrx_word' id='word_1_166' title='bbox 2071 1380 2249 1434; x_wconf 83' lang='lat' dir='ltr'><strong>:bditos</strong></span> <span class='ocrx_word' id='word_1_167' title='bbox 2281 1398 2399 1435; x_wconf 90' lang='lat' dir='ltr'><strong>cum</strong></span> <span class='ocrx_word' id='word_1_168' title='bbox 2421 1385 2567 1437; x_wconf 88' lang='lat' dir='ltr'><strong>omni</strong></span> <span class='ocrx_word' id='word_1_169' title='bbox 2592 1388 2838 1442; x_wconf 84' lang='lat' dir='ltr'><strong>castitate</strong></span> <span class='ocrx_word' id='word_1_170' title='bbox 2866 1389 2932 1456; x_wconf 78' lang='grc'><strong>³⁵,</strong></span> <span class='ocrx_word' id='word_1_171' title='bbox 2981 1390 3055 1445; x_wconf 89' lang='lat' dir='ltr'><strong>ita</strong></span> <span class='ocrx_word' id='word_1_172' title='bbox 3107 1400 3169 1446; x_wconf 89' lang='lat' dir='ltr'><strong>ut</strong></span> <span class='ocrx_word' id='word_1_173' title='bbox 3232 1407 3344 1447; x_wconf 89' lang='lat' dir='ltr'><strong>non</strong></span> <span class='ocrx_word' id='word_1_174' title='bbox 3394 1393 3608 1448; x_wconf 85' lang='lat' dir='ltr'><strong>dicatur</strong></span> 
     </span>
    </p>
   </div>
   <div class='ocr_carea' id='block_1_15' title="bbox 301 1473 1838 1555">
    <p class='ocr_par' dir='ltr' id='par_1_15' title="bbox 301 1474 1837 1547">
     <span class='ocr_line' id='line_1_15' title="bbox 301 1474 1837 1547; baseline 0.009 -20"><span class='ocrx_word' id='word_1_175' title='bbox 301 1474 539 1529; x_wconf 82' lang='lat' dir='ltr'><strong>Patrem</strong></span> <span class='ocrx_word' id='word_1_176' title='bbox 569 1493 760 1541; x_wconf 87' lang='lat' dir='ltr'><strong>meum,</strong></span> <span class='ocrx_word' id='word_1_177' title='bbox 784 1488 832 1531; x_wconf 90' lang='lat' dir='ltr'><strong>et</strong></span> <span class='ocrx_word' id='word_1_178' title='bbox 853 1476 1073 1533; x_wconf 83' lang='lat' dir='ltr'><strong>Patrem</strong></span> <span class='ocrx_word' id='word_1_179' title='bbox 1100 1490 1345 1547; x_wconf 86' lang='lat' dir='ltr'><strong>vestrum,</strong></span> <span class='ocrx_word' id='word_1_180' title='bbox 1377 1484 1449 1537; x_wconf 89' lang='lat' dir='ltr'><strong>ad</strong></span> <span class='ocrx_word' id='word_1_181' title='bbox 1469 1483 1637 1539; x_wconf 77' lang='lat' dir='ltr'><strong>Deum</strong></span> <span class='ocrx_word' id='word_1_182' title='bbox 1664 1503 1837 1541; x_wconf 87' lang='lat' dir='ltr'><strong>meum</strong></span> 
     </span>
    </p>
   </div>
   <div class='ocr_carea' id='block_1_16' title="bbox 2071 1473 3608 1555">
    <p class='ocr_par' dir='ltr' id='par_1_16' title="bbox 2071 1474 3608 1555">
     <span class='ocr_line' id='line_1_16' title="bbox 2071 1474 3608 1555; baseline 0.01 -29"><span class='ocrx_word' id='word_1_183' title='bbox 2071 1489 2085 1527; x_wconf 61' lang='grc' dir='ltr'><em>ξ</em></span> <span class='ocrx_word' id='word_1_184' title='bbox 2115 1488 2182 1528; x_wconf 87' lang='lat' dir='ltr'><strong>eo</strong></span> <span class='ocrx_word' id='word_1_185' title='bbox 2212 1474 2358 1543; x_wconf 90' lang='lat' dir='ltr'><strong>quod</strong></span> <span class='ocrx_word' id='word_1_186' title='bbox 2380 1477 2628 1546; x_wconf 88' lang='lat' dir='ltr'><strong>sequitur</strong></span> <span class='ocrx_word' id='word_1_187' title='bbox 2660 1496 2674 1512; x_wconf 78' lang='grc' dir='ltr'><strong>ο</strong></span> <span class='ocrx_word' id='word_1_188' title='bbox 2731 1479 2791 1534; x_wconf 89' lang='lat' dir='ltr'><strong>Si</strong></span> <span class='ocrx_word' id='word_1_189' title='bbox 2843 1483 2966 1551; x_wconf 90' lang='lat' dir='ltr'><strong>quis</strong></span> <span class='ocrx_word' id='word_1_190' title='bbox 3017 1500 3129 1539; x_wconf 75' lang='lat' dir='ltr'><strong>suae</strong></span> <span class='ocrx_word' id='word_1_191' title='bbox 3160 1486 3343 1539; x_wconf 86' lang='lat' dir='ltr'><strong>domui</strong></span> <span class='ocrx_word' id='word_1_192' title='bbox 3385 1501 3608 1555; x_wconf 66' lang='lat' dir='ltr'><strong>praeesse</strong></span> 
     </span>
    </p>
   </div>
   <div class='ocr_carea' id='block_1_17' title="bbox 292 1568 3603 1644">
    <p class='ocr_par' dir='ltr' id='par_1_17' title="bbox 292 1568 3603 1644">
     <span class='ocr_line' id='line_1_17' title="bbox 292 1568 3603 1644; baseline 0.005 -26"><span class='ocrx_word' id='word_1_193' title='bbox 292 1568 482 1622; x_wconf 82' lang='lat' dir='ltr'><strong>Deum</strong></span> <span class='ocrx_word' id='word_1_194' title='bbox 507 1579 733 1624; x_wconf 83' lang='lat' dir='ltr'><strong>vestrum</strong></span> <span class='ocrx_word' id='word_1_195' title='bbox 758 1570 825 1637; x_wconf 64' lang='grc' dir='ltr'><strong>ἰ,</strong></span> <span class='ocrx_word' id='word_1_196' title='bbox 855 1580 910 1626; x_wconf 91' lang='lat' dir='ltr'><strong>et</strong></span> <span class='ocrx_word' id='word_1_197' title='bbox 936 1581 1227 1643; x_wconf 82' lang='lat' dir='ltr'><strong>propterea</strong></span> <span class='ocrx_word' id='word_1_198' title='bbox 1256 1574 1333 1628; x_wconf 86' lang='lat' dir='ltr'><strong>ait</strong></span> <span class='ocrx_word' id='word_1_199' title='bbox 1364 1592 1377 1629; x_wconf 72' lang='grc' dir='ltr'>ε</span> <span class='ocrx_word' id='word_1_200' title='bbox 2013 1573 2200 1633; x_wconf 83' lang='lat' dir='ltr'><strong>nescit,</strong></span> <span class='ocrx_word' id='word_1_201' title='bbox 2231 1577 2490 1644; x_wconf 82' lang='lat' dir='ltr'><strong>quomodo</strong></span> <span class='ocrx_word' id='word_1_202' title='bbox 2525 1574 2771 1631; x_wconf 74' lang='lat' dir='ltr'><strong>Ecclesia:</strong></span> <span class='ocrx_word' id='word_1_203' title='bbox 2795 1578 2897 1633; x_wconf 89' lang='lat' dir='ltr'><strong>Dei</strong></span> <span class='ocrx_word' id='word_1_204' title='bbox 2920 1595 3105 1635; x_wconf 73' lang='lat' dir='ltr'><strong>curant</strong></span> <span class='ocrx_word' id='word_1_205' title='bbox 3134 1580 3441 1637; x_wconf 75' lang='lat' dir='ltr'><strong>habebit&quot;?</strong></span> <span class='ocrx_word' id='word_1_206' title='bbox 3464 1581 3603 1635; x_wconf 90' lang='lat' dir='ltr'><strong>Pro-</strong></span> 
     </span>
    </p>
   </div>
   <div class='ocr_carea' id='block_1_18' title="bbox 375 1659 1912 1737">
    <p class='ocr_par' dir='ltr' id='par_1_18' title="bbox 375 1659 1912 1725">
     <span class='ocr_line' id='line_1_18' title="bbox 375 1659 1912 1725; baseline 0.008 -13"><span class='ocrx_word' id='word_1_207' title='bbox 375 1659 518 1724; x_wconf 82' lang='lat' dir='ltr'><strong>Ouia</strong></span> <span class='ocrx_word' id='word_1_208' title='bbox 541 1669 753 1716; x_wconf 83' lang='lat' dir='ltr'><strong>sanctus</strong></span> <span class='ocrx_word' id='word_1_209' title='bbox 774 1671 849 1716; x_wconf 86' lang='lat' dir='ltr'><strong>est</strong></span> <span class='ocrx_word' id='word_1_210' title='bbox 876 1664 1100 1718; x_wconf 91' lang='lat' dir='ltr'><strong>Domino</strong></span> <span class='ocrx_word' id='word_1_211' title='bbox 1129 1664 1234 1719; x_wconf 88' lang='lat' dir='ltr'><strong>Deo</strong></span> <span class='ocrx_word' id='word_1_212' title='bbox 1265 1682 1377 1719; x_wconf 86' lang='lat' dir='ltr'><strong>suo.</strong></span> <span class='ocrx_word' id='word_1_213' title='bbox 1406 1665 1637 1723; x_wconf 83' lang='lat' dir='ltr'><strong>Sanctus</strong></span> <span class='ocrx_word' id='word_1_214' title='bbox 1665 1678 1751 1724; x_wconf 88' lang='lat' dir='ltr'><strong>est</strong></span> <span class='ocrx_word' id='word_1_215' title='bbox 1774 1669 1912 1725; x_wconf 87' lang='lat' dir='ltr'><strong>sicut</strong></span> 
     </span>
    </p>
   </div>
   <div class='ocr_carea' id='block_1_19' title="bbox 2066 1659 3603 1737">
    <p class='ocr_par' dir='ltr' id='par_1_19' title="bbox 2066 1661 3603 1737">
     <span class='ocr_line' id='line_1_19' title="bbox 2066 1661 3603 1737; baseline 0.008 -24"><span class='ocrx_word' id='word_1_216' title='bbox 2066 1674 2203 1715; x_wconf 73' lang='lat' dir='ltr'><strong>terea</strong></span> <span class='ocrx_word' id='word_1_217' title='bbox 2231 1661 2548 1718; x_wconf 71' lang='lat' dir='ltr'><strong>Iudaeorum</strong></span> <span class='ocrx_word' id='word_1_218' title='bbox 2578 1665 2861 1736; x_wconf 75' lang='lat' dir='ltr'><strong>Syuagoga</strong></span> <span class='ocrx_word' id='word_1_219' title='bbox 2890 1683 3000 1722; x_wconf 86' lang='lat' dir='ltr'><strong>non</strong></span> <span class='ocrx_word' id='word_1_220' title='bbox 3025 1669 3204 1725; x_wconf 91' lang='lat' dir='ltr'><strong>solum</strong></span> <span class='ocrx_word' id='word_1_221' title='bbox 3234 1684 3391 1737; x_wconf 78' lang='lat' dir='ltr'><strong>uxor,</strong></span> <span class='ocrx_word' id='word_1_222' title='bbox 3421 1670 3516 1725; x_wconf 84' lang='lat' dir='ltr'><strong>sed</strong></span> <span class='ocrx_word' id='word_1_223' title='bbox 3544 1680 3603 1726; x_wconf 85' lang='lat' dir='ltr'><strong>et</strong></span> 
     </span>
    </p>
   </div>
   <div class='ocr_carea' id='block_1_20' title="bbox 198 1749 3608 1826">
    <p class='ocr_par' dir='ltr' id='par_1_20' title="bbox 198 1749 3608 1826">
     <span class='ocr_line' id='line_1_20' title="bbox 198 1749 3608 1826; baseline 0.004 -27"><span class='ocrx_word' id='word_1_224' title='bbox 198 1805 209 1813; x_wconf 41' lang='grc' dir='ltr'><strong><em>ο</em></strong></span> <span class='ocrx_word' id='word_1_225' title='bbox 302 1749 475 1818; x_wconf 73' lang='lat' dir='ltr'><strong>Deus,</strong></span> <span class='ocrx_word' id='word_1_226' title='bbox 511 1753 739 1807; x_wconf 81' lang='lat' dir='ltr'><strong>Domino</strong></span> <span class='ocrx_word' id='word_1_227' title='bbox 767 1763 951 1809; x_wconf 73' lang='lat' dir='ltr'><strong>autem</strong></span> <span class='ocrx_word' id='word_1_228' title='bbox 988 1754 1099 1810; x_wconf 79' lang='lat' dir='ltr'><strong>Deo</strong></span> <span class='ocrx_word' id='word_1_229' title='bbox 1131 1757 1251 1826; x_wconf 77' lang='lat' dir='ltr'><strong>ejus</strong></span> <span class='ocrx_word' id='word_1_230' title='bbox 1280 1766 1338 1811; x_wconf 79' lang='grc' dir='ltr'><strong>ιιι</strong></span> <span class='ocrx_word' id='word_1_231' title='bbox 1364 1759 1551 1813; x_wconf 66' lang='lat' dir='ltr'><strong>homo,</strong></span> <span class='ocrx_word' id='word_1_232' title='bbox 2016 1749 2127 1803; x_wconf 84' lang='lat' dir='ltr'><strong>lilia</strong></span> <span class='ocrx_word' id='word_1_233' title='bbox 2155 1750 2244 1804; x_wconf 81' lang='lat' dir='ltr'><strong>Dei</strong></span> <span class='ocrx_word' id='word_1_234' title='bbox 2265 1752 2531 1821; x_wconf 85' lang='lat' dir='ltr'><strong>appellata</strong></span> <span class='ocrx_word' id='word_1_235' title='bbox 2553 1754 2607 1808; x_wconf 92' lang='lat' dir='ltr'><strong>in</strong></span> <span class='ocrx_word' id='word_1_236' title='bbox 2631 1756 2916 1825; x_wconf 79' lang='lat' dir='ltr'><strong>prophetis</strong></span> <span class='ocrx_word' id='word_1_237' title='bbox 2938 1757 3238 1813; x_wconf 85' lang='lat' dir='ltr'><strong>invenitur.</strong></span> <span class='ocrx_word' id='word_1_238' title='bbox 3263 1757 3369 1813; x_wconf 85' lang='lat' dir='ltr'><strong>Sed</strong></span> <span class='ocrx_word' id='word_1_239' title='bbox 3390 1769 3608 1814; x_wconf 89' lang='lat' dir='ltr'><strong>utrum-</strong></span> 
     </span>
    </p>
   </div>
   <div class='ocr_carea' id='block_1_21' title="bbox 378 1827 3604 1917">
    <p class='ocr_par' dir='ltr' id='par_1_21' title="bbox 378 1827 3604 1917">
     <span class='ocr_line' id='line_1_21' title="bbox 378 1827 3604 1917; baseline 0.007 -21"><span class='ocrx_word' id='word_1_240' title='bbox 378 1844 605 1915; x_wconf 85' lang='lat' dir='ltr'><strong>Propter</strong></span> <span class='ocrx_word' id='word_1_241' title='bbox 629 1847 767 1915; x_wconf 84' lang='lat' dir='ltr'><strong>quod</strong></span> <span class='ocrx_word' id='word_1_242' title='bbox 803 1856 852 1900; x_wconf 90' lang='lat' dir='ltr'><strong>et</strong></span> <span class='ocrx_word' id='word_1_243' title='bbox 881 1848 1236 1916; x_wconf 84' lang='lat' dir='ltr'><strong>sanctiﬁcabis</strong></span> <span class='ocrx_word' id='word_1_244' title='bbox 1271 1866 1412 1915; x_wconf 87' lang='lat' dir='ltr'><strong>eum,</strong></span> <span class='ocrx_word' id='word_1_245' title='bbox 1446 1851 1585 1905; x_wconf 80' lang='lat' dir='ltr'><strong>dona</strong></span> <span class='ocrx_word' id='word_1_246' title='bbox 1634 1851 1771 1905; x_wconf 82' lang='lat' dir='ltr'><strong>enim</strong></span> <span class='ocrx_word' id='word_1_247' title='bbox 1802 1852 1905 1904; x_wconf 73' lang='lat' dir='ltr'><strong>Iio-</strong></span> <span class='ocrx_word' id='word_1_248' title='bbox 1945 1827 1980 1877; x_wconf 57' lang='grc' dir='ltr'><strong>μ</strong></span> <span class='ocrx_word' id='word_1_249' title='bbox 2010 1855 2123 1908; x_wconf 67' lang='lat' dir='ltr'><strong>que</strong></span> <span class='ocrx_word' id='word_1_250' title='bbox 2160 1840 2276 1909; x_wconf 54' lang='lat' dir='ltr'><strong>ipsa</strong></span> <span class='ocrx_word' id='word_1_251' title='bbox 2318 1842 2633 1909; x_wconf 67' lang='grc' dir='ltr'><strong>ἀθβτθνθηε</strong></span> <span class='ocrx_word' id='word_1_252' title='bbox 2656 1883 2673 1908; x_wconf 75' lang='grc' dir='ltr'><strong><em>ο</em></strong></span> <span class='ocrx_word' id='word_1_253' title='bbox 2733 1845 2958 1915; x_wconf 63' lang='lat' dir='ltr'><strong>indigna</strong></span> <span class='ocrx_word' id='word_1_254' title='bbox 3008 1848 3170 1901; x_wconf 69' lang='grc' dir='ltr'><strong>ἀοηίδ</strong></span> <span class='ocrx_word' id='word_1_255' title='bbox 3219 1847 3494 1917; x_wconf 53' lang='lat' dir='ltr'><strong>atillam“:</strong></span> <span class='ocrx_word' id='word_1_256' title='bbox 3547 1854 3604 1902; x_wconf 63' lang='grc' dir='ltr'><strong>ει</strong></span> 
     </span>
    </p>
   </div>
   <div class='ocr_carea' id='block_1_22' title="bbox 301 1929 1838 2016">
    <p class='ocr_par' dir='ltr' id='par_1_22' title="bbox 301 1938 1838 2016">
     <span class='ocr_line' id='line_1_22' title="bbox 301 1938 1838 2016; baseline 0.007 -27"><span class='ocrx_word' id='word_1_257' title='bbox 301 1938 444 1990; x_wconf 84' lang='lat' dir='ltr'><strong>mini</strong></span> <span class='ocrx_word' id='word_1_258' title='bbox 469 1938 563 1991; x_wconf 85' lang='lat' dir='ltr'><strong>Dei</strong></span> <span class='ocrx_word' id='word_1_259' title='bbox 580 1940 738 1992; x_wconf 84' lang='lat' dir='ltr'><strong>vestri</strong></span> <span class='ocrx_word' id='word_1_260' title='bbox 766 1941 874 2009; x_wconf 81' lang='lat' dir='ltr'><strong>ipse</strong></span> <span class='ocrx_word' id='word_1_261' title='bbox 903 1942 1104 2010; x_wconf 80' lang='lat' dir='ltr'><strong>offeret.</strong></span> <span class='ocrx_word' id='word_1_262' title='bbox 1142 1940 1249 1997; x_wconf 88' lang='lat' dir='ltr'><strong>Sed</strong></span> <span class='ocrx_word' id='word_1_263' title='bbox 1277 1950 1331 1997; x_wconf 90' lang='lat' dir='ltr'><strong>et</strong></span> <span class='ocrx_word' id='word_1_264' title='bbox 1361 1943 1486 2013; x_wconf 88' lang='lat' dir='ltr'><strong>quia</strong></span> <span class='ocrx_word' id='word_1_265' title='bbox 1513 1944 1568 1997; x_wconf 92' lang='lat' dir='ltr'><strong>in</strong></span> <span class='ocrx_word' id='word_1_266' title='bbox 1596 1944 1716 2016; x_wconf 87' lang='lat' dir='ltr'><strong>ejus</strong></span> <span class='ocrx_word' id='word_1_267' title='bbox 1738 1944 1838 2015; x_wconf 81' lang='lat' dir='ltr'><strong>ﬁgu</strong></span> 
     </span>
    </p>
   </div>
   <div class='ocr_carea' id='block_1_23' title="bbox 2064 1929 3601 2016">
    <p class='ocr_par' dir='ltr' id='par_1_23' title="bbox 2064 1929 3601 2005">
     <span class='ocr_line' id='line_1_23' title="bbox 2064 1929 3601 2005; baseline 0.008 -26"><span class='ocrx_word' id='word_1_268' title='bbox 2064 1940 2308 1997; x_wconf 75' lang='lat' dir='ltr'><strong>ropterea</strong></span> <span class='ocrx_word' id='word_1_269' title='bbox 2342 1929 2519 1984; x_wconf 86' lang='lat' dir='ltr'><strong>aliena</strong></span> <span class='ocrx_word' id='word_1_270' title='bbox 2552 1930 2697 1987; x_wconf 82' lang='lat' dir='ltr'><strong>facta</strong></span> <span class='ocrx_word' id='word_1_271' title='bbox 2728 1944 2816 1988; x_wconf 89' lang='lat' dir='ltr'><strong>est</strong></span> <span class='ocrx_word' id='word_1_272' title='bbox 2836 1949 2854 2002; x_wconf 84' lang='lat'><strong>;</strong></span> <span class='ocrx_word' id='word_1_273' title='bbox 2887 1937 2964 1989; x_wconf 86' lang='lat' dir='ltr'><strong>ita</strong></span> <span class='ocrx_word' id='word_1_274' title='bbox 3005 1944 3065 1990; x_wconf 90' lang='lat' dir='ltr'><strong>ut</strong></span> <span class='ocrx_word' id='word_1_275' title='bbox 3099 1935 3242 1991; x_wconf 87' lang='lat' dir='ltr'><strong>Deus</strong></span> <span class='ocrx_word' id='word_1_276' title='bbox 3281 1950 3380 2005; x_wconf 90' lang='lat' dir='ltr'><strong>per</strong></span> <span class='ocrx_word' id='word_1_277' title='bbox 3399 1935 3601 1991; x_wconf 90' lang='lat' dir='ltr'><strong>Isaiam</strong></span> 
     </span>
    </p>
   </div>
   <div class='ocr_carea' id='block_1_24' title="bbox 297 2018 3603 2108">
    <p class='ocr_par' dir='ltr' id='par_1_24' title="bbox 297 2018 3603 2108">
     <span class='ocr_line' id='line_1_24' title="bbox 297 2018 3603 2108; baseline 0.004 -26"><span class='ocrx_word' id='word_1_278' title='bbox 297 2030 401 2099; x_wconf 86' lang='lat' dir='ltr'><strong>qui</strong></span> <span class='ocrx_word' id='word_1_279' title='bbox 430 2030 498 2084; x_wconf 85' lang='lat' dir='ltr'><strong>ab</strong></span> <span class='ocrx_word' id='word_1_280' title='bbox 523 2046 590 2085; x_wconf 90' lang='lat' dir='ltr'><strong>eo</strong></span> <span class='ocrx_word' id='word_1_281' title='bbox 619 2033 974 2088; x_wconf 84' lang='lat' dir='ltr'><strong>constituitur</strong></span> <span class='ocrx_word' id='word_1_282' title='bbox 995 2032 1311 2089; x_wconf 87' lang='lat' dir='ltr'><strong>sacerdotes</strong></span> <span class='ocrx_word' id='word_1_283' title='bbox 1337 2034 1667 2101; x_wconf 88' lang='lat' dir='ltr'><strong>ministrant,</strong></span> <span class='ocrx_word' id='word_1_284' title='bbox 1695 2036 1752 2090; x_wconf 91' lang='lat' dir='ltr'><strong>in</strong></span> <span class='ocrx_word' id='word_1_285' title='bbox 1775 2037 1908 2108; x_wconf 87' lang='lat' dir='ltr'><strong>ipsis</strong></span> <span class='ocrx_word' id='word_1_286' title='bbox 2013 2021 2226 2075; x_wconf 56' lang='lat' dir='ltr'><strong>dicen&quot;</strong></span> <span class='ocrx_word' id='word_1_287' title='bbox 2256 2037 2267 2072; x_wconf 77' lang='grc'><strong><em>⁵</em></strong></span> <span class='ocrx_word' id='word_1_288' title='bbox 2301 2018 2644 2091; x_wconf 52' lang='lat' dir='ltr'><strong>&quot;umqum&quot;</strong></span> <span class='ocrx_word' id='word_1_289' title='bbox 2671 2022 2788 2091; x_wconf 66' lang='lat' dir='ltr'><strong>ﬁlia</strong></span> <span class='ocrx_word' id='word_1_290' title='bbox 2819 2024 2950 2080; x_wconf 67' lang='lat'><strong>350&quot;</strong></span> <span class='ocrx_word' id='word_1_291' title='bbox 2982 2029 3117 2080; x_wconf 69' lang='grc' dir='ltr'><strong>ϐίαια</strong></span> <span class='ocrx_word' id='word_1_292' title='bbox 3146 2026 3514 2080; x_wconf 57' lang='lat' dir='ltr'><strong>umbrticulum</strong></span> <span class='ocrx_word' id='word_1_293' title='bbox 3545 2028 3603 2081; x_wconf 75' lang='grc' dir='ltr'><strong>ίη</strong></span> 
     </span>
    </p>
   </div>
   <div class='ocr_carea' id='block_1_25' title="bbox 294 2112 3606 2200">
    <p class='ocr_par' dir='ltr' id='par_1_25' title="bbox 294 2112 3606 2200">
     <span class='ocr_line' id='line_1_25' title="bbox 294 2112 3606 2200; baseline -0.002 -22"><span class='ocrx_word' id='word_1_294' title='bbox 294 2134 360 2179; x_wconf 86' lang='lat' dir='ltr'><strong>et</strong></span> <span class='ocrx_word' id='word_1_295' title='bbox 400 2125 471 2179; x_wconf 89' lang='lat' dir='ltr'><strong>ab</strong></span> <span class='ocrx_word' id='word_1_296' title='bbox 515 2125 647 2194; x_wconf 84' lang='lat' dir='ltr'><strong>ipsis</strong></span> <span class='ocrx_word' id='word_1_297' title='bbox 676 2125 1007 2181; x_wconf 84' lang='lat' dir='ltr'><strong>sanctiﬁcari</strong></span> <span class='ocrx_word' id='word_1_298' title='bbox 1063 2126 1281 2195; x_wconf 88' lang='lat' dir='ltr'><strong>dicitur,</strong></span> <span class='ocrx_word' id='word_1_299' title='bbox 1342 2136 1397 2183; x_wconf 89' lang='lat' dir='ltr'><strong>et</strong></span> <span class='ocrx_word' id='word_1_300' title='bbox 1440 2136 1731 2200; x_wconf 72' lang='lat' dir='ltr'><strong>propterea</strong></span> <span class='ocrx_word' id='word_1_301' title='bbox 1782 2148 1905 2186; x_wconf 73' lang='lat' dir='ltr'><strong>cum</strong></span> <span class='ocrx_word' id='word_1_302' title='bbox 2012 2112 2186 2176; x_wconf 80' lang='lat' dir='ltr'><strong>uinea,</strong></span> <span class='ocrx_word' id='word_1_303' title='bbox 2210 2121 2259 2164; x_wconf 90' lang='lat' dir='ltr'><strong>et</strong></span> <span class='ocrx_word' id='word_1_304' title='bbox 2290 2112 2422 2166; x_wconf 80' lang='lat' dir='ltr'><strong>sicut</strong></span> <span class='ocrx_word' id='word_1_305' title='bbox 2452 2116 2724 2184; x_wconf 82' lang='lat' dir='ltr'><strong>tugurium</strong></span> <span class='ocrx_word' id='word_1_306' title='bbox 2744 2115 2799 2170; x_wconf 87' lang='lat' dir='ltr'><strong>in</strong></span> <span class='ocrx_word' id='word_1_307' title='bbox 2819 2119 3208 2182; x_wconf 79' lang='lat' dir='ltr'><strong>cucumerario,</strong></span> <span class='ocrx_word' id='word_1_308' title='bbox 3239 2128 3293 2172; x_wconf 90' lang='lat' dir='ltr'><strong>et</strong></span> <span class='ocrx_word' id='word_1_309' title='bbox 3316 2118 3455 2172; x_wconf 82' lang='lat' dir='ltr'><strong>sicut</strong></span> <span class='ocrx_word' id='word_1_310' title='bbox 3474 2120 3606 2172; x_wconf 81' lang='lat' dir='ltr'><strong>civi-</strong></span> 
     </span>
    </p>
   </div>
   <div class='ocr_carea' id='block_1_26' title="bbox 299 2207 1836 2290">
    <p class='ocr_par' dir='ltr' id='par_1_26' title="bbox 299 2214 1836 2286">
     <span class='ocr_line' id='line_1_26' title="bbox 299 2214 1836 2286; baseline 0.006 -18"><span class='ocrx_word' id='word_1_311' title='bbox 299 2217 477 2271; x_wconf 86' lang='lat' dir='ltr'><strong>scmel</strong></span> <span class='ocrx_word' id='word_1_312' title='bbox 506 2216 756 2283; x_wconf 80' lang='lat' dir='ltr'><strong>dixisset,</strong></span> <span class='ocrx_word' id='word_1_313' title='bbox 791 2214 1022 2273; x_wconf 86' lang='lat' dir='ltr'><strong>Sanctus</strong></span> <span class='ocrx_word' id='word_1_314' title='bbox 1052 2227 1150 2286; x_wconf 88' lang='lat' dir='ltr'><strong>est,</strong></span> <span class='ocrx_word' id='word_1_315' title='bbox 1185 2219 1399 2276; x_wconf 87' lang='lat' dir='ltr'><strong>addidit</strong></span> <span class='ocrx_word' id='word_1_316' title='bbox 1443 2228 1627 2277; x_wconf 88' lang='lat' dir='ltr'><strong>tamen</strong></span> <span class='ocrx_word' id='word_1_317' title='bbox 1656 2222 1836 2277; x_wconf 81' lang='lat' dir='ltr'><strong>Sancti</strong></span> 
     </span>
    </p>
   </div>
   <div class='ocr_carea' id='block_1_27' title="bbox 2066 2207 3603 2290">
    <p class='ocr_par' dir='ltr' id='par_1_27' title="bbox 2066 2207 3603 2285">
     <span class='ocr_line' id='line_1_27' title="bbox 2066 2207 3603 2285; baseline 0.008 -30"><span class='ocrx_word' id='word_1_318' title='bbox 2066 2221 2097 2259; x_wconf 75' lang='lat' dir='ltr'><strong>rs</strong></span> <span class='ocrx_word' id='word_1_319' title='bbox 2123 2221 2241 2285; x_wconf 67' lang='lat' dir='ltr'><strong>quae</strong></span> <span class='ocrx_word' id='word_1_320' title='bbox 2261 2214 2509 2260; x_wconf 75' lang='lat' dir='ltr'><strong>vastatur</strong></span> <span class='ocrx_word' id='word_1_321' title='bbox 2531 2207 2598 2260; x_wconf 80' lang='grc'><strong>³².</strong></span> <span class='ocrx_word' id='word_1_322' title='bbox 2625 2210 2745 2277; x_wconf 90' lang='lat' dir='ltr'><strong>Ipsa</strong></span> <span class='ocrx_word' id='word_1_323' title='bbox 2769 2209 3059 2278; x_wconf 84' lang='lat' dir='ltr'><strong>profanata</strong></span> <span class='ocrx_word' id='word_1_324' title='bbox 3088 2220 3145 2265; x_wconf 91' lang='lat' dir='ltr'><strong>et</strong></span> <span class='ocrx_word' id='word_1_325' title='bbox 3163 2210 3468 2265; x_wconf 85' lang='lat' dir='ltr'><strong>adulterata</strong></span> <span class='ocrx_word' id='word_1_326' title='bbox 3489 2219 3603 2267; x_wconf 87' lang='lat' dir='ltr'><strong>est.</strong></span> 
     </span>
    </p>
   </div>
   <div class='ocr_carea' id='block_1_28' title="bbox 288 2296 1825 2378">
    <p class='ocr_par' dir='ltr' id='par_1_28' title="bbox 288 2308 1825 2378">
     <span class='ocr_line' id='line_1_28' title="bbox 288 2308 1825 2378; baseline 0.003 -16"><span class='ocrx_word' id='word_1_327' title='bbox 288 2309 450 2362; x_wconf 68' lang='lat' dir='ltr'><strong>rubis</strong></span> <span class='ocrx_word' id='word_1_328' title='bbox 482 2324 621 2374; x_wconf 87' lang='lat' dir='ltr'><strong>eum,</strong></span> <span class='ocrx_word' id='word_1_329' title='bbox 650 2316 705 2363; x_wconf 88' lang='lat' dir='ltr'><strong>et</strong></span> <span class='ocrx_word' id='word_1_330' title='bbox 736 2324 952 2375; x_wconf 86' lang='lat' dir='ltr'><strong>rursus,</strong></span> <span class='ocrx_word' id='word_1_331' title='bbox 984 2308 1218 2365; x_wconf 87' lang='lat' dir='ltr'><strong>Sanctus</strong></span> <span class='ocrx_word' id='word_1_332' title='bbox 1250 2312 1370 2367; x_wconf 88' lang='lat' dir='ltr'><strong>erit.</strong></span> <span class='ocrx_word' id='word_1_333' title='bbox 1406 2310 1691 2378; x_wconf 86' lang='lat' dir='ltr'><strong>Quomodo</strong></span> <span class='ocrx_word' id='word_1_334' title='bbox 1722 2324 1825 2368; x_wconf 62' lang='lat' dir='ltr'><strong>autt</strong></span> 
     </span>
    </p>
   </div>
   <div class='ocr_carea' id='block_1_29' title="bbox 2069 2296 3606 2378">
    <p class='ocr_par' dir='ltr' id='par_1_29' title="bbox 2069 2297 3606 2371">
     <span class='ocr_line' id='line_1_29' title="bbox 2069 2297 3606 2371; baseline 0.003 -20"><span class='ocrx_word' id='word_1_335' title='bbox 2069 2311 2096 2351; x_wconf 87' lang='lat' dir='ltr'><strong>e</strong></span> <span class='ocrx_word' id='word_1_336' title='bbox 2125 2297 2226 2352; x_wconf 86' lang='lat' dir='ltr'><strong>hac</strong></span> <span class='ocrx_word' id='word_1_337' title='bbox 2262 2298 2512 2352; x_wconf 84' lang='lat' dir='ltr'><strong>invenies</strong></span> <span class='ocrx_word' id='word_1_338' title='bbox 2540 2297 2839 2355; x_wconf 80' lang='lat' dir='ltr'><strong>Dominum</strong></span> <span class='ocrx_word' id='word_1_339' title='bbox 2864 2314 2963 2370; x_wconf 90' lang='lat' dir='ltr'><strong>per</strong></span> <span class='ocrx_word' id='word_1_340' title='bbox 2993 2301 3341 2371; x_wconf 82' lang='lat' dir='ltr'><strong>prophetiam</strong></span> <span class='ocrx_word' id='word_1_341' title='bbox 3370 2301 3427 2358; x_wconf 89' lang='lat' dir='ltr'><strong>iu</strong></span> <span class='ocrx_word' id='word_1_342' title='bbox 3463 2300 3606 2356; x_wconf 85' lang='lat' dir='ltr'><strong>Osca</strong></span> 
     </span>
    </p>
   </div>
   <div class='ocr_carea' id='block_1_30' title="bbox 297 2388 1834 2478">
    <p class='ocr_par' dir='ltr' id='par_1_30' title="bbox 297 2401 1828 2478">
     <span class='ocr_line' id='line_1_30' title="bbox 297 2401 1828 2478; baseline 0.004 -24"><span class='ocrx_word' id='word_1_343' title='bbox 297 2419 410 2455; x_wconf 87' lang='lat' dir='ltr'><strong>nos</strong></span> <span class='ocrx_word' id='word_1_344' title='bbox 438 2416 562 2455; x_wconf 82' lang='lat' dir='ltr'><strong>eum</strong></span> <span class='ocrx_word' id='word_1_345' title='bbox 614 2401 960 2458; x_wconf 86' lang='lat' dir='ltr'><strong>sanctiﬁcare</strong></span> <span class='ocrx_word' id='word_1_346' title='bbox 1006 2404 1351 2473; x_wconf 82' lang='lat' dir='ltr'><strong>possumus?</strong></span> <span class='ocrx_word' id='word_1_347' title='bbox 1399 2403 1557 2461; x_wconf 88' lang='lat' dir='ltr'><strong>Unde</strong></span> <span class='ocrx_word' id='word_1_348' title='bbox 1607 2417 1704 2462; x_wconf 90' lang='lat' dir='ltr'><strong>aut</strong></span> <span class='ocrx_word' id='word_1_349' title='bbox 1735 2422 1761 2460; x_wconf 84' lang='lat' dir='ltr'><strong>a</strong></span> <span class='ocrx_word' id='word_1_350' title='bbox 1792 2424 1828 2478; x_wconf 93' lang='lat' dir='ltr'><strong>q</strong></span> 
     </span>
    </p>
   </div>
   <div class='ocr_carea' id='block_1_31' title="bbox 2068 2388 3605 2478">
    <p class='ocr_par' dir='ltr' id='par_1_31' title="bbox 2068 2388 3605 2464">
     <span class='ocr_line' id='line_1_31' title="bbox 2068 2388 3605 2464; baseline 0.002 -20"><span class='ocrx_word' id='word_1_351' title='bbox 2068 2390 2293 2445; x_wconf 88' lang='lat' dir='ltr'><strong>icentem</strong></span> <span class='ocrx_word' id='word_1_352' title='bbox 2323 2408 2340 2445; x_wconf 89' lang='lat'><strong>:</strong></span> <span class='ocrx_word' id='word_1_353' title='bbox 2375 2388 2533 2446; x_wconf 81' lang='lat' dir='ltr'><strong>Filiis</strong></span> <span class='ocrx_word' id='word_1_354' title='bbox 2566 2392 2678 2461; x_wconf 84' lang='lat' dir='ltr'><strong>ejus</strong></span> <span class='ocrx_word' id='word_1_355' title='bbox 2698 2408 2803 2447; x_wconf 85' lang='lat' dir='ltr'><strong>non</strong></span> <span class='ocrx_word' id='word_1_356' title='bbox 2831 2394 3135 2459; x_wconf 77' lang='lat' dir='ltr'><strong>miserebor,</strong></span> <span class='ocrx_word' id='word_1_357' title='bbox 3155 2395 3280 2463; x_wconf 84' lang='lat' dir='ltr'><strong>quia</strong></span> <span class='ocrx_word' id='word_1_358' title='bbox 3305 2392 3408 2461; x_wconf 74' lang='lat' dir='ltr'><strong>ﬁlii</strong></span> <span class='ocrx_word' id='word_1_359' title='bbox 3430 2394 3605 2464; x_wconf 82' lang='lat' dir='ltr'><strong>[orni-</strong></span> 
     </span>
    </p>
   </div>
   <div class='ocr_carea' id='block_1_32' title="bbox 292 2482 1829 2564">
    <p class='ocr_par' dir='ltr' id='par_1_32' title="bbox 292 2495 1730 2564">
     <span class='ocr_line' id='line_1_32' title="bbox 292 2495 1730 2564; baseline 0.004 -16"><span class='ocrx_word' id='word_1_360' title='bbox 292 2495 798 2550; x_wconf 81' lang='lat' dir='ltr'><strong>sanctiﬁcationem</strong></span> <span class='ocrx_word' id='word_1_361' title='bbox 832 2496 1121 2564; x_wconf 88' lang='lat' dir='ltr'><strong>habentes,</strong></span> <span class='ocrx_word' id='word_1_362' title='bbox 1156 2498 1455 2553; x_wconf 88' lang='lat' dir='ltr'><strong>ostendens</strong></span> <span class='ocrx_word' id='word_1_363' title='bbox 1483 2499 1689 2554; x_wconf 88' lang='lat' dir='ltr'><strong>addidit</strong></span> <span class='ocrx_word' id='word_1_364' title='bbox 1719 2520 1730 2555; x_wconf 94' lang='lat'><strong>:</strong></span> 
     </span>
    </p>
   </div>
   <div class='ocr_carea' id='block_1_33' title="bbox 2069 2482 3606 2564">
    <p class='ocr_par' dir='ltr' id='par_1_33' title="bbox 2069 2482 3606 2554">
     <span class='ocr_line' id='line_1_33' title="bbox 2069 2482 3606 2554; baseline 0.001 -19"><span class='ocrx_word' id='word_1_365' title='bbox 2069 2482 2242 2537; x_wconf 85' lang='lat' dir='ltr'><strong>ttionis</strong></span> <span class='ocrx_word' id='word_1_366' title='bbox 2262 2492 2411 2551; x_wconf 78' lang='lat' dir='ltr'><strong>sunt,</strong></span> <span class='ocrx_word' id='word_1_367' title='bbox 2430 2486 2556 2554; x_wconf 86' lang='lat' dir='ltr'><strong>quia</strong></span> <span class='ocrx_word' id='word_1_368' title='bbox 2577 2484 2842 2554; x_wconf 78' lang='lat' dir='ltr'><strong>fornicata</strong></span> <span class='ocrx_word' id='word_1_369' title='bbox 2858 2495 2937 2540; x_wconf 84' lang='lat' dir='ltr'><strong>est</strong></span> <span class='ocrx_word' id='word_1_370' title='bbox 2961 2493 3134 2540; x_wconf 85' lang='lat' dir='ltr'><strong>mater</strong></span> <span class='ocrx_word' id='word_1_371' title='bbox 3161 2501 3342 2539; x_wconf 80' lang='lat' dir='ltr'><strong>eorum</strong></span> <span class='ocrx_word' id='word_1_372' title='bbox 3362 2485 3410 2516; x_wconf 82' lang='grc'>³⁸</span> <span class='ocrx_word' id='word_1_373' title='bbox 3428 2501 3444 2551; x_wconf 88' lang='grc'>;</span> <span class='ocrx_word' id='word_1_374' title='bbox 3478 2498 3606 2537; x_wconf 85' lang='lat' dir='ltr'><strong>nam</strong></span> 
     </span>
    </p>
   </div>
   <div class='ocr_carea' id='block_1_34' title="bbox 368 2574 1905 2665">
    <p class='ocr_par' dir='ltr' id='par_1_34' title="bbox 368 2587 1897 2660">
     <span class='ocr_line' id='line_1_34' title="bbox 368 2587 1897 2660; baseline 0.004 -20"><span class='ocrx_word' id='word_1_375' title='bbox 368 2587 514 2651; x_wconf 78' lang='lat' dir='ltr'><strong>Quia</strong></span> <span class='ocrx_word' id='word_1_376' title='bbox 555 2600 771 2642; x_wconf 83' lang='lat' dir='ltr'><strong>sanctus</strong></span> <span class='ocrx_word' id='word_1_377' title='bbox 807 2605 901 2660; x_wconf 87' lang='lat' dir='ltr'><strong>ego</strong></span> <span class='ocrx_word' id='word_1_378' title='bbox 931 2606 1048 2643; x_wconf 87' lang='lat' dir='ltr'><strong>sum</strong></span> <span class='ocrx_word' id='word_1_379' title='bbox 1101 2589 1361 2645; x_wconf 84' lang='lat' dir='ltr'><strong>Dominus</strong></span> <span class='ocrx_word' id='word_1_380' title='bbox 1406 2591 1744 2660; x_wconf 83' lang='lat' dir='ltr'><strong>sanctiﬁcans</strong></span> <span class='ocrx_word' id='word_1_381' title='bbox 1792 2609 1897 2647; x_wconf 88' lang='lat' dir='ltr'><strong>eos.</strong></span> 
     </span>
    </p>
   </div>
   <div class='ocr_carea' id='block_1_35' title="bbox 2131 2574 3668 2665">
    <p class='ocr_par' dir='ltr' id='par_1_35' title="bbox 2131 2574 3668 2665">
     <span class='ocr_line' id='line_1_35' title="bbox 2131 2574 3668 2665; baseline 0.009 -40"><span class='ocrx_word' id='word_1_382' title='bbox 2131 2590 2212 2639; x_wconf 67' lang='lat' dir='ltr'><strong>{ne</strong></span> <span class='ocrx_word' id='word_1_383' title='bbox 2251 2583 2443 2629; x_wconf 76' lang='lat' dir='ltr'><strong>exusta</strong></span> <span class='ocrx_word' id='word_1_384' title='bbox 2478 2585 2584 2629; x_wconf 89' lang='lat' dir='ltr'><strong>est.</strong></span> <span class='ocrx_word' id='word_1_385' title='bbox 2623 2574 2779 2642; x_wconf 85' lang='lat' dir='ltr'><strong>Quod</strong></span> <span class='ocrx_word' id='word_1_386' title='bbox 2837 2577 3155 2633; x_wconf 79' lang='lat' dir='ltr'><strong>manifestat</strong></span> <span class='ocrx_word' id='word_1_387' title='bbox 3210 2579 3493 2651; x_wconf 86' lang='lat' dir='ltr'><strong>templum,</strong></span> <span class='ocrx_word' id='word_1_388' title='bbox 3541 2588 3603 2638; x_wconf 83' lang='lat' dir='ltr'><strong>et</strong></span> <span class='ocrx_word' id='word_1_389' title='bbox 3664 2661 3668 2665; x_wconf 7' lang='grc' dir='ltr'><strong><em>ἑ</em></strong></span> 
     </span>
    </p>
   </div>
   <div class='ocr_carea' id='block_1_36' title="bbox 294 2662 1831 2747">
    <p class='ocr_par' dir='ltr' id='par_1_36' title="bbox 294 2676 1831 2747">
     <span class='ocr_line' id='line_1_36' title="bbox 294 2676 1831 2747; baseline 0.005 -18"><span class='ocrx_word' id='word_1_390' title='bbox 294 2676 359 2729; x_wconf 85' lang='lat' dir='ltr'><strong>Si</strong></span> <span class='ocrx_word' id='word_1_391' title='bbox 408 2692 538 2747; x_wconf 78' lang='lat' dir='ltr'><strong>ergo</strong></span> <span class='ocrx_word' id='word_1_392' title='bbox 568 2693 605 2733; x_wconf 87' lang='lat' dir='ltr'><strong>a</strong></span> <span class='ocrx_word' id='word_1_393' title='bbox 649 2678 763 2733; x_wconf 90' lang='lat' dir='ltr'><strong>Deo</strong></span> <span class='ocrx_word' id='word_1_394' title='bbox 808 2678 990 2734; x_wconf 88' lang='lat' dir='ltr'><strong>datam</strong></span> <span class='ocrx_word' id='word_1_395' title='bbox 1050 2680 1212 2736; x_wconf 89' lang='lat' dir='ltr'><strong>nobis</strong></span> <span class='ocrx_word' id='word_1_396' title='bbox 1255 2681 1747 2737; x_wconf 87' lang='lat' dir='ltr'><strong>sanctiﬁcatiouem</strong></span> <span class='ocrx_word' id='word_1_397' title='bbox 1799 2700 1831 2737; x_wconf 89' lang='lat' dir='ltr'><strong>n</strong></span> 
     </span>
    </p>
   </div>
   <div class='ocr_carea' id='block_1_37' title="bbox 2061 2662 3598 2747">
    <p class='ocr_par' dir='ltr' id='par_1_37' title="bbox 2061 2662 3598 2738">
     <span class='ocr_line' id='line_1_37' title="bbox 2061 2662 3598 2738; baseline 0.007 -20"><span class='ocrx_word' id='word_1_398' title='bbox 2061 2666 2199 2718; x_wconf 85' lang='lat' dir='ltr'><strong>vitas</strong></span> <span class='ocrx_word' id='word_1_399' title='bbox 2226 2665 2346 2720; x_wconf 66' lang='grc' dir='ltr'><strong>ιιωο</strong></span> <span class='ocrx_word' id='word_1_400' title='bbox 2373 2662 2681 2721; x_wconf 85' lang='lat' dir='ltr'><strong>Jerusalem</strong></span> <span class='ocrx_word' id='word_1_401' title='bbox 2710 2667 2956 2738; x_wconf 90' lang='lat' dir='ltr'><strong>antiqua,</strong></span> <span class='ocrx_word' id='word_1_402' title='bbox 2986 2669 3173 2727; x_wconf 85' lang='lat' dir='ltr'><strong>adhuc</strong></span> <span class='ocrx_word' id='word_1_403' title='bbox 3191 2672 3598 2728; x_wconf 88' lang='lat' dir='ltr'><strong>ostendensin-</strong></span> 
     </span>
    </p>
   </div>
   <div class='ocr_carea' id='block_1_38' title="bbox 284 2755 3603 2845">
    <p class='ocr_par' dir='ltr' id='par_1_38' title="bbox 284 2755 3603 2845">
     <span class='ocr_line' id='line_1_38' title="bbox 284 2755 3603 2845; baseline 0.006 -47"><span class='ocrx_word' id='word_1_404' title='bbox 284 2770 618 2824; x_wconf 56' lang='lat' dir='ltr'><strong>sacerdotes</strong></span> <span class='ocrx_word' id='word_1_405' title='bbox 657 2771 1051 2837; x_wconf 56' lang='lat' dir='ltr'><strong>custodiamus,</strong></span> <span class='ocrx_word' id='word_1_406' title='bbox 1087 2772 1495 2829; x_wconf 54' lang='lat' dir='ltr'><strong>sanctiﬁcannls</strong></span> <span class='ocrx_word' id='word_1_407' title='bbox 1518 2790 1618 2845; x_wconf 63' lang='lat' dir='ltr'><strong>per</strong></span> <span class='ocrx_word' id='word_1_408' title='bbox 1658 2785 1899 2831; x_wconf 50' lang='lat' dir='ltr'><strong>nostra“,</strong></span> <span class='ocrx_word' id='word_1_409' title='bbox 2005 2755 2185 2809; x_wconf 90' lang='lat' dir='ltr'><strong>cendii</strong></span> <span class='ocrx_word' id='word_1_410' title='bbox 2212 2756 2496 2826; x_wconf 88' lang='lat' dir='ltr'><strong>reliquias.</strong></span> <span class='ocrx_word' id='word_1_411' title='bbox 2530 2757 2674 2829; x_wconf 73' lang='lat' dir='ltr'><strong>Ergo</strong></span> <span class='ocrx_word' id='word_1_412' title='bbox 2695 2772 2824 2813; x_wconf 89' lang='lat' dir='ltr'><strong>vera</strong></span> <span class='ocrx_word' id='word_1_413' title='bbox 2839 2767 2895 2813; x_wconf 90' lang='lat' dir='ltr'><strong>et</strong></span> <span class='ocrx_word' id='word_1_414' title='bbox 2922 2760 3326 2832; x_wconf 75' lang='lat' dir='ltr'><strong>irrefragabilis</strong></span> <span class='ocrx_word' id='word_1_415' title='bbox 3375 2771 3463 2818; x_wconf 88' lang='lat' dir='ltr'><strong>est</strong></span> <span class='ocrx_word' id='word_1_416' title='bbox 3484 2765 3603 2831; x_wconf 87' lang='lat' dir='ltr'><strong>spi-</strong></span> 
     </span>
    </p>
   </div>
   <div class='ocr_carea' id='block_1_39' title="bbox 290 2848 1827 2933">
    <p class='ocr_par' dir='ltr' id='par_1_39' title="bbox 290 2860 1827 2933">
     <span class='ocr_line' id='line_1_39' title="bbox 290 2860 1827 2933; baseline 0.005 -19"><span class='ocrx_word' id='word_1_417' title='bbox 290 2860 797 2916; x_wconf 85' lang='lat' dir='ltr'><strong>sauctiﬁcationem</strong></span> <span class='ocrx_word' id='word_1_418' title='bbox 828 2877 954 2917; x_wconf 88' lang='lat' dir='ltr'><strong>eum</strong></span> <span class='ocrx_word' id='word_1_419' title='bbox 982 2863 1077 2933; x_wconf 89' lang='lat' dir='ltr'><strong>qui</strong></span> <span class='ocrx_word' id='word_1_420' title='bbox 1117 2874 1341 2920; x_wconf 87' lang='lat' dir='ltr'><strong>sanctus</strong></span> <span class='ocrx_word' id='word_1_421' title='bbox 1384 2867 1686 2921; x_wconf 87' lang='lat' dir='ltr'><strong>secundum</strong></span> <span class='ocrx_word' id='word_1_422' title='bbox 1735 2878 1827 2922; x_wconf 87' lang='lat' dir='ltr'><strong>nat</strong></span> 
     </span>
    </p>
   </div>
   <div class='ocr_carea' id='block_1_40' title="bbox 2065 2848 3602 2933">
    <p class='ocr_par' dir='ltr' id='par_1_40' title="bbox 2065 2848 3602 2923">
     <span class='ocr_line' id='line_1_40' title="bbox 2065 2848 3602 2923; baseline 0.006 -21"><span class='ocrx_word' id='word_1_423' title='bbox 2065 2848 2185 2903; x_wconf 85' lang='lat' dir='ltr'><strong>talis</strong></span> <span class='ocrx_word' id='word_1_424' title='bbox 2230 2849 2367 2920; x_wconf 78' lang='lat' dir='ltr'><strong>legis</strong></span> <span class='ocrx_word' id='word_1_425' title='bbox 2415 2850 2811 2920; x_wconf 87' lang='lat' dir='ltr'><strong>contemplatio</strong></span> <span class='ocrx_word' id='word_1_426' title='bbox 2867 2868 2883 2905; x_wconf 92' lang='lat'><strong>:</strong></span> <span class='ocrx_word' id='word_1_427' title='bbox 2962 2867 3141 2923; x_wconf 86' lang='lat' dir='ltr'><strong>neque</strong></span> <span class='ocrx_word' id='word_1_428' title='bbox 3205 2854 3352 2909; x_wconf 90' lang='lat' dir='ltr'><strong>enim</strong></span> <span class='ocrx_word' id='word_1_429' title='bbox 3423 2855 3602 2911; x_wconf 87' lang='lat' dir='ltr'><strong>solum</strong></span> 
     </span>
    </p>
   </div>
   <div class='ocr_carea' id='block_1_41' title="bbox 290 2945 1827 3027">
    <p class='ocr_par' dir='ltr' id='par_1_41' title="bbox 290 2955 1817 3027">
     <span class='ocr_line' id='line_1_41' title="bbox 290 2955 1817 3027; baseline 0.005 -19"><span class='ocrx_word' id='word_1_430' title='bbox 290 2969 418 3008; x_wconf 80' lang='lat' dir='ltr'><strong>ram</strong></span> <span class='ocrx_word' id='word_1_431' title='bbox 452 2963 557 3019; x_wconf 78' lang='lat' dir='ltr'><strong>est,</strong></span> <span class='ocrx_word' id='word_1_432' title='bbox 589 2955 644 3008; x_wconf 89' lang='lat' dir='ltr'><strong>in</strong></span> <span class='ocrx_word' id='word_1_433' title='bbox 674 2955 836 3011; x_wconf 90' lang='lat' dir='ltr'><strong>nobis</strong></span> <span class='ocrx_word' id='word_1_434' title='bbox 864 2956 1152 3023; x_wconf 83' lang='lat' dir='ltr'><strong>duntaxat,</strong></span> <span class='ocrx_word' id='word_1_435' title='bbox 1179 2958 1307 3027; x_wconf 91' lang='lat' dir='ltr'><strong>quia</strong></span> <span class='ocrx_word' id='word_1_436' title='bbox 1340 2958 1396 3012; x_wconf 91' lang='lat' dir='ltr'><strong>in</strong></span> <span class='ocrx_word' id='word_1_437' title='bbox 1437 2958 1817 3015; x_wconf 90' lang='lat' dir='ltr'><strong>conformibus</strong></span> 
     </span>
    </p>
   </div>
   <div class='ocr_carea' id='block_1_42' title="bbox 2065 2945 3602 3027">
    <p class='ocr_par' dir='ltr' id='par_1_42' title="bbox 2065 2945 3602 3018">
     <span class='ocr_line' id='line_1_42' title="bbox 2065 2945 3602 3018; baseline 0.007 -21"><span class='ocrx_word' id='word_1_438' title='bbox 2065 2958 2272 3000; x_wconf 66' lang='lat' dir='ltr'><strong>iccensa</strong></span> <span class='ocrx_word' id='word_1_439' title='bbox 2299 2953 2405 3010; x_wconf 89' lang='lat' dir='ltr'><strong>est,</strong></span> <span class='ocrx_word' id='word_1_440' title='bbox 2428 2945 2526 3001; x_wconf 89' lang='lat' dir='ltr'><strong>sed</strong></span> <span class='ocrx_word' id='word_1_441' title='bbox 2586 2947 2891 3002; x_wconf 90' lang='lat' dir='ltr'><strong>secundum</strong></span> <span class='ocrx_word' id='word_1_442' title='bbox 2938 2950 3083 3018; x_wconf 89' lang='lat' dir='ltr'><strong>quod</strong></span> <span class='ocrx_word' id='word_1_443' title='bbox 3106 2948 3184 3003; x_wconf 90' lang='lat' dir='ltr'><strong>ait</strong></span> <span class='ocrx_word' id='word_1_444' title='bbox 3211 2950 3296 3006; x_wconf 84' lang='lat' dir='ltr'><strong>lex</strong></span> <span class='ocrx_word' id='word_1_445' title='bbox 3352 2949 3602 3007; x_wconf 87' lang='lat' dir='ltr'><strong>funditus</strong></span> 
     </span>
    </p>
   </div>
   <div class='ocr_carea' id='block_1_43' title="bbox 290 3046 2319 3118">
    <p class='ocr_par' dir='ltr' id='par_1_43' title="bbox 290 3046 2319 3118">
     <span class='ocr_line' id='line_1_43' title="bbox 290 3046 2319 3118; baseline 0.005 -19"><span class='ocrx_word' id='word_1_446' title='bbox 290 3046 665 3117; x_wconf 84' lang='lat' dir='ltr'><strong>participibus</strong></span> <span class='ocrx_word' id='word_1_447' title='bbox 726 3048 847 3117; x_wconf 86' lang='lat' dir='ltr'><strong>ejus</strong></span> <span class='ocrx_word' id='word_1_448' title='bbox 893 3048 1080 3118; x_wconf 79' lang='lat' dir='ltr'><strong>gloriae</strong></span> <span class='ocrx_word' id='word_1_449' title='bbox 1140 3048 1316 3103; x_wconf 86' lang='lat' dir='ltr'><strong>voluit</strong></span> <span class='ocrx_word' id='word_1_450' title='bbox 1377 3050 1734 3116; x_wconf 86' lang='lat' dir='ltr'><strong>sanctiﬁcari,</strong></span> <span class='ocrx_word' id='word_1_451' title='bbox 1792 3054 1897 3107; x_wconf 79' lang='lat' dir='ltr'><strong>ltac</strong></span> <span class='ocrx_word' id='word_1_452' title='bbox 2001 3050 2191 3096; x_wconf 65' lang='grc' dir='ltr'><strong>υκυεῑέι</strong></span> <span class='ocrx_word' id='word_1_453' title='bbox 2215 3048 2319 3096; x_wconf 59' lang='lat'><strong>03‘-</strong></span> 
     </span>
    </p>
   </div>
   <div class='ocr_carea' id='block_1_44' title="bbox 289 3134 1826 3218">
    <p class='ocr_par' dir='ltr' id='par_1_44' title="bbox 289 3135 1826 3214">
     <span class='ocr_line' id='line_1_44' title="bbox 289 3135 1826 3214; baseline 0.005 -25"><span class='ocrx_word' id='word_1_454' title='bbox 289 3135 784 3191; x_wconf 86' lang='lat' dir='ltr'><strong>transformatione</strong></span> <span class='ocrx_word' id='word_1_455' title='bbox 833 3152 966 3192; x_wconf 89' lang='lat' dir='ltr'><strong>usus</strong></span> <span class='ocrx_word' id='word_1_456' title='bbox 1012 3145 1118 3203; x_wconf 88' lang='lat' dir='ltr'><strong>est,</strong></span> <span class='ocrx_word' id='word_1_457' title='bbox 1171 3139 1327 3208; x_wconf 89' lang='lat' dir='ltr'><strong>quasi</strong></span> <span class='ocrx_word' id='word_1_458' title='bbox 1376 3139 1604 3211; x_wconf 82' lang='lat' dir='ltr'><strong>ﬁgurate</strong></span> <span class='ocrx_word' id='word_1_459' title='bbox 1636 3150 1690 3195; x_wconf 87' lang='lat' dir='ltr'><strong>et</strong></span> <span class='ocrx_word' id='word_1_460' title='bbox 1723 3143 1826 3214; x_wconf 73' lang='lat' dir='ltr'><strong>typi</strong></span> 
     </span>
    </p>
   </div>
   <div class='ocr_carea' id='block_1_45' title="bbox 2062 3134 3599 3218">
    <p class='ocr_par' dir='ltr' id='par_1_45' title="bbox 2074 3134 3599 3204">
     <span class='ocr_line' id='line_1_45' title="bbox 2074 3134 3599 3204; baseline 0.006 -16"><span class='ocrx_word' id='word_1_461' title='bbox 2074 3134 2239 3189; x_wconf 71' lang='lat' dir='ltr'><strong>Vnus.</strong></span> <span class='ocrx_word' id='word_1_462' title='bbox 2278 3134 2460 3190; x_wconf 72' lang='lat'><strong>10-12.</strong></span> <span class='ocrx_word' id='word_1_463' title='bbox 2494 3153 2512 3187; x_wconf 75' lang='grc' dir='ltr'>ι</span> <span class='ocrx_word' id='word_1_464' title='bbox 2545 3134 2891 3204; x_wconf 84' lang='lat' dir='ltr'><strong>Pontifex,id</strong></span> <span class='ocrx_word' id='word_1_465' title='bbox 2925 3146 3011 3193; x_wconf 84' lang='lat' dir='ltr'><strong>est</strong></span> <span class='ocrx_word' id='word_1_466' title='bbox 3035 3139 3293 3195; x_wconf 85' lang='lat' dir='ltr'><strong>sacerdos</strong></span> <span class='ocrx_word' id='word_1_467' title='bbox 3324 3139 3599 3198; x_wconf 83' lang='lat' dir='ltr'><strong>maximus</strong></span> 
     </span>
    </p>
   </div>
   <div class='ocr_carea' id='block_1_46' title="bbox 291 3227 3601 3304">
    <p class='ocr_par' dir='ltr' id='par_1_46' title="bbox 291 3227 3601 3304">
     <span class='ocr_line' id='line_1_46' title="bbox 291 3227 3601 3304; baseline 0.002 -22"><span class='ocrx_word' id='word_1_468' title='bbox 291 3229 553 3299; x_wconf 89' lang='lat' dir='ltr'><strong>loquens.</strong></span> <span class='ocrx_word' id='word_1_469' title='bbox 590 3227 998 3284; x_wconf 72' lang='lat' dir='ltr'><strong>Verumtamen</strong></span> <span class='ocrx_word' id='word_1_470' title='bbox 1031 3245 1127 3286; x_wconf 91' lang='lat' dir='ltr'><strong>eos</strong></span> <span class='ocrx_word' id='word_1_471' title='bbox 1158 3231 1250 3301; x_wconf 92' lang='lat' dir='ltr'><strong>qui</strong></span> <span class='ocrx_word' id='word_1_472' title='bbox 1282 3233 1693 3288; x_wconf 86' lang='lat' dir='ltr'><strong>sauetilicantur</strong></span> <span class='ocrx_word' id='word_1_473' title='bbox 1721 3235 1788 3290; x_wconf 90' lang='lat' dir='ltr'><strong>ab</strong></span> <span class='ocrx_word' id='word_1_474' title='bbox 1815 3251 1900 3304; x_wconf 90' lang='lat' dir='ltr'><strong>eo,</strong></span> <span class='ocrx_word' id='word_1_475' title='bbox 2010 3228 2157 3283; x_wconf 74' lang='lat' dir='ltr'><strong>inter</strong></span> <span class='ocrx_word' id='word_1_476' title='bbox 2201 3227 2400 3284; x_wconf 65' lang='lat' dir='ltr'><strong>fratres</strong></span> <span class='ocrx_word' id='word_1_477' title='bbox 2454 3245 2603 3295; x_wconf 88' lang='lat' dir='ltr'><strong>suos,</strong></span> <span class='ocrx_word' id='word_1_478' title='bbox 2667 3246 2835 3301; x_wconf 84' lang='lat' dir='ltr'><strong>super</strong></span> <span class='ocrx_word' id='word_1_479' title='bbox 2854 3231 3015 3302; x_wconf 89' lang='lat' dir='ltr'><strong>cujus</strong></span> <span class='ocrx_word' id='word_1_480' title='bbox 3057 3242 3223 3303; x_wconf 85' lang='lat' dir='ltr'><strong>caput</strong></span> <span class='ocrx_word' id='word_1_481' title='bbox 3279 3233 3465 3289; x_wconf 83' lang='lat' dir='ltr'><strong>fusum</strong></span> <span class='ocrx_word' id='word_1_482' title='bbox 3514 3244 3601 3291; x_wconf 89' lang='lat' dir='ltr'><strong>est</strong></span> 
     </span>
    </p>
   </div>
   <div class='ocr_carea' id='block_1_47' title="bbox 292 3318 3601 3394">
    <p class='ocr_par' dir='ltr' id='par_1_47' title="bbox 292 3318 3601 3394">
     <span class='ocr_line' id='line_1_47' title="bbox 292 3318 3601 3394; baseline 0.002 -21"><span class='ocrx_word' id='word_1_483' title='bbox 292 3327 549 3374; x_wconf 89' lang='lat' dir='ltr'><strong>scortum</strong></span> <span class='ocrx_word' id='word_1_484' title='bbox 578 3326 634 3373; x_wconf 87' lang='lat' dir='ltr'><strong>et</strong></span> <span class='ocrx_word' id='word_1_485' title='bbox 659 3318 767 3374; x_wconf 82' lang='lat' dir='ltr'><strong>vile</strong></span> <span class='ocrx_word' id='word_1_486' title='bbox 798 3318 1165 3389; x_wconf 87' lang='lat' dir='ltr'><strong>prostibulum</strong></span> <span class='ocrx_word' id='word_1_487' title='bbox 1191 3319 1393 3375; x_wconf 90' lang='lat' dir='ltr'><strong>ducere</strong></span> <span class='ocrx_word' id='word_1_488' title='bbox 1423 3336 1534 3375; x_wconf 91' lang='lat' dir='ltr'><strong>non</strong></span> <span class='ocrx_word' id='word_1_489' title='bbox 1555 3322 1688 3388; x_wconf 89' lang='lat' dir='ltr'><strong>vult,</strong></span> <span class='ocrx_word' id='word_1_490' title='bbox 1715 3333 1904 3393; x_wconf 88' lang='lat' dir='ltr'><strong>aperte</strong></span> <span class='ocrx_word' id='word_1_491' title='bbox 2009 3319 2288 3375; x_wconf 88' lang='lat' dir='ltr'><strong>unctionis</strong></span> <span class='ocrx_word' id='word_1_492' title='bbox 2310 3321 2511 3388; x_wconf 89' lang='lat' dir='ltr'><strong>oleum,</strong></span> <span class='ocrx_word' id='word_1_493' title='bbox 2539 3330 2596 3377; x_wconf 89' lang='lat' dir='ltr'><strong>et</strong></span> <span class='ocrx_word' id='word_1_494' title='bbox 2623 3323 2784 3394; x_wconf 85' lang='lat' dir='ltr'><strong>cujus</strong></span> <span class='ocrx_word' id='word_1_495' title='bbox 2817 3339 3013 3380; x_wconf 90' lang='lat' dir='ltr'><strong>manus</strong></span> <span class='ocrx_word' id='word_1_496' title='bbox 3046 3324 3101 3378; x_wconf 92' lang='lat' dir='ltr'><strong>in</strong></span> <span class='ocrx_word' id='word_1_497' title='bbox 3128 3326 3437 3381; x_wconf 89' lang='lat' dir='ltr'><strong>sacerdotio</strong></span> <span class='ocrx_word' id='word_1_498' title='bbox 3467 3342 3601 3381; x_wconf 83' lang='lat' dir='ltr'><strong>con-</strong></span> 
     </span>
    </p>
   </div>
   <div class='ocr_carea' id='block_1_48' title="bbox 291 3410 3600 3489">
    <p class='ocr_par' dir='ltr' id='par_1_48' title="bbox 291 3410 3600 3489">
     <span class='ocr_line' id='line_1_48' title="bbox 291 3410 3600 3489; baseline 0.002 -21"><span class='ocrx_word' id='word_1_499' title='bbox 291 3418 494 3468; x_wconf 89' lang='lat' dir='ltr'><strong>contra</strong></span> <span class='ocrx_word' id='word_1_500' title='bbox 528 3411 844 3467; x_wconf 66' lang='lat' dir='ltr'><strong>Judteorum</strong></span> <span class='ocrx_word' id='word_1_501' title='bbox 890 3410 1231 3484; x_wconf 80' lang='lat' dir='ltr'><strong>Synagogam</strong></span> <span class='ocrx_word' id='word_1_502' title='bbox 1257 3412 1553 3469; x_wconf 88' lang='lat' dir='ltr'><strong>intendens</strong></span> <span class='ocrx_word' id='word_1_503' title='bbox 1583 3433 1596 3470; x_wconf 91' lang='lat'><strong>:</strong></span> <span class='ocrx_word' id='word_1_504' title='bbox 1622 3430 1743 3485; x_wconf 73' lang='lat' dir='ltr'><strong>qua:</strong></span> <span class='ocrx_word' id='word_1_505' title='bbox 1773 3416 1902 3486; x_wconf 86' lang='lat' dir='ltr'><strong>quia</strong></span> <span class='ocrx_word' id='word_1_506' title='bbox 2007 3423 2236 3468; x_wconf 71' lang='lat' dir='ltr'><strong>secralze</strong></span> <span class='ocrx_word' id='word_1_507' title='bbox 2266 3422 2416 3480; x_wconf 88' lang='lat' dir='ltr'><strong>sunt,</strong></span> <span class='ocrx_word' id='word_1_508' title='bbox 2446 3415 2789 3486; x_wconf 81' lang='lat' dir='ltr'><strong>vestitusque</strong></span> <span class='ocrx_word' id='word_1_509' title='bbox 2817 3425 2901 3472; x_wconf 88' lang='lat' dir='ltr'><strong>est</strong></span> <span class='ocrx_word' id='word_1_510' title='bbox 2919 3417 3128 3473; x_wconf 89' lang='lat' dir='ltr'><strong>sanctis</strong></span> <span class='ocrx_word' id='word_1_511' title='bbox 3149 3419 3600 3489; x_wconf 86' lang='lat' dir='ltr'><strong>vestibus,caput</strong></span> 
     </span>
    </p>
   </div>
   <div class='ocr_carea' id='block_1_49' title="bbox 292 3504 3596 3578">
    <p class='ocr_par' dir='ltr' id='par_1_49' title="bbox 292 3504 3596 3578">
     <span class='ocr_line' id='line_1_49' title="bbox 292 3504 3596 3578; baseline 0.002 -19"><span class='ocrx_word' id='word_1_512' title='bbox 292 3505 565 3559; x_wconf 84' lang='lat' dir='ltr'><strong>meretrix</strong></span> <span class='ocrx_word' id='word_1_513' title='bbox 611 3512 717 3570; x_wconf 91' lang='lat' dir='ltr'><strong>est,</strong></span> <span class='ocrx_word' id='word_1_514' title='bbox 761 3504 890 3558; x_wconf 90' lang='lat' dir='ltr'><strong>audi</strong></span> <span class='ocrx_word' id='word_1_515' title='bbox 933 3504 1230 3559; x_wconf 88' lang='lat' dir='ltr'><strong>Dominum</strong></span> <span class='ocrx_word' id='word_1_516' title='bbox 1274 3505 1330 3559; x_wconf 90' lang='lat' dir='ltr'><strong>in</strong></span> <span class='ocrx_word' id='word_1_517' title='bbox 1393 3506 1533 3561; x_wconf 86' lang='lat' dir='ltr'><strong>Isaia</strong></span> <span class='ocrx_word' id='word_1_518' title='bbox 1580 3508 1898 3563; x_wconf 88' lang='lat' dir='ltr'><strong>dicentem:</strong></span> <span class='ocrx_word' id='word_1_519' title='bbox 2007 3520 2167 3559; x_wconf 86' lang='lat' dir='ltr'><strong>suum</strong></span> <span class='ocrx_word' id='word_1_520' title='bbox 2192 3521 2302 3560; x_wconf 91' lang='lat' dir='ltr'><strong>non</strong></span> <span class='ocrx_word' id='word_1_521' title='bbox 2332 3507 2688 3578; x_wconf 90' lang='lat' dir='ltr'><strong>discooperit,</strong></span> <span class='ocrx_word' id='word_1_522' title='bbox 2720 3508 3052 3565; x_wconf 88' lang='lat' dir='ltr'><strong>vestimenta</strong></span> <span class='ocrx_word' id='word_1_523' title='bbox 3075 3526 3173 3565; x_wconf 89' lang='lat' dir='ltr'><strong>sua</strong></span> <span class='ocrx_word' id='word_1_524' title='bbox 3205 3527 3319 3565; x_wconf 88' lang='lat' dir='ltr'><strong>non</strong></span> <span class='ocrx_word' id='word_1_525' title='bbox 3355 3511 3596 3578; x_wconf 87' lang='lat' dir='ltr'><strong>scindet,</strong></span> 
     </span>
    </p>
   </div>
   <div class='ocr_carea' id='block_1_50' title="bbox 293 3597 3599 3672">
    <p class='ocr_par' dir='ltr' id='par_1_50' title="bbox 293 3597 3599 3672">
     <span class='ocr_line' id='line_1_50' title="bbox 293 3597 3599 3672; baseline 0.002 -20"><span class='ocrx_word' id='word_1_526' title='bbox 293 3597 572 3665; x_wconf 81' lang='lat' dir='ltr'><strong>Quomodo</strong></span> <span class='ocrx_word' id='word_1_527' title='bbox 591 3599 851 3669; x_wconf 26' lang='lat' dir='ltr'><strong>facta‘est</strong></span> <span class='ocrx_word' id='word_1_528' title='bbox 888 3598 1139 3652; x_wconf 75' lang='lat' dir='ltr'><strong>meretrix</strong></span> <span class='ocrx_word' id='word_1_529' title='bbox 1161 3599 1347 3652; x_wconf 82' lang='lat' dir='ltr'><strong>civitas</strong></span> <span class='ocrx_word' id='word_1_530' title='bbox 1384 3598 1558 3667; x_wconf 82' lang='lat' dir='ltr'><strong>ﬁdelis</strong></span> <span class='ocrx_word' id='word_1_531' title='bbox 1590 3597 1719 3654; x_wconf 84' lang='lat' dir='ltr'><strong>Sion</strong></span> <span class='ocrx_word' id='word_1_532' title='bbox 1746 3603 1902 3670; x_wconf 87' lang='lat' dir='ltr'><strong>plena</strong></span> <span class='ocrx_word' id='word_1_533' title='bbox 2005 3605 2062 3651; x_wconf 73' lang='lat' dir='ltr'><strong>0t</strong></span> <span class='ocrx_word' id='word_1_534' title='bbox 2094 3597 2161 3650; x_wconf 78' lang='lat' dir='ltr'><strong>ad</strong></span> <span class='ocrx_word' id='word_1_535' title='bbox 2194 3611 2360 3653; x_wconf 83' lang='lat' dir='ltr'><strong>omne</strong></span> <span class='ocrx_word' id='word_1_536' title='bbox 2400 3606 2678 3655; x_wconf 83' lang='lat' dir='ltr'><strong>mortuum</strong></span> <span class='ocrx_word' id='word_1_537' title='bbox 2705 3614 2817 3654; x_wconf 83' lang='lat' dir='ltr'><strong>non</strong></span> <span class='ocrx_word' id='word_1_538' title='bbox 2850 3600 3191 3672; x_wconf 80' lang='lat' dir='ltr'><strong>ingrediatur</strong></span> <span class='ocrx_word' id='word_1_539' title='bbox 3211 3603 3460 3659; x_wconf 88' lang='lat' dir='ltr'><strong>omnino.</strong></span> <span class='ocrx_word' id='word_1_540' title='bbox 3486 3605 3599 3660; x_wconf 85' lang='lat' dir='ltr'><strong>Su-</strong></span> 
     </span>
    </p>
   </div>
   <div class='ocr_carea' id='block_1_51' title="bbox 282 3690 3598 3763">
    <p class='ocr_par' dir='ltr' id='par_1_51' title="bbox 282 3690 3598 3763">
     <span class='ocr_line' id='line_1_51' title="bbox 282 3690 3598 3763; baseline 0.001 -16"><span class='ocrx_word' id='word_1_541' title='bbox 282 3690 1023 3763; x_wconf 74' lang='lat' dir='ltr'><strong>judicii.’Justitialtabitavit</strong></span> <span class='ocrx_word' id='word_1_542' title='bbox 1039 3690 1092 3744; x_wconf 89' lang='lat' dir='ltr'><strong>in</strong></span> <span class='ocrx_word' id='word_1_543' title='bbox 1112 3700 1533 3754; x_wconf 86' lang='lat' dir='ltr'><strong>ea,nuncautem</strong></span> <span class='ocrx_word' id='word_1_544' title='bbox 1546 3691 1901 3752; x_wconf 70' lang='lat' dir='ltr'><strong>homicidae”.</strong></span> <span class='ocrx_word' id='word_1_545' title='bbox 2005 3703 2103 3757; x_wconf 88' lang='lat' dir='ltr'><strong>per</strong></span> <span class='ocrx_word' id='word_1_546' title='bbox 2138 3695 2297 3758; x_wconf 83' lang='lat' dir='ltr'><strong>patre</strong></span> <span class='ocrx_word' id='word_1_547' title='bbox 2319 3702 2540 3758; x_wconf 85' lang='lat' dir='ltr'><strong>quoque</strong></span> <span class='ocrx_word' id='word_1_548' title='bbox 2568 3703 2690 3755; x_wconf 89' lang='lat' dir='ltr'><strong>suo,</strong></span> <span class='ocrx_word' id='word_1_549' title='bbox 2717 3698 2813 3745; x_wconf 90' lang='lat' dir='ltr'><strong>aut</strong></span> <span class='ocrx_word' id='word_1_550' title='bbox 2846 3701 3020 3746; x_wconf 90' lang='lat' dir='ltr'><strong>matre</strong></span> <span class='ocrx_word' id='word_1_551' title='bbox 3051 3708 3162 3747; x_wconf 88' lang='lat' dir='ltr'><strong>non</strong></span> <span class='ocrx_word' id='word_1_552' title='bbox 3196 3694 3598 3750; x_wconf 83' lang='lat' dir='ltr'><strong>contaminabi-</strong></span> 
     </span>
    </p>
   </div>
   <div class='ocr_carea' id='block_1_52' title="bbox 291 3780 3597 3856">
    <p class='ocr_par' dir='ltr' id='par_1_52' title="bbox 291 3780 3597 3856">
     <span class='ocr_line' id='line_1_52' title="bbox 291 3780 3597 3856; baseline 0.001 -16"><span class='ocrx_word' id='word_1_553' title='bbox 291 3786 403 3840; x_wconf 87' lang='lat' dir='ltr'><strong>Sed</strong></span> <span class='ocrx_word' id='word_1_554' title='bbox 431 3793 486 3840; x_wconf 88' lang='lat' dir='ltr'><strong>et</strong></span> <span class='ocrx_word' id='word_1_555' title='bbox 530 3785 584 3839; x_wconf 90' lang='lat' dir='ltr'><strong>in</strong></span> <span class='ocrx_word' id='word_1_556' title='bbox 609 3784 791 3839; x_wconf 87' lang='lat' dir='ltr'><strong>Osca:</strong></span> <span class='ocrx_word' id='word_1_557' title='bbox 836 3784 903 3839; x_wconf 86' lang='lat' dir='ltr'><strong>Et</strong></span> <span class='ocrx_word' id='word_1_558' title='bbox 925 3785 1172 3856; x_wconf 78' lang='lat' dir='ltr'><strong>auferam</strong></span> <span class='ocrx_word' id='word_1_559' title='bbox 1225 3784 1627 3855; x_wconf 83' lang='lat' dir='ltr'><strong>fornicationem</strong></span> <span class='ocrx_word' id='word_1_560' title='bbox 1683 3785 1799 3855; x_wconf 85' lang='lat' dir='ltr'><strong>ejus</strong></span> <span class='ocrx_word' id='word_1_561' title='bbox 1844 3787 1898 3840; x_wconf 88' lang='lat' dir='ltr'><strong>in</strong></span> <span class='ocrx_word' id='word_1_562' title='bbox 2005 3789 2114 3846; x_wconf 91' lang='lat' dir='ltr'><strong>tur,</strong></span> <span class='ocrx_word' id='word_1_563' title='bbox 2159 3795 2264 3836; x_wconf 91' lang='lat' dir='ltr'><strong>nec</strong></span> <span class='ocrx_word' id='word_1_564' title='bbox 2291 3782 2607 3853; x_wconf 82' lang='lat' dir='ltr'><strong>egredietur</strong></span> <span class='ocrx_word' id='word_1_565' title='bbox 2629 3783 2697 3838; x_wconf 90' lang='lat' dir='ltr'><strong>de</strong></span> <span class='ocrx_word' id='word_1_566' title='bbox 2714 3783 2942 3850; x_wconf 87' lang='lat' dir='ltr'><strong>sanctis,</strong></span> <span class='ocrx_word' id='word_1_567' title='bbox 2972 3800 3042 3840; x_wconf 89' lang='lat' dir='ltr'><strong>ne</strong></span> <span class='ocrx_word' id='word_1_568' title='bbox 3100 3780 3311 3855; x_wconf 83' lang='lat' dir='ltr'><strong>polluat</strong></span> <span class='ocrx_word' id='word_1_569' title='bbox 3337 3797 3597 3843; x_wconf 78' lang='lat' dir='ltr'><strong>sanctua-</strong></span> 
     </span>
    </p>
   </div>
   <div class='ocr_carea' id='block_1_53' title="bbox 292 3872 3597 3947">
    <p class='ocr_par' dir='ltr' id='par_1_53' title="bbox 292 3872 3597 3947">
     <span class='ocr_line' id='line_1_53' title="bbox 292 3872 3597 3947; baseline 0.002 -16"><span class='ocrx_word' id='word_1_570' title='bbox 292 3879 474 3931; x_wconf 86' lang='lat' dir='ltr'><strong>medio</strong></span> <span class='ocrx_word' id='word_1_571' title='bbox 514 3877 649 3947; x_wconf 85' lang='lat' dir='ltr'><strong>ejus,</strong></span> <span class='ocrx_word' id='word_1_572' title='bbox 700 3885 749 3930; x_wconf 91' lang='lat' dir='ltr'><strong>et</strong></span> <span class='ocrx_word' id='word_1_573' title='bbox 799 3876 1125 3931; x_wconf 87' lang='lat' dir='ltr'><strong>adulterium</strong></span> <span class='ocrx_word' id='word_1_574' title='bbox 1171 3876 1288 3945; x_wconf 87' lang='lat' dir='ltr'><strong>ejus</strong></span> <span class='ocrx_word' id='word_1_575' title='bbox 1347 3876 1412 3929; x_wconf 86' lang='lat' dir='ltr'><strong>de</strong></span> <span class='ocrx_word' id='word_1_576' title='bbox 1462 3877 1634 3930; x_wconf 90' lang='lat' dir='ltr'><strong>medio</strong></span> <span class='ocrx_word' id='word_1_577' title='bbox 1676 3877 1897 3932; x_wconf 89' lang='lat' dir='ltr'><strong>uberum</strong></span> <span class='ocrx_word' id='word_1_578' title='bbox 2003 3873 2145 3928; x_wconf 89' lang='lat' dir='ltr'><strong>rium</strong></span> <span class='ocrx_word' id='word_1_579' title='bbox 2185 3872 2422 3937; x_wconf 90' lang='lat' dir='ltr'><strong>Domini,</strong></span> <span class='ocrx_word' id='word_1_580' title='bbox 2449 3875 2577 3945; x_wconf 88' lang='lat' dir='ltr'><strong>quia</strong></span> <span class='ocrx_word' id='word_1_581' title='bbox 2600 3876 2783 3931; x_wconf 88' lang='lat' dir='ltr'><strong>oleum</strong></span> <span class='ocrx_word' id='word_1_582' title='bbox 2815 3886 3020 3933; x_wconf 71' lang='lat' dir='ltr'><strong>sancta:</strong></span> <span class='ocrx_word' id='word_1_583' title='bbox 3081 3879 3363 3935; x_wconf 89' lang='lat' dir='ltr'><strong>unctionis</strong></span> <span class='ocrx_word' id='word_1_584' title='bbox 3380 3880 3475 3936; x_wconf 78' lang='lat' dir='ltr'><strong>Dei</strong></span> <span class='ocrx_word' id='word_1_585' title='bbox 3510 3882 3597 3937; x_wconf 89' lang='lat' dir='ltr'><strong>sui</strong></span> 
     </span>
    </p>
   </div>
   <div class='ocr_carea' id='block_1_54' title="bbox 291 3965 2971 4042">
    <p class='ocr_par' dir='ltr' id='par_1_54' title="bbox 291 3965 2971 4042">
     <span class='ocr_line' id='line_1_54' title="bbox 291 3965 2971 4042; baseline -0.002 -17"><span class='ocrx_word' id='word_1_586' title='bbox 291 3972 415 4042; x_wconf 78' lang='lat' dir='ltr'><strong>ejus</strong></span> <span class='ocrx_word' id='word_1_587' title='bbox 433 3971 501 4024; x_wconf 80' lang='grc'><strong>’⁸.</strong></span> <span class='ocrx_word' id='word_1_588' title='bbox 542 3970 778 4040; x_wconf 89' lang='lat' dir='ltr'><strong>Insuper</strong></span> <span class='ocrx_word' id='word_1_589' title='bbox 827 3976 881 4023; x_wconf 90' lang='lat' dir='ltr'><strong>et</strong></span> <span class='ocrx_word' id='word_1_590' title='bbox 929 3969 1101 4024; x_wconf 87' lang='lat' dir='ltr'><strong>David</strong></span> <span class='ocrx_word' id='word_1_591' title='bbox 1152 3969 1413 4040; x_wconf 74' lang='lat' dir='ltr'><strong>praedicat</strong></span> <span class='ocrx_word' id='word_1_592' title='bbox 1457 3968 1895 4039; x_wconf 86' lang='lat' dir='ltr'><strong>profanationem</strong></span> <span class='ocrx_word' id='word_1_593' title='bbox 2002 3980 2171 4035; x_wconf 90' lang='lat' dir='ltr'><strong>super</strong></span> <span class='ocrx_word' id='word_1_594' title='bbox 2199 3981 2324 4021; x_wconf 89' lang='lat' dir='ltr'><strong>eum</strong></span> <span class='ocrx_word' id='word_1_595' title='bbox 2355 3976 2461 4022; x_wconf 86' lang='lat' dir='ltr'><strong>est.</strong></span> <span class='ocrx_word' id='word_1_596' title='bbox 2490 3965 2603 4037; x_wconf 80' lang='lat' dir='ltr'><strong>Ego</strong></span> <span class='ocrx_word' id='word_1_597' title='bbox 2628 3966 2910 4022; x_wconf 87' lang='lat' dir='ltr'><strong>Dominus.</strong></span> <span class='ocrx_word' id='word_1_598' title='bbox 2951 3986 2971 4020; x_wconf 72' lang='grc' dir='ltr'><strong>ι</strong></span> 
     </span>
    </p>
   </div>
   <div class='ocr_carea' id='block_1_55' title="bbox 294 4057 3594 4134">
    <p class='ocr_par' dir='ltr' id='par_1_55' title="bbox 294 4057 3594 4134">
     <span class='ocr_line' id='line_1_55' title="bbox 294 4057 3594 4134; baseline 0 -15"><span class='ocrx_word' id='word_1_599' title='bbox 294 4065 467 4134; x_wconf 84' lang='lat' dir='ltr'><strong>hujus</strong></span> <span class='ocrx_word' id='word_1_600' title='bbox 493 4082 507 4128; x_wconf 87' lang='lat'><strong>;</strong></span> <span class='ocrx_word' id='word_1_601' title='bbox 536 4064 613 4118; x_wconf 89' lang='lat' dir='ltr'><strong>ait</strong></span> <span class='ocrx_word' id='word_1_602' title='bbox 657 4063 805 4118; x_wconf 87' lang='lat' dir='ltr'><strong>enim</strong></span> <span class='ocrx_word' id='word_1_603' title='bbox 827 4061 937 4117; x_wconf 89' lang='lat' dir='ltr'><strong>Deo</strong></span> <span class='ocrx_word' id='word_1_604' title='bbox 982 4060 1092 4134; x_wconf 83' lang='lat' dir='ltr'><strong>[de</strong></span> <span class='ocrx_word' id='word_1_605' title='bbox 1122 4077 1187 4116; x_wconf 89' lang='lat' dir='ltr'><strong>eo</strong></span> <span class='ocrx_word' id='word_1_606' title='bbox 1210 4060 1266 4133; x_wconf 87' lang='lat'><strong>].:</strong></span> <span class='ocrx_word' id='word_1_607' title='bbox 1317 4059 1625 4131; x_wconf 74' lang='lat' dir='ltr'><strong>I’rofanasti</strong></span> <span class='ocrx_word' id='word_1_608' title='bbox 1660 4063 1717 4115; x_wconf 83' lang='lat' dir='ltr'><strong>in</strong></span> <span class='ocrx_word' id='word_1_609' title='bbox 1753 4071 1895 4118; x_wconf 87' lang='lat' dir='ltr'><strong>terra</strong></span> <span class='ocrx_word' id='word_1_610' title='bbox 2072 4057 2207 4124; x_wconf 83' lang='lat' dir='ltr'><strong>Quis</strong></span> <span class='ocrx_word' id='word_1_611' title='bbox 2239 4067 2322 4113; x_wconf 91' lang='lat' dir='ltr'><strong>est</strong></span> <span class='ocrx_word' id='word_1_612' title='bbox 2346 4059 2604 4114; x_wconf 88' lang='lat' dir='ltr'><strong>sacerdos</strong></span> <span class='ocrx_word' id='word_1_613' title='bbox 2629 4074 2863 4130; x_wconf 79' lang='lat' dir='ltr'><strong>magnus</strong></span> <span class='ocrx_word' id='word_1_614' title='bbox 2889 4059 3036 4114; x_wconf 86' lang='lat' dir='ltr'><strong>inter</strong></span> <span class='ocrx_word' id='word_1_615' title='bbox 3065 4058 3266 4122; x_wconf 79' lang='lat' dir='ltr'><strong>fratres</strong></span> <span class='ocrx_word' id='word_1_616' title='bbox 3311 4076 3464 4131; x_wconf 84' lang='lat' dir='ltr'><strong>Suos,</strong></span> <span class='ocrx_word' id='word_1_617' title='bbox 3487 4063 3594 4119; x_wconf 90' lang='lat' dir='ltr'><strong>nisi</strong></span> 
     </span>
    </p>
   </div>
   <div class='ocr_carea' id='block_1_56' title="bbox 292 4151 3593 4224">
    <p class='ocr_par' dir='ltr' id='par_1_56' title="bbox 292 4151 3593 4224">
     <span class='ocr_line' id='line_1_56' title="bbox 292 4151 3593 4224; baseline 0.001 -15"><span class='ocrx_word' id='word_1_618' title='bbox 292 4157 636 4209; x_wconf 80' lang='lat' dir='ltr'><strong>sanctitatem</strong></span> <span class='ocrx_word' id='word_1_619' title='bbox 663 4154 798 4223; x_wconf 90' lang='lat' dir='ltr'><strong>ejus,</strong></span> <span class='ocrx_word' id='word_1_620' title='bbox 839 4153 1147 4208; x_wconf 72' lang='lat' dir='ltr'><strong>destruairti</strong></span> <span class='ocrx_word' id='word_1_621' title='bbox 1180 4168 1358 4206; x_wconf 89' lang='lat' dir='ltr'><strong>omnes</strong></span> <span class='ocrx_word' id='word_1_622' title='bbox 1405 4154 1665 4207; x_wconf 83' lang='lat' dir='ltr'><strong>macerias</strong></span> <span class='ocrx_word' id='word_1_623' title='bbox 1693 4153 1892 4223; x_wconf 83' lang='lat' dir='ltr'><strong>ejus&quot;.</strong></span> <span class='ocrx_word' id='word_1_624' title='bbox 1999 4152 2193 4221; x_wconf 87' lang='lat' dir='ltr'><strong>utique</strong></span> <span class='ocrx_word' id='word_1_625' title='bbox 2225 4151 2315 4206; x_wconf 89' lang='lat' dir='ltr'><strong>ille</strong></span> <span class='ocrx_word' id='word_1_626' title='bbox 2336 4152 2403 4207; x_wconf 85' lang='lat' dir='ltr'><strong>de</strong></span> <span class='ocrx_word' id='word_1_627' title='bbox 2435 4167 2547 4222; x_wconf 89' lang='lat' dir='ltr'><strong>quo</strong></span> <span class='ocrx_word' id='word_1_628' title='bbox 2599 4153 2741 4208; x_wconf 82' lang='lat' dir='ltr'><strong>dixit</strong></span> <span class='ocrx_word' id='word_1_629' title='bbox 2772 4153 2983 4209; x_wconf 80' lang='lat' dir='ltr'><strong>David:</strong></span> <span class='ocrx_word' id='word_1_630' title='bbox 3035 4152 3263 4224; x_wconf 81' lang='lat' dir='ltr'><strong>Magnus</strong></span> <span class='ocrx_word' id='word_1_631' title='bbox 3312 4153 3593 4222; x_wconf 85' lang='lat' dir='ltr'><strong>Dominus,</strong></span> 
     </span>
    </p>
   </div>
   <div class='ocr_carea' id='block_1_57' title="bbox 292 4241 3595 4316">
    <p class='ocr_par' dir='ltr' id='par_1_57' title="bbox 292 4241 3595 4316">
     <span class='ocr_line' id='line_1_57' title="bbox 292 4241 3595 4316; baseline 0 -15"><span class='ocrx_word' id='word_1_632' title='bbox 292 4244 679 4301; x_wconf 84' lang='lat' dir='ltr'><strong>Sanctificatio</strong></span> <span class='ocrx_word' id='word_1_633' title='bbox 748 4253 934 4298; x_wconf 88' lang='lat' dir='ltr'><strong>autem</strong></span> <span class='ocrx_word' id='word_1_634' title='bbox 996 4242 1334 4307; x_wconf 68' lang='lat' dir='ltr'><strong>Judaaorum,</strong></span> <span class='ocrx_word' id='word_1_635' title='bbox 1385 4241 1665 4314; x_wconf 72' lang='lat' dir='ltr'><strong>Synagoga</strong></span> <span class='ocrx_word' id='word_1_636' title='bbox 1706 4257 1895 4298; x_wconf 85' lang='lat' dir='ltr'><strong>eorum</strong></span> <span class='ocrx_word' id='word_1_637' title='bbox 1999 4253 2049 4297; x_wconf 90' lang='lat' dir='ltr'><strong>et</strong></span> <span class='ocrx_word' id='word_1_638' title='bbox 2083 4260 2276 4315; x_wconf 88' lang='lat' dir='ltr'><strong>magna</strong></span> <span class='ocrx_word' id='word_1_639' title='bbox 2300 4245 2469 4300; x_wconf 79' lang='lat' dir='ltr'><strong>virtus</strong></span> <span class='ocrx_word' id='word_1_640' title='bbox 2496 4246 2633 4316; x_wconf 88' lang='lat' dir='ltr'><strong>ejus,</strong></span> <span class='ocrx_word' id='word_1_641' title='bbox 2662 4246 3011 4315; x_wconf 74' lang='lat' dir='ltr'><strong>etsapientiw</strong></span> <span class='ocrx_word' id='word_1_642' title='bbox 3036 4246 3152 4315; x_wconf 83' lang='lat' dir='ltr'><strong>ejus</strong></span> <span class='ocrx_word' id='word_1_643' title='bbox 3185 4262 3289 4299; x_wconf 89' lang='lat' dir='ltr'><strong>non</strong></span> <span class='ocrx_word' id='word_1_644' title='bbox 3317 4256 3392 4300; x_wconf 86' lang='lat' dir='ltr'><strong>est</strong></span> <span class='ocrx_word' id='word_1_645' title='bbox 3410 4263 3595 4303; x_wconf 86' lang='lat' dir='ltr'><strong>nume-</strong></span> 
     </span>
    </p>
   </div>
   <div class='ocr_carea' id='block_1_58' title="bbox 287 4330 3594 4412">
    <p class='ocr_par' dir='ltr' id='par_1_58' title="bbox 287 4330 3594 4412">
     <span class='ocr_line' id='line_1_58' title="bbox 287 4330 3594 4412; baseline 0.002 -23"><span class='ocrx_word' id='word_1_646' title='bbox 287 4343 419 4390; x_wconf 85' lang='lat' dir='ltr'><strong>erat</strong></span> <span class='ocrx_word' id='word_1_647' title='bbox 450 4334 637 4404; x_wconf 90' lang='lat' dir='ltr'><strong>porcul</strong></span> <span class='ocrx_word' id='word_1_648' title='bbox 670 4332 838 4387; x_wconf 89' lang='lat' dir='ltr'><strong>dubio</strong></span> <span class='ocrx_word' id='word_1_649' title='bbox 865 4351 879 4387; x_wconf 92' lang='lat'><strong>:</strong></span> <span class='ocrx_word' id='word_1_650' title='bbox 918 4332 974 4385; x_wconf 89' lang='lat' dir='ltr'><strong>in</strong></span> <span class='ocrx_word' id='word_1_651' title='bbox 1010 4332 1127 4401; x_wconf 89' lang='lat' dir='ltr'><strong>ipsa</strong></span> <span class='ocrx_word' id='word_1_652' title='bbox 1157 4330 1304 4386; x_wconf 88' lang='lat' dir='ltr'><strong>enim</strong></span> <span class='ocrx_word' id='word_1_653' title='bbox 1334 4340 1451 4385; x_wconf 86' lang='lat' dir='ltr'><strong>erat</strong></span> <span class='ocrx_word' id='word_1_654' title='bbox 1482 4340 1536 4386; x_wconf 88' lang='lat' dir='ltr'><strong>et</strong></span> <span class='ocrx_word' id='word_1_655' title='bbox 1564 4331 1893 4387; x_wconf 88' lang='lat' dir='ltr'><strong>sacriﬁcium</strong></span> <span class='ocrx_word' id='word_1_656' title='bbox 1997 4353 2091 4392; x_wconf 88' lang='lat' dir='ltr'><strong>rus</strong></span> <span class='ocrx_word' id='word_1_657' title='bbox 2111 4338 2177 4392; x_wconf 71' lang='lat'><strong>“.</strong></span> <span class='ocrx_word' id='word_1_658' title='bbox 2210 4336 2346 4404; x_wconf 91' lang='lat' dir='ltr'><strong>Quis</strong></span> <span class='ocrx_word' id='word_1_659' title='bbox 2376 4339 2526 4393; x_wconf 88' lang='lat' dir='ltr'><strong>enim</strong></span> <span class='ocrx_word' id='word_1_660' title='bbox 2572 4340 2835 4395; x_wconf 85' lang='lat' dir='ltr'><strong>virtutem</strong></span> <span class='ocrx_word' id='word_1_661' title='bbox 2888 4341 3010 4411; x_wconf 88' lang='lat' dir='ltr'><strong>ejus</strong></span> <span class='ocrx_word' id='word_1_662' title='bbox 3043 4339 3417 4405; x_wconf 87' lang='lat' dir='ltr'><strong>considerare,</strong></span> <span class='ocrx_word' id='word_1_663' title='bbox 3469 4340 3594 4412; x_wconf 87' lang='lat' dir='ltr'><strong>quis</strong></span> 
     </span>
    </p>
   </div>
   <div class='ocr_carea' id='block_1_59' title="bbox 290 4423 3594 4504">
    <p class='ocr_par' dir='ltr' id='par_1_59' title="bbox 290 4423 3594 4504">
     <span class='ocr_line' id='line_1_59' title="bbox 290 4423 3594 4504; baseline 0.003 -23"><span class='ocrx_word' id='word_1_664' title='bbox 290 4425 660 4492; x_wconf 80' lang='lat' dir='ltr'><strong>tabernaculi,</strong></span> <span class='ocrx_word' id='word_1_665' title='bbox 706 4425 763 4478; x_wconf 89' lang='lat' dir='ltr'><strong>in</strong></span> <span class='ocrx_word' id='word_1_666' title='bbox 795 4439 902 4494; x_wconf 91' lang='lat' dir='ltr'><strong>qua</strong></span> <span class='ocrx_word' id='word_1_667' title='bbox 936 4438 1128 4478; x_wconf 90' lang='lat' dir='ltr'><strong>eorum</strong></span> <span class='ocrx_word' id='word_1_668' title='bbox 1159 4423 1685 4478; x_wconf 84' lang='lat' dir='ltr'><strong>consummabantur</strong></span> <span class='ocrx_word' id='word_1_669' title='bbox 1710 4424 1893 4495; x_wconf 77' lang='lat' dir='ltr'><strong>legiti-</strong></span> <span class='ocrx_word' id='word_1_670' title='bbox 1998 4447 2298 4487; x_wconf 78' lang='lat' dir='ltr'><strong>numerare</strong></span> <span class='ocrx_word' id='word_1_671' title='bbox 2352 4432 2683 4502; x_wconf 80' lang='lat' dir='ltr'><strong>sapientiam</strong></span> <span class='ocrx_word' id='word_1_672' title='bbox 2724 4442 2821 4488; x_wconf 89' lang='lat' dir='ltr'><strong>aut</strong></span> <span class='ocrx_word' id='word_1_673' title='bbox 2863 4433 3336 4504; x_wconf 88' lang='lat' dir='ltr'><strong>comprehendere</strong></span> <span class='ocrx_word' id='word_1_674' title='bbox 3375 4434 3594 4504; x_wconf 86' lang='lat' dir='ltr'><strong>potest?</strong></span> 
     </span>
    </p>
   </div>
   <div class='ocr_carea' id='block_1_60' title="bbox 289 4515 3592 4600">
    <p class='ocr_par' dir='ltr' id='par_1_60' title="bbox 289 4515 3592 4600">
     <span class='ocr_line' id='line_1_60' title="bbox 289 4515 3592 4600; baseline 0.002 -26"><span class='ocrx_word' id='word_1_675' title='bbox 289 4535 407 4577; x_wconf 89' lang='lat' dir='ltr'><strong>ma.</strong></span> <span class='ocrx_word' id='word_1_676' title='bbox 441 4518 565 4600; x_wconf 88' lang='lat' dir='ltr'><strong>Ipsa</strong></span> <span class='ocrx_word' id='word_1_677' title='bbox 611 4525 696 4572; x_wconf 85' lang='lat' dir='ltr'><strong>est</strong></span> <span class='ocrx_word' id='word_1_678' title='bbox 725 4526 779 4570; x_wconf 89' lang='lat' dir='ltr'><strong>et</strong></span> <span class='ocrx_word' id='word_1_679' title='bbox 830 4515 1119 4584; x_wconf 86' lang='lat' dir='ltr'><strong>repudiata</strong></span> <span class='ocrx_word' id='word_1_680' title='bbox 1160 4531 1190 4570; x_wconf 88' lang='lat' dir='ltr'><strong>a</strong></span> <span class='ocrx_word' id='word_1_681' title='bbox 1238 4516 1367 4581; x_wconf 89' lang='lat' dir='ltr'><strong>Deo,</strong></span> <span class='ocrx_word' id='word_1_682' title='bbox 1414 4524 1673 4586; x_wconf 89' lang='lat' dir='ltr'><strong>tanquam</strong></span> <span class='ocrx_word' id='word_1_683' title='bbox 1713 4531 1744 4570; x_wconf 90' lang='lat' dir='ltr'><strong>a</strong></span> <span class='ocrx_word' id='word_1_684' title='bbox 1771 4516 1892 4572; x_wconf 86' lang='lat' dir='ltr'><strong>viro</strong></span> <span class='ocrx_word' id='word_1_685' title='bbox 1924 4534 1968 4591; x_wconf 80' lang='grc' dir='ltr'><strong>ι)</strong></span> <span class='ocrx_word' id='word_1_686' title='bbox 1997 4524 2147 4594; x_wconf 89' lang='lat' dir='ltr'><strong>quia,</strong></span> <span class='ocrx_word' id='word_1_687' title='bbox 2178 4538 2304 4579; x_wconf 92' lang='lat' dir='ltr'><strong>cum</strong></span> <span class='ocrx_word' id='word_1_688' title='bbox 2338 4523 2485 4579; x_wconf 88' lang='lat' dir='ltr'><strong>Deus</strong></span> <span class='ocrx_word' id='word_1_689' title='bbox 2509 4524 2580 4579; x_wconf 91' lang='lat' dir='ltr'><strong>sit</strong></span> <span class='ocrx_word' id='word_1_690' title='bbox 2603 4533 2829 4595; x_wconf 88' lang='lat' dir='ltr'><strong>propter</strong></span> <span class='ocrx_word' id='word_1_691' title='bbox 2851 4525 3315 4596; x_wconf 86' lang='lat' dir='ltr'><strong>dispensationem</strong></span> <span class='ocrx_word' id='word_1_692' title='bbox 3343 4534 3592 4581; x_wconf 88' lang='lat' dir='ltr'><strong>actorum</strong></span> 
     </span>
    </p>
   </div>
   <div class='ocr_carea' id='block_1_61' title="bbox 289 4607 3589 4688">
    <p class='ocr_par' dir='ltr' id='par_1_61' title="bbox 289 4607 3589 4688">
     <span class='ocr_line' id='line_1_61' title="bbox 289 4607 3589 4688; baseline 0.002 -21"><span class='ocrx_word' id='word_1_693' title='bbox 289 4628 418 4677; x_wconf 87' lang='lat' dir='ltr'><strong>suo,</strong></span> <span class='ocrx_word' id='word_1_694' title='bbox 470 4610 563 4682; x_wconf 91' lang='lat' dir='ltr'><strong>qui</strong></span> <span class='ocrx_word' id='word_1_695' title='bbox 615 4610 663 4665; x_wconf 91' lang='lat' dir='ltr'><strong>ei</strong></span> <span class='ocrx_word' id='word_1_696' title='bbox 724 4625 822 4681; x_wconf 84' lang='lat' dir='ltr'><strong>per</strong></span> <span class='ocrx_word' id='word_1_697' title='bbox 847 4609 1175 4664; x_wconf 87' lang='lat' dir='ltr'><strong>electionem</strong></span> <span class='ocrx_word' id='word_1_698' title='bbox 1231 4608 1315 4663; x_wconf 90' lang='lat' dir='ltr'><strong>vir</strong></span> <span class='ocrx_word' id='word_1_699' title='bbox 1346 4607 1525 4663; x_wconf 87' lang='lat' dir='ltr'><strong>factus</strong></span> <span class='ocrx_word' id='word_1_700' title='bbox 1552 4608 1757 4667; x_wconf 80' lang='lat' dir='ltr'><strong>fuerat.</strong></span> <span class='ocrx_word' id='word_1_701' title='bbox 1785 4608 1894 4664; x_wconf 87' lang='lat' dir='ltr'><strong>Sed</strong></span> <span class='ocrx_word' id='word_1_702' title='bbox 1997 4631 2098 4687; x_wconf 90' lang='lat' dir='ltr'><strong>pro</strong></span> <span class='ocrx_word' id='word_1_703' title='bbox 2127 4616 2291 4671; x_wconf 90' lang='lat' dir='ltr'><strong>nobis</strong></span> <span class='ocrx_word' id='word_1_704' title='bbox 2317 4618 2731 4688; x_wconf 86' lang='lat' dir='ltr'><strong>mysteriorum,</strong></span> <span class='ocrx_word' id='word_1_705' title='bbox 2763 4618 2928 4673; x_wconf 88' lang='lat' dir='ltr'><strong>etiam</strong></span> <span class='ocrx_word' id='word_1_706' title='bbox 2943 4619 3202 4675; x_wconf 89' lang='lat' dir='ltr'><strong>sacerdos</strong></span> <span class='ocrx_word' id='word_1_707' title='bbox 3233 4618 3465 4675; x_wconf 67' lang='lat' dir='ltr'><strong>etractus</strong></span> <span class='ocrx_word' id='word_1_708' title='bbox 3482 4630 3589 4677; x_wconf 89' lang='lat' dir='ltr'><strong>est.</strong></span> 
     </span>
    </p>
   </div>
   <div class='ocr_carea' id='block_1_62' title="bbox 288 4701 3586 4781">
    <p class='ocr_par' dir='ltr' id='par_1_62' title="bbox 288 4701 3586 4781">
     <span class='ocr_line' id='line_1_62' title="bbox 288 4701 3586 4781; baseline 0.002 -22"><span class='ocrx_word' id='word_1_709' title='bbox 288 4707 425 4778; x_wconf 87' lang='lat' dir='ltr'><strong>quia</strong></span> <span class='ocrx_word' id='word_1_710' title='bbox 458 4711 651 4776; x_wconf 87' lang='lat' dir='ltr'><strong>postea</strong></span> <span class='ocrx_word' id='word_1_711' title='bbox 684 4716 805 4759; x_wconf 88' lang='lat' dir='ltr'><strong>eam</strong></span> <span class='ocrx_word' id='word_1_712' title='bbox 858 4702 1188 4774; x_wconf 80' lang='lat' dir='ltr'><strong>culpabilem</strong></span> <span class='ocrx_word' id='word_1_713' title='bbox 1231 4701 1459 4772; x_wconf 88' lang='lat' dir='ltr'><strong>reperit,</strong></span> <span class='ocrx_word' id='word_1_714' title='bbox 1492 4711 1782 4772; x_wconf 89' lang='lat' dir='ltr'><strong>propterea</strong></span> <span class='ocrx_word' id='word_1_715' title='bbox 1810 4718 1897 4757; x_wconf 87' lang='lat' dir='ltr'><strong>re-</strong></span> <span class='ocrx_word' id='word_1_716' title='bbox 1998 4707 2169 4764; x_wconf 79' lang='lat' dir='ltr'><strong>Recte</strong></span> <span class='ocrx_word' id='word_1_717' title='bbox 2197 4724 2329 4781; x_wconf 81' lang='lat' dir='ltr'><strong>ergo</strong></span> <span class='ocrx_word' id='word_1_718' title='bbox 2358 4709 2449 4765; x_wconf 89' lang='lat' dir='ltr'><strong>bic</strong></span> <span class='ocrx_word' id='word_1_719' title='bbox 2478 4724 2713 4780; x_wconf 76' lang='lat' dir='ltr'><strong>magnus</strong></span> <span class='ocrx_word' id='word_1_720' title='bbox 2739 4710 3019 4776; x_wconf 88' lang='lat' dir='ltr'><strong>sacerdos,</strong></span> <span class='ocrx_word' id='word_1_721' title='bbox 3049 4718 3242 4781; x_wconf 90' lang='lat' dir='ltr'><strong>utpote</strong></span> <span class='ocrx_word' id='word_1_722' title='bbox 3259 4710 3354 4781; x_wconf 89' lang='lat' dir='ltr'><strong>qui</strong></span> <span class='ocrx_word' id='word_1_723' title='bbox 3374 4721 3586 4767; x_wconf 83' lang='lat' dir='ltr'><strong>semet—</strong></span> 
     </span>
    </p>
   </div>
   <div class='ocr_carea' id='block_1_63' title="bbox 290 4793 3587 4872">
    <p class='ocr_par' dir='ltr' id='par_1_63' title="bbox 290 4793 3587 4872">
     <span class='ocr_line' id='line_1_63' title="bbox 290 4793 3587 4872; baseline 0 -17"><span class='ocrx_word' id='word_1_724' title='bbox 290 4800 569 4872; x_wconf 88' lang='lat' dir='ltr'><strong>pudiavit,</strong></span> <span class='ocrx_word' id='word_1_725' title='bbox 600 4797 724 4868; x_wconf 92' lang='lat' dir='ltr'><strong>quia</strong></span> <span class='ocrx_word' id='word_1_726' title='bbox 749 4796 977 4853; x_wconf 87' lang='lat' dir='ltr'><strong>omnino</strong></span> <span class='ocrx_word' id='word_1_727' title='bbox 1005 4797 1179 4867; x_wconf 85' lang='lat' dir='ltr'><strong>ejecta</strong></span> <span class='ocrx_word' id='word_1_728' title='bbox 1208 4805 1310 4851; x_wconf 87' lang='lat' dir='ltr'><strong>est.</strong></span> <span class='ocrx_word' id='word_1_729' title='bbox 1331 4793 1534 4850; x_wconf 78' lang='lat' dir='ltr'><strong>Vocem</strong></span> <span class='ocrx_word' id='word_1_730' title='bbox 1559 4795 1708 4860; x_wconf 88' lang='lat' dir='ltr'><strong>audi,</strong></span> <span class='ocrx_word' id='word_1_731' title='bbox 1730 4809 1895 4865; x_wconf 89' lang='lat' dir='ltr'><strong>quam</strong></span> <span class='ocrx_word' id='word_1_732' title='bbox 1999 4798 2180 4869; x_wconf 90' lang='lat' dir='ltr'><strong>ipsum</strong></span> <span class='ocrx_word' id='word_1_733' title='bbox 2236 4813 2337 4870; x_wconf 91' lang='lat' dir='ltr'><strong>pro</strong></span> <span class='ocrx_word' id='word_1_734' title='bbox 2375 4798 2537 4855; x_wconf 90' lang='lat' dir='ltr'><strong>nobis</strong></span> <span class='ocrx_word' id='word_1_735' title='bbox 2580 4798 2819 4855; x_wconf 86' lang='lat' dir='ltr'><strong>hostiam</strong></span> <span class='ocrx_word' id='word_1_736' title='bbox 2872 4808 2928 4855; x_wconf 91' lang='lat' dir='ltr'><strong>et</strong></span> <span class='ocrx_word' id='word_1_737' title='bbox 2980 4799 3318 4856; x_wconf 83' lang='lat' dir='ltr'><strong>oblationem</strong></span> <span class='ocrx_word' id='word_1_738' title='bbox 3358 4800 3587 4866; x_wconf 89' lang='lat' dir='ltr'><strong>obtulit,</strong></span> 
     </span>
    </p>
   </div>
   <div class='ocr_carea' id='block_1_64' title="bbox 289 4888 3590 4964">
    <p class='ocr_par' dir='ltr' id='par_1_64' title="bbox 289 4888 3590 4964">
     <span class='ocr_line' id='line_1_64' title="bbox 289 4888 3590 4964; baseline -0.001 -15"><span class='ocrx_word' id='word_1_739' title='bbox 289 4898 439 4949; x_wconf 83' lang='lat' dir='ltr'><strong>Osee</strong></span> <span class='ocrx_word' id='word_1_740' title='bbox 481 4891 707 4964; x_wconf 90' lang='lat' dir='ltr'><strong>protulit</strong></span> <span class='ocrx_word' id='word_1_741' title='bbox 739 4908 751 4944; x_wconf 92' lang='lat'><strong>:</strong></span> <span class='ocrx_word' id='word_1_742' title='bbox 782 4888 1036 4945; x_wconf 84' lang='lat' dir='ltr'><strong>Judicate</strong></span> <span class='ocrx_word' id='word_1_743' title='bbox 1065 4898 1291 4944; x_wconf 85' lang='lat' dir='ltr'><strong>matrem</strong></span> <span class='ocrx_word' id='word_1_744' title='bbox 1351 4896 1605 4955; x_wconf 82' lang='lat' dir='ltr'><strong>uestram,</strong></span> <span class='ocrx_word' id='word_1_745' title='bbox 1631 4889 1894 4958; x_wconf 88' lang='lat' dir='ltr'><strong>judicate,</strong></span> <span class='ocrx_word' id='word_1_746' title='bbox 2001 4889 2331 4960; x_wconf 88' lang='lat' dir='ltr'><strong>appellatur.</strong></span> <span class='ocrx_word' id='word_1_747' title='bbox 2380 4890 2614 4962; x_wconf 86' lang='lat' dir='ltr'><strong>Propter</strong></span> <span class='ocrx_word' id='word_1_748' title='bbox 2671 4891 2822 4961; x_wconf 89' lang='lat' dir='ltr'><strong>quod</strong></span> <span class='ocrx_word' id='word_1_749' title='bbox 2883 4899 2940 4946; x_wconf 89' lang='lat' dir='ltr'><strong>et</strong></span> <span class='ocrx_word' id='word_1_750' title='bbox 2983 4906 3176 4948; x_wconf 87' lang='lat' dir='ltr'><strong>servos</strong></span> <span class='ocrx_word' id='word_1_751' title='bbox 3225 4891 3426 4947; x_wconf 84' lang='lat' dir='ltr'><strong>fratres</strong></span> <span class='ocrx_word' id='word_1_752' title='bbox 3459 4906 3590 4946; x_wconf 89' lang='lat' dir='ltr'><strong>suos</strong></span> 
     </span>
    </p>
   </div>
   <div class='ocr_carea' id='block_1_65' title="bbox 294 4980 3590 5055">
    <p class='ocr_par' dir='ltr' id='par_1_65' title="bbox 294 4980 3590 5055">
     <span class='ocr_line' id='line_1_65' title="bbox 294 4980 3590 5055; baseline -0.002 -15"><span class='ocrx_word' id='word_1_753' title='bbox 294 4988 423 5050; x_wconf 80' lang='lat' dir='ltr'><strong>quia</strong></span> <span class='ocrx_word' id='word_1_754' title='bbox 452 4985 569 5055; x_wconf 84' lang='lat' dir='ltr'><strong>ipsa</strong></span> <span class='ocrx_word' id='word_1_755' title='bbox 602 5000 707 5038; x_wconf 87' lang='lat' dir='ltr'><strong>non</strong></span> <span class='ocrx_word' id='word_1_756' title='bbox 731 5000 867 5038; x_wconf 72' lang='lat' dir='ltr'><strong>uxor</strong></span> <span class='ocrx_word' id='word_1_757' title='bbox 895 4999 1035 5041; x_wconf 86' lang='lat' dir='ltr'><strong>mea.</strong></span> <span class='ocrx_word' id='word_1_758' title='bbox 1065 4991 1114 5037; x_wconf 88' lang='lat' dir='ltr'><strong>et</strong></span> <span class='ocrx_word' id='word_1_759' title='bbox 1140 4998 1234 5053; x_wconf 85' lang='lat' dir='ltr'><strong>ego</strong></span> <span class='ocrx_word' id='word_1_760' title='bbox 1269 4997 1374 5036; x_wconf 89' lang='lat' dir='ltr'><strong>non</strong></span> <span class='ocrx_word' id='word_1_761' title='bbox 1402 4982 1485 5036; x_wconf 84' lang='lat' dir='ltr'><strong>vir</strong></span> <span class='ocrx_word' id='word_1_762' title='bbox 1510 4981 1627 5052; x_wconf 84' lang='lat' dir='ltr'><strong>ejus</strong></span> <span class='ocrx_word' id='word_1_763' title='bbox 1657 4981 1725 5035; x_wconf 80' lang='lat'><strong>“.</strong></span> <span class='ocrx_word' id='word_1_764' title='bbox 1757 4980 1899 5036; x_wconf 84' lang='lat' dir='ltr'><strong>Audi</strong></span> <span class='ocrx_word' id='word_1_765' title='bbox 2002 4981 2186 5038; x_wconf 83' lang='lat' dir='ltr'><strong>dicere</strong></span> <span class='ocrx_word' id='word_1_766' title='bbox 2215 4997 2414 5052; x_wconf 89' lang='lat' dir='ltr'><strong>passus</strong></span> <span class='ocrx_word' id='word_1_767' title='bbox 2444 4990 2550 5049; x_wconf 90' lang='lat' dir='ltr'><strong>est,</strong></span> <span class='ocrx_word' id='word_1_768' title='bbox 2587 4981 2642 5039; x_wconf 90' lang='lat' dir='ltr'><strong>id</strong></span> <span class='ocrx_word' id='word_1_769' title='bbox 2673 4990 2758 5038; x_wconf 92' lang='lat' dir='ltr'><strong>est</strong></span> <span class='ocrx_word' id='word_1_770' title='bbox 2787 4991 3029 5049; x_wconf 89' lang='lat' dir='ltr'><strong>sanctos,</strong></span> <span class='ocrx_word' id='word_1_771' title='bbox 3081 4982 3177 5053; x_wconf 90' lang='lat' dir='ltr'><strong>qui</strong></span> <span class='ocrx_word' id='word_1_772' title='bbox 3209 4997 3431 5054; x_wconf 88' lang='lat' dir='ltr'><strong>semper</strong></span> <span class='ocrx_word' id='word_1_773' title='bbox 3469 4982 3590 5052; x_wconf 86' lang='lat' dir='ltr'><strong>ejus</strong></span> 
     </span>
    </p>
   </div>
   <div class='ocr_carea' id='block_1_66' title="bbox 290 5071 3596 5148">
    <p class='ocr_par' dir='ltr' id='par_1_66' title="bbox 290 5071 3596 5148">
     <span class='ocr_line' id='line_1_66' title="bbox 290 5071 3596 5148; baseline -0.002 -14"><span class='ocrx_word' id='word_1_774' title='bbox 290 5087 483 5134; x_wconf 86' lang='lat' dir='ltr'><strong>autem</strong></span> <span class='ocrx_word' id='word_1_775' title='bbox 513 5084 749 5148; x_wconf 89' lang='lat' dir='ltr'><strong>etquam</strong></span> <span class='ocrx_word' id='word_1_776' title='bbox 782 5075 951 5131; x_wconf 90' lang='lat' dir='ltr'><strong>Isaias</strong></span> <span class='ocrx_word' id='word_1_777' title='bbox 1008 5075 1275 5145; x_wconf 86' lang='lat' dir='ltr'><strong>propheta</strong></span> <span class='ocrx_word' id='word_1_778' title='bbox 1315 5074 1590 5130; x_wconf 81' lang='lat' dir='ltr'><strong>tradidit:</strong></span> <span class='ocrx_word' id='word_1_779' title='bbox 1637 5072 1727 5130; x_wconf 89' lang='lat' dir='ltr'><strong>Sic</strong></span> <span class='ocrx_word' id='word_1_780' title='bbox 1772 5074 1901 5129; x_wconf 86' lang='lat' dir='ltr'><strong>dicit</strong></span> <span class='ocrx_word' id='word_1_781' title='bbox 1999 5074 2208 5131; x_wconf 88' lang='lat' dir='ltr'><strong>faciunt</strong></span> <span class='ocrx_word' id='word_1_782' title='bbox 2252 5074 2618 5131; x_wconf 89' lang='lat' dir='ltr'><strong>voluntatem.</strong></span> <span class='ocrx_word' id='word_1_783' title='bbox 2674 5074 2766 5130; x_wconf 84' lang='lat' dir='ltr'><strong>Ait</strong></span> <span class='ocrx_word' id='word_1_784' title='bbox 2817 5075 3008 5130; x_wconf 90' lang='lat' dir='ltr'><strong>enim:</strong></span> <span class='ocrx_word' id='word_1_785' title='bbox 3050 5074 3367 5146; x_wconf 74' lang='lat' dir='ltr'><strong>Quicunque</strong></span> <span class='ocrx_word' id='word_1_786' title='bbox 3410 5071 3596 5145; x_wconf 78' lang='lat' dir='ltr'><strong>fecerit</strong></span> 
     </span>
    </p>
   </div>
   <div class='ocr_carea' id='block_1_67' title="bbox 292 5165 3587 5239">
    <p class='ocr_par' dir='ltr' id='par_1_67' title="bbox 292 5165 3587 5239">
     <span class='ocr_line' id='line_1_67' title="bbox 292 5165 3587 5239; baseline -0.004 -11"><span class='ocrx_word' id='word_1_787' title='bbox 292 5172 559 5228; x_wconf 78' lang='lat' dir='ltr'><strong>Dominus</strong></span> <span class='ocrx_word' id='word_1_788' title='bbox 585 5187 603 5224; x_wconf 92' lang='lat'><strong>:</strong></span> <span class='ocrx_word' id='word_1_789' title='bbox 628 5168 758 5235; x_wconf 84' lang='lat' dir='ltr'><strong>Quis</strong></span> <span class='ocrx_word' id='word_1_790' title='bbox 775 5178 850 5224; x_wconf 85' lang='lat' dir='ltr'><strong>est</strong></span> <span class='ocrx_word' id='word_1_791' title='bbox 869 5170 952 5223; x_wconf 82' lang='lat' dir='ltr'><strong>hic</strong></span> <span class='ocrx_word' id='word_1_792' title='bbox 983 5167 1189 5222; x_wconf 82' lang='lat' dir='ltr'><strong>libellus</strong></span> <span class='ocrx_word' id='word_1_793' title='bbox 1215 5169 1425 5239; x_wconf 72' lang='lat' dir='ltr'><strong>repudii</strong></span> <span class='ocrx_word' id='word_1_794' title='bbox 1480 5169 1670 5223; x_wconf 88' lang='lat' dir='ltr'><strong>matris</strong></span> <span class='ocrx_word' id='word_1_795' title='bbox 1714 5178 1900 5222; x_wconf 78' lang='lat' dir='ltr'><strong>vestra:</strong></span> <span class='ocrx_word' id='word_1_796' title='bbox 1995 5165 2323 5221; x_wconf 75' lang='lat' dir='ltr'><strong>voluntatem</strong></span> <span class='ocrx_word' id='word_1_797' title='bbox 2349 5165 2534 5221; x_wconf 84' lang='lat' dir='ltr'><strong>Patris</strong></span> <span class='ocrx_word' id='word_1_798' title='bbox 2565 5167 2689 5231; x_wconf 89' lang='lat' dir='ltr'><strong>mei,</strong></span> <span class='ocrx_word' id='word_1_799' title='bbox 2718 5165 2810 5221; x_wconf 86' lang='lat' dir='ltr'><strong>ille</strong></span> <span class='ocrx_word' id='word_1_800' title='bbox 2841 5182 2988 5221; x_wconf 84' lang='lat' dir='ltr'><strong>meus</strong></span> <span class='ocrx_word' id='word_1_801' title='bbox 3015 5176 3066 5220; x_wconf 90' lang='lat' dir='ltr'><strong>et</strong></span> <span class='ocrx_word' id='word_1_802' title='bbox 3102 5166 3293 5236; x_wconf 78' lang='lat' dir='ltr'><strong>frater,</strong></span> <span class='ocrx_word' id='word_1_803' title='bbox 3319 5174 3369 5219; x_wconf 85' lang='lat' dir='ltr'><strong>et</strong></span> <span class='ocrx_word' id='word_1_804' title='bbox 3416 5178 3587 5229; x_wconf 86' lang='lat' dir='ltr'><strong>soror,</strong></span> 
     </span>
    </p>
   </div>
   <div class='ocr_carea' id='block_1_68' title="bbox 291 5256 3592 5333">
    <p class='ocr_par' dir='ltr' id='par_1_68' title="bbox 291 5256 3592 5333">
     <span class='ocr_line' id='line_1_68' title="bbox 291 5256 3592 5333; baseline -0.002 -16"><span class='ocrx_word' id='word_1_805' title='bbox 291 5281 403 5328; x_wconf 84' lang='lat' dir='ltr'><strong>quo</strong></span> <span class='ocrx_word' id='word_1_806' title='bbox 422 5264 605 5317; x_wconf 78' lang='lat' dir='ltr'><strong>dimisi</strong></span> <span class='ocrx_word' id='word_1_807' title='bbox 633 5278 752 5317; x_wconf 87' lang='lat' dir='ltr'><strong>eam</strong></span> <span class='ocrx_word' id='word_1_808' title='bbox 769 5260 976 5317; x_wconf 77' lang='lat' dir='ltr'><strong>&quot;‘tUbi</strong></span> <span class='ocrx_word' id='word_1_809' title='bbox 1006 5271 1193 5317; x_wconf 87' lang='lat' dir='ltr'><strong>autem</strong></span> <span class='ocrx_word' id='word_1_810' title='bbox 1231 5270 1320 5324; x_wconf 80' lang='lat' dir='ltr'><strong>est</strong></span> <span class='ocrx_word' id='word_1_811' title='bbox 1349 5261 1641 5333; x_wconf 87' lang='lat' dir='ltr'><strong>repudium</strong></span> <span class='ocrx_word' id='word_1_812' title='bbox 1667 5269 1723 5316; x_wconf 90' lang='lat' dir='ltr'><strong>et</strong></span> <span class='ocrx_word' id='word_1_813' title='bbox 1761 5261 1897 5316; x_wconf 85' lang='lat' dir='ltr'><strong>mis-</strong></span> <span class='ocrx_word' id='word_1_814' title='bbox 1998 5270 2046 5314; x_wconf 90' lang='lat' dir='ltr'><strong>et</strong></span> <span class='ocrx_word' id='word_1_815' title='bbox 2071 5269 2244 5314; x_wconf 89' lang='lat' dir='ltr'><strong>mater</strong></span> <span class='ocrx_word' id='word_1_816' title='bbox 2263 5268 2340 5314; x_wconf 86' lang='lat' dir='ltr'><strong>est</strong></span> <span class='ocrx_word' id='word_1_817' title='bbox 2362 5260 2430 5314; x_wconf 85' lang='grc'><strong>³⁸.</strong></span> <span class='ocrx_word' id='word_1_818' title='bbox 2465 5256 2646 5329; x_wconf 85' lang='lat' dir='ltr'><strong>Super</strong></span> <span class='ocrx_word' id='word_1_819' title='bbox 2679 5259 2848 5329; x_wconf 83' lang='lat' dir='ltr'><strong>hujus</strong></span> <span class='ocrx_word' id='word_1_820' title='bbox 2883 5267 3048 5329; x_wconf 87' lang='lat' dir='ltr'><strong>caput</strong></span> <span class='ocrx_word' id='word_1_821' title='bbox 3094 5260 3276 5315; x_wconf 85' lang='lat' dir='ltr'><strong>oleum</strong></span> <span class='ocrx_word' id='word_1_822' title='bbox 3309 5256 3592 5313; x_wconf 89' lang='lat' dir='ltr'><strong>unctionis</strong></span> 
     </span>
    </p>
   </div>
   <div class='ocr_carea' id='block_1_69' title="bbox 297 5349 3591 5426">
    <p class='ocr_par' dir='ltr' id='par_1_69' title="bbox 297 5349 3591 5426">
     <span class='ocr_line' id='line_1_69' title="bbox 297 5349 3591 5426; baseline -0.001 -19"><span class='ocrx_word' id='word_1_823' title='bbox 297 5356 409 5411; x_wconf 67' lang='lat' dir='ltr'><strong>sio?</strong></span> <span class='ocrx_word' id='word_1_824' title='bbox 428 5356 780 5412; x_wconf 87' lang='lat' dir='ltr'><strong>manifestum</strong></span> <span class='ocrx_word' id='word_1_825' title='bbox 812 5365 898 5412; x_wconf 89' lang='lat' dir='ltr'><strong>est</strong></span> <span class='ocrx_word' id='word_1_826' title='bbox 919 5356 1048 5426; x_wconf 89' lang='lat' dir='ltr'><strong>quia</strong></span> <span class='ocrx_word' id='word_1_827' title='bbox 1079 5371 1219 5410; x_wconf 79' lang='lat' dir='ltr'><strong>uxor</strong></span> <span class='ocrx_word' id='word_1_828' title='bbox 1248 5364 1373 5412; x_wconf 85' lang='lat' dir='ltr'><strong>erat</strong></span> <span class='ocrx_word' id='word_1_829' title='bbox 1396 5356 1466 5411; x_wconf 90' lang='lat' dir='ltr'><strong>de</strong></span> <span class='ocrx_word' id='word_1_830' title='bbox 1496 5370 1606 5425; x_wconf 88' lang='lat' dir='ltr'><strong>qua</strong></span> <span class='ocrx_word' id='word_1_831' title='bbox 1634 5355 1753 5410; x_wconf 63' lang='lat' dir='ltr'><strong>haec</strong></span> <span class='ocrx_word' id='word_1_832' title='bbox 1810 5353 1897 5410; x_wconf 91' lang='lat' dir='ltr'><strong>di-</strong></span> <span class='ocrx_word' id='word_1_833' title='bbox 1997 5351 2234 5408; x_wconf 80' lang='lat' dir='ltr'><strong>eﬁusum</strong></span> <span class='ocrx_word' id='word_1_834' title='bbox 2267 5360 2371 5417; x_wconf 91' lang='lat' dir='ltr'><strong>est,</strong></span> <span class='ocrx_word' id='word_1_835' title='bbox 2404 5352 2473 5408; x_wconf 90' lang='lat' dir='ltr'><strong>de</strong></span> <span class='ocrx_word' id='word_1_836' title='bbox 2502 5366 2612 5423; x_wconf 89' lang='lat' dir='ltr'><strong>quo</strong></span> <span class='ocrx_word' id='word_1_837' title='bbox 2646 5351 2817 5407; x_wconf 79' lang='lat' dir='ltr'><strong>dixit:</strong></span> <span class='ocrx_word' id='word_1_838' title='bbox 2849 5349 3009 5408; x_wconf 88' lang='lat' dir='ltr'><strong>Sedes</strong></span> <span class='ocrx_word' id='word_1_839' title='bbox 3039 5360 3154 5416; x_wconf 81' lang='lat' dir='ltr'><strong>tua,</strong></span> <span class='ocrx_word' id='word_1_840' title='bbox 3188 5349 3351 5417; x_wconf 87' lang='lat' dir='ltr'><strong>Deus,</strong></span> <span class='ocrx_word' id='word_1_841' title='bbox 3402 5349 3457 5402; x_wconf 89' lang='lat' dir='ltr'><strong>in</strong></span> <span class='ocrx_word' id='word_1_842' title='bbox 3486 5364 3591 5404; x_wconf 75' lang='lat' dir='ltr'><strong>ste-</strong></span> 
     </span>
    </p>
   </div>
   <div class='ocr_carea' id='block_1_70' title="bbox 291 5439 3593 5519">
    <p class='ocr_par' dir='ltr' id='par_1_70' title="bbox 291 5439 3593 5519">
     <span class='ocr_line' id='line_1_70' title="bbox 291 5439 3593 5519; baseline -0.002 -16"><span class='ocrx_word' id='word_1_843' title='bbox 291 5446 479 5503; x_wconf 85' lang='lat' dir='ltr'><strong>cebat.</strong></span> <span class='ocrx_word' id='word_1_844' title='bbox 503 5446 623 5502; x_wconf 84' lang='lat' dir='ltr'><strong>Non</strong></span> <span class='ocrx_word' id='word_1_845' title='bbox 657 5447 773 5502; x_wconf 87' lang='lat' dir='ltr'><strong>vult</strong></span> <span class='ocrx_word' id='word_1_846' title='bbox 801 5463 931 5519; x_wconf 81' lang='lat' dir='ltr'><strong>ergo</strong></span> <span class='ocrx_word' id='word_1_847' title='bbox 952 5463 1074 5504; x_wconf 86' lang='lat' dir='ltr'><strong>eam</strong></span> <span class='ocrx_word' id='word_1_848' title='bbox 1119 5462 1349 5503; x_wconf 80' lang='lat' dir='ltr'><strong>uxorem</strong></span> <span class='ocrx_word' id='word_1_849' title='bbox 1396 5448 1737 5504; x_wconf 87' lang='lat' dir='ltr'><strong>sacerdotem</strong></span> <span class='ocrx_word' id='word_1_850' title='bbox 1797 5447 1894 5503; x_wconf 90' lang='lat' dir='ltr'><strong>du—</strong></span> <span class='ocrx_word' id='word_1_851' title='bbox 2001 5446 2178 5500; x_wconf 88' lang='lat' dir='ltr'><strong>culum</strong></span> <span class='ocrx_word' id='word_1_852' title='bbox 2206 5445 2409 5511; x_wconf 78' lang='lat' dir='ltr'><strong>steculi,</strong></span> <span class='ocrx_word' id='word_1_853' title='bbox 2438 5447 2588 5516; x_wconf 74' lang='lat' dir='ltr'><strong>virga</strong></span> <span class='ocrx_word' id='word_1_854' title='bbox 2614 5452 2755 5499; x_wconf 82' lang='lat' dir='ltr'><strong>recta</strong></span> <span class='ocrx_word' id='word_1_855' title='bbox 2781 5452 2880 5509; x_wconf 84' lang='lat' dir='ltr'><strong>est,</strong></span> <span class='ocrx_word' id='word_1_856' title='bbox 2902 5443 3053 5515; x_wconf 78' lang='lat' dir='ltr'><strong>uirga</strong></span> <span class='ocrx_word' id='word_1_857' title='bbox 3083 5442 3231 5514; x_wconf 86' lang='lat' dir='ltr'><strong>regni</strong></span> <span class='ocrx_word' id='word_1_858' title='bbox 3261 5441 3362 5497; x_wconf 75' lang='lat' dir='ltr'><strong>tui.</strong></span> <span class='ocrx_word' id='word_1_859' title='bbox 3391 5439 3593 5496; x_wconf 70' lang='lat' dir='ltr'><strong>Dilezi-</strong></span> 
     </span>
    </p>
   </div>
   <div class='ocr_carea' id='block_1_71' title="bbox 291 5532 3590 5613">
    <p class='ocr_par' dir='ltr' id='par_1_71' title="bbox 291 5532 3590 5613">
     <span class='ocr_line' id='line_1_71' title="bbox 291 5532 3590 5613; baseline -0.004 -16"><span class='ocrx_word' id='word_1_860' title='bbox 291 5555 447 5607; x_wconf 85' lang='lat' dir='ltr'><strong>ccre,</strong></span> <span class='ocrx_word' id='word_1_861' title='bbox 483 5550 543 5596; x_wconf 92' lang='lat' dir='ltr'><strong>ut</strong></span> <span class='ocrx_word' id='word_1_862' title='bbox 570 5556 683 5595; x_wconf 81' lang='lat' dir='ltr'><strong>non</strong></span> <span class='ocrx_word' id='word_1_863' title='bbox 744 5542 923 5613; x_wconf 86' lang='lat' dir='ltr'><strong>aliqua</strong></span> <span class='ocrx_word' id='word_1_864' title='bbox 939 5556 1128 5597; x_wconf 88' lang='lat' dir='ltr'><strong>eorum</strong></span> <span class='ocrx_word' id='word_1_865' title='bbox 1174 5557 1296 5613; x_wconf 84' lang='lat' dir='ltr'><strong>quae</strong></span> <span class='ocrx_word' id='word_1_866' title='bbox 1317 5542 1386 5597; x_wconf 90' lang='lat' dir='ltr'><strong>ad</strong></span> <span class='ocrx_word' id='word_1_867' title='bbox 1436 5558 1557 5598; x_wconf 89' lang='lat' dir='ltr'><strong>eam</strong></span> <span class='ocrx_word' id='word_1_868' title='bbox 1617 5541 1897 5612; x_wconf 84' lang='lat' dir='ltr'><strong>pertinent</strong></span> <span class='ocrx_word' id='word_1_869' title='bbox 2005 5541 2074 5595; x_wconf 88' lang='lat' dir='ltr'><strong>sti</strong></span> <span class='ocrx_word' id='word_1_870' title='bbox 2108 5540 2382 5612; x_wconf 86' lang='lat' dir='ltr'><strong>justitiam</strong></span> <span class='ocrx_word' id='word_1_871' title='bbox 2407 5548 2456 5593; x_wconf 84' lang='lat' dir='ltr'><strong>et</strong></span> <span class='ocrx_word' id='word_1_872' title='bbox 2482 5538 2643 5593; x_wconf 88' lang='lat' dir='ltr'><strong>odisti</strong></span> <span class='ocrx_word' id='word_1_873' title='bbox 2676 5536 3337 5608; x_wconf 78' lang='lat' dir='ltr'><strong>iniquitatem,propterea</strong></span> <span class='ocrx_word' id='word_1_874' title='bbox 3362 5532 3513 5586; x_wconf 71' lang='lat' dir='ltr'><strong>unxit</strong></span> <span class='ocrx_word' id='word_1_875' title='bbox 3539 5541 3590 5586; x_wconf 86' lang='lat' dir='ltr'><strong>te</strong></span> 
     </span>
    </p>
   </div>
   <div class='ocr_carea' id='block_1_72' title="bbox 370 5685 3588 5764">
    <p class='ocr_par' dir='ltr' id='par_1_72' title="bbox 370 5685 3588 5764">
     <span class='ocr_line' id='line_1_72' title="bbox 370 5685 3588 5764; baseline -0.004 -11"><span class='ocrx_word' id='word_1_876' title='bbox 370 5696 417 5729; x_wconf 79' lang='grc'><strong>’³</strong></span> <span class='ocrx_word' id='word_1_877' title='bbox 443 5697 607 5754; x_wconf 76' lang='lat' dir='ltr'><strong>Hebr.</strong></span> <span class='ocrx_word' id='word_1_878' title='bbox 633 5714 696 5763; x_wconf 84' lang='lat' dir='ltr'><strong>ll,</strong></span> <span class='ocrx_word' id='word_1_879' title='bbox 737 5699 823 5753; x_wconf 87' lang='lat' dir='ltr'><strong>ll.</strong></span> <span class='ocrx_word' id='word_1_880' title='bbox 937 5700 984 5732; x_wconf 71' lang='lat'><strong>”</strong></span> <span class='ocrx_word' id='word_1_881' title='bbox 1020 5699 1178 5755; x_wconf 83' lang='lat' dir='ltr'><strong>Joan.</strong></span> <span class='ocrx_word' id='word_1_882' title='bbox 1212 5717 1297 5761; x_wconf 76' lang='lat' dir='ltr'><strong>xx.</strong></span> <span class='ocrx_word' id='word_1_883' title='bbox 1331 5701 1418 5753; x_wconf 80' lang='grc' dir='ltr'><strong>Π.</strong></span> <span class='ocrx_word' id='word_1_884' title='bbox 1531 5701 1577 5731; x_wconf 77' lang='grc'><strong>’⁵</strong></span> <span class='ocrx_word' id='word_1_885' title='bbox 1607 5698 1712 5753; x_wconf 79' lang='lat' dir='ltr'><strong>Isa.</strong></span> <span class='ocrx_word' id='word_1_886' title='bbox 1752 5715 1787 5764; x_wconf 87' lang='grc' dir='ltr'><strong>ι,</strong></span> <span class='ocrx_word' id='word_1_887' title='bbox 1816 5698 1907 5753; x_wconf 74' lang='lat'><strong>2|.</strong></span> <span class='ocrx_word' id='word_1_888' title='bbox 1985 5697 2030 5728; x_wconf 82' lang='lat'><strong>&quot;</strong></span> <span class='ocrx_word' id='word_1_889' title='bbox 2061 5695 2200 5754; x_wconf 85' lang='lat' dir='ltr'><strong>Osee</strong></span> <span class='ocrx_word' id='word_1_890' title='bbox 2231 5713 2289 5761; x_wconf 84' lang='grc' dir='ltr'>η,</span> <span class='ocrx_word' id='word_1_891' title='bbox 2316 5697 2369 5751; x_wconf 73' lang='lat'><strong>2.</strong></span> <span class='ocrx_word' id='word_1_892' title='bbox 2462 5695 2505 5726; x_wconf 81' lang='grc'><strong>’⁷</strong></span> <span class='ocrx_word' id='word_1_893' title='bbox 2529 5692 2669 5748; x_wconf 89' lang='lat' dir='ltr'><strong>Psal.</strong></span> <span class='ocrx_word' id='word_1_894' title='bbox 2695 5706 2962 5764; x_wconf 41' lang='grc' dir='ltr'><strong>αχεν-ιιι.</strong></span> <span class='ocrx_word' id='word_1_895' title='bbox 2999 5687 3090 5745; x_wconf 70' lang='grc'><strong>40.</strong></span> <span class='ocrx_word' id='word_1_896' title='bbox 3148 5758 3177 5764; x_wconf 79' lang='lat'>_</span> <span class='ocrx_word' id='word_1_897' title='bbox 3202 5687 3250 5721; x_wconf 79' lang='lat'>“</span> <span class='ocrx_word' id='word_1_898' title='bbox 3270 5685 3497 5764; x_wconf 55' lang='lat' dir='ltr'><strong>osse&quot;,</strong></span> <span class='ocrx_word' id='word_1_899' title='bbox 3529 5685 3588 5764; x_wconf 80' lang='lat'><strong>_2.</strong></span> 
     </span>
    </p>
   </div>
   <div class='ocr_carea' id='block_1_73' title="bbox 291 5757 1828 5896">
    <p class='ocr_par' dir='ltr' id='par_1_73' title="bbox 291 5757 1818 5896">
     <span class='ocr_line' id='line_1_73' title="bbox 291 5757 1818 5838; baseline 0.001 -17"><span class='ocrx_word' id='word_1_900' title='bbox 291 5770 343 5801; x_wconf 74' lang='grc' dir='ltr'><strong>υ</strong></span> <span class='ocrx_word' id='word_1_901' title='bbox 379 5768 487 5822; x_wconf 84' lang='lat' dir='ltr'><strong>Isa.</strong></span> <span class='ocrx_word' id='word_1_902' title='bbox 517 5784 569 5837; x_wconf 81' lang='grc' dir='ltr'><strong>ι,</strong></span> <span class='ocrx_word' id='word_1_903' title='bbox 599 5770 649 5823; x_wconf 81' lang='lat' dir='ltr'><strong>l.</strong></span> <span class='ocrx_word' id='word_1_904' title='bbox 683 5757 693 5763; x_wconf 83' lang='lat'><strong><em>&#39;</em></strong></span> <span class='ocrx_word' id='word_1_905' title='bbox 732 5771 816 5825; x_wconf 66' lang='grc' dir='ltr'><strong>θοι</strong></span> <span class='ocrx_word' id='word_1_906' title='bbox 852 5770 994 5825; x_wconf 91' lang='lat' dir='ltr'><strong>Tim.</strong></span> <span class='ocrx_word' id='word_1_907' title='bbox 1038 5785 1121 5838; x_wconf 82' lang='grc' dir='ltr'>ιιι,</span> <span class='ocrx_word' id='word_1_908' title='bbox 1159 5771 1210 5825; x_wconf 74' lang='lat' dir='ltr'><strong>t.</strong></span> <span class='ocrx_word' id='word_1_909' title='bbox 1290 5757 1329 5801; x_wconf 59' lang='grc' dir='ltr'><strong>λιι</strong></span> <span class='ocrx_word' id='word_1_910' title='bbox 1358 5770 1491 5825; x_wconf 69' lang='lat' dir='ltr'><strong>una.</strong></span> <span class='ocrx_word' id='word_1_911' title='bbox 1525 5771 1575 5825; x_wconf 77' lang='lat' dir='ltr'><strong>s.</strong></span> <span class='ocrx_word' id='word_1_912' title='bbox 1657 5771 1698 5801; x_wconf 69' lang='grc' dir='ltr'>υ</span> <span class='ocrx_word' id='word_1_913' title='bbox 1739 5757 1818 5823; x_wconf 71' lang='lat' dir='ltr'><strong>lsa</strong></span> 
     </span>
     <span class='ocr_line' id='line_1_74' title="bbox 291 5838 522 5896; baseline -0.013 0"><span class='ocrx_word' id='word_1_914' title='bbox 291 5855 397 5896; x_wconf 79' lang='lat' dir='ltr'><strong>xu.</strong></span> <span class='ocrx_word' id='word_1_915' title='bbox 431 5838 522 5895; x_wconf 77' lang='grc'><strong>50.</strong></span> 
     </span>
    </p>
   </div>
   <div class='ocr_carea' id='block_1_74' title="bbox 2049 5757 3586 5896">
    <p class='ocr_par' dir='ltr' id='par_1_74' title="bbox 2100 5757 3586 5831">
     <span class='ocr_line' id='line_1_75' title="bbox 2100 5757 3586 5831; baseline -0.002 -10"><span class='ocrx_word' id='word_1_916' title='bbox 2100 5768 2144 5799; x_wconf 75' lang='grc'><strong>³³</strong></span> <span class='ocrx_word' id='word_1_917' title='bbox 2179 5757 2317 5822; x_wconf 83' lang='lat' dir='ltr'><strong>Osee</strong></span> <span class='ocrx_word' id='word_1_918' title='bbox 2364 5782 2424 5831; x_wconf 83' lang='lat' dir='ltr'><strong>ll,</strong></span> <span class='ocrx_word' id='word_1_919' title='bbox 2455 5767 2508 5829; x_wconf 73' lang='grc'><strong>4,</strong></span> <span class='ocrx_word' id='word_1_920' title='bbox 2543 5764 2595 5820; x_wconf 81' lang='grc'><strong>5.</strong></span> <span class='ocrx_word' id='word_1_921' title='bbox 2685 5763 2730 5795; x_wconf 70' lang='grc'><strong>³³</strong></span> <span class='ocrx_word' id='word_1_922' title='bbox 2760 5762 2902 5820; x_wconf 77' lang='lat' dir='ltr'><strong>Psal.</strong></span> <span class='ocrx_word' id='word_1_923' title='bbox 2940 5775 3117 5826; x_wconf 74' lang='lat' dir='ltr'><strong>CXLVI,</strong></span> <span class='ocrx_word' id='word_1_924' title='bbox 3146 5758 3199 5815; x_wconf 86' lang='lat'><strong>5.</strong></span> <span class='ocrx_word' id='word_1_925' title='bbox 3311 5757 3357 5789; x_wconf 83' lang='grc'><strong>⁸⁸</strong></span> <span class='ocrx_word' id='word_1_926' title='bbox 3390 5758 3586 5813; x_wconf 76' lang='lat' dir='ltr'><strong>Matth-</strong></span> 
     </span>
    </p>
   </div>
   <div class='ocr_carea' id='block_1_75' title="bbox 382 5860 522 5908">
    <p class='ocr_par' dir='ltr' id='par_1_75' title="bbox 382 5860 522 5908">
     <span class='ocr_line' id='line_1_76' title="bbox 382 5860 522 5908; baseline 0 -14"><span class='ocrx_word' id='word_1_927' title='bbox 382 5880 397 5908; x_wconf 92' lang='lat'><strong>,</strong></span> <span class='ocrx_word' id='word_1_928' title='bbox 431 5860 522 5895; x_wconf 76' lang='grc' dir='ltr'><strong>υυ.</strong></span> 
     </span>
    </p>
   </div>
  </div>
