3892 6414
420 310 550 374 1059

1592 297 1951 361 HESYCHII
2019 297 2496 362 PRESBYTERI

3529 315 3639 385 1060

414 427 574 486 Deus,
620 421 758 476 Deus
791 429 909 474 tuus
930 418 1045 472 oleo
1065 415 1287 478 lcetitice,
1317 427 1429 484 pra:
1456 410 1786 465 consortibus
1812 410 1916 465 tuis
1935 409 1999 462 ³⁸.
2036 417 2082 472 Α
2108 410 2344 464 animam
2380 426 2508 481 ergo
2538 419 2831 475 mortuam,
2858 413 2943 466 vel
2974 411 3041 468 ad
3060 427 3220 469 omne
3255 426 3531 492 mortuum,
3552 447 3641 490 ηοιι

414 510 823 572 Concordantia
885 508 1016 564 huic
1071 506 1175 578 legi
1227 505 1442 568 dicens,
1481 516 1593 556 non
1655 500 1834 555 solum
1876 499 2002 569 quia

416 603 695 661 unctionis
730 610 962 670 uterque
993 598 1316 653 memoriam
1345 594 1497 653 facit.
1518 592 1615 649 sed
1634 591 1761 661 quia
1786 591 1928 645 sicut
1948 600 2007 645 et

416 699 612 762 David,
647 695 920 750 excellere
947 690 1305 759 semetipsum
1336 688 1392 742 in
1429 687 1547 757 ipsa
1594 685 1858 740 unctione
1890 684 2005 738 suis

414 789 787 860 participibus
836 792 1198 855 protestatur.
1250 780 1409 846 Quod
1465 779 1616 832 enim
1672 775 1832 840 dixit,
1895 789 2006 845 pro:

414 880 804 952 participibus,
865 889 1031 944 super
1093 870 1391 942 participes
1457 879 1583 924 tuos
1643 868 1764 922 sine
1824 866 2007 935 aliqua

415 973 699 1028 dubietate
765 967 1118 1038 intelligitur:
1191 963 1273 1017 sic
1333 976 1457 1015 eum
1512 960 1679 1014 etiam
1732 958 2007 1029 legislator

415 1065 711 1120 maximum
733 1060 867 1116 dixit
904 1059 1052 1112 inter
1078 1056 1279 1110 fratres
1329 1067 1486 1115 suos,
1541 1050 1597 1105 id
1627 1059 1713 1105 est
1754 1048 2008 1118 superio-

416 1172 554 1212 rem.
614 1153 774 1220 Quod
832 1161 1019 1205 autem
1076 1148 1317 1202 maxime
1372 1145 1428 1199 in
1481 1142 1743 1213 praesenti
1793 1148 2009 1209 oportet

417 1246 618 1304 intueri
666 1244 931 1307 historia,
976 1256 1101 1295 cum
1166 1236 1467 1293 secundum
1512 1233 1652 1287 LXX
1707 1232 2007 1287 editionem

415 1340 617 1395 addere
648 1336 950 1398 debuisset,
989 1332 1075 1385 cui
1107 1331 1325 1400 effusum
1352 1338 1425 1383 cst
1465 1343 1621 1394 super
1647 1334 1805 1394 caput
1834 1324 2009 1376 oleum

416 1431 701 1492 unctionis,
736 1442 846 1482 non
893 1426 976 1480 sic
1010 1423 1123 1478 ait:
1176 1422 1293 1486 sed,
1333 1420 1598 1473 maximus
1639 1423 1702 1471 de
1755 1416 2008 1486 fratribus

417 1525 552 1594 ejus,
576 1523 667 1593 qui
691 1520 869 1590 effudit
901 1533 1059 1585 super
1081 1522 1241 1584 caput
1273 1513 1409 1583 ejus.
1440 1510 1581 1576 Quia
1611 1512 1756 1565 enim
1803 1507 2007 1563 Christi

418 1632 550 1672 caro
579 1623 684 1677 est,
727 1626 853 1681 qua:
908 1607 1154 1678 suscepit
1203 1606 1519 1661 unctionem
1570 1603 1624 1656 in
1657 1603 2005 1671 semetipsum

416 1705 837 1763 communicatae
868 1701 986 1757 sive
1008 1698 1176 1755 unita:
1200 1698 1528 1754 divinitatis.
1575 1697 1655 1750 Ex
1684 1697 1785 1749 hac
1824 1704 2002 1750 autem

417 1813 587 1853 carne
608 1797 807 1851 fratres
836 1795 958 1865 ejus
992 1800 1050 1847 et
1087 1790 1306 1863 cognati
1349 1788 1531 1845 ell‘ecti
1577 1802 1786 1843 sumus.
1837 1785 2005 1840 Recte

421 1892 501 1947 ait
530 1888 797 1961 pontifex,
829 1888 885 1943 id
912 1895 1019 1952 est,
1046 1884 1305 1940 sacerdos
1334 1882 1607 1937 maximus
1634 1880 1780 1935 inter
1807 1878 2005 1933 fratres

418 1996 571 2048 suos,
632 1995 801 2051 super
847 1980 1009 2049 cujus
1063 1984 1232 2047 caput
1287 1974 1523 2030 eﬂ'usum
1583 1982 1669 2028 est
1729 1969 2005 2026 unctionis

419 2076 718 2140 oleum,ut
742 2080 935 2143 aperte
976 2070 1293 2125 inveniatur
1328 2068 1434 2123 hoc
1491 2066 1637 2136 quod
1693 2063 2006 2132 intelligen-

417 2167 548 2222 dum
577 2175 682 2232 est,
706 2164 981 2219 maximas
1013 2163 1158 2216 inter
1198 2160 1416 2225 fratres,
1451 2158 1501 2212 id
1524 2165 1633 2222 est,
1662 2155 1845 2211 carnis
1864 2168 2001 2208 suae.

417 2258 541 2328 Ipsa
576 2264 662 2311 est
688 2256 837 2311 enim
869 2269 992 2324 quae
1018 2252 1265 2322 suscepit
1294 2249 1567 2305 unctionis
1612 2248 1794 2303 oleum
1836 2245 2003 2315 hujus

415 2346 741 2412 sacerdotis,
785 2354 842 2400 et
870 2352 1225 2399 consecratas
1254 2341 1428 2397 fuisse
1480 2354 1698 2403 manus,
1749 2338 1889 2402 sive,
1942 2344 2009 2392 ut

414 2437 580 2504 LXX,
609 2446 1003 2492 consummatus
1027 2451 1125 2505 per
1154 2434 1335 2489 crucis
1371 2432 1734 2488 confixionem
1767 2428 2001 2486 manifeo

413 2542 559 2605 stum
591 2542 698 2587 est.
733 2530 891 2585 Tunc
915 2530 1067 2585 enim
1089 2527 1557 2599 quemadmodum
1589 2524 1648 2580 hi
1678 2523 1772 2594 qui
1803 2538 2003 2578 secun-

413 2625 545 2680 dum
573 2624 751 2695 legem
786 2630 918 2677 sunt
943 2621 1280 2683 sacerdotes,
1318 2619 1377 2673 in
1425 2618 1693 2689 sanguine
1720 2616 1898 2679 vituli,
1947 2624 2006 2670 et

414 2718 605 2773 arietis
641 2715 1127 2778 consummabant,
1182 2714 1300 2768 sive
1357 2712 1755 2767 consecrabant
1809 2724 2005 2764 manus

417 2825 577 2865 suas:
620 2810 702 2863 sic
725 2815 783 2863 et
805 2808 922 2877 ipse
945 2807 1172 2876 proprio
1202 2805 1472 2876 sanguine
1500 2819 1629 2859 suas
1656 2818 1853 2858 manus
1872 2818 2004 2858 eon-

415 2903 657 2959 secravit
686 2902 801 2957 sive
823 2901 1246 2957 consummavit.
1289 2900 1362 2953 De
1383 2913 1495 2968 quo
1518 2898 1596 2953 ait
1636 2898 1869 2952 Paulus:
1900 2896 2003 2962 Qui

416 3013 536 3051 cum
576 3005 709 3051 esset
734 2993 783 3047 F
787 2994 930 3060 ilius,
973 2994 1159 3048 didicit
1187 3010 1251 3047 ex
1272 2993 1350 3047 his
1380 3008 1498 3063 qua:
1527 3009 1714 3061 passus
1742 3001 1838 3057 est,
1883 2992 2004 3045 obe-

2113 501 2499 572 ingredietur:
2530 503 2681 572 quia,
2717 505 2824 558 etsi
2857 505 3105 559 omnium
3154 519 3373 576 peccata
3416 522 3642 587 portabit,

2107 601 2489 648 verumtamen
2522 593 2842 664 impollutus
2876 605 3181 664 permanet,
3225 609 3402 654 etnec
3437 611 3641 675 gentium

2106 684 2353 755 peccatis
2403 682 2695 752 polluitur.
2738 682 2814 738 De
2850 684 2937 738 his
2994 684 3144 738 enim
3195 691 3485 746 secundum
3529 697 3643 755 LXX

2108 775 2257 830 omni
2312 775 2511 829 animae
2540 783 2793 840 mortuae,
2822 785 3015 846 utpote
3038 786 3232 832 contra
3291 795 3474 839 omnes
3503 788 3644 848 ell‘usa

2110 869 2391 939 impietate
2413 876 2470 923 et
2508 868 2820 924 idololatria
2849 868 3073 925 dicitur.

2179 961 2249 1018 Et
2280 978 2373 1017 nec
2398 976 2554 1029 super
2590 970 2744 1031 patre
2764 972 2815 1015 et
2837 972 3028 1016 matre.
3065 962 3241 1035 Super
3264 968 3508 1037 pepulum
3528 973 3650 1030 vide.

2110 1053 2243 1108 licet
2279 1053 2623 1117 Iudaeorum,
2662 1068 2728 1108 ex
2754 1054 2958 1124 quibus
2988 1064 3074 1111 est
3124 1059 3419 1113 secundum
3445 1077 3650 1132 carnem,

2109 1154 2166 1200 et
2196 1156 2487 1215 propterea
2521 1146 2836 1217 appellatur
2867 1150 2990 1218 ejus
3020 1157 3177 1220 pater
3198 1160 3253 1207 et
3277 1161 3472 1209 mater:

2182 1237 2673 1303 Contaminabitur,
2723 1255 2816 1292 nec
2860 1240 2926 1293 de
2967 1243 3165 1294 sanctis
3222 1245 3523 1313 egredietur.
3560 1249 3652 1305 Etsi

2111 1331 2497 1400 peccatoribus
2513 1332 2957 1388 condescendere
2989 1334 3173 1405 elegit,
3209 1347 3652 1405 permanettamen

2111 1432 2356 1490 sanctus,
2387 1433 2446 1478 et
2472 1424 2528 1478 in
2558 1422 2769 1479 sanctis
2799 1426 3119 1496 requiescit,
3144 1436 3200 1481 et
3240 1443 3270 1482 a
3303 1433 3499 1486 sanctis
3518 1434 3597 1502 qui
3612 1437 3655 1491 in

2111 1514 2250 1569 cmlo
2303 1524 2436 1570 sunt
2484 1516 2693 1586 angelis
2722 1516 3119 1573 circumdatur.
3182 1519 3292 1575 Sed
3338 1537 3438 1578 nec
3485 1525 3658 1595 polluet

2111 1608 2489 1663 Sanctuarium
2518 1609 2757 1675 Domini,
2798 1610 2926 1680 quia
2965 1610 3148 1666 oleum
3178 1622 3384 1671 sancta:
3421 1618 3656 1674 unctionis

2114 1698 2210 1752 Dei
2242 1700 2328 1753 sui
2356 1715 2527 1770 super
2554 1714 2621 1755 eo
2665 1708 2771 1755 est.
2832 1702 2978 1773 Ergo
3016 1704 3121 1758 etsi
3140 1704 3358 1761 videris
3400 1723 3517 1762 eum
3556 1725 3654 1766 cum

2116 1790 2454 1859 publicanis,
2519 1799 2576 1846 et
2626 1807 2753 1847 cum
2811 1794 3196 1850 meretricibus
3257 1809 3654 1868 eonversantem,

2107 1883 2383 1938 dicentem
2413 1885 2800 1953 peccatoribus
2826 1904 2841 1942 :
2887 1886 3009 1941 Non
3036 1889 3156 1942 veni
3184 1905 3370 1945 vocare
3382 1892 3559 1960 justas,
3587 1896 3656 1949 sed

2106 1985 2410 2046 peccatores
2443 1978 2501 2030 in
2532 1979 2976 2047 paenitentiam“,
3010 1989 3195 2036 tamen
3229 1981 3284 2036 in
3311 1985 3456 2039 nullo
3494 1986 3655 2043 horum

2108 2068 2598 2136 contaminabitur,
2636 2071 2869 2128 actionis
2919 2073 3069 2128 enim
3099 2089 3294 2130 eorum
3322 2078 3473 2134 mala:
3517 2082 3655 2149 parti-

2109 2170 2241 2228 ceps
2270 2172 2383 2212 non
2413 2156 2668 2214 efﬁcitur.

2184 2247 2329 2304 Unde
2353 2263 2457 2301 non
2489 2248 2679 2317 polluit
2708 2251 3077 2304 sanctuarium
3112 2251 3229 2308 Dei.
3278 2254 3333 2312 ιιι
3352 2268 3451 2325 est,
3508 2259 3656 2333 Spiri-

2106 2348 2223 2395 tum
2243 2347 2518 2407 sanctum,
2558 2340 2627 2396 de
2666 2342 2789 2412 ipso
2820 2343 2967 2398 enim
2998 2344 3075 2398 ait
3116 2362 3128 2398 :
3186 2346 3329 2412 Quia
3366 2351 3527 2407 oleum
3563 2371 3659 2408 san-

2106 2441 2205 2487 cta:
2227 2434 2490 2488 unctionis
2513 2433 2614 2489 Dei
2645 2435 2729 2490 sui
2762 2452 2921 2505 super
2966 2454 3045 2492 eo.
3076 2437 3434 2499 Concordans
3467 2453 3517 2499 et
3564 2446 3658 2518 ipse

2104 2525 2174 2581 de
2196 2525 2418 2582 Christo
2447 2526 2606 2582 Isaiae
2631 2528 2812 2583 verbis
2838 2545 2852 2584 :
2885 2527 3117 2599 Spiritus
3158 2532 3378 2588 Domini
3407 2552 3553 2606 super
3576 2556 3655 2604 me,

2104 2627 2322 2689 prapter
2347 2620 2487 2687 quod
2515 2620 2666 2674 unxit
2691 2620 2854 2686 me“,
2881 2622 3119 2692 Spiritus
3148 2632 3340 2680 autem
3368 2626 3596 2697 pollutio,
3617 2630 3657 2685 id

2107 2718 2214 2772 est,
2251 2710 2454 2781 injuria
2491 2718 2546 2765 et
2571 2711 2937 2777 contristatio,
2986 2724 3072 2769 est
3107 2716 3295 2771 omnis
3340 2719 3537 2786 peccati
3567 2720 3659 2790 pol-

2107 2801 2266 2867 lutio,
2285 2810 2510 2871 propter
2534 2803 2683 2872 quod
2714 2812 2769 2859 et
2792 2805 2993 2860 Paulus
3040 2822 3070 2860 a
3119 2809 3367 2877 peccatis
3416 2810 3656 2868 abstinen-

2106 2894 2237 2947 tiam
2262 2894 2466 2948 docens
2496 2894 2712 2950 dicebat
2767 2918 2780 2953 :
2854 2896 3034 2952 Nolite
3067 2902 3387 2957 contristare
3439 2903 3658 2975 Spiritum

2106 2993 2350 3038 sanctum
2375 2986 2554 3051 Dei,in
2569 3004 2671 3057 quo
2683 2990 2880 3057 signati
2898 2993 3020 3046 estis
3037 2993 3095 3045 in
3104 2994 3189 3047 die
3206 2996 3566 3065 redemptionis
3606 2989 3659 3051 “.

416 3088 693 3149 clientium.
729 3095 778 3143 et
807 3095 1197 3141 consummatus
1228 3086 1400 3156 factus
1423 3093 1499 3139 est
1546 3085 1782 3139 omnibus
1805 3085 2003 3137 obtem-
2029 3093 2073 3150 ο
2107 3077 2201 3132 Sic
2246 3079 2315 3133 de
2345 3081 2604 3149 .maximo
2652 3083 2943 3138 sacerdote
3000 3099 3111 3139 non
3170 3086 3354 3142 solum
3398 3089 3663 3159 praeceden-

416 3180 726 3252 perantibus
761 3179 880 3244 sibi,
939 3193 1102 3231 causa
1150 3177 1339 3231 salutis
1382 3187 1590 3231 αἰεί-τιατ
1640 3176 1938 3246 appellatus
1970 3193 2004 3229 a

416 3268 529 3325 Deo
585 3267 851 3339 Pontifex,
898 3267 1063 3336 juxta
1123 3267 1361 3321 ordinem
1422 3265 1792 3320 Melchisedech
1822 3267 1890 3322 ³⁷.
1941 3267 2006 3319 Et

422 3375 651 3417 rursus:
695 3358 925 3413 Decebat
955 3358 1097 3413 enim
1129 3373 1269 3422 eum,
1306 3356 1519 3426 propter
1547 3373 1699 3427 quem
1732 3360 1931 3422 omnia,
1956 3367 2005 3411 et

419 3469 513 3525 per
536 3468 689 3520 quem
718 3451 921 3513 omnia.
953 3451 1080 3521 quia
1115 3449 1309 3504 multos
1334 3448 1471 3518 filios
1504 3450 1562 3503 in
1593 3449 1817 3521 gloriam
1836 3451 2007 3504 addu—

417 3553 590 3610 xerat,
630 3551 898 3598 auctorem
933 3543 1122 3597 salutis
1165 3557 1347 3595 eorum
1392 3558 1486 3611 per
1536 3541 1833 3610 passionem
1885 3558 2008 3595 con-

417 3650 688 3689 summare
707 3633 776 3686 ³³.
812 3633 913 3688 Hic
933 3641 991 3687 et
1023 3632 1366 3687 vestimentis
1393 3632 1501 3687 illis
1531 3632 1755 3687 indutus
1775 3641 1861 3688 est
1883 3648 2006 3703 qua:

423 3725 593 3781 David
666 3725 731 3780 in’
783 3725 1016 3780 Psalmis
1077 3725 1372 3779 cantabat:
1431 3724 1687 3778 Dominus
1728 3726 2003 3796 regnavit,

420 3819 659 3873 decorem
679 3817 872 3882 induit,
901 3817 1076 3870 induit
1100 3815 1357 3870 Dominus
1385 3816 1768 3887 fortitudinem,
1792 3828 1841 3871 et
1870 3832 2007 3886 prae-

419 3912 582 3965 cinxit
612 3925 669 3963 se
708 3910 902 3963 virtute
919 3909 986 3963 ³ο.
1032 3907 1132 3963 Hie
1165 3917 1331 3978 caput
1366 3923 1531 3963 suum
1561 3924 1674 3963 non
1715 3909 2005 3979 diseoope~

419 4002 549 4067 ruit,
577 4017 681 4057 nec
708 4001 1043 4057 vestimenta
1074 4015 1173 4056 sua
1204 4000 1467 4057 concidit.
1491 3999 1672 4072 Caput
1705 4015 1866 4056 suum
1892 4015 2004 4055 non

418 4093 824 4164 discooperuit,
890 4093 1017 4163 quia
1063 4108 1094 4148 a
1149 4092 1311 4148 Patre
1360 4108 1484 4160 suo,
1537 4094 1631 4163 qui
1675 4092 1797 4163 ejus
1840 4102 2007 4163 caput

418 4186 750 4255 appellatur,
781 4201 886 4241 nec
916 4186 1204 4256 passiones
1234 4186 1416 4240 carnis
1444 4168 1735 4240 sustinens
1777 4199 2005 4253 separa-

418 4286 530 4331 tur.
555 4276 664 4332 Sed
683 4291 787 4333 nec
816 4280 1146 4333 vestimenta
1170 4276 1466 4340 conscidit,
1500 4275 1555 4330 id
1588 4284 1675 4331 est
1700 4276 1913 4331 carnis:
1939 4292 2005 4331 ex

419 4384 530 4437 quo
569 4368 715 4424 enim
769 4371 999 4426 verbum
1046 4385 1175 4426 caro
1233 4370 1439 4425 factum
1500 4375 1604 4432 est,
1657 4367 1798 4424 inest
1854 4378 2003 4424 totus

2106 3171 2181 3225 tia
2217 3171 2506 3244 intelliges,
2524 3174 2619 3228 sed
2642 3177 3126 3247 etsubsequentia.
3148 3177 3447 3236 Neceuim
3480 3182 3661 3237 incom-

2108 3264 2407 3332 palientem
2435 3266 2728 3335 quemdam
2763 3277 2817 3322 rt
2848 3269 3278 3326 immansuetum
3307 3286 3454 3339 eum,
3473 3274 3557 3344 qui
3573 3273 3660 3343 pri-

2109 3371 2232 3411 mus
2286 3360 2546 3412 sacerdos
2580 3366 2697 3425 est,
2759 3360 3038 3431 legislator
3075 3363 3239 3429 vult,
3281 3372 3343 3419 ut
3391 3364 3456 3419 ad
3490 3365 3664 3420 nullum

2108 3458 2383 3505 mortuum
2439 3451 2682 3515 accedat,
2733 3453 2841 3520 sed
2866 3456 3099 3511 suadere
3144 3456 3309 3511 nobis
3363 3458 3496 3522 vult,
3564 3459 3665 3527 quia

2107 3549 2255 3596 tanta
2317 3544 2697 3607 sanctiﬁcatio,
2744 3561 2851 3615 qua
2906 3548 3153 3616 pontifex
3188 3549 3347 3605 indui
3368 3550 3577 3617 dicitur,
3612 3550 3665 3606 de

2108 3639 2448 3686 mortuorum
2473 3633 2683 3687 visione
2701 3637 3058 3703 pollueretur.

2189 3723 2349 3779 Vens.
2392 3727 2585 3781 15-15.
2637 3746 2656 3778 ι
2706 3728 2818 3799 Ego
2880 3729 3165 3798 Dominus,
3226 3735 3491 3807 virginem
3535 3735 3667 3791 ducet

2108 3832 2355 3882 uxorem,
2382 3819 2604 3873 viduam
2649 3830 2704 3875 et
2740 3822 3078 3890 repudiatam
3106 3836 3163 3880 et
3192 3829 3477 3884 sordidam
3532 3838 3664 3899 atque

2109 3912 2456 3967 meretricem
2486 3928 2595 3966 non
2620 3914 2806 3974 ducet.
2838 3917 2934 3972 sed
2982 3919 3219 3987 puellam
3246 3921 3316 3976 de
3358 3923 3550 3993 populo
3587 3936 3677 3977 suo.

2107 4017 2179 4056 ne
2207 4005 2562 4060 commisceat
2582 4007 2809 4076 stirpem
2845 4011 3062 4079 generis
3093 4014 3177 4067 sui
3215 4016 3383 4087 vulgo
3400 4017 3537 4087 genti
3555 4031 3663 4079 sum,

2107 4093 2236 4161 quia
2267 4110 2368 4167 ego
2394 4096 2657 4163 Dominus
2681 4100 2775 4168 qui
2794 4103 3077 4157 sanctiﬁco
3100 4120 3249 4161 eum.
3285 4126 3305 4158 ι

2181 4185 2437 4256 Seipsum
2455 4204 2579 4244 esse
2612 4190 3000 4261 legislaturem,
3040 4204 3094 4250 et
3134 4197 3476 4268 impletorem
3534 4196 3665 4266 hujus

2109 4277 2406 4333 sanctionis
2426 4280 2664 4335 maxime
2698 4286 3011 4340 ostendens.
3054 4287 3162 4356 ligo
3202 4292 3457 4344 [ominus
3505 4275 3664 4344 neres-

2110 4371 2255 4425 sarie
2289 4371 2519 4435 addidit,
2545 4373 2723 4443 qualis
2745 4384 2949 4442 autem,
2988 4380 3453 4451 subsequentibus
3480 4382 3666 4439 edocuit

423 4476 537 4517 sua:
558 4464 731 4529 carni,
764 4472 818 4519 et
852 4480 1133 4534 nunquam
1165 4463 1235 4517 ab
1260 4477 1346 4523 ea,
1389 4475 1495 4516 nec
1533 4476 1563 4514 a
1592 4460 1873 4527 cruciﬁxa,
1898 4476 2001 4515 nec
2032 4444 2077 4497 Ῑ)
2111 4461 2307 4517 verbis.

424 4570 455 4608 a
500 4555 733 4625 sepulta,
788 4570 892 4611 nec
958 4556 1106 4610 aliud
1151 4555 1430 4624 quodlibet
1485 4568 1681 4623 passa,
1737 4554 1883 4623 quod
1941 4555 2009 4608 ad

425 4654 675 4700 naturam
696 4655 943 4701 nostram
974 4647 1236 4716 pertinet,
1261 4661 1322 4700 se
1357 4645 1612 4699 abscidit.

494 4736 561 4789 Et
608 4739 678 4789 ad
715 4733 869 4791 omne
919 4747 1187 4791 mortuum
1230 4751 1333 4789 non
1384 4735 1724 4803 ingredietur.
1783 4734 2008 4789 Omnino

420 4841 576 4893 super
599 4834 749 4894 patre
774 4843 977 4897 quoque
997 4843 1092 4880 suo
1125 4835 1175 4880 et
1207 4834 1379 4878 matre
1413 4842 1516 4878 non
1536 4825 2003 4881 contaminabitur.

424 4919 561 4974 LXX
584 4933 768 4976 autem
791 4923 1015 4977 dicunt:
1048 4920 1219 4990 Super
1249 4936 1454 4974 omnem
1476 4924 1713 4974 animam
1739 4931 2005 4975 mortuam

422 5029 526 5067 non
554 5014 901 5083 ingredietur.
947 5013 1233 5079 Quomodo
1275 5021 1461 5067 autem
1513 5012 1696 5066 anima
1749 5014 2001 5079 moritur,

421 5119 545 5157 cum
613 5105 683 5159 sit
741 5105 962 5159 condita
1030 5103 1404 5157 immortalis?
1472 5102 1611 5157 Audi
1677 5105 2004 5172 prophetam

421 5193 730 5248 dicentem:
765 5193 960 5247 Anima
991 5210 1110 5263 qua?
1158 5195 1471 5262 peccaverit,
1508 5195 1624 5261 ipsa
1656 5195 2000 5259 morietur",

422 5285 726 5355 impietatis
754 5286 940 5356 utique
967 5295 1162 5349 morte,
1189 5287 1308 5341 huc
1324 5296 1409 5341 est
1438 5286 1587 5341 enim
1613 5286 1809 5340 animae
1833 5301 2001 5350 mors,

419 5392 584 5447 quam
614 5378 854 5433 maxime
894 5364 1085 5450 gentes
1120 5395 1295 5448 passa:
1344 5389 1493 5443 sunt,
1527 5395 1649 5448 qum
1680 5394 1785 5433 nec
1827 5380 2001 5451 legem

423 5470 539 5535 Dei,
580 5485 684 5525 nec
713 5470 874 5524 aliam
918 5472 1041 5541 ejus
1090 5470 1377 5525 scientiam
1438 5473 1770 5525 habuerunt.
1825 5470 2004 5541 Super

2188 4554 2454 4625 Virginem
2502 4564 2654 4611 ducet
2685 4576 2903 4613 uxorem
2952 4564 3016 4616 de
3037 4565 3229 4631 porulo
3280 4585 3397 4623 suo.
3426 4558 3565 4635 Sive,
3618 4579 3663 4624 ut

2111 4644 2271 4709 LXX,
2290 4647 2354 4701 de
2378 4664 2565 4718 genere
2584 4666 2698 4711 suo,
2728 4653 2854 4721 quia
2886 4669 3061 4723 genus
3092 4658 3293 4714 Christi
3324 4672 3541 4732 propter
3561 4679 3661 4718 car—

2108 4753 2234 4792 nem
2262 4754 2427 4793 omne
2445 4742 2727 4797 hominum
2745 4760 2917 4814 genus
2943 4763 3087 4813 esse,
3112 4752 3342 4809 cuilibet
3366 4766 3566 4811 certum
3578 4764 3661 4816 est.

2110 4829 2200 4883 hic
2231 4846 2300 4885 ex
2334 4832 2435 4886 hac
2466 4824 2692 4889 uxorem
2723 4838 3009 4905 virginem,
3044 4842 3099 4897 id
3142 4852 3246 4909 est,
3280 4846 3573 4903 Ecclesiam
3619 4848 3662 4900 in

2107 4936 2232 4976 eum
2273 4923 2613 4980 credentium
2643 4927 2817 4994 duxit,
2841 4931 2908 4986 de
2940 4948 3047 5002 qua
3074 4933 3277 4992 Paulus
3305 4939 3519 4997 dicebat
3542 4961 3553 4995 ι
3580 4940 3664 4995 De-

2104 5016 2294 5083 spondi
2324 5033 2411 5070 vos
2442 5019 2533 5071 uni
2571 5019 2684 5073 viro
2710 5023 2965 5093 virginem
2993 5036 3198 5084 castam
3242 5033 3483 5088 exhibere
3534 5032 3663 5090 Chri-

2102 5113 2182 5159 sto
2212 5108 2277 5160 "‘.

2180 5201 2404 5258 Viduam
2435 5216 2483 5259 et
2504 5210 2843 5277 repudiatam
2860 5221 2909 5266 et
2940 5218 3231 5284 sordidam,
3312 5230 3471 5293 atque
3523 5235 3660 5276 mereo

2113 5295 2295 5348 tricem
2325 5312 2432 5351 non
2460 5300 2632 5355 ducet.
2669 5302 2983 5361 Iudaeorum
3018 5308 3360 5387 Synagogam
3389 5314 3591 5369 viduam
3617 5311 3660 5364 in

2110 5391 2399 5459 prophetis
2467 5397 2795 5465 appellatam
2856 5402 3133 5470 novimus,
3182 5407 3248 5464 ad
3287 5423 3452 5478 quam
3505 5406 3658 5462 dixit:

2113 5481 2342 5539 Tendere
2364 5497 2412 5541 et
2444 5491 2614 5559 gaude
2636 5508 2794 5560 super
2816 5494 2953 5562 ﬁlios
2982 5506 3097 5552 tuos
3143 5508 3366 5568 teneros,
3413 5502 3569 5556 dilata
3603 5496 3659 5549 τί·

500 5672 713 5759 ῗηΡεειι..
736 5692 882 5759 μιν,
926 5676 978 5743 ’7,
1113 5680 1186 5759 ,³⁷
1219 5676 1480 5759 llebr._v,
1517 5681 1659 5759 8,ῥῆΣ
1704 5682 1760 5759 ’³⁸
1795 5681 1961 5738 llebr.
1993 5703 2053 5755 ιι,
2088 5687 2172 5741 l0.
2194 5688 2298 5759 ﬂ”
2322 5687 2460 5743 Psal.
2490 5708 2619 5759 exn,
2656 5693 2706 5747 l.
2764 5694 2810 5727 ‘°
2835 5695 3036 5757 Ezecb.
3060 5714 3212 5759 xvm.
3240 5702 3331 5759 9.0.
3417 5696 3654 5756 “-Matilt-

427 5755 476 5807 ι’,
510 5743 597 5797 59...
662 5750 704 5777 δ’
738 5747 839 5803 lsa.
869 5764 978 5816 LXI,
1020 5749 1042 5802 l
1071 5766 1084 5816 ;
1113 5749 1243 5805 Luc.
1281 5768 1353 5818 tv,
1393 5743 1496 5828 18;.
1551 5752 1595 5784 ⁸³
1620 5754 1821 5824 Ephes.
1852 5772 1924 5823 tv,
1957 5758 2005 5813 ’δι

2122 5759 2167 5790 ³³
2190 5757 2236 5812 ll
2262 5759 2385 5814 Cor.
2420 5743 2619 5828 infe.”
2663 5743 2705 5747 ’⁷
2835 5743 3036 5757 mm"
3243 5743 3331 5759 ’ν’
